2249 3624
351 193 431 236 340
785 166 1213 234 TUSCULANARUM
1241 191 1678 233 DISPUTATIONUM

350 303 549 345 siderium
580 299 707 342 libido
739 299 850 347 eius,
883 299 956 353 qui
979 299 1162 340 nondum
1185 299 1315 345 adsit,
1346 297 1532 338 videndi.
1563 299 1832 352 Distinguunt
1851 297 1952 339 illud
1974 300 2110 346 etiam,

349 372 396 406 ut
434 366 561 405 libido
603 364 655 404 sit
695 374 836 401 earum
873 374 1032 408 rerum,
1074 373 1181 414 quae
1222 360 1416 400 dicuntur
1446 360 1496 400 de
1528 359 1710 413 quodam
1747 366 1818 401 aut
1848 361 2111 414 quibusdam,

351 441 458 482 quae
488 424 826 480 κατηγορῄαατα
859 423 1067 463 dnnecnci
1100 423 1336 476 appeHant,
1377 426 1423 461 ut
1452 421 1604 461 habere
1637 422 1822 470 divnjas‚
1859 435 2008 476 capere
2036 422 2113 463 ho-

348 504 495 538 nores,
525 488 755 542 indigentia
784 499 922 526 rerum
953 486 1137 539 ipsarum
1169 485 1245 532 sit,
1277 490 1322 524 ut
1342 484 1564 531 honorum,
1596 490 1641 524 ut
1663 486 1875 538 pecuniae.
1924 482 1991 524 ⁶2²2.
2015 485 2113 526 Om-

315 553 463 596 5nium
493 557 631 592 autem
663 548 1023 604 perturbationum
1054 547 1211 587 fontem
1234 560 1323 586 esse
1347 547 1487 586 dicunt
1512 548 1888 600 intemperantiam,
1920 561 2028 602 quae
2051 553 2114 589 est

347 628 369 656 a
399 620 486 655 tota
516 619 654 653 mente
684 618 724 652 et
754 625 777 652 a
815 616 927 651 recta
966 610 1124 650 ratione
1156 609 1334 649 defectio
1366 610 1424 649 sic
1453 623 1600 649 aversa
1632 623 1655 650 a
1686 611 2017 663 praescriptione
2048 624 2112 651 ra-

346 677 485 724 tionis,
516 682 561 716 ut
591 676 705 716 nullo
735 674 858 714 modo
889 673 1165 726 adpetitiones
1206 673 1331 712 animi
1363 684 1439 712 nec
1475 673 1562 725 regi
1592 686 1669 712 nec
1701 673 1904 713 contineri
1937 679 2108 727 queant.

346 740 480 789 Quem
510 737 561 779 ad
591 737 762 778 modum
793 736 920 789 igitur
950 736 1222 788 temperantia
1260 735 1378 774 sedat
1416 734 1690 787 adpetitiones
1731 741 1771 775 et
1802 735 1930 776 efficit
1960 741 2005 776 ut
2036 749 2109 777 eae

343 807 480 841 rectae
519 800 668 840 rationi
702 804 875 852 pareant
904 804 1205 852 conservatque
1245 798 1502 838 considerata
1537 798 1691 837 iudicia
1722 799 1895 846 mentis,
1927 799 1983 838 sic
2016 797 2110 840 huic

295 863 509 906 ioinimica
539 862 856 916 intemperantia
886 873 1050 901 omnem
1071 861 1197 900 animi
1220 866 1370 900 statum
1393 857 1638 908 inflammat,
1671 861 1909 908 conturbat,
1940 861 2108 910 incitat;

342 927 486 979 itaque
507 932 548 966 et
567 923 849 978 aegritudines
880 929 921 963 et
950 928 1084 963 metus
1115 929 1154 963 et
1185 922 1372 976 reliquae
1403 922 1738 975 perturbationes
1766 936 1911 963 omnes
1934 923 2112 977 gignun-

341 994 409 1031 tur
439 1002 491 1029 ex
521 1002 582 1028 ea.

452 1052 505 1091 X.
534 1048 601 1091 ⁵23.
635 1049 769 1098 Quem
800 1049 851 1089 ad
883 1049 1065 1095 modum,
1097 1061 1192 1087 cum
1222 1045 1392 1098 sanguis
1424 1050 1645 1098 corruptus
1673 1051 1735 1086 est
1765 1051 1835 1086 aut
1865 1047 2014 1100 pituita
2043 1062 2109 1089 re-

342 1113 499 1154 dundat
530 1118 600 1153 aut
628 1112 742 1159 bilis,
773 1112 816 1152 in
847 1124 1021 1165 corpore
1060 1109 1193 1149 morbi
1224 1108 1614 1161 aegrotationesque
1646 1115 1892 1158 nascuntur,
1928 1112 1987 1151 sic
2020 1125 2111 1165 pra-

292 1187 485 1218 isvaruni
527 1175 775 1228 opinnnnun
812 1173 1075 1214 conturbafio
1115 1177 1155 1211 et
1192 1170 1376 1224 ipsarun1
1417 1170 1526 1210 nster
1557 1185 1600 1210 se
1632 1174 1907 1224 repugnanfia
1937 1175 2111 1215 sannate

342 1238 494 1292 spoliat
523 1238 706 1278 animum
740 1237 980 1289 morbisque
1008 1233 1233 1288 perturbat.
1278 1233 1342 1272 Ex
1364 1232 1748 1285 perturbationibus
1770 1240 1909 1275 autem
1932 1236 2111 1289 primum

343 1302 475 1341 1noflfi
516 1298 811 1347 conficnnnur‚
857 1312 963 1352 quae
1003 1295 1248 1336 vocantissi
1292 1296 1537 1348 νοσήματα,
1584 1309 1739 1349 eaque,
1786 1310 1892 1350 quae
1925 1304 2020 1338 must
2050 1299 2108 1340 em

342 1365 498 1404 morbis
530 1364 756 1411 contraria,
789 1375 896 1416 quae
927 1361 1082 1401 habent
1113 1360 1163 1399 ad
1196 1373 1261 1399 res
1294 1365 1428 1398 certas
1461 1359 1654 1398 vitiosam
1686 1360 1960 1400 offensionem
1981 1367 2108 1415 atque

341 1426 568 1473 fastidium,
601 1425 751 1465 deinde
773 1423 1095 1478 aegrotationes,
1128 1434 1235 1475 quac
1259 1421 1524 1474 appellantur
1546 1434 1569 1461 a
1591 1421 1742 1462 Stoicis
1765 1423 2107 1476 &pomo-ripaursa,

291 1489 491 1542 2olusque
532 1489 629 1528 iteni
671 1488 886 1541 opposssae
919 1486 1150 1525 contranae
1183 1485 1450 1524 ostensiones.
1501 1484 1589 1524 lioc
1626 1484 1718 1524 loco
1751 1485 1924 1525 nnniun]
1957 1499 2107 1539 operae

341 1550 601 1592 consumitur
630 1563 654 1589 a
685 1549 858 1596 Stoicis,
891 1548 1069 1587 maxime
1100 1559 1123 1586 a
1155 1547 1408 1600 Chrysippo,
1440 1545 1539 1585 dum
1571 1546 1726 1586 morbis
1752 1559 1972 1600 corporum
1998 1562 2109 1588 com-

341 1619 509 1668 paratur
546 1612 784 1652 morborum
823 1610 948 1650 animi
985 1608 1238 1649 similitudo:
1280 1621 1362 1661 qua
1393 1608 1582 1647 oratione
1614 1610 1907 1660 praetermissa
1939 1610 2108 1652 minime

340 1676 578 1717 necessana
608 1687 675 1721 ea,
709 1685 816 1727 quae
848 1671 1198 1717 renicontnunn‚
1229 1676 1544 1723 peruacunnus.
1596 1668 2109 1726 24.Intessegaturigstur

340 1737 700 1793 perturbationem
731 1736 978 1776 iactantibus
1010 1748 1052 1774 se
1085 1734 1350 1787 opinionibus
1375 1733 1658 1772 inconstanter
1680 1739 1719 1772 et
1742 1734 1907 1773 turbide
1928 1735 1970 1774 in
1993 1740 2107 1775 motu

288 1812 433 1843 25esse
465 1811 654 1852 semper3
689 1812 780 1837 cum
812 1803 950 1837 autem
980 1797 1049 1836 hic
1080 1795 1218 1836 fervor
1250 1796 1557 1848 concitatioque
1589 1795 1718 1834 animi
1749 1796 2046 1838 inveteraverit
2067 1803 2108 1838 et

339 1868 550 1916 tamquam
582 1862 625 1900 in
655 1861 770 1901 venis
802 1858 1080 1911 medullisque
1103 1858 1318 1905 insederit,
1351 1864 1435 1897 tum
1461 1857 1626 1897 exsistit
1646 1863 1686 1897 et
1707 1858 1876 1899 morbus
1899 1865 1940 1899 et
1960 1872 2108 1913 aegro-

339 1925 441 1966 tafio
486 1931 526 1965 et
557 1924 811 1964 ostensiones
843 1935 937 1969 eae,
981 1934 1091 1975 quae
1123 1926 1221 1961 sunt
1251 1921 1310 1960 eis
1348 1920 1505 1960 rnorbis
1535 1921 1977 1975 aegrotanonibusque
2008 1935 2106 1962 con-

338 1988 506 2028 trariae.

333 2171 461 2206 ceptam
483 2170 631 2198 mortem.
658 2165 700 2196 de
725 2166 801 2196 Nat.
822 2166 924 2196 Deor.
947 2165 984 2199 ΙΙ,
1009 2164 1069 2195 1138
1092 2172 1172 2203 pars
1198 2163 1356 2203 (animae‘
1383 2162 1567 2202 concipilur
1589 2163 1698 2192 cordis
1718 2166 1815 2201 purte
1831 2164 1988 2202 quadam.
2015 2165 2104 2196 Ver-

333 2218 398 2249 rin.
424 2218 479 2254 [V.
508 2218 562 2248 iot
593 2215 793 2247 auribus„
811 2215 1022 2253 cupiditatem
1046 2214 1228 2252 coticcpisli.
1264 2212 1384 2243 Catull.
1414 2212 1465 2249 64,
1487 2212 1526 2243 92
1549 2214 1719 2252 flammam
1740 2217 1871 2251 pectore
1893 2221 1982 2244 conc.
2011 2214 2101 2254 Virg.

333 2267 387 2304 ΧΙ,
414 2265 475 2297 368
497 2270 626 2305 pectore
648 2266 751 2296 robur
773 2273 863 2295 conc,
890 2265 973 2295 Stat.
1001 2263 1109 2295 Theb,
1140 2264 1194 2299 111,
1222 2264 1283 2295 3¹0
1308 2264 1405 2293 corde
1428 2266 1530 2292 metus
1553 2262 1594 2302 o]
1620 2271 1689 2293 non
1714 2262 1827 2293 solum
1855 2271 1917 2303 per
1939 2267 1968 2294 et
1992 2272 2105 2304 copu—

333 2317 426 2353 lare,
460 2316 522 2347 sed
555 2317 659 2347 etiam
686 2324 754 2346 uno
779 2316 883 2354 atque
910 2314 1036 2344 eodem
1061 2314 1233 2344 adiectivo
1259 2313 1400 2353 (intimo)
1427 2312 1583 2343 definire.
1622 2314 1778 2352 Denique
1804 2311 1885 2343 illud
1909 2311 2104 2344 absurdum

333 2368 403 2403 est.
439 2366 645 2398 Ciceronem
678 2366 711 2396 in
745 2373 785 2395 ea
816 2365 887 2394 irae
919 2366 1035 2404 parte,
1071 2372 1161 2403 quae
1195 2366 1246 2394 est
1271 2363 1453 2401 discordia,
1486 2362 1686 2394 definienda
1711 2362 1853 2394 alterius
1879 2364 1986 2403 partis
2010 2363 2104 2403 (odii)

332 2425 463 2448 nomen
487 2417 648 2457 posuisse
674 2416 790 2455 itaque
817 2414 962 2444 dixisse:
991 2414 1189 2444 discordiam
1216 2421 1293 2444 esse
1319 2413 1429 2443 iram
1449 2412 1649 2443 acerbiorem
1676 2414 1770 2444 niz-a
1795 2413 1997 2443 inveterata»
2021 2421 2104 2444 con-

330 2471 475 2506 ceptam:
507 2467 575 2497 hoc
605 2465 682 2497 luce
709 2464 852 2502 clarius,
889 2463 1007 2495 verbis
1033 2465 1148 2494 intimo
1165 2480 1212 2486 -—
1229 2468 1384 2501 concepta
1408 2461 1489 2493 niliil
1516 2461 1620 2493 fuisse
1646 2461 1689 2493 ab
1716 2470 1756 2493 eo
1781 2462 2014 2502 significatum
2039 2463 2102 2494 nisi

330 2518 423 2549 unde
449 2517 630 2548 discordiae
655 2517 736 2556 (irae
764 2517 832 2546 tam
858 2514 1020 2549 acerbae,
1047 2522 1115 2553 qua
1141 2513 1245 2543 animi
1272 2513 1361 2542 inter
1381 2521 1418 2543 se
1438 2511 1685 2549 distrahantur)
1712 2520 1841 2542 nomen
1859 2511 2100 2544 illustraretur.

330 2567 461 2598 Verum
486 2565 568 2597 vidit
592 2565 798 2597 Lambinus:
828 2564 869 2596 cf,
898 2563 993 2595 Ovid.
1021 2564 1159 2594 Metam.
1182 2562 1288 2599 1,1166
1314 2563 1456 2601 ingentes
1480 2562 1591 2592 animo
1615 2562 1756 2600 concipit
1779 2562 1848 2592 iras
1867 2563 1916 2599 (ΙΙ,
1937 2561 1998 2593 640
2023 2572 2103 2593 con-

329 2619 411 2657 cepit
441 2621 545 2648 menlc
571 2617 710 2656 furores)
738 2618 771 2647 et
803 2613 1003 2655 pervulgata
1031 2613 1082 2644 illa
1109 2612 1152 2643 de
1178 2611 1384 2651 cogitatione
1410 2613 1445 2642 et
1469 2610 1511 2642 (le
1540 2609 1782 2650 intelligentia:
1819 2611 1949 2648 animo,
1982 2615 2098 2649 menie,

330 2668 440 2697 animo
464 2676 503 2697 ac
526 2670 628 2697 merite
653 2666 736 2701 (Cic.
765 2664 808 2696 de
836 2665 936 2704 Legg.
964 2664 987 2699 Ι,
1015 2663 1069 2700 59)
1094 2662 1220 2701 aliquid
1243 2661 1422 2700 concipere.
1460 2660 1667 2691 Ciceronem
1693 2660 1889 2700 explicandi
1915 2669 2039 2698 causa,
2067 2663 2103 2692 ut

330 2716 373 2747 de
399 2717 501 2756 Legg.
527 2715 547 2747 l.
575 2726 604 2746 c.
631 2722 875 2754 synonymum
901 2712 984 2743 illud
1010 2715 1123 2747 mente.
1152 2712 1201 2743 sic
1225 2711 1258 2741 h.
1280 2710 1298 2740 l.
1319 2711 1416 2741 corde
1440 2710 1617 2741 addidisse
1645 2710 1697 2749 (cs.
1722 2719 1753 2750 p.
1776 2709 1890 2741 Caelio
1916 2710 1934 2750 ἓ
1961 2711 1999 2741 37
2023 2712 2102 2742 mihi

330 2766 434 2796 anim
447 2775 488 2796 us
511 2765 620 2802 ardet,
646 2773 754 2797 meum
777 2773 846 2794 cor
870 2762 1060 2794 cumulalw·
1084 2762 1161 2791 iro..
1190 2761 1313 2791 Lucret
1353 2761 1408 2795 ΠΙ,
1433 2760 1505 2790 295.
1535 2759 1641 2790 Plaut.
1664 2759 1760 2799 Capt.
1783 2760 1820 2794 ΙΙ,
1840 2760 1870 2798 3,
1892 2761 1943 2791 27.
1972 2760 2097 2792 Pseud.

329 2816 369 2854 V,
395 2816 426 2853 i,
452 2815 492 2846 ς.).6
516 2815 631 2846 cordi
656 2818 755 2853 atque
778 2814 921 2844 animo
945 2822 1002 2843 suo
1029 2812 1243 2850 obsequentes.
1270 2810 1370 2840 Most..
1399 2809 1422 2845 Ι,
1450 2808 1480 2845 ’2,
1508 2808 1535 2847 3)
1563 2809 1690 2839 mirum
1709 2817 1777 2839 non
1795 2811 1865 2849 est,
1892 2811 2101 2850 praesertim

329 2874 410 2898 cum
441 2865 653 2896 notationem
684 2863 782 2895 verbi
814 2872 894 2895 cum
919 2862 1120 2893 definitione
1148 2861 1360 2899 coniungere
1387 2857 1552 2888 voluerit·
1589 2857 1632 2888 cs.
1660 2859 1689 2895 1,
1723 2858 1776 2889 18:
1814 2859 1893 2890 siliis
1916 2868 1973 2889 cor
1994 2860 2101 2898 ipsum

329 2916 458 2947 animus
481 2915 622 2952 videtu-r,
656 2923 698 2945 ez>
730 2923 792 2953 quo
810 2931 856 2936 --
874 2913 1102 2943 concordes
1133 2912 1296 2941 dicuntur.
1340 2910 1357 2949 ξ,
1384 2910 1439 2940 20:
1476 2909 1565 2939 Plato
1583 2926 1628 2931 --
1648 2910 1734 2940 iram
1760 2909 1791 2940 in
1814 2913 1944 2947 pectore
1967 2910 2097 2941 locavit.

328 2967 449 3006 Neque
474 2973 574 3000 vero,
601 2965 711 2994 animo
737 2962 916 3003 quomodo
942 2963 992 2993 sic
1018 2961 1203 3001 depravari
1231 2961 1397 3000 potuerit,
1427 2958 1564 2990 difficile
1591 2961 1644 2990 est
1667 2961 1849 3000 suspicari.
1879 2961 2023 3000 Propter
2038 2968 2099 2991 su—

327 3016 445 3056 perius
469 3013 552 3045 illud
576 3014 685 3044 odium
709 3013 915 3053 antiquioris
939 3011 1084 3042 alicuius
1110 3010 1241 3041 codicis
1266 3009 1388 3040 lacuna
1414 3010 1510 3040 vocis
1535 3011 1646 3040 (mimo
1672 3013 1749 3050 post
1766 3010 1879 3040 intimo
1896 3010 2046 3041 omissae
2065 3010 2098 3040 in

327 3064 518 3103 archetypo
544 3062 627 3094 falso
652 3062 811 3102 suppleta
838 3064 907 3099 est,
942 3063 999 3091 aut
1033 3060 1137 3090 etiam
1164 3059 1413 3099 compendium
1444 3059 1636 3099 scripturae
1663 3060 1729 3098 (aio
1755 3067 1833 3090 cum
1859 3057 1983 3089 lineola
2009 3067 2098 3099 qua-

328 3113 420 3152 dam)
447 3112 536 3144 male
562 3111 808 3143 intellectum.»
836 3112 890 3142 W.
920 3128 955 3132 —
996 3112 1019 3140 l.
1048 3109 1227 3149 distinqunt
1254 3109 1315 3139 GR
1346 3126 1378 3130 —
1407 3108 1436 3139 4.
1465 3108 1656 3149 indigentia]
1687 3109 1856 3148 diligentia
1881 3109 1904 3140 C
1934 3126 1967 3130 —
1994 3109 2034 3139 sie
2058 3109 2093 3142 Ρ,

327 3163 518 3195 Manutius:
546 3165 591 3193 esc
615 3162 691 3193 CO.
726 3163 774 3193 De
802 3160 975 3202 duplicato
1000 3161 1041 3192 sib
1067 3160 1144 3190 vide
1171 3159 1213 3190 ad
1241 3160 1248 3189 l
1276 3158 1293 3198 g
1321 3159 1372 3189 60.
1404 3176 1436 3180 —
1474 3159 1503 3189 6.
1531 3162 1558 3189 cl
1584 3167 1653 3189 om.
1682 3159 1705 3189 C
1735 3176 1768 3180 ——
1803 3158 1831 3188 8.
1861 3167 1918 3189 eae
1941 3159 1985 3189 G:
2016 3167 2095 3190 aeae

327 3214 371 3246 R:
397 3213 458 3243 hae
482 3212 504 3243 B
533 3227 567 3233 —-
595 3212 644 3241 ii.
672 3211 934 3242 conturbationes
959 3213 1146 3251 {superscin
1174 3209 1298 3241 eadem
1319 3210 1449 3248 nrper)
1471 3210 1497 3240 G
1519 3226 1550 3230 —
1581 3209 1630 3239 Π.
1658 3212 1826 3240 nosemala
1851 3207 1874 3239 C
1903 3224 1937 3230 —
1968 3207 2017 3238 ⁴8.
2039 3208 2093 3238 ui-

327 3263 411 3294 tiosa
434 3261 609 3301 offensione
633 3261 657 3291 G
673 3261 693 3291 R
712 3259 746 3291 Βι
772 3277 804 3282 —
835 3261 885 3291 20.
914 3261 989 3291 ilem
1013 3268 1103 3291 corr.
1132 3269 1173 3291 ex
1199 3261 1283 3291 idem
1306 3260 1350 3296 G;
1378 3260 1461 3290 idem
1484 3267 1661 3300 superscr.
1681 3262 1692 3289 ι
1716 3260 1739 3290 Β
1767 3275 1800 3280 -
1828 3258 1974 3298 apposite
1997 3254 2036 3288 G¹
2055 3274 2089 3280 —

328 3311 381 3344 24.
407 3312 441 3342 in
462 3309 562 3352 motu]
588 3310 740 3341 immotus
764 3311 787 3341 G
802 3310 846 3349 R,
872 3310 1012 3341 inmotus
1035 3310 1071 3341 Β.
