2249 3624
312 121 394 162 376
917 116 987 156 DE
1018 114 1242 156 DEORUM
1270 113 1485 155 NATURA

313 232 428 276 ante,
474 227 705 272 ministros,
749 222 984 270 machinas,
1032 234 1197 262 omnem
1238 220 1366 260 totius
1410 220 1545 274 operis
1587 219 1918 274 designationem
1959 225 2085 275 atque

312 295 579 344 apparatum,
622 288 685 328 sin
716 287 796 327 alia
826 291 907 333 est,
949 299 1021 324 cur
1054 283 1269 324 mortalem
1300 282 1450 323 fecerit
1483 282 1706 330 mundum,
1743 295 1847 329 non,
1880 296 2005 336 quem
2035 284 2086 324 ad

313 353 482 392 modum
504 351 744 391 Platonicus
769 349 885 395 deuS,
909 347 1224 400 sempiternum.
1256 346 1328 385 IX.
1349 342 1416 385 2³1.
1441 345 1504 384 Ab
1527 350 1706 397 utroque
1728 349 1865 385 autem
1885 345 2086 394 sciscitor,

313 429 386 455 cur
417 413 559 454 mundi
591 412 879 453 aedificatores
910 415 1083 463 repente
1115 408 1376 455 exstiterint,
1408 407 1727 448 innumerabilia
1749 407 1885 447 saecla
1908 407 2089 448 dormie-

281 479 413 524 5rint3
446 489 531 516 non
563 477 694 522 enim,
728 476 761 514 si
795 474 976 513 mundus
1008 472 1150 511 nullus
1183 477 1289 518 erat,
1332 470 1469 510 saecla
1498 482 1584 509 non
1617 475 1747 510 erant.
1802 469 1949 510 Saecla
1979 484 2091 511 nunc

314 540 407 579 dico
440 552 525 578 non
557 551 623 586 ea,
656 551 763 591 quae
787 537 949 576 dierum
982 534 1253 586 noctiumque
1274 545 1453 572 numero
1478 532 1629 572 annuis
1652 532 1841 572 cursibus
1864 529 2092 572 conficiun-

315 609 401 649 tur3
435 614 529 640 nam
561 601 696 640 fateor
727 613 774 639 ea
806 600 896 638 sine
930 596 1072 636 mundi
1106 595 1382 636 conversione
1406 592 1516 634 effici
1546 608 1631 634 non
1664 595 1863 647 potuisse.
1911 595 1993 635 Sed
2013 594 2093 635 fuit

314 664 517 718 quaedam
550 664 600 703 ab
633 661 797 702 infinito
830 666 1017 714 tempore
1050 659 1294 705 aeternitaS,
1328 671 1457 711 quam
1490 657 1606 697 nulla
1629 657 1957 711 circumscriptio
1989 664 2092 698 tem-

312 740 462 780 porum
494 726 762 772 metiebatur;
807 724 941 778 spatio
983 728 1121 763 tamen
1161 721 1296 774 qualis
1335 733 1382 759 ea
1421 719 1573 766 fuerit,
1613 719 1801 772 intellegi
1832 733 1911 759 non
1941 725 2091 773 potest,

264 795 300 823 ¹¹0
316 789 428 842 quod
460 802 511 828 ne
542 788 584 827 in
617 788 911 840 cogitationem
937 785 1108 838 quidem
1139 783 1270 830 cadit,
1305 788 1352 822 ut
1372 781 1500 821 fuerit
1522 787 1683 835 tempus
1706 781 1898 834 aliquod,
1931 783 2092 823 nullum

315 865 409 892 cum
451 856 614 903 tempus
657 854 780 889 esset.
841 846 907 886 (Ξὲ.
941 849 1023 887 Isto
1056 847 1182 899 igitur
1213 851 1294 885 tam
1328 845 1521 883 inmenso
1554 844 1710 896 spatio,
1745 857 1916 896 quaero,
1953 845 2092 893 Balbe,

315 928 387 953 cur
419 913 605 966 πρόνοια
638 917 775 951 vestra
808 910 1046 951 cessaverit.
1099 910 1362 948 Laboremne
1394 906 1612 959 fugiebat?
1645 908 1695 945 At
1726 906 1802 946 iste
1829 921 1906 948 nec
1927 908 2095 961 attingit

317 975 440 1015 deum
474 989 548 1014 nec
580 981 665 1014 erat
697 974 828 1021 ullus,
863 987 956 1012 cum
989 985 1133 1011 omnes
1165 975 1336 1009 naturae
1368 968 1530 1008 numini
1562 968 1718 1015 divino,
1750 969 1925 1018 caelum,
1962 970 2093 1023 ignes,

315 1044 466 1084 terrae,
500 1037 626 1077 maria
658 1040 867 1089 parerent.
923 1034 1032 1083 Quid
1066 1039 1203 1073 autem
1237 1037 1324 1071 erat
1356 1031 1468 1085 quod
1500 1030 1815 1084 concupisceret
1845 1032 1947 1072 deus
1977 1047 2096 1072 mun-

267 1108 300 1136 15
316 1100 411 1139 dum
446 1099 576 1152 signis
609 1106 650 1138 et
681 1098 909 1138 luminibus
944 1104 1154 1150 tamquam
1186 1094 1335 1134 aedilis
1368 1095 1549 1133 ornare?
1597 1093 1662 1139 Si,
1696 1098 1740 1133 ut
1764 1093 1867 1135 deus
1896 1095 1987 1148 ipse
2009 1109 2096 1137 me-

314 1163 395 1202 lius
436 1162 661 1208 habitaret,
703 1167 825 1200 antea
856 1160 1053 1199 videlicet
1094 1164 1279 1210 tempore
1318 1156 1488 1196 infinito
1521 1156 1563 1195 in
1597 1156 1776 1196 tenebris
1809 1163 2020 1212 tamquam
2052 1159 2095 1199 in

316 1225 533 1278 gurgustio
573 1224 845 1263 habitaverat.
902 1224 999 1261 Post
1038 1226 1175 1260 autem
1215 1220 1470 1259 varietatene
1512 1232 1606 1257 cum
1649 1219 1845 1259 delectari
1886 1225 2095 1272 putamuS‚

318 1302 400 1342 qua
433 1287 592 1327 caelum
622 1291 661 1325 et
692 1291 822 1325 terras
855 1290 1077 1324 exornatas
1102 1283 1324 1322 videmus?
1359 1282 1475 1329 Quae
1498 1282 1577 1320 ista
1599 1286 1739 1334 potest
1760 1295 1852 1321 esse
1875 1282 2097 1322 oblectatio

317 1353 423 1391 deo‘?
457 1364 565 1404 qnae
599 1349 630 1389 si
665 1352 797 1393 esset,
830 1361 912 1385 non
947 1358 995 1386 ea
1028 1352 1109 1386 tam
1144 1345 1215 1384 diu
1249 1358 1391 1384 carere
1424 1344 1640 1396 potuisset.
1695 1341 1763 1383 ⁶23.
1794 1344 1857 1383 An
1889 1344 2012 1392 haec,
2052 1350 2098 1385 ut

268 1414 403 1454 20fere
436 1413 595 1458 dicitis,
630 1411 845 1451 hominum
877 1423 1001 1449 cansa
1034 1422 1058 1448 a
1090 1408 1168 1448 deo
1203 1408 1426 1447 constituta
1450 1408 1580 1445 sunt?
1614 1407 1968 1459 Sapientiumne‘?
2000 1421 2097 1460 pro·

318 1483 410 1530 pter
441 1489 594 1529 paucos
627 1475 755 1527 igitur
788 1478 898 1511 tanta
932 1478 994 1511 est
1034 1486 1170 1511 rerum
1204 1470 1311 1509 facta
1344 1470 1518 1509 molitio.
1567 1471 1630 1508 An
1661 1470 1911 1510 stultorum?
1943 1475 1984 1510 at
2014 1471 2098 1523 pri-

319 1553 431 1578 mum
465 1551 588 1577 cansa
620 1551 704 1576 non
736 1536 839 1582 fuit,
873 1549 946 1574 cur
977 1536 1026 1574 de
1060 1534 1248 1587 inprobis
1280 1533 1386 1571 bene
1421 1539 1674 1580 mereretur3
1720 1532 1870 1572 deinde
1903 1532 2004 1586 quid
2037 1538 2099 1573 est

318 1601 561 1646 adsecutus,
605 1613 699 1638 cum
744 1611 887 1638 omnes
929 1597 1041 1637 stulti
1084 1598 1167 1636 sint
1200 1596 1289 1635 sine
1322 1595 1450 1634 dubio
1484 1595 1729 1641 miserrimi,
1772 1596 1952 1635 maxime
1985 1597 2097 1650 quod

319 1664 433 1704 stulti
466 1669 561 1703 sunt
582 1685 635 1691 —-
669 1661 859 1701 miserius
901 1660 1009 1699 enim
1051 1659 1225 1699 stultitia
1258 1658 1359 1711 quid
1400 1671 1622 1710 possumus
1655 1658 1829 1697 dicere?
1861 1680 1914 1685 —-
1946 1659 2098 1699 deinde

267 1734 303 1763 25
319 1726 433 1782 quod
474 1727 530 1765 ita
571 1725 700 1765 multa
732 1729 828 1763 sunt
863 1722 1129 1762 incommoda
1160 1721 1202 1759 in
1236 1722 1340 1766 vita,
1380 1725 1426 1759 ut
1458 1733 1505 1759 ca
1538 1721 1749 1773 sapientes
1782 1720 2098 1761 commodorum

321 1789 651 1841 conpensatione
684 1787 859 1831 leniant,
894 1785 1008 1824 stulti
1041 1798 1117 1823 nec-
1148 1784 1277 1823 vitare
1307 1784 1518 1823 venientia
1544 1783 1705 1835 possint
1737 1797 1814 1822 nec
1842 1783 1951 1823 ferre
1980 1797 2101 1837 prae-

320 1852 466 1892 sentia.
527 1851 578 1889 X.
612 1850 696 1898 Qui
728 1862 826 1888 vero
860 1847 1061 1887 mundum
1094 1847 1228 1900 ipsum
1253 1846 1506 1885 animantem
1530 1846 1845 1899 sapientemque
1868 1859 1959 1886 esse
1982 1845 2100 1886 dixe-

320 1919 436 1960 runt,
478 1913 593 1953 nullo
628 1913 750 1952 modo
785 1911 1000 1955 viderunt,
1040 1909 1167 1948 animi
1201 1915 1347 1947 natura
1379 1908 1662 1960 intellegentis
1695 1909 1733 1947 in
1769 1922 1892 1962 quam
1923 1909 2100 1961 figuram

321 1976 470 2017 cadere
504 1981 668 2028 posset:
703 1976 752 2014 de
787 1988 871 2027 quo
897 1973 1030 2012 (licam
1056 1972 1252 2025 equidem
1286 1970 1411 2023 paulo
1446 1976 1550 2023 post.
1602 1968 1668 2010 24.
1700 1973 1817 2010 Nunc
1842 1976 1981 2010 autem
2003 1970 2102 2010 hac-

269 2048 305 2075 30
322 2046 467 2082 tenus:
501 2038 737 2078 admirabor
769 2050 913 2076 eorum
947 2035 1205 2079 tarditatem,
1240 2034 1311 2086 qui
1346 2033 1600 2073 animantem
1633 2034 1894 2074 inmortalem
1927 2039 1967 2074 et
1998 2048 2102 2074 eun-

322 2104 415 2142 dem
448 2102 612 2141 beatum
646 2099 867 2139 rotundum
902 2112 993 2137 esse
1026 2098 1174 2143 velint,
1208 2097 1322 2149 quod
1356 2110 1403 2135 ea
1437 2096 1568 2135 forma
1590 2102 1712 2149 neget
1736 2096 1861 2136 ullam
1886 2109 1976 2136 esse
2009 2096 2102 2149 pul-

322 2165 525 2204 chriorem
560 2164 687 2201 Plato.
737 2164 786 2201 At
819 2161 918 2200 mihi
953 2161 1015 2199 vel
1050 2160 1226 2213 cylindri
1252 2160 1314 2198 vel
1341 2158 1535 2212 quadrati
1560 2159 1624 2197 vel
1658 2160 1752 2198 coni
1778 2159 1839 2197 vel
1872 2158 2100 2212 pyramidis

322 2228 486 2267 videtur
517 2239 606 2265 esse
638 2225 874 2264 formosior.
924 2224 1040 2271 Quae
1065 2236 1161 2262 vero
1187 2223 1268 2261 vita
1293 2221 1483 2261 tribuitur
1506 2221 1572 2260 isti
1596 2222 1778 2260 rotundo
1802 2222 1912 2261 deo?
1945 2222 2101 2274 Nempe

323 2296 366 2330 ut
398 2302 445 2328 ea
477 2289 685 2327 celeritate
719 2292 1073 2339 contorqueatur,
1112 2286 1175 2325 cui
1210 2299 1282 2338 par
1314 2284 1426 2323 nulla
1458 2298 1509 2322 ne
1543 2285 1715 2335 cogitari
1748 2284 1917 2337 quidem
1950 2283 2101 2337 possit3

272 2353 366 2392 35in
399 2365 481 2405 qua
521 2365 605 2390 non
639 2350 759 2389 video
802 2350 971 2388 ubinam
1016 2362 1132 2387 mens
1165 2353 1361 2386 constans
1395 2352 1433 2385 et
1465 2346 1548 2385 vita
1580 2347 1700 2386 beata
1732 2347 1865 2399 possit
1895 2347 2101 2386 insistere.

325 2414 535 2467 Quodque
567 2414 606 2452 in
638 2418 779 2452 nostro
812 2425 1006 2464 corpore,
1041 2412 1073 2450 si
1107 2410 1277 2449 minima
1301 2423 1352 2448 ex
1381 2416 1496 2463 parte
1519 2410 1548 2462 ἦ·
1576 2410 1847 2463 significetur,
1879 2410 2103 2450 molestum

325 2478 396 2524 sit,
429 2491 502 2516 cur
534 2476 612 2515 hoc
644 2475 754 2514 idem
788 2488 869 2514 non
903 2473 1106 2513 habeatur
1137 2473 1359 2512 molestum
1392 2472 1433 2511 in
1458 2473 1566 2512 deo?
1599 2474 1725 2512 Terra
1758 2473 1867 2512 enim
1900 2471 2102 2525 profecto,

325 2540 519 2593 quoniam
566 2538 709 2577 mundi
750 2550 843 2590 pars
885 2542 967 2583 est,
1015 2549 1107 2589 pars
1151 2540 1214 2575 est
1253 2535 1377 2574 etiam
1418 2535 1500 2574 dei.
1561 2535 1689 2588 Atqui
1723 2540 1855 2574 terrae
1887 2547 2104 2574 maxumas

414 2701 443 2731 t.
471 2700 737 2739 (lissiqnallonem
764 2699 787 2729 Α
804 2698 825 2728 Β
856 2715 888 2718 -
915 2697 945 2727 2.
974 2697 1084 2736 feeerit
1111 2705 1200 2727 corr.
1230 2705 1268 2727 ex
1294 2696 1370 2735 feeit
1389 2697 1412 2727 Α
1436 2714 1469 2718 -
1496 2695 1526 2727 4.
1553 2695 1662 2726 saecla
1687 2695 1763 2733 (ter)
1790 2695 1855 2726 AB
1873 2695 1919 2726 C:
1947 2695 2034 2726 secla
2058 2694 2101 2730 E;

324 2750 435 2780 secula
459 2750 483 2779 Ο
512 2767 545 2771 —
574 2750 604 2779 7.
631 2757 696 2779 ηοη
722 2749 824 2779 (corr.
854 2748 886 2778 in
914 2748 991 2784 mm)
1017 2748 1123 2785 falem-
1149 2748 1194 2781 Ας
1223 2746 1264 2777 cf.
1285 2755 1305 2775 v
1337 2746 1389 2777 35.
1416 2763 1449 2768 ——
1478 2746 1508 2776 8.
1536 2750 1720 2783 temporum
1743 2744 2003 2783 circumscriptio
2021 2744 2046 2775 Ο
2066 2761 2100 2766 -

326 2800 355 2830 t).
376 2809 439 2830 non
459 2799 559 2829 codd.
581 2798 695 2829 multi:
724 2807 793 2829 oin.
815 2796 844 2828 Ἡ
860 2798 905 2831 (’);
932 2795 993 2827 sed
1015 2805 1045 2825 v.
1067 2797 1352 2827 Sclmomannum
1371 2796 1458 2826 Diss.
1480 2796 1506 2825 ll
1534 2804 1564 2835 p.
1586 2796 1604 2825 9
1622 2804 1674 2834 sq.
1699 2812 1733 2817 -
1755 2795 1806 2825 42.
1824 2802 1971 2833 pronoen
1989 2792 2046 2825 ‘210
2066 2811 2100 2815 —

328 2848 378 2879 13.
399 2849 524 2879 >lumini
539 2856 627 2878 corr.
650 2857 690 2878 cx
706 2847 829 2878 nomini
847 2847 869 2877 Β
891 2864 920 2868 ·-
938 2846 977 2876 Δ20
1008 2847 1242 2884 Sapienlmnne
1256 2846 1280 2876 Ο
1301 2863 1334 2866 -
1352 2845 1403 2875 ΞΙ,
1420 2845 1523 2884 iqilur
1540 2844 1568 2877 ‘21
1586 2854 1591 2875 :
1611 2854 1689 2883 erqo
1708 2845 1732 2875 O
1751 2860 1785 2865 —
1806 2844 1899 2883 facta
1910 2852 2024 2874 rerum
2041 2843 2064 2874 E
2078 2843 2103 2873 Ο

330 2916 362 2921 -
392 2899 444 2929 23.
472 2898 591 2928 (lubuit)
616 2899 641 2928 A
670 2915 704 2919 —
732 2897 783 2928 28.
810 2896 914 2926 animi
938 2898 1062 2925 ηαΙιινα
1088 2895 1297 2933 intellmencis
1323 2896 1366 2925 A:
1399 2895 1502 2925 animi
1527 2892 1662 2925 viatura.
1690 2893 1907 2933 insellegyentes
1930 2893 1973 2929 B;
2001 2892 2104 2923 animi

328 2947 452 2982 ηιῑΙιιι-Γι
476 2948 688 2987 inlellegyenlis
721 2948 767 2979 C:
803 2947 906 2977 ariiml
930 2948 1089 2976 nolarum
1114 2945 1325 2984 intelligentes
1352 2944 1399 2979 E;
1434 2945 1538 2974 αηίιηὶ
1561 2948 1686 2974 aalma
1710 2946 1739 2974 et
1763 2943 1978 2982 intelligentia
2003 2941 2104 2972 Eich-

328 2999 473 3031 stadius.
502 2999 549 3028 (If.
573 2998 722 3028 metr-ich
748 2996 768 3027 l.
789 2996 809 3028 l.
838 3006 869 3037 p.
890 2997 924 3026 51
950 3004 1001 3035 sq.
1027 3011 1060 3017 —
1089 2994 1140 3025 29.
1168 2996 1267 3032 possit
1293 2995 1315 3025 C
1339 3012 1370 3016 —
1401 2994 1578 3024 liae-conus:
1606 2992 1800 3023 admirabor
1817 2992 2099 3022 selme-mannus:

327 3052 481 3081 hactenus
510 3048 702 3079 culino-abor
732 3049 757 3079 Ο
789 3065 822 3070 ——
861 3048 913 3078 3¹.
945 3047 1049 3077 ullum
1074 3048 1165 3083 neqet
1191 3045 1214 3074 0
1244 3062 1278 3067 -
1316 3044 1582 3083 32.p311-‹1=n117des
1607 3042 1681 3075 ΑΒ1
1707 3060 1742 3066 -—
1770 3042 1822 3074 34.
1850 3043 1997 3082 coyitare
2020 3041 2043 3072 B
2069 3041 2103 3071 et

330 3101 433 3140 (corr.
453 3100 486 3129 in
503 3099 654 3138 cogitari)
674 3101 699 3129 A
726 3116 759 3119 —
787 3099 839 3128 35.
865 3097 1001 3127 ubinam
1026 3097 1049 3127 C
1069 3106 1074 3125 :
1102 3094 1226 3124 ublnan
1251 3096 1296 3131 Α;
1324 3094 1444 3124 ubinam,
1471 3093 1603 3134 (litteris
1627 3102 1692 3124 non
1711 3092 1904 3132 expunctis)
1923 3091 1968 3127 ss;
1993 3090 2048 3121 ubi
2065 3090 2099 3121 F..

331 3149 380 3181 Cf.
407 3158 440 3179 v.
467 3149 497 3179 7.
531 3166 559 3170 -
597 3148 754 3178 insistere.
790 3148 947 3187 Quodque
973 3145 1109 3184 Madvig
1135 3144 1188 3181 (ad
1217 3144 1286 3174 Cic.
1316 3144 1358 3174 de
1386 3144 1479 3175 Finn.
1510 3153 1542 3183 p.
1571 3143 1667 3180 4=76):
1704 3143 1871 3173 insislere:
1902 3141 2051 3180 quodque
2077 3139 2101 3170 Ο

334 3216 364 3221 -
396 3198 448 3227 36.
474 3197 676 3238 siynificelw·
700 3195 750 3228 91:
783 3198 828 3227 sic
858 3197 1010 3227 incitetur
1042 3195 1288 3227 Lachmannus
1314 3195 1357 3226 ad
1384 3196 1520 3226 Lucret.
1548 3203 1580 3236 p.
1601 3194 1682 3230 35>i;
1709 3193 1754 3224 sic
1779 3193 1949 3234 afficiatur
1972 3190 2103 3222 Schoe-

331 3256 493 3281 mannus.
