2249 3624
328 110 407 155 ⁴40
707 115 776 156 DE
806 115 1013 155 FINIBUS
1045 114 1309 157 BONORUM
1337 117 1406 156 ET
1437 116 1703 158 MALORUM

324 224 391 267 31.
424 228 504 268 Sed
544 232 640 269 sunt
678 232 817 268 tamen
853 227 1099 280 perabsurdi
1130 234 1169 269 et
1197 229 1248 276 ii,
1291 230 1361 282 qui
1393 243 1487 270 cum
1518 230 1693 270 scientia
1722 230 1864 270 vivere
1894 232 2086 273 ultimum

323 289 550 338 bonorum,
592 296 632 330 et
669 290 741 343 qui
781 290 940 329 nullam
981 303 1119 330 rerum
1160 290 1435 331 differentiam
1477 306 1569 332 esse
1610 291 1826 340 dixerunt,
1867 299 1991 347 alque
2030 295 2087 334 ita

324 353 556 406 sapientem
586 353 752 393 beatum
783 352 891 399 fore,
928 352 1033 391 nihil
1064 353 1177 392 aliud
1209 354 1279 393 alii
1310 360 1520 394 momento
1550 354 1637 394 ullo
1669 359 2012 408 anteponentem‚
2042 362 2089 397 ut

325 415 494 468 quidam
525 414 761 455 Academici
792 414 1059 454 constituisse
1092 414 1305 463 dicuntur,
1341 421 1571 456 extremum
1593 417 1799 456 bonorum
1822 423 1861 457 et
1882 432 2087 459 summum

291 482 474 518 5munus
516 491 608 518 esse
649 478 867 530 sapientis,
913 477 1119 517 obsistere
1150 477 1250 517 visis
1282 490 1560 531 assensusque
1592 492 1688 518 suos
1719 479 1836 519 firme
1868 480 2087 520 sustinere.

322 541 399 581 His
438 540 613 593 singulis
654 540 825 593 copiose
865 539 1114 594 responderi
1145 540 1274 587 solet,
1314 540 1389 580 sed
1420 554 1526 593 quae
1558 541 1782 594 perspicua
1819 547 1917 581 sunt
1966 541 2089 594 longa

323 616 414 643 esse
445 616 527 643 non
560 602 724 642 debent.
777 600 886 650 Quid
918 607 1055 642 autem
1085 602 1271 655 apertius
1304 616 1452 656 quam,
1486 603 1519 642 si
1552 603 1723 643 selectio
1755 604 1870 644 nulla
1891 605 1942 644 sit
1963 604 2014 644 ab
2036 604 2088 644 iis

321 665 470 713 rebus,
514 678 622 719 quae
661 669 805 705 contra
847 670 1037 705 naturam
1080 666 1181 712 sint,
1228 678 1369 704 earum
1400 679 1560 712 rerum,
1608 680 1714 719 quae
1747 667 1830 707 sint
1861 666 2089 706 secundum

321 732 534 774 naturam,
580 727 751 767 tollatur
795 728 928 768 omnis
976 741 1048 775 ea,
1097 740 1204 781 quae
1246 734 1468 780 quaeratur
1505 728 1800 782 laudeturque,
1840 728 2089 781 prudentia?

273 794 308 823 10
324 789 653 843 Circumscriptis
690 790 816 842 igitur
855 790 906 830 iis
938 790 1177 837 sententiis,
1220 803 1323 843 quas
1355 791 1500 843 posui,
1545 797 1585 830 et
1614 791 1685 837 iis,
1728 792 1761 830 si
1794 805 1902 844 quae
1935 792 2090 831 similes

322 865 463 891 earum
503 857 620 899 sunt,
658 852 912 906 relinquitur
948 858 994 893 ut
1035 866 1239 892 summum
1281 853 1436 892 bonum
1469 854 1521 892 sit
1550 853 1690 892 vivere
1722 853 1938 893 scientiam
1971 853 2090 893 adhi-

320 914 487 954 bentem
519 927 661 954 earum
694 928 852 962 rerum,
885 929 993 969 quae
1025 920 1173 954 natura
1205 915 1421 962 eveniant,
1454 915 1698 966 seligentem
1729 928 1837 968 quae
1860 915 2091 956 secundum

320 982 511 1017 naturam
550 982 589 1016 et
628 991 736 1030 quae
776 983 919 1018 contra
961 983 1151 1017 naturam
1192 977 1276 1016 sint
1317 977 1580 1023 reicientem,
1624 977 1666 1016 id
1699 982 1762 1016 est
1793 978 2091 1018 convenienter

322 1045 683 1094 congruenterque
724 1046 897 1081 naturae
936 1041 1089 1081 vivere.
1149 1038 1217 1078 32.
1251 1040 1331 1079 Sed
1370 1039 1412 1078 in
1444 1039 1593 1079 ceteris
1626 1040 1784 1079 artibus
1815 1053 1908 1080 cum
1941 1039 2092 1080 dicitur

273 1107 308 1136 ¹5
322 1101 644 1150 artificiose,
676 1108 890 1156 posterum
912 1102 1091 1156 quodam
1121 1101 1243 1142 modo
1268 1107 1308 1141 et
1329 1114 1593 1155 consequens
1614 1101 1847 1154 putandum
1869 1108 1945 1149 est,
1977 1102 2090 1156 quod

320 1164 382 1204 illi
414 1161 795 1219 ἑπιγενινηλιιατικόν
826 1165 1061 1219 appellant:
1093 1178 1186 1205 cum
1218 1170 1357 1204 autern
1388 1165 1429 1203 in
1453 1178 1537 1217 quo
1571 1164 1834 1216 sapienter
1866 1162 2090 1218 [dicimus],

321 1226 363 1267 id
404 1241 428 1268 a
467 1228 602 1281 primo
643 1228 872 1268 rectissime
914 1228 1077 1268 dicitur.
1139 1227 1352 1281 Quicquid
1384 1228 1494 1267 enim
1527 1240 1549 1267 a
1580 1227 1769 1280 sapiente
1800 1225 2090 1280 proficiscitur,

320 1290 361 1330 id
403 1290 601 1330 conti'nuo
641 1290 764 1330 debet
809 1290 1022 1344 expletum
1062 1304 1153 1330 esse
1193 1291 1384 1330 omnibus
1417 1290 1502 1329 suis
1541 1290 1754 1342 partibus3
1802 1290 1845 1329 in
1887 1303 1937 1330 eo
1980 1291 2089 1330 enirn

320 1353 503 1408 positum
536 1359 597 1393 est
626 1354 691 1401 id,
731 1354 844 1407 quod
877 1354 1056 1394 dicimus
1089 1367 1179 1393 esse
1212 1352 1509 1406 expetendum.
1571 1354 1672 1391 Nam
1704 1358 1750 1391 ut
1780 1359 1996 1405 peccatum
2029 1358 2091 1392 est

270 1421 306 1450 20
320 1417 495 1469 patriam
528 1416 726 1469 prodere,
758 1422 951 1469 parentes
984 1416 1161 1463 violare,
1192 1415 1288 1455 sana
1319 1415 1581 1468 depeculari,
1615 1427 1724 1467 quae
1747 1420 1842 1454 sunt
1861 1416 1903 1455 in
1926 1415 2090 1462 effectu,

321 1479 380 1519 sic
422 1479 591 1527 timere,
634 1479 693 1519 sic
729 1492 935 1526 maerere,
977 1480 1036 1519 sic
1076 1480 1119 1518 in
1159 1478 1335 1518 libidine
1379 1491 1469 1517 esse
1508 1483 1722 1531 peccatum
1753 1483 1815 1517 est
1845 1478 1968 1518 etiam
1999 1477 2090 1518 sine

321 1541 485 1580 effectu.
536 1542 691 1581 Verum
733 1547 777 1581 ut
813 1542 917 1581 haec
956 1555 1041 1581 non
1077 1541 1118 1580 in
1160 1541 1339 1594 posteris
1373 1545 1413 1579 et
1444 1541 1485 1579 in
1518 1539 1895 1593 consequentibus,
1935 1540 2006 1580 sed
2048 1541 2091 1580 in

319 1604 460 1657 primis
493 1604 694 1645 continuo
725 1609 895 1658 peccata
926 1604 1131 1651 sunt,·sic
1164 1618 1232 1652 ea,
1264 1616 1371 1657 quae
1403 1601 1725 1657 proficiscuntur
1751 1616 1775 1643 a
1796 1603 1968 1650 virtute,
2000 1617 2092 1643 sus-

320 1667 514 1719 ceptione
545 1667 697 1719 prima‚
728 1680 815 1706 non
846 1667 1123 1720 perfectione,
1155 1672 1267 1706 recta
1299 1672 1395 1706 sunt
1425 1666 1658 1705 iudicanda.

269 1740 305 1768 25
434 1729 484 1767 X.
516 1727 583 1769 33.
616 1731 779 1769 Bonum
811 1734 974 1776 autem,
1007 1729 1121 1781 quod
1153 1730 1194 1768 in
1226 1729 1305 1768 hoc
1338 1743 1529 1769 sermone
1562 1729 1713 1769 totiens
1744 1734 1988 1782 usurpatum
2015 1733 2089 1776 est,

320 1790 363 1830 id
396 1791 518 1832 etiam
553 1790 796 1831 delinitione
829 1792 1075 1844 explicatur.
1137 1791 1217 1831 Sed
1252 1805 1396 1831 eorum
1429 1790 1693 1832 definitiones
1730 1792 1900 1845 paulum
1932 1791 2089 1845 oppido

318 1853 427 1893 inter
457 1868 499 1894 se
532 1854 749 1902 differunt,
783 1859 824 1894 et
854 1859 992 1894 tamen
1025 1853 1174 1894 eodem
1207 1860 1410 1907 spectant.
1461 1855 1549 1907 Ego
1571 1855 1776 1894 assentior
1796 1854 1987 1906 Diogeni,
2019 1855 2090 1907 qui

316 1916 475 1956 bonum
514 1915 720 1956 definierit
757 1917 818 1963 id,
856 1917 968 1969 quod
1013 1922 1123 1956 esset
1160 1922 1308 1956 natura
1346 1917 1595 1957 absolutum.
1659 1917 1705 1955 Id
1737 1922 1876 1956 autem
1909 1930 2090 1970 sequens

316 1979 419 2018 illud
451 1980 574 2019 etiam
608 1979 720 2033 quod
752 1979 972 2032 prodesset
1001 2001 1056 2008 —
1079 1975 1285 2031 (ι’)ᾳι-’λῃιια
1318 1980 1429 2019 enim
1463 1979 1520 2018 sic
1550 1979 1810 2032 appellemus
1841 2001 1896 2006 —
1932 1984 2091 2019 motum

268 2048 390 2083 30aut
429 2047 580 2082 statum
624 2056 714 2081 esse
757 2041 865 2080 dixit
902 2054 923 2081 8
960 2046 1108 2081 natura
1149 2042 1355 2081 absoluto.
1418 2042 1604 2094 Cumque
1646 2055 1785 2081 rerum
1818 2042 2013 2081 notiones
2046 2042 2089 2081 in

318 2105 467 2145 animis
499 2103 615 2152 fiant,
648 2105 681 2144 si
713 2109 782 2144 aut
813 2118 891 2144 usu
924 2104 1083 2156 aliquid
1116 2104 1328 2156 cognitum
1371 2104 1421 2143 sit
1452 2109 1522 2143 aut
1554 2104 1845 2144 coniunctione
1877 2109 1949 2143 aut
1980 2104 2090 2144 simi-

318 2167 495 2207 litudine
527 2172 595 2207 aut
626 2167 851 2206 collatione
882 2166 1074 2212 rationis,
1105 2166 1186 2205 hoc
1212 2171 1384 2219 quarto,
1416 2166 1529 2218 quod
1553 2171 1786 2205 extremum
1818 2167 1958 2220 posui,
1991 2167 2088 2206 boni

318 2229 467 2269 notitia
497 2229 606 2269 facta
638 2234 713 2268 est.
766 2228 866 2268 Cum
900 2228 1009 2268 enim
1043 2228 1093 2267 ab
1124 2229 1173 2268 iis
1206 2228 1346 2275 rebus,
1379 2241 1487 2281 quae
1511 2233 1608 2267 sunt
1630 2228 1860 2268 secundum
1884 2234 2088 2275 naturam,

317 2290 504 2331 ascendit
547 2291 710 2332 animus
755 2290 980 2331 collatione
1024 2291 1216 2337 rationis,
1260 2296 1347 2330 tum
1385 2291 1435 2330 ad
1477 2291 1688 2331 notionem
1728 2292 1827 2331 boni
1871 2291 2078 2344 pervenit.

268 2369 304 2397 35
319 2351 384 2392 34.
415 2354 503 2393 Hoc
535 2358 673 2393 autem
705 2354 842 2406 ipsum
873 2353 1031 2393 bonum
1062 2366 1145 2392 non
1179 2354 1421 2393 accessione
1460 2367 1599 2407 neque
1631 2354 1856 2393 crescendo
1892 2359 1963 2393 aut
1993 2367 2087 2393 cum

320 2416 467 2455 ceteris
499 2415 802 2468 comparando,
834 2416 907 2455 sed
934 2417 1103 2469 propria
1125 2417 1162 2456 vi
1186 2429 1258 2455 sua
1282 2420 1323 2455 et
1343 2416 1547 2455 sentimus
1571 2421 1611 2455 et
1632 2416 1892 2469 appellamus
1916 2416 2086 2455 bonum.

319 2477 369 2517 Ut
400 2478 510 2518 enim
541 2478 641 2525 mel,
684 2478 762 2518 etsi
795 2478 1084 2518 dulcissimum
1118 2483 1197 2525 est,
1236 2491 1313 2518 suo
1344 2484 1483 2518 tamen
1525 2479 1694 2532 proprio
1727 2491 1879 2531 genere
1912 2478 2086 2531 saporis,

407 2647 437 2678 4.
463 2646 497 2686 ii]
521 2646 554 2677 hi
568 2648 608 2685 A,
634 2647 675 2685 hy
698 2647 723 2677 B
745 2664 780 2669 —-
806 2646 968 2687 ultimum]
987 2655 1150 2677 summum
1167 2646 1190 2676 B
1213 2663 1247 2668 --
1275 2647 1308 2677 Ξ.
1328 2655 1393 2677 rer.
1413 2646 1481 2685 diff.
1501 2646 1583 2685 (non
1601 2646 1670 2685 diff.
1690 2646 1768 2683 rer.)
1788 2646 1890 2677 etiam
1910 2646 1934 2677 E
1953 2662 1987 2667 —
2007 2646 2038 2678 3.
2054 2649 2089 2677 ut

318 2698 363 2729 A:
391 2701 449 2728 ααὶ,
473 2698 516 2734 Β;
544 2700 620 2735 aut,
646 2700 681 2727 uc
698 2697 722 2727 O
748 2714 782 2718 —-
810 2697 841 2728 5.
860 2697 938 2726 visis
954 2704 1023 2727 om.
1044 2697 1068 2726 B
1087 2713 1129 2717 -—
1153 2696 1183 2727 7.
1204 2705 1303 2734 quam
1318 2700 1353 2726 ut
1370 2696 1396 2725 si
1414 2698 1438 2726 G
1459 2713 1493 2717 —
1520 2695 1550 2726 8.
1576 2705 1693 2726 earum
1716 2696 1795 2727 AB:
1823 2699 1858 2726 ut
1873 2704 1989 2726 earum
2006 2704 2087 2727 cum

319 2746 510 2778 Goerenzio
536 2746 560 2777 O
582 2764 615 2768 —
643 2746 673 2776 9.
700 2749 722 2786 »ζ-
739 2745 874 2777 tollatur
898 2746 946 2781 M;
971 2746 1042 2784 fore
1065 2749 1100 2775 uc
1123 2746 1259 2776 tollamr
1287 2745 1495 2781 Lambinus3
1523 2745 1586 2776 sed
1611 2746 1689 2776 vide
1715 2754 1758 2776 ne
1784 2744 2019 2776 anacoluthon
2044 2746 2088 2777 sit

319 2805 362 2828 ex
386 2805 427 2827 eo
445 2805 587 2836 genere,
614 2804 682 2835 quo
701 2804 741 2826 ex
766 2795 957 2826 interiectis
975 2794 1092 2825 verbis
1111 2796 1261 2826 nectitur
1285 2795 1331 2832 id,
1356 2795 1450 2835 quod
1467 2803 1546 2826 cun}
1566 2796 1739 2826 sententia
1758 2796 1923 2836 primaria
1940 2796 2088 2827 coniun-

318 2847 471 2887 gendam
495 2848 580 2877 erat.
608 2845 659 2876 Cf.
685 2846 846 2877 Matthiae
875 2846 979 2877 Verm.
1006 2846 1098 2876 ὅσην.
1125 2854 1158 2885 p.
1179 2846 1219 2875 59
1245 2854 1322 2885 sqq.
1346 2862 1380 2866 -
1409 2846 1459 2876 40.
1485 2846 1512 2875 si
1536 2846 1599 2876 AB
1616 2846 1641 2876 D
1658 2846 1699 2876 E:
1727 2854 1798 2877 om.
1818 2844 1921 2876 codd.
1941 2845 2025 2876 dett.
2049 2862 2082 2866 —

320 2897 371 2928 43.
398 2900 427 2927 ec
451 2904 534 2936 quae
558 2897 582 2927 A
598 2896 682 2926 BD:
710 2899 739 2926 et
761 2896 788 2926 si
811 2904 895 2936 quae
920 2896 944 2927 O
965 2913 999 2918 ——
1026 2896 1089 2926 sinc
1114 2895 1324 2933 Madvigius:
1350 2897 1423 2924 sunt
1448 2893 1549 2925 codd.
1570 2897 1604 2925 et
1621 2895 1645 2925 O
1667 2912 1699 2915 —
1730 2894 1780 2926 44.
1807 2897 2086 2935 conyruenlerque

319 2955 388 2977 om.
417 2947 439 2977 B
466 2947 546 2985 (non
572 2945 609 2983 Ε)
637 2962 670 2966 —
700 2945 750 2975 «¹6.
776 2946 1053 2986 epigenematz‘con
1076 2946 1140 2976 ΑΒ
1163 2963 1195 2967 -
1224 2954 1298 2976 cum
1322 2945 1519 2975 Ernestius:
1548 2945 1632 2983 quod
1657 2945 1758 2975 codd.
1787 2946 1821 2976 et
1844 2944 1869 2975 O
1887 2961 1921 2965 —
1950 2943 2086 2974 dicimus

319 3005 389 3028 om.
415 2997 460 3033 Α;
488 3002 550 3026 ηο5
574 2994 792 3026 seclusimus.
822 3013 857 3018 —
886 2996 937 3026 47.
965 3004 987 3026 α
1007 2996 1116 3034 primo
1140 2995 1163 3025 B
1181 2995 1223 3026 E:
1256 2995 1299 3025 ad
1320 2995 1428 3034 primo
1454 2996 1478 3024 A
1505 3010 1540 3015 ——
1578 2995 1628 3025 49.
1652 2996 1797 3033 positum
1819 2997 1865 3025 est
1886 2993 1972 3024 enim
1996 2993 2019 3024 B
2048 3010 2082 3014 —

319 3046 372 3077 20.
397 3045 516 3075 violari
541 3045 564 3075 B
586 3062 618 3066 --
647 3046 756 3084 ell'cclo
780 3046 804 3076 B
825 3062 858 3067 —
887 3046 940 3076 21.
967 3045 1080 3076 limere
1104 3045 1187 3085 (non
1211 3047 1296 3082 tunc)
1323 3043 1427 3074 etiam
1446 3043 1468 3073 E
1489 3060 1523 3064 ——
1552 3044 1603 3074 22.
1631 3044 1719 3084 haec]
1745 3044 1795 3074 hic
1812 3045 1835 3075 B
1855 3061 1889 3066 —
1917 3044 1969 3074 26.
1988 3043 2083 3082 opido

320 3096 384 3127 AB
419 3111 453 3116 —
494 3094 544 3125 27.
570 3095 659 3133 Ergo
691 3095 712 3125 B
746 3112 779 3116 —
818 3096 870 3126 28.
903 3099 979 3126 esset
1010 3098 1152 3126 enatura
1183 3096 1227 3129 Λ;
1265 3102 1330 3124 esse
1354 3103 1375 3123 as
1399 3096 1523 3123 namra
1548 3093 1570 3123 B
1610 3111 1641 3115 -
1679 3094 1730 3124 29.
1753 3095 1919 3132 prodesset
1941 3093 2083 3132 ophelem

321 3139 514 3186 (ὠφέλημ’)
539 3145 624 3175 enim
648 3146 691 3181 A?
722 3146 872 3183 prodesse
895 3145 1051 3184 tophelem
1074 3145 1159 3176 enim
1183 3145 1206 3175 B
1222 3145 1245 3175 E
1272 3161 1306 3166 —
1342 3144 1394 3174 30.
1421 3143 1567 3174 absoluto
1592 3145 1773 3175 Brennus:
1803 3142 1952 3173 absoluta
1975 3141 2078 3172 codd.

325 3212 359 3217 ——
387 3194 440 3225 34.
464 3195 564 3234 fiant,
590 3195 616 3224 si
641 3194 710 3234 aul]
733 3196 817 3234 fiant
839 3196 921 3235 fiant
945 3196 968 3226 B
996 3211 1030 3217 -
1064 3196 1199 3235 aliquod
1223 3194 1285 3224 ΒΕ
1315 3212 1348 3217 -
1380 3194 1432 3225 32.
1458 3194 1641 3235 collatione]
1667 3194 1861 3235 coynalione
1884 3193 1911 3224 D
1940 3209 1973 3214 -
2007 3191 2081 3223 boni

321 3243 530 3277 Lambinus:
557 3244 675 3275 bonum
700 3245 804 3276 codd.
834 3263 867 3266 ——
896 3245 947 3277 33.
973 3245 1097 3277 noticia
1120 3246 1164 3276 A:
1191 3244 1284 3274 nocio
1308 3244 1331 3275 B
1348 3243 1389 3281 E,
1416 3244 1504 3275 notio
1529 3244 1566 3276 O.
