2249 3624
308 232 389 274 976
1045 231 1327 272 CICERONIS

309 343 409 387 tere,
440 342 524 376 tum
552 336 703 388 quibus
733 335 885 388 aliquid
914 337 955 374 in
983 347 1080 385 agro
1107 333 1336 373 faciendum
1367 334 1442 372 erit
1469 334 1612 384 servis,
1643 346 1715 373 eos
1735 334 1842 373 foras
1863 335 2062 384 emittere,

309 401 459 452 quibus
487 407 622 439 autem
650 401 691 438 in
719 399 810 438 villa
847 398 946 450 quid
982 396 1186 448 agendum
1214 396 1434 445 videbitur,
1473 409 1544 435 eos
1572 397 1674 435 intra
1713 397 1892 448 parietes
1931 397 2064 436 conti—

308 476 406 502 nere
439 470 562 513 atque
590 461 938 510 animadvertere,
976 473 1027 499 ne
1065 459 1207 498 diurna
1247 458 1448 497 cessando
1490 459 1737 498 frustrentur
1777 471 1916 510 opera,
1959 472 2064 510 quae

309 526 474 565 domum
502 532 638 564 autem
666 526 908 573 inseruntur,
939 524 1156 573 diligenter
1184 523 1404 573 inspicere,
1437 534 1489 560 ne
1523 521 1701 561 delibata
1733 523 1826 571 sint,
1849 528 1888 560 et
1906 523 1960 561 ita
1989 534 2063 560 ex—

276 589 465 640 5plorata
492 594 614 638 atque
642 587 831 626 inviolata
860 588 1069 638 recipere,
1112 591 1197 624 tum
1225 598 1419 636 separare
1449 597 1554 637 quae
1593 585 1870 624 consumenda
1905 591 2000 623 sunt
2027 590 2066 623 et

308 663 414 702 quae
443 651 656 702 superfieri
694 656 867 700 possunt
903 648 1138 696 custodire,
1181 660 1232 686 ne
1277 653 1464 698 sumptus
1505 659 1665 685 annuus
1708 652 1941 686 menstruus
1983 647 2062 685 fiat.

308 714 408 751 Tum
437 714 469 751 si
500 714 592 763 quis
618 725 667 751 ex
698 712 844 751 familia
875 713 1057 763 coeperit
1087 711 1261 750 adversa
1293 709 1528 749 valetudine
1566 710 1690 758 affici,
1727 709 1952 748 videndum
1990 711 2067 748 erit

308 782 351 814 ut
379 776 413 814 is
443 788 565 826 quam
594 774 926 814 commodissime
955 775 1227 812 ministretur:
1260 785 1355 811 nam
1385 785 1435 810 ex
1464 772 1584 811 huius
1614 771 1721 810 modi
1758 785 1854 811 cura
1885 773 2068 810 nascitur

307 838 593 877 benevolentia
621 850 698 876 nec
724 838 858 875 minus
887 837 1147 887 obsequium.
1205 836 1311 881 Quin
1341 835 1463 873 etiam
1492 834 1654 873 fidelius
1683 847 1803 885 quam
1832 835 1947 885 prius
1975 846 2067 872 ser—

259 916 294 945 ω
307 903 394 940 vire
421 900 606 949 student,
645 899 713 951 qui
743 898 1050 946 convaluerint,
1090 910 1182 936 cum
1212 903 1274 935 est
1302 897 1436 947 aegris
1464 895 1645 935 adhibita
1675 896 1898 947 diligentia.
1954 897 2004 945 (C
2019 909 2066 934 o-

307 962 520 1003 lumella
548 962 574 1000 l.
595 963 677 1000 XII.
702 974 735 1000 c.
760 964 792 1000 1.
817 962 851 1009 ξ.
875 962 910 1000 5.
935 963 1019 1011 sq.)
1187 1007 1194 1015 ·

408 1037 443 1072 6.
489 1030 778 1082 Xenophon
813 1030 966 1068 Oecon.
1007 1041 1040 1066 c.
1073 1029 1107 1066 8.
1141 1028 1176 1078 ξ.
1211 1028 1342 1075 2-4.)
1404 1029 1502 1066 Nam
1533 1033 1652 1066 vetus
1689 1033 1752 1065 est
1784 1027 2065 1078 proverbium,

308 1100 593 1148 paupertatem
622 1093 891 1131 certissimam
920 1103 1034 1140 esse,
1078 1103 1169 1128 cum
1203 1090 1374 1129 alicuius
1401 1089 1610 1140 indigeas,
1651 1090 1705 1127 uti
1737 1101 1783 1127 eo
1815 1102 1894 1127 non
1925 1101 2065 1140 posse,

309 1160 403 1210 quia
431 1159 654 1208 ignoretur,
683 1154 752 1193 ubi
780 1154 1006 1204 proiectum
1044 1153 1175 1192 iaceat
1207 1152 1314 1202 quod
1356 1152 1628 1190 desideretur.
1695 1155 1837 1202 Itaque
1868 1152 1909 1189 in
1936 1163 1979 1189 re
2005 1151 2067 1190 fa-

259 1238 294 1265 45
308 1221 451 1260 miliari
480 1220 722 1259 laboriosior
750 1224 813 1255 est
840 1216 1084 1266 negligentia
1107 1228 1228 1266 quam
1251 1215 1474 1266 diligentia.
1531 1216 1631 1262 Quis
1651 1215 1756 1253 enim
1787 1214 1947 1253 dubitet
1969 1214 2066 1253 nihil

309 1297 402 1324 esse
443 1283 651 1335 pulchrius
687 1282 726 1319 in
765 1280 871 1318 omni
909 1280 1064 1317 ratione
1106 1279 1210 1317 vitae
1251 1277 1519 1329 dispositione
1554 1284 1676 1329 atque
1711 1277 1883 1315 ordine'?
1948 1276 2067 1325 Quod

308 1350 428 1387 etiam
458 1345 624 1384 ludicris
653 1341 898 1393 spectaculis
925 1341 1022 1379 licet
1050 1353 1174 1391 saepe
1206 1352 1468 1390 cognoscere.
1524 1341 1624 1378 Nam
1653 1339 1722 1378 ubi
1744 1340 1891 1378 chorus
1912 1352 2066 1378 canen-

308 1413 405 1450 tium
434 1422 515 1448 non
543 1407 594 1446 ad
627 1411 760 1444 certos
790 1403 934 1442 modos
964 1414 1100 1453 neque
1136 1403 1317 1441 numeris
1352 1403 1589 1453 praeeuntis
1626 1403 1807 1452 magistri
1841 1403 2064 1448 consensit,

309 1474 519 1512 dissonum
557 1467 751 1520 quiddam
781 1478 827 1505 ac
858 1464 1150 1504 tumultuosum
1190 1464 1451 1503 audientibus
1487 1476 1635 1503 canere
1673 1464 1850 1502 videtur.
1919 1466 1970 1503 At
1995 1464 2065 1502 ubi

257 1551 293 1579 20
309 1537 433 1576 certis
467 1533 648 1572 numeris
676 1542 723 1569 ac
750 1527 928 1580 pedibus
963 1526 1074 1565 velut
1102 1528 1204 1565 facta
1234 1528 1537 1577 conspiratione
1573 1527 1779 1565 consensit
1807 1533 1930 1577 atque
1965 1539 2067 1565 con-

310 1599 448 1645 cinuit,
480 1609 530 1634 ex
558 1595 646 1633 eius
671 1591 779 1630 modi
801 1603 945 1629 vocum
976 1589 1192 1628 concordia
1222 1602 1302 1627 non
1332 1589 1460 1628 solum
1490 1590 1590 1640 ipsis
1619 1589 1861 1628 canentibus
1891 1590 2066 1628 amicum

310 1661 506 1715 quiddam
525 1665 565 1697 et
585 1655 703 1694 dulce
732 1658 910 1702 resonat,
942 1664 1082 1690 verum
1109 1652 1228 1690 etiam
1250 1657 1486 1703 spectantes
1515 1651 1815 1702 audientesque
1843 1651 2067 1690 laetissima

310 1726 518 1777 voluptate
545 1720 866 1774 permulcentur.
935 1721 1016 1756 lam
1047 1729 1144 1754 vero
1174 1718 1214 1754 in
1243 1717 1426 1754 exercitu
1455 1728 1590 1766 neque
1619 1715 1736 1753 miles
1768 1727 1902 1766 neque
1932 1716 2066 1765 impe-

308 1795 418 1828 rator
445 1788 532 1826 sine
562 1785 704 1824 ordine
733 1795 779 1822 ac
808 1781 1076 1832 dispositione
1106 1779 1332 1831 quidquam
1361 1778 1468 1818 valet
1497 1779 1725 1829 explicare,
1765 1791 1855 1816 cum
1887 1783 2067 1816 armatus

259 1852 519 1898 25inern1em,
551 1858 679 1899 eques
706 1844 902 1896 peditem,
932 1842 1160 1894 plaustrum
1189 1843 1383 1892 equitem,
1416 1842 1448 1879 si
1469 1842 1550 1880 sint
1569 1842 1772 1892 permixti,
1803 1840 2063 1878 confundant.

308 1910 616 1963 (Columella
644 1909 668 1947 l.
690 1909 774 1956 XII,
805 1920 838 1946 c.
864 1911 897 1946 ¹2.
931 1907 965 1956 ἓ.
991 1907 1123 1954 3—5.)

407 1985 444 2020 7.
487 1978 779 2031 (Xenophon
809 1976 961 2014 Oecon.
993 1987 1025 2013 c.
1053 1976 1089 2013 8.
1121 1974 1156 2024 ξ.
1187 1974 1266 2014 10.)
1334 1974 1433 2012 Nam
1463 1978 1503 2011 et
1530 1985 1654 2010 unum
1688 1971 1881 2022 quodque
1909 1971 2067 2010 facilius

308 2044 615 2091 consideratur,
657 2054 748 2079 cum
777 2046 840 2078 est
867 2040 1118 2089 assignatum
1158 2050 1231 2075 suo
1259 2037 1373 2085 loco,
1415 2042 1455 2074 et
1483 2037 1514 2073 si
1545 2035 1643 2086 quid
1672 2035 1772 2073 forte
1800 2035 1940 2085 abest,
1976 2035 2066 2085 ipse

309 2119 462 2148 vacuus
490 2106 603 2144 locus
633 2104 838 2151 admonet,
868 2107 912 2140 ut
940 2100 1051 2151 quod
1081 2099 1199 2138 deest
1226 2100 1473 2149 requiratur.
1531 2099 1570 2136 Si
1602 2097 1699 2148 quid
1719 2110 1816 2136 vero
1845 2098 1977 2136 curari
1998 2102 2067 2136 aut

258 2189 294 2217 30
309 2170 542 2210 concinnari
572 2172 744 2218 oportet,
775 2164 931 2204 facilius
960 2163 1217 2213 intelligitur,
1249 2175 1340 2200 cum
1369 2161 1513 2200 ordine
1543 2174 1616 2200 suo
1645 2167 1896 2200 recensetur.
1953 2161 2066 2208 (Co—

307 2230 574 2273 lumellal.
597 2230 678 2268 XII.
710 2241 744 2266 c,
766 2229 801 2266 2.
834 2228 869 2277 ξ.
896 2229 951 2272 6.)
1849 2242 1860 2257 ι

408 2298 443 2335 8.
488 2292 791 2343 (Xenophon
820 2291 973 2330 Oecon.
1005 2302 1038 2327 c.
1060 2291 1094 2328 8.
1127 2290 1162 2339 ξ.
1188 2290 1268 2335 16.)
1321 2289 1429 2327 Haec
1467 2288 1610 2326 eadem
1648 2288 1749 2326 ratio
1782 2287 2066 2337 praeparatio-

309 2374 370 2400 nis
399 2365 521 2410 atque
551 2356 706 2395 ordinis
736 2355 857 2393 etiam
885 2354 926 2391 in
954 2354 1126 2402 navigiis
1163 2351 1384 2402 plurimum
1414 2350 1534 2389 valet.
1604 2351 1703 2389 Nam
1738 2349 1807 2387 ubi
1841 2353 2066 2399 tempestas

309 2423 477 2462 incessit
505 2426 545 2459 et
573 2425 636 2458 est
664 2419 738 2456 rite
768 2416 966 2468 disposita
996 2416 1124 2462 navis,
1156 2427 1230 2452 suo
1251 2413 1434 2464 quidque
1464 2413 1606 2451 ordine
1634 2412 1809 2450 locatum
1833 2421 2065 2449 armamen-

259 2499 295 2528 35
310 2492 394 2525 tum
423 2486 510 2523 sine
540 2480 811 2532 trepidatione
839 2479 1025 2516 minister
1051 2477 1214 2528 promit,
1244 2488 1334 2514 cum
1361 2481 1424 2513 est
1451 2488 1471 2514 a
1499 2475 1772 2525 gubernatore
1800 2472 2062 2524 postulatum.

311 2544 620 2595 (Columella
647 2543 672 2581 l.
694 2543 775 2581 XII.
806 2554 840 2579 c.
861 2542 896 2580 2.
930 2541 964 2590 ξ.
984 2540 1044 2589 5.)

408 2613 444 2650 9.
489 2605 805 2657 (Xenophon
841 2605 994 2642 Oecon.
1026 2616 1059 2640 c.
1088 2604 1123 2641 9.
1157 2602 1192 2651 ξ.
1226 2603 1280 2642 3.)
1346 2599 1463 2647 Quod
1504 2599 1829 2637 excelsissimum
1868 2602 1930 2634 est
1964 2608 2064 2635 con-

312 2675 444 2722 clave,
487 2670 784 2723 pretiosissima
824 2679 918 2705 vasa
953 2671 994 2704 et
1024 2670 1180 2703 vestem
1223 2662 1459 2701 desiderat:
1506 2662 1614 2713 quod
1654 2660 1832 2710 denique
1874 2659 2063 2697 horreum

312 2738 464 2775 siccum
493 2739 615 2784 atque
643 2731 819 2771 aridum,
860 2728 1073 2766 trumentis
1102 2726 1277 2764 habetur
1304 2725 1517 2763 idoneum:
1563 2723 1672 2774 quod
1705 2721 1917 2772 frigidum,
1948 2732 2062 2758 com—

261 2797 548 2838 40modissime
588 2795 727 2831 vinum
768 2790 967 2830 custodit:
1016 2788 1126 2839 quod
1167 2788 1274 2825 bene
1316 2786 1501 2835 illustre,
1543 2785 1724 2835 fragilem
1765 2782 2062 2834 supellectilem

312 2867 433 2910 atque
463 2871 509 2896 ea
537 2854 716 2907 postulat
742 2865 881 2905 opera,
911 2863 1017 2902 quae
1044 2848 1157 2887 multi
1178 2848 1341 2887 luminis
1364 2848 1560 2898 indigent.
1603 2844 1902 2895 (Columella
1931 2843 1956 2882 l.
1978 2844 2058 2882 XII.

313 2935 346 2961 c.
367 2924 402 2961 2.
434 2922 469 2971 ξ.
491 2921 549 2964 2.)

414 2985 470 3021 10.
514 2979 813 3029 (Xenophon
853 2977 1008 3014 Oecon.
1047 2986 1080 3011 c.
1113 2975 1148 3012 9.
1181 2973 1216 3021 ξ.
1244 2972 1400 3021 6-1ορ)
1466 2970 1722 3021 praeparatis
1762 2969 1921 3007 idoneis
1960 2967 2061 3005 locis

312 3049 623 3086 instrumentum
653 3047 692 3079 et
719 3037 1014 3090 supellectilem
1043 3034 1290 3073 distribuere
1323 3034 1534 3084 coepimus
1564 3045 1611 3071 ac
1640 3032 1814 3082 primum
1843 3043 1891 3069 ea
1918 3041 2059 3068 secre—

262 3120 298 3149 45
312 3111 467 3154 vimus,
508 3103 658 3155 quibus
694 3102 745 3140 ad
773 3113 839 3138 res
872 3099 1031 3137 dlvinas
1060 3098 1113 3135 uti
1145 3095 1340 3133 solemus:
1385 3100 1527 3146 postea
1565 3093 1762 3131 mundum
1799 3092 2057 3141 muliebrem,

314 3172 381 3223 qui
412 3169 463 3208 ad
491 3167 579 3205 dies
606 3166 730 3203 festos
759 3168 1040 3213 comparatur,
1071 3158 1220 3197 deinde
1248 3157 1298 3196 ad
1329 3162 1421 3194 bella
1451 3156 1626 3195 virilem:
1661 3161 1756 3194 item
1785 3155 1943 3194 dierum
1973 3154 2058 3192 sol-

313 3233 505 3272 lemnium
525 3233 707 3267 ornatum
736 3238 811 3263 nec
840 3226 974 3262 minus
1003 3222 1276 3262 calceamenta
1305 3221 1466 3270 utrique
1496 3220 1610 3258 sexui
1639 3218 1940 3257 convenientia:
1972 3223 2055 3255 tum

314 3298 392 3334 iam
432 3303 617 3332 seorsum
659 3300 769 3327 arma
807 3299 853 3325 ac
886 3285 966 3324 tela
999 3283 1306 3335 seponebantur
1333 3287 1372 3320 et
1400 3283 1437 3319 in
1466 3281 1592 3321 altera
1626 3286 1742 3332 parte
1770 3281 2053 3329 instrumenta,
