2249 3624
482 181 570 222 Lm.
602 180 651 220 ΙΙ.
691 178 791 220 CAP.
823 177 1158 221 XVII—XVIII.
1197 176 1256 231 §§
1288 175 1477 217 52-56.
1807 164 1852 209 Ἢ

102 298 262 339 nitate?
303 294 420 349 quod
459 294 566 334 velle
608 290 773 333 efficere
813 306 897 332 non
942 292 1160 332 mediocris
1204 290 1388 331 insaniae
1421 294 1496 330 est.
1557 287 1861 328 Similitudines

104 373 201 401 vero
240 363 311 399 aut
349 358 605 410 geminorum
638 363 708 396 aut
738 356 950 408 signorum
984 355 1121 394 anulis
1153 354 1436 407 inpressorum
1467 351 1685 405 pueriliter
1716 364 1863 389 conse-

106 427 279 463 ctantur.
330 420 432 469 Quis
464 420 574 459 enirn
606 425 792 459 nostrum
826 418 1118 458 similitudines
1151 422 1272 467 nogat
1299 430 1410 460 csse,
1442 428 1535 454 cum
1567 426 1639 453 eae
1672 413 1863 465 plurimis

104 486 146 526 in
176 485 299 525 rebus
328 483 587 537 appareant?
633 481 736 528 Sed,
769 481 801 519 si
835 481 931 519 satis
963 486 1025 518 est
1056 480 1105 519 ad
1139 479 1364 519 tollendam
1398 477 1679 531 cognitionem
1712 475 1864 514 similia

106 561 198 589 esse
228 546 357 586 multa
387 544 629 590 multorum,
662 557 734 583 cur
764 556 813 581 co
846 556 927 582 non
960 542 1060 581 estis
1091 542 1297 587 contenti,
1330 540 1570 594 praesertim
1600 536 1894 578 concedenti-5

104 609 181 651 bus
212 608 361 648 nobis?
393 611 433 646 et
463 619 536 645 cur
566 605 607 644 id
638 606 777 658 potius
808 604 1079 650 contenditis,
1112 604 1224 656 quod
1257 618 1391 643 rerum
1416 608 1561 643 natura
1583 614 1665 641 non
1698 599 1865 652 patitur,

104 678 149 713 ut
187 684 272 710 non
313 683 389 710 suo
421 668 607 721 quidque
646 680 797 719 genere
829 667 883 706 sit
913 666 1015 711 tale,
1058 666 1182 719 quale
1214 671 1296 713 est,
1334 680 1410 705 nce
1442 666 1494 705 sit
1524 666 1566 704 in
1599 663 1763 703 duobus
1794 666 1867 701 aut

104 732 294 788 pluribus
331 731 445 771 nulla
486 743 529 770 re
562 730 757 769 differens
789 728 874 768 ulla
905 729 1214 768 communitas?
1254 735 1300 769 ut
1332 726 1441 782 [sibi]
1475 729 1558 768 sint
1588 732 1627 767 et
1657 739 1734 766 ova
1765 737 1867 764 ovo-

104 811 195 838 rum
239 800 280 835 et
317 807 416 848 apes
449 793 589 847 apium
621 792 872 832 simillimae.
932 790 1041 839 Quid
1075 804 1234 844 pugnas
1268 792 1424 843 igitur?
1465 796 1536 830 aut
1567 788 1666 844 quid
1698 787 1773 827 tibi
1805 785 1866 825 vis

104 861 147 901 in
178 858 385 912 geminis?
433 855 683 896 Conceditur
714 854 823 894 enim
855 853 1013 893 similes
1045 866 1155 900 esse,
1189 867 1271 906 quo
1294 858 1509 892 contentus
1531 865 1622 892 esse
1644 856 1917 904 potueraszio

103 926 149 962 tu
186 926 325 961 autem
364 919 427 959 vis
469 917 638 958 eosdem
677 916 800 970 plane
838 929 952 962 esse,
994 928 1078 954 non
1111 915 1290 963 similes;
1329 915 1440 968 quod
1471 915 1562 955 fieri
1594 914 1710 954 nullo
1743 912 1867 952 modo

104 988 252 1038 potest.
311 981 378 1022 55.
418 982 525 1021 Dein
567 979 755 1032 confugis
794 979 845 1019 ad
886 978 1078 1033 physicos
1121 992 1215 1025 eos,
1257 979 1326 1032 qui
1360 979 1537 1017 maxime
1569 978 1611 1017 in
1643 975 1869 1016 Academia

103 1046 351 1093 inridentur,
383 1057 406 1085 a
437 1044 588 1097 quibus
619 1048 735 1082 netu
762 1042 932 1095 quidem
964 1041 1045 1080 iam
1078 1046 1116 1080 te
1148 1041 1396 1080 abstinebis:
1429 1046 1471 1080 et
1501 1040 1561 1079 ais
1586 1038 1867 1078 Democritum

106 1109 263 1155 dicere,
304 1106 631 1147 innumerabiles
673 1119 764 1145 esse
802 1104 1002 1150 mundOS‚
1045 1110 1084 1142 et
1115 1103 1283 1155 quidem
1316 1103 1374 1142 sic
1407 1102 1610 1156 quosdam
1641 1101 1748 1141 inter
1779 1112 1869 1139 sese

104 1184 188 1211 non
219 1170 354 1210 solum
385 1169 561 1216 similes,
593 1169 667 1208 sed
699 1164 886 1220 undique
916 1165 1099 1218 perfecte
1132 1171 1172 1205 et
1193 1165 1382 1205 absolute
1409 1161 1496 1219 [ita]
1522 1177 1664 1216 pares,
1696 1169 1741 1203 ut
1761 1163 1920 1204 interm

107 1247 178 1273 cos
209 1233 314 1273 nihil
353 1246 525 1286 prorsus
559 1231 747 1278 intersit,
791 1228 847 1283 [et
877 1242 948 1268 eos
980 1228 1150 1281 quidem
1188 1224 1529 1280 innumerabiles]
1572 1227 1756 1279 itemque
1796 1225 1871 1264 ho-

107 1296 254 1335 mines.
303 1295 463 1335 Deinde
495 1294 681 1348 postulas
713 1299 777 1341 ut,
810 1293 844 1332 si
876 1291 1054 1332 mundus
1086 1291 1141 1330 ita
1163 1292 1216 1331 sit
1246 1304 1322 1344 par
1342 1290 1462 1330 alteri
1485 1289 1663 1336 mundo,
1694 1293 1741 1328 ut
1762 1288 1872 1327 inter

106 1371 177 1398 eos
216 1370 268 1397 ne
307 1358 523 1397 minimum
566 1356 736 1410 quidem
777 1355 959 1401 intersit,
1007 1354 1260 1394 concedatur
1299 1353 1394 1399 tibi,
1442 1357 1488 1392 ut
1518 1352 1560 1391 in
1591 1351 1671 1391 hoc
1703 1362 1871 1404 quoque

104 1424 247 1459 nostro
279 1421 432 1460 mundo
465 1419 624 1473 aliquid
655 1418 777 1459 alicui
810 1418 869 1457 sic
900 1417 953 1456 sit
986 1430 1081 1469 par,
1119 1422 1165 1457 ut
1194 1416 1298 1456 nihil
1329 1414 1516 1462 differat,
1559 1414 1663 1454 nihil
1695 1414 1872 1453 intersit.

106 1482 186 1522 Cur
226 1482 359 1530 enim,
398 1483 587 1536 inquies,
632 1495 685 1521 ex
725 1481 807 1520 illis
848 1479 1096 1526 individuis,
1142 1479 1254 1519 unde
1287 1479 1428 1519 omnia
1462 1476 1727 1518 Democritus
1759 1475 1922 1528 gigni20

105 1541 314 1592 adfirmat,
352 1546 395 1585 in
427 1544 604 1598 reliquis
644 1544 809 1584 mundis
842 1548 884 1583 et
914 1542 956 1581 in
987 1542 1037 1581 iis
1073 1543 1243 1596 quidem
1275 1540 1649 1581 innumerabilibus
1679 1539 1871 1578 innume-

105 1606 257 1646 rabiles
290 1606 433 1655 Quinti
463 1606 620 1646 Lutatii
653 1606 783 1646 Catuli
815 1619 898 1645 non
931 1605 1054 1645 modo
1086 1606 1250 1658 possint
1280 1618 1392 1651 esse,
1431 1603 1504 1644 sed
1537 1603 1664 1643 etiam
1695 1602 1798 1642 sint:
1830 1603 1874 1642 in

104 1669 183 1709 hoc
215 1674 330 1709 tanto
364 1669 520 1709 mundo
554 1669 722 1709 Catulus
754 1669 859 1708 alter
888 1681 973 1708 non
1005 1668 1140 1721 possit
1171 1666 1311 1707 effici?

216 1732 367 1771 XVIII.
400 1729 465 1771 56.
498 1732 682 1771 Primum
716 1731 883 1784 quidem
915 1744 980 1770 me
1011 1731 1062 1770 ad
1093 1730 1377 1770 Democritum
1409 1742 1553 1777 vocas,
1585 1727 1652 1768 cui
1683 1741 1770 1768 non
1804 1726 1875 1767 ad-

105 1795 261 1835 sentior
299 1795 518 1848 potiusque
557 1793 702 1833 refello
744 1799 915 1847 propter
954 1793 1018 1840 id,
1061 1793 1174 1847 quod
1216 1793 1398 1833 dilucide
1438 1791 1611 1833 docetur
1642 1804 1666 1831 a
1706 1790 1924 1843 politio-25

105 1858 220 1898 ribus
260 1857 443 1910 physicis
485 1856 742 1909 singularum
780 1869 919 1895 rerum
959 1856 1143 1909 singulas
1184 1856 1461 1908 proprietates
1494 1868 1600 1895 esse.
1649 1855 1730 1893 Fac
1762 1853 1874 1893 enim

106 1920 300 1974 antiquos
329 1919 423 1959 illos
456 1919 674 1966 Servilios,
707 1919 778 1972 qui
811 1919 965 1971 gemini
997 1919 1189 1966 fuerunt,
1224 1924 1303 1958 tam
1326 1918 1482 1958 similes
1507 1930 1633 1971 quam
1657 1916 1872 1956 dicuntur:

107 1995 206 2021 num
248 1994 394 2021 censes
425 1982 550 2021 etiam
583 1981 753 2022 eosdem
783 1981 943 2021 fuisse?
987 1983 1077 2022 Non
1110 1981 1468 2034 cognoscebantur
1496 1980 1622 2028 foris,
1663 1984 1704 2019 at
1735 1979 1874 2027 domi;

194 2135 224 2166 4.
252 2134 384 2166 insania
407 2138 452 2166 εει
475 2135 539 2166 ΑΒ
571 2153 614 2158 —-
648 2135 679 2166 ἱ).
707 2135 838 2166 annulis
866 2135 891 2167 Ο
928 2154 962 2157 -
1000 2135 1031 2168 4.
1058 2136 1225 2167 simillima
1257 2135 1311 2167 ed.
1340 2136 1432 2166 Crat.
1464 2153 1499 2156 —
1538 2134 1568 2167 6.
1591 2135 1704 2175 pocius
1726 2134 1761 2165 id
1785 2135 1811 2165 G
1837 2151 1871 2156 -

106 2185 137 2216 7.
164 2184 302 2224 quicque
323 2185 351 2216 A
369 2201 405 2205 —
432 2184 462 2214 in
487 2193 604 2224 qenere
621 2184 760 2219 Lamo:
789 2186 816 2217 si
842 2185 876 2216 in
900 2185 1102 2217 addendum
1121 2187 1193 2224 est,
1220 2187 1299 2217 ante
1324 2194 1382 2216 suo
1406 2184 1565 2216 additum
1582 2183 1699 2215 malim
1716 2202 1758 2207 —
1781 2183 1876 2214 situle

106 2233 146 2266 A¹
173 2252 208 2256 —
234 2242 291 2265 nec
316 2234 358 2265 C:
386 2237 445 2265 aul
469 2234 513 2272 E,
539 2237 567 2265 et
591 2235 717 2266 Davies
743 2252 778 2256 —
815 2235 846 2266 8.
873 2236 1021 2276 different
1045 2233 1085 2266 V¹
1109 2254 1151 2258 —
1183 2236 1275 2266 nulla
1299 2244 1415 2266 comm.
1443 2234 1587 2270 Lamb.;
1622 2236 1655 2266 at
1679 2243 1711 2265 v.
1738 2233 1876 2273 Madvig

107 2291 141 2323 p.
169 2281 230 2314 454
255 2291 334 2323 sqq.
372 2284 702 2315 «Commemoratur
725 2284 1019 2317 Academicorum
1050 2286 1222 2317 sententia
1253 2287 1397 2325 reperiri
1424 2285 1599 2325 quaedam
1624 2285 1713 2316 adeo
1738 2284 1803 2315 sibi
1828 2284 1877 2314 si-

108 2332 218 2371 milia,
243 2334 281 2364 ut
306 2331 397 2364 nulla
421 2342 565 2374 prorsus
590 2335 670 2365 nota
695 2334 874 2370 differant:
901 2336 990 2367 haec
1007 2338 1125 2367 autem
1143 2335 1331 2367 similitudo
1355 2335 1551 2376 appellatur
1566 2336 1659 2366 nulla
1674 2344 1709 2366 re
1725 2335 1878 2374 differens

107 2383 334 2414 communitas.
359 2401 378 2407 -
400 2400 419 2405 -
446 2384 514 2415 Una
540 2385 614 2414 erat
637 2385 822 2422 sententia,
849 2386 975 2425 partim
1001 2385 1207 2417 affirmative
1232 2387 1359 2426 partim
1385 2386 1544 2425 negative
1562 2394 1742 2427 expressa,
1769 2393 1876 2425 quam

109 2434 142 2464 in
173 2434 267 2465 omni
298 2433 362 2464 hac
387 2432 620 2474 disputatione
650 2435 753 2466 Stoici
786 2435 974 2466 tenendam
1007 2435 1171 2466 (licebant
1199 2435 1490 2475 ,academicisque
1523 2434 1772 2476 opponebant:
1809 2435 1877 2465 Suo

109 2483 250 2521 quidque
272 2491 388 2523 genere
411 2486 455 2514 est
479 2483 560 2522 lale,
587 2484 683 2523 quale
705 2488 769 2523 est,
796 2493 852 2514 nec
876 2489 920 2515 esc
944 2485 974 2515 in
1002 2485 1125 2516 duobus
1147 2489 1205 2516 au!
1224 2486 1375 2524 pluribus
1391 2486 1484 2515 nulla
1499 2494 1535 2516 re
1551 2486 1703 2525 disl'erens
1719 2484 1875 2524 qualitas.

110 2531 182 2562 Hoc
206 2532 308 2572 igitur
332 2541 412 2564 cum
437 2534 641 2572 negaretur,
671 2542 739 2564 una
764 2533 925 2565 addenda
952 2537 1027 2566 erat
1051 2535 1189 2574 negatio
1214 2535 1257 2566 ad
1283 2536 1389 2566 totam
1415 2535 1646 2566 conexionem
1672 2535 1874 2574 pertinens:

109 2589 222 2612 rerum
246 2585 371 2613 natura
393 2591 459 2613 non
478 2583 627 2622 patitur,
663 2587 698 2614 ul
722 2593 786 2614 non
809 2592 866 2614 suo
890 2584 1032 2623 quidque
1055 2594 1174 2624 ¹qenai-e
1196 2586 1236 2615 sit
1260 2585 1344 2623 lale,
1382 2585 1477 2623 quale
1501 2587 1563 2622 εει,
1601 2592 1658 2614 nec
1681 2584 1721 2614 sil
1747 2601 1782 2605 -
1807 2583 1878 2614 ulla

110 2632 345 2671 communitas,
376 2632 397 2662 i.
425 2641 455 2663 e.
484 2640 550 2663 non
576 2633 719 2673 patitur,
756 2635 793 2664 ut
817 2636 988 2674 perpetua
1013 2633 1067 2665 illa
1093 2634 1166 2673 lex,
1202 2644 1291 2675 quae
1316 2635 1404 2665 haec
1429 2634 1498 2665 duo
1524 2633 1785 2674 complectitur,
1810 2632 1878 2664 tol-

110 2679 233 2711 latur.»
261 2697 297 2703 —-
328 2682 530 2712 communita
553 2685 579 2713 A
605 2699 640 2704 —
676 2687 711 2714 ul
733 2683 792 2713 sibi
815 2684 879 2714 sinl
905 2684 927 2714 C
944 2684 987 2714 E:
1020 2688 1055 2714 ut
1078 2685 1182 2725 issimi·
1204 2686 1267 2716 sint
1292 2686 1337 2722 G;
1363 2685 1403 2715 Al
1427 2684 1483 2715 libi
1505 2685 1569 2715 sint
1593 2683 1734 2721 Lamb.;
1766 2684 1825 2721 Al,
1851 2684 1879 2714 si

110 2730 175 2767 vis,
201 2730 265 2761 sint
288 2731 434 2770 Davies;
460 2736 496 2763 ul
518 2731 574 2763 tibi
597 2733 661 2763 sint
682 2733 816 2770 Christ;
842 2733 956 2774 possis
981 2735 1107 2766 etiam:
1133 2736 1234 2766 eliam
1256 2735 1283 2766 si
1305 2735 1386 2766 sint:
1415 2735 1436 2773 ἦ
1456 2735 1493 2765 Ut
1515 2734 1575 2765 sibi
1597 2735 1661 2765 sint
1686 2758 1693 2765 .
1715 2758 1723 2765 .
1748 2733 1879 2766 similli-

1568 2786 1601 2809 se

111 2825 206 2848 mae:
231 2817 309 2856 quid
328 2827 460 2859 pugnas
476 2819 501 2850 O
521 2836 556 2842 —
584 2819 636 2852 ⁴0.
661 2820 765 2852 simile
788 2829 853 2852 esse
877 2830 917 2860 qo
934 2821 973 2852 A¹
993 2838 1029 2843 -—-
1056 2822 1108 2854 42.
1128 2822 1241 2854 deinde
1258 2824 1283 2853 G
1304 2840 1339 2844 —
1367 2821 1419 2853 44.
1438 2822 1523 2853 inter
1538 2830 1603 2853 esse
1617 2821 1646 2852 V
1664 2821 1706 2861 (se
1721 2829 1768 2852 m.
1788 2821 1817 2859 2)
1838 2839 1873 2843 —

114 2866 165 2898 ⁴5.
190 2867 239 2897 ita
261 2869 402 2900 auctore
428 2869 566 2901 Christo
590 2869 794 2902 inclusimus
819 2888 855 2892 —-
884 2872 935 2902 46.
961 2875 991 2903 et
1013 2881 1084 2903 om.
1110 2872 1139 2901 V
1167 2891 1201 2895 —
1228 2881 1264 2903 eo
1289 2873 1313 2903 C
1342 2890 1378 2895 —
1405 2872 1534 2911 quidem
1559 2872 1602 2903 C:
1635 2878 1762 2910 quoque
1785 2870 1810 2901 O
1835 2878 1878 2901 ex

114 2914 192 2946 cod.
217 2917 264 2947 st.
281 2916 392 2955 Vict.;
417 2927 517 2958 eoque
538 2920 792 2952 innumerabiles
814 2922 890 2952 item
913 2922 1056 2953 homines
1080 2923 1170 2954 coni.
1190 2923 1335 2959 Davies3
1363 2924 1484 2953 contra
1508 2921 1660 2953 Manutio
1684 2923 1713 2952 el
1736 2928 1788 2951 eos
1803 2920 1879 2960 qui-

114 2965 185 2995 dem
208 2965 334 2998 innum.
361 2966 534 3007 glossema
558 2969 706 3001 videtur.
729 2988 763 2992 —
791 2971 843 3002 48.
868 2971 908 3002 Ιιο
933 2980 1060 3011 quoque
1083 2975 1107 3003 A
1130 2990 1163 2995 —
1191 2973 1244 3003 ⁶20.
1270 2980 1313 3003 ea:
1336 2972 1398 3003 illis
1417 2973 1440 3004 C
1455 2972 1480 3003 E
1495 2973 1603 3002 Grv:
1629 2979 1729 3010 quum
1752 2978 1794 3001 ex
1816 2969 1880 3001 illis

115 3051 178 3083 bO
205 3069 239 3074 -
270 3052 324 3084 ⁶21.
350 3053 390 3084 iis
412 3062 446 3085 r:
477 3055 538 3086 hiis
563 3056 586 3087 C
616 3074 651 3079 —
684 3057 736 3088 22.
762 3058 816 3088 secl
839 3058 863 3088 B
889 3067 979 3090 corr.
1009 3067 1049 3089 cx
1074 3061 1103 3090 et
1130 3076 1163 3080 —
1197 3057 1249 3089 ⁶23.
1277 3058 1371 3089 Ιαηὶΐι
1394 3057 1433 3090 A¹
1460 3076 1494 3080 —-
1529 3058 1581 3089 ⁵25.
1605 3058 1715 3098 potius
1745 3022 1815 3097 qud³
1836 3056 1877 3095 V,

113 3102 221 3141 polius
244 3102 340 3141 quale
361 3103 404 3141 B,
437 3105 501 3135 sed
521 3106 631 3144 polius
655 3106 882 3138 obscuratum
912 3110 1054 3148 propter
1079 3116 1237 3138 rasuram
1265 3110 1298 3138 et
1323 3109 1578 3139 correctionem
1605 3125 1640 3129 -
1666 3107 1776 3148 refello
1800 3105 1878 3137 V—'E

117 3152 141 3181 G
156 3160 193 3181 x:
219 3151 356 3190 resallor
378 3152 440 3193 W,
472 3155 621 3194 refellam
644 3155 728 3194 A2r,
763 3157 888 3196 refellat
911 3157 962 3195 Αἱ,
987 3158 1086 3197 fallor
1111 3159 1133 3188 B
1164 3175 1196 3180 —-
1229 3162 1364 3198 propter
1387 3157 1429 3188 ΥΞ
1442 3160 1467 3188 G
1481 3168 1497 3189 r
1510 3167 1548 3188 v:
1579 3161 1683 3198 polest
1705 3158 1770 3189 AB
1785 3155 1825 3186 W
1840 3157 1877 3193 E,

117 3209 206 3241 quae
231 3200 333 3233 lectio
358 3203 542 3245 archetypi
565 3214 692 3237 vereor
715 3209 752 3238 ut
777 3210 871 3238 recte
897 3208 929 3238 in
950 3211 1087 3246 propter
1111 3209 1269 3238 correcta
1294 3209 1348 3239 sit.
1371 3226 1405 3230 —
1432 3208 1485 3238 26.
1511 3208 1658 3248 singulas
1680 3208 1706 3238 Α
1724 3215 1800 3247 sup.
1820 3204 1877 3236 lin.

117 3258 164 3281 m.
190 3251 221 3282 ⁵2.
247 3268 290 3273 —-
313 3252 366 3285 ⁶27.
393 3254 528 3292 antiquo
551 3254 662 3295 A¹V¹,
688 3257 797 3287 antico
820 3256 857 3287 Β1
884 3273 918 3278 —-
945 3257 1000 3288 illo
1024 3255 1065 3287 W
1091 3275 1125 3279 —
1156 3257 1275 3287 similes
1295 3257 1395 3297 fuisse
1418 3257 1540 3289 Laml).
1570 3275 1605 3280 —
1631 3256 1684 3289 ²28.
1711 3256 1880 3296 dignosce-

117 3300 238 3332 bantur
261 3303 350 3334 coni.
375 3304 520 3345 Davies,
547 3305 664 3338 inlern.
690 3306 849 3345 Walker3
875 3308 910 3338 at
932 3316 965 3339 v.
984 3307 1002 3348 g
1020 3307 1074 3339 86.
1099 3324 1134 3329 -
1161 3308 1270 3339 adomi
1292 3306 1398 3340 A¹V¹.
