2249 3624
714 110 803 150 Lm.
833 110 865 151 Ι.
907 109 1003 151 ΟΑΡ.
1033 109 1148 150 XXI.
1185 107 1246 163 §§
1277 107 1468 151 08—72.
1916 108 1969 149 95

212 237 356 277 parum
388 223 552 264 videtur
590 222 799 271 eruditus,
847 236 895 263 ea
936 235 1061 263 rausa
1102 227 1182 270 est,
1231 222 1342 276 quod
1381 222 1538 263 nullam
1570 221 1847 262 eruditionem
1879 236 1971 263 esse

214 286 353 333 duxit,
396 287 475 325 nisi
515 300 621 340 quae
662 286 805 325 beatae
837 286 945 326 vitae
978 285 1239 339 disciplinam
1280 286 1452 326 iuvaret.
1512 283 1579 325 7⁹2.
1610 286 1672 324 An
1704 285 1775 325 ille
1808 291 1970 339 tempus

214 355 286 388 aut
317 349 358 387 in
390 349 523 401 poetis
556 348 817 395 evolvendis,
858 354 903 388 ut
934 362 1010 400 ego
1043 354 1081 387 et
1112 348 1295 387 Triarius
1328 354 1366 387 te
1396 348 1607 388 hortatore
1637 347 1834 396 facimus,
1872 362 1972 388 con-

214 417 413 457 sumeret,
444 411 485 449 in
517 411 667 463 quibus
701 410 812 450 nulla
845 411 977 450 solida
1009 410 1166 450 utilitas
1198 411 1419 464 omnisque
1450 411 1622 464 puerilis
1653 417 1716 451 est
1736 411 1974 459 delectatio,

214 479 284 513 aut
316 487 378 520 se,
411 479 452 512 ut
476 471 606 518 Plato,
639 473 679 511 in
701 473 890 520 musicis,
923 473 1170 524 geometria,
1204 473 1406 520 numeris,
1438 474 1560 513 astris
1582 478 1834 520 contereret,
1867 485 2006 526 quaes

215 540 255 574 et
287 548 309 574 a
339 534 453 573 salsis
484 534 612 573 initiis
645 533 827 586 prosecta
859 548 955 574 vera
988 549 1078 574 esse
1110 548 1194 574 non
1224 541 1402 588 possunt
1423 540 1475 582 et,
1507 535 1541 574 si
1563 540 1703 575 essent
1724 548 1839 582 vera,
1870 535 1975 574 nihil

215 598 431 642 afferrent,
464 608 547 648 quo
580 595 815 641 iucundius,
848 596 888 635 id
918 603 979 636 est
1009 610 1093 648 quo
1125 597 1272 637 melius
1295 598 1542 646 viveremus,
1573 621 1626 628 —
1654 611 1723 638 eas
1746 610 1845 650 ergo
1866 602 1975 636 artes

213 663 552 712 persequeretur,
592 657 759 696 vivendi
795 663 924 697 arteni
963 664 1118 698 tantam
1160 665 1327 712 tamque
1359 674 1578 713 operosam
1610 666 1651 701 et
1690 660 1861 714 perinde
1891 659 1976 699 sru-

212 727 395 760 ctuosani
428 719 715 772 relinqueret?
748 720 837 759 Non
870 733 967 771 ergo
989 721 1195 773 Epicurus
1229 722 1483 770 ineruditus,
1515 723 1587 763 sed
1619 724 1647 764 ii
1679 722 1858 770 indocti,
1889 722 1976 775 qui,

213 795 320 836 quae
362 795 514 834 pueros
554 795 637 821 non
678 781 874 821 didicisse
916 788 1034 836 turpe
1072 788 1158 830 est,
1200 796 1248 822 ea
1287 791 1434 836 putant
1468 799 1603 839 usque
1635 786 1686 825 ad
1718 790 2026 827 senectutemw

211 858 301 883 esse
333 843 547 883 discenda.
600 844 718 892 Quae
751 858 844 884 cum
873 844 1068 892 dixisset,
1097 846 1337 898 Explicavi,
1369 847 1525 900 inquit,
1557 849 1807 888 sententiam
1829 860 1977 895 meam,

211 912 251 945 et
283 920 330 945 eo
362 906 531 958 quidem
565 907 761 954 consilio,
794 912 908 946 tuum
940 906 1143 946 iudicium
1173 913 1221 947 ut
1251 920 1562 960 cognoscerem,
1594 924 1702 963 quae
1727 910 1825 950 mihi
1847 909 1978 949 facul-

211 975 291 1015 tas,
331 975 375 1008 ut
416 968 456 1007 id
489 982 582 1008 meo
614 969 815 1009 arbitratu
846 968 1046 1016 facerem,
1083 975 1180 1010 ante
1211 967 1288 1009 hoc
1319 976 1483 1023 tempus
1515 984 1742 1025 numquam
1774 978 1838 1013 est
1867 973 1975 1014 data.

297 1138 327 1168 l.
352 1136 455 1167 ullam
479 1136 504 1167 E
535 1153 566 1158 —
593 1136 624 1168 ⁶2..
651 1145 695 1166 cm
720 1136 771 1168 ille
788 1134 827 1168 Αἱ
847 1137 891 1168 Β;
919 1146 963 1168 an
987 1138 1014 1168 si
1036 1137 1090 1168 ille
1109 1136 1149 1169 Α·2
1165 1155 1200 1159 -
1228 1137 1258 1169 3.
1283 1137 1416 1177 facinus
1431 1137 1471 1169 Αι
1491 1156 1525 1161 -
1552 1139 1583 1170 5.
1601 1139 1649 1178 ut]
1667 1143 1724 1171 αιιι
1741 1141 1764 1172 Β
1785 1158 1819 1164 -
1847 1141 1976 1181 6.pro-

207 1187 306 1227 set-lu]
327 1188 473 1226 perfecta
498 1187 520 1217 Β
532 1186 555 1217 κ]
579 1204 617 1219 .-
644 1187 675 1218 7.
701 1190 744 1217 ese
769 1195 838 1218 om.
857 1187 881 1218 B
909 1204 944 1210 —
971 1187 1002 1218 8.
1029 1191 1158 1219 tantam
1177 1196 1246 1219 om.
1265 1188 1289 1219 B
1310 1206 1344 1210 —
1371 1191 1504 1227 tamque
1526 1192 1556 1220 ec
1579 1198 1750 1228 operosam
1773 1191 1800 1221 A
1818 1207 1853 1212 -
1881 1191 1912 1222 9.
1930 1191 1976 1222 hii

209 1238 254 1273 Α;
279 1237 320 1274 hy
345 1237 367 1267 B
391 1254 423 1258 --
451 1237 462 1267 l
474 1238 503 1267 «1.
531 1236 631 1277 Quae]
658 1237 712 1275 qui
738 1237 761 1268 11:
790 1254 822 1258 —
852 1237 902 1268 ΛΞ.
923 1238 1062 1279 quidem]
1088 1238 1173 1276 quod
1196 1238 1220 1269 B
1236 1238 1260 1269 E
1281 1256 1315 1261 —
1341 1239 1512 1270 consilium
1535 1239 1693 1271 iudicium
1718 1241 1975 1281 (0n1.tuum)A1

213 1303 246 1307 -
273 1286 362 1326 mihi]
389 1295 462 1316 mea
486 1287 509 1317 A
527 1287 550 1317 Β
578 1304 612 1308 -
639 1287 747 1318 Μαι-εἰ
773 1287 865 1317 Tullii
889 1287 1052 1318 Ciceronis
1075 1287 1112 1318 cle
1133 1286 1252 1327 finibus
1273 1287 1440 1318 malorum
1457 1291 1485 1319 et
1506 1287 1665 1320 bonorum
1682 1290 1725 1320 ad
1741 1290 1881 1321 Brutum
1901 1290 1976 1330 pri-

209 1344 281 1366 mus
311 1336 390 1367 liber
418 1336 562 1375 ιιι-Μέση.
599 1336 714 1376 Incipit
743 1336 822 1368 liber
850 1337 1007 1368 secundus
1036 1338 1082 1374 Α;
1117 1336 1262 1376 Explicit
1292 1336 1372 1368 liber
1397 1337 1526 1377 primus
1554 1339 1593 1370 de
1619 1339 1739 1379 finibus
1765 1339 1924 1371 bonorum
1945 1343 1975 1372 et

207 1386 384 1417 viatorum.
420 1386 529 1417 Marci
552 1386 623 1416 tulii
647 1387 804 1419 ciceronis
826 1387 864 1418 de
883 1387 1003 1427 finibus
1025 1386 1184 1418 bonorum
1207 1390 1236 1419 ec
1258 1387 1427 1419 malorum
1449 1386 1529 1420 liber
1551 1390 1711 1421 secundus
1732 1389 1847 1430 incipit
1870 1390 1906 1422 B.
