2249 3624
540 154 628 194 Lm.
646 153 694 193 V.
728 152 824 192 CAP.
843 152 916 192 lx,
951 150 979 204 §
1004 148 1042 190 il
1071 174 1126 180 —
1149 152 1239 191 Lm.
1261 150 1331 190 vl.
1368 150 1464 190 ΠΛΡ.
1488 149 1558 188 ΙΙΙ.
1591 145 1618 200 §
1641 144 1682 186 3.
1915 140 1996 181 843

347 261 560 302 seditionis
587 260 815 311 proprietas
845 272 868 297 a
890 259 946 298 M.
973 259 1098 297 Tullio
1123 258 1372 309 manifestata
1393 262 1447 295 est
1470 256 1510 293 in
1532 254 1594 294 lib.
1617 254 1660 292 de
1683 265 1723 291 re
1741 252 1897 303 publica
1926 251 1998 289 Vt.-

230 337 361 378 eaque
392 322 599 362 dissensio
632 322 796 367 civium,
831 321 943 374 quod
977 334 1163 360 seorsum
1196 326 1296 359 eunt
1327 319 1395 359 alii
1427 318 1478 357 ad
1510 317 1629 363 alios,
1661 314 1811 354 seditio
1834 314 1997 353 dicitur.

230 384 449 440 (Nonius
482 399 522 438 p.
543 383 596 423 ‘25
629 390 669 424 et
701 385 903 423 Servius
935 384 985 422 ad
1009 385 1103 422 Aen.
1139 384 1172 429 l,
1199 380 1297 428 149,
1331 382 1402 420 sed
1435 381 1500 419 liic
1533 393 1617 418 non
1650 376 1831 417 indicato
1865 373 1996 425 libro.)

339 446 398 487 M.
425 448 578 487 Tullius
606 447 650 486 (Ie
682 460 723 485 re
750 447 857 498 publ.
892 446 957 485 lib.
989 446 1060 484 1'1:
1120 445 1170 484 Et
1203 458 1299 483 vero
1340 444 1381 483 in
1421 442 1686 482 dissensione
1727 438 1863 484 civili,
1904 451 1997 476 cum

225 510 324 551 boni
357 510 449 563 plus
482 522 606 562 quam
639 509 755 548 multi
791 508 941 555 valent,
974 506 1275 561 expendendos
1308 507 1421 553 civis,
1454 518 1535 544 non
1569 500 1849 543 numerandos
1882 504 1993 553 puto.
2014 511 2032 540 5

227 571 448 626 (Nonius
479 572 580 618 XII,
614 585 652 623 p.
675 568 784 623 519.)

339 632 398 674 M.
426 634 577 673 Tullius
606 634 650 673 de
682 633 858 685 republ.
893 633 959 672 lib.
987 633 1056 671 Vl.-
1117 633 1272 671 Graves
1315 632 1423 670 enini
1466 629 1662 668 dominae
1695 626 1998 677 cogitationum

224 695 434 736 lubidines
468 695 630 735 intinita
663 695 865 748 quacdani
899 700 1054 747 cogunt
1085 700 1210 747 atque
1243 694 1463 746 imperant,
1487 704 1593 744 quae
1618 689 1714 742 quia
1738 702 1814 728 nec
1836 685 1998 739 expleri

225 772 301 798 nec
332 759 473 799 satiari
506 759 590 798 ullo
624 758 747 797 modo
783 763 976 810 possunt,
1008 758 1057 797 ad
1092 770 1215 796 onine
1247 756 1407 795 facinus
1440 754 1648 806 inpellunt
1678 764 1764 797 eos,
1798 762 1905 802 quos
1937 748 2000 787 in-

224 819 402 862 lecebris
435 821 520 860 suis
552 820 842 859 incenderunt.
906 817 1128 870 (Nonius
1166 833 1202 859 v.
1236 819 1389 871 eoeplcri
1421 831 1459 870 p.
1477 814 1585 867 424.)
2019 823 2051 851 ιο

341 885 556 924 «Feroci'a»
585 896 663 936 pro
690 884 908 934 ferocitate.
968 881 1023 922 Μ.
1050 883 1205 921 Tullius
1234 883 1278 921 de
1309 894 1351 920 re
1377 881 1485 932 publ.
1519 880 1585 918 lib.
1615 879 1681 916 Vl:
1727 875 1799 928 qui
1831 886 2000 926 compe-

225 948 302 988 scit
331 947 421 987 eius
452 947 534 987 vim
568 953 609 987 et
639 945 895 986 ecfrenatam
928 946 1039 986 illam
1073 944 1284 984 ferociam.
1347 942 1551 995 (Nonius
1584 955 1621 993 p.
1644 937 1752 990 492.)

340 1010 388 1048 ll.
432 1008 472 1050 ⁸2.
513 1011 648 1050 Cicero
679 1010 722 1049 in
752 1010 851 1048 libro
883 1015 993 1048 sea-to
1025 1009 1069 1047 cle
1100 1008 1324 1059 republica
1359 1007 1412 1044 ita
1444 1005 1629 1055 scripsit:
1673 1002 1792 1050 Quod
1828 999 1999 1053 quidem

226 1086 277 1112 eo
309 1071 387 1112 fuit
418 1074 570 1120 maius,
604 1074 724 1126 quia,
758 1085 851 1111 cum
885 1084 1011 1111 causa
1042 1071 1131 1124 pari
1163 1070 1350 1121 collegae
1383 1074 1544 1112 essent,
1576 1080 1659 1105 non
1693 1063 1815 1103 niodo
1848 1061 1999 1101 invidia

224 1135 313 1189 pari
346 1148 427 1175 non
461 1141 590 1181 erant,
624 1135 696 1174 sed
729 1135 854 1174 etiam
887 1133 1035 1174 Claudi
1067 1133 1266 1173 invidiam
1301 1131 1475 1171 Gracchi
1511 1130 1658 1169 caritas
1685 1125 2000 1180 deprecabatur.
2018 1136 2053 1164 15

224 1195 445 1249 (Gellius
484 1198 509 1237 1.
544 1198 617 1244 vl,
642 1194 714 1243 16,
747 1196 774 1249 §
799 1194 878 1248 Μ.)

335 1259 393 1299 Μ.
418 1261 572 1299 Tullius
601 1260 646 1299 (le
676 1272 718 1299 re
740 1260 850 1312 publ.
883 1260 949 1298 lib.
980 1260 1050 1298 Vl.-
1083 1258 1156 1311 qui
1189 1270 1384 1298 numeros
1417 1256 1662 1308 optimatum
1696 1259 1737 1293 et
1767 1251 2000 1306 principum

224 1323 390 1376 optudit
429 1323 493 1362 his
532 1323 728 1369 vocibus,
776 1328 817 1362 et
857 1321 1071 1375 gravitatis
1113 1334 1211 1360 suae
1254 1320 1379 1373 liquit
1416 1318 1534 1358 illum
1568 1318 1724 1357 tristem
1758 1321 1798 1355 et
1830 1314 1999 1366 plenum

225 1383 440 1437 dignitatis
472 1398 638 1425 sonum.
703 1383 917 1437 (Nonius
950 1398 987 1424 v.
1019 1386 1132 1423 triste
1164 1398 1200 1436 p.
1227 1380 1336 1434 409.)

341 1448 548 1488 Geneticus
580 1461 658 1500 pro
688 1448 946 1487 nominativo.
1006 1445 1064 1486 M.
1093 1448 1247 1486 Tullius
1275 1447 1320 1485 de
1350 1458 1392 1484 re
1418 1445 1524 1497 publ.
1556 1444 1620 1484 lib.
1649 1444 1716 1482 Vl.-
1766 1448 1830 1488 ut,
1875 1453 2000 1493 quem
2016 1450 2052 1479 20

225 1510 277 1551 ad
310 1510 481 1550 modum
513 1511 654 1551 scribit
684 1511 781 1558 ille,
823 1509 1037 1550 cotidiano
1082 1510 1123 1549 in
1163 1509 1301 1548 forum
1346 1508 1460 1547 mille
1492 1507 1708 1546 hominum
1742 1520 1832 1546 cum
1864 1503 2001 1558 palliis

226 1573 450 1627 conchylio
483 1575 625 1613 tinctis
657 1573 974 1614 descenderent.
1037 1570 1252 1624 (Nonius
1286 1584 1374 1624 cap.
1398 1572 1533 1617 V1111‚
1565 1585 1604 1623 p.
1623 1567 1731 1621 501.)

338 1634 395 1675 M.
420 1637 574 1675 Tullius
603 1637 647 1676 de
680 1649 720 1676 re
745 1637 852 1689 publ.
887 1636 952 1675 lib.
979 1637 1046 1674 1⁷1:
1080 1637 1123 1674 ln
1156 1635 1234 1681 his,
1267 1641 1313 1673 ut
1345 1634 1606 1679 meministis,
1641 1645 1847 1671 concursu
1880 1629 2003 1668 levis-

226 1699 356 1739 simae
402 1698 684 1738 multitudinis
730 1705 771 1738 et
816 1711 912 1738 aere
954 1704 1154 1750 congesto
1197 1697 1323 1736 funus
1366 1696 1416 1735 de
1458 1696 1597 1735 subito
1641 1700 1751 1734 esset
1791 1699 1998 1733 ornatum.

226 1761 436 1813 (Nonius
468 1775 506 1800 v.
537 1762 581 1800 de
611 1762 738 1800 subito
770 1759 936 1814 p.517.)
2016 1763 2053 1792 25

337 1822 393 1867 Μ,
421 1825 573 1863 Tullius
602 1824 646 1863 cle
676 1837 719 1863 re
743 1824 850 1876 publ.
883 1824 946 1863 lib.
972 1824 1042 1862 Vl:
1094 1820 1265 1862 firmiter
1297 1824 1407 1863 enim
1440 1822 1618 1861 maiores
1660 1820 1789 1859 nostri
1821 1818 2001 1858 stabilita

224 1888 490 1928 matrimonia
522 1901 614 1926 esse
647 1887 885 1926 voluerunt.
948 1886 1151 1939 (Nonius
1183 1900 1221 1925 v.
1248 1887 1421 1938 firmiter
1450 1882 1600 1940 p.512)„
1636 1890 1676 1923 et
1708 1883 2001 1923 Priscianus

226 1949 318 1997 XV,
349 1947 398 1997 3,
428 1949 456 2002 §
482 1947 560 2002 13.)

335 2010 395 2051 M.
422 2013 576 2052 Tullius
606 2013 650 2052 de
680 2025 722 2052 re
746 2013 853 2064 publ.
887 2013 953 2052 lib.
980 2014 1051 2052 Vl.-
1103 2012 1246 2052 Oratio
1279 2012 1419 2058 Laeli,
1465 2024 1588 2062 quam
1622 2023 1767 2049 omnes
1798 2009 2001 2048 habemus

225 2074 268 2113 in
302 2075 514 2122 manibus,
555 2088 680 2128 quam
722 2076 903 2128 simpula
943 2073 1186 2128 pontificum
1220 2074 1300 2114 diis
1333 2074 1638 2113 immortalibus
1671 2078 1784 2123 grata
1816 2071 1898 2110 sint
1930 2070 2001 2109 Sa·
2015 2075 2052 2105 30

225 2136 435 2188 miaeque,
467 2137 526 2176 uti
560 2137 716 2183 scribit,
749 2138 994 2189 cupedines.
1056 2136 1268 2188 (Nonius
1301 2151 1338 2176 v.
1370 2138 1549 2176 Samium
1582 2151 1618 2189 p.
1642 2133 1756 2186 398.)

338 2198 410 2236 ΙΙΙ.
455 2196 493 2238 3.
534 2199 762 2238 limitatione
793 2200 974 2239 Platonis
1017 2201 1152 2239 Cicero
1184 2200 1228 2238 de
1258 2200 1486 2251 republica
1516 2199 1690 2238 scribens·
1729 2198 1853 2236 locum
1885 2197 2003 2234 etiam

225 2261 270 2300 de
301 2261 403 2300 Eris
432 2261 644 2313 Pamphyli
674 2262 805 2300 reditu
836 2263 877 2301 in
908 2263 1054 2308 vitam,
1090 2262 1184 2315 qni,
1217 2268 1259 2300 ut
1288 2263 1357 2306 ait,
1391 2275 1491 2313 rogo
1524 2260 1747 2313 impositus
1779 2260 2004 2298 revixisset

226 2323 439 2378 multaque
473 2325 522 2363 de
555 2323 700 2364 inferis
733 2331 891 2365 secreta
923 2332 1152 2373 narrasset,
1183 2339 1262 2365 uon
1288 2326 1494 2378 sabulosa,
1528 2331 1569 2363 ut
1602 2324 1683 2369 ille,
1716 2322 2003 2362 assimilatione

313 2486 344 2516 ὅ.
370 2485 449 2516 cibis
473 2484 562 2516 codd
592 2510 598 2522 ‚
629 2486 714 2515 circs
739 2486 762 2516 O
802 2502 837 2507 -—
881 2486 933 2517 44.
960 2486 1083 2517 Adbuc
1108 2487 1175 2517 hoc
1201 2486 1438 2526 fragmentum
1471 2484 1653 2521 legebatur
1686 2484 1775 2514 inter
1807 2492 1846 2514 ea
1881 2482 1956 2513 libri
1977 2482 2002 2511 V

226 2543 303 2576 cap.
324 2535 355 2572 8,
384 2536 442 2567 40:
470 2535 532 2565 sed
560 2535 756 2575 parendum
784 2535 843 2565 fuit
869 2537 1065 2566 auctoritati
1092 2536 1209 2573 codd,
1237 2535 1366 2574 quilius
1392 2537 1442 2564 usi
1468 2537 1546 2564 suni
1573 2533 1718 2564 merlavii
1746 2537 1777 2564 et
1798 2534 1896 2567 Roth„
1924 2534 2004 2573 qui-

225 2584 292 2616 bus
318 2585 384 2616 iam
410 2584 545 2616 accedit
571 2585 842 2623 Barnbcrgcnsis
881 2603 914 2607 —
952 2588 1125 2625 compescit
1148 2587 1322 2623 Sigi'inius:
1362 2586 1518 2623 comperit
1543 2584 1665 2615 Bainb.
1693 2587 1724 2614 et
1751 2585 1787 2618 O,
1821 2584 2004 2622 contupcrit

226 2634 330 2666 codd.
358 2634 530 2665 Gerlacliii
559 2652 594 2656 —-
623 2634 675 2665 14.
699 2635 755 2672 qui
779 2644 853 2665 cum
877 2635 981 2665 codd.
1011 2653 1044 2657 —
1073 2636 1107 2665 in
1131 2645 1234 2666 (busa
1255 2636 1333 2674 pari
1359 2637 1441 2664 xctt.
1462 2634 1541 2665 edd.
1562 2633 1656 2664 Gellii
1681 2650 1725 2656 —
1747 2634 1871 2672 eolleqa
1897 2632 2000 2663 codd.

229 2702 265 2707 —
291 2693 356 2715 non
379 2684 476 2714 modo
498 2701 516 2706 —
533 2701 550 2706 -
574 2684 817 2723 deprecabatur
842 2684 948 2716 habet
972 2686 1104 2716 Nonius
1129 2694 1162 2725 p.
1184 2686 1258 2717 ³290.
1298 2702 1332 2707 -—
1381 2686 1426 2716 17.
1454 2694 1608 2715 numeros
1631 2702 1647 2706 -
1665 2702 1683 2706 —
1707 2686 1833 2723 optutlit
1858 2684 2000 2723 scripsi:

225 2743 363 2766 numero
379 2751 426 2756 —-
445 2734 561 2772 optulit
586 2733 690 2765 codd.
711 2736 743 2763 ct
761 2734 784 2764 O
813 2751 847 2755 —
880 2734 928 2765 18.
956 2735 1073 2774 linquit
1098 2736 1201 2766 codd.
1226 2752 1260 2757 —
1288 2737 1341 2766 ¹222.
1361 2736 1498 2766 concilio
1522 2736 1631 2765 tinctis
1651 2736 1874 2765 discendvrenc
1897 2733 2000 2764 codd.

229 2801 265 2807 —
291 2783 343 2814 23.
370 2783 425 2814 lib.
447 2783 478 2814 V.
507 2782 584 2814 cod.
606 2782 792 2822 Bainberg.
835 2800 867 2804 —
909 2782 961 2814 ⁹24.
989 2789 1142 2824 congyexlu
1173 2784 1276 2816 codd.
1322 2803 1356 2807 -
1400 2786 1453 2815 ΞΟ.
1488 2785 1593 2816 Totus
1626 2784 1722 2815 locus
1752 2784 1850 2815 Nonii
1883 2784 1932 2814 sic
1965 2792 2002 2813 se

227 2832 353 2865 habet:
379 2833 532 2864 Samium
556 2836 600 2863 est
624 2837 771 2864 testeum.
809 2833 956 2864 Lucilius
979 2838 1171 2872 satyrorum
1198 2835 1255 2866 lib.
1275 2835 1366 2866 XIII:
1396 2838 1444 2864 uel
1469 2844 1530 2864 non
1555 2834 1763 2872 pauperitiae
1787 2834 1900 2863 Samio
1923 2842 2004 2863 cur-

228 2886 324 2921 toque
346 2883 492 2913 catino.»
531 2883 577 2912 M.
599 2882 721 2912 Tullius
745 2883 782 2912 de
807 2891 842 2912 re
863 2882 995 2921 publica
1027 2884 1082 2914 lib.
1105 2885 1170 2914 ΙΙΙ.·
1209 2888 1263 2915 «et
1288 2894 1349 2915 non
1371 2893 1502 2923 pauper
1526 2885 1574 2914 uti
1597 2884 1729 2914 oratio»
1761 2887 1790 2914 et
1814 2885 1845 2913 in
1872 2883 1924 2913 lib.
1947 2884 2002 2913 ΓΙ.-

231 2931 353 2967 -Laeli,
378 2940 478 2970 quam
501 2939 612 2962 omnes
633 2931 789 2961 habemus
813 2933 845 2961 ιή
869 2932 1021 2963 manibus
1046 2936 1149 2963 etc.».
1200 2934 1293 2964 llaec
1318 2933 1426 2963 verba
1453 2932 1705 2963 obscurissima
1731 2934 1758 2963 si
1783 2933 2002 2970 coiisidi=re1÷‚

230 2989 338 3011 unum
362 2982 436 3011 veri
461 2980 572 3012 simile
596 2981 736 3012 videtur
759 2981 867 3011 verba
893 2986 922 3012 et
945 2992 1008 3012 non
1025 2992 1154 3022 pauper
1170 2984 1218 3014 uti
1243 2991 1378 3014 meram
1405 2990 1483 3013 esse
1510 2984 1753 3022 repetitionem
1779 2984 2003 3023 superiorum

230 3030 349 3061 Lucilii
372 3034 401 3062 et
423 3040 489 3061 non
508 3032 731 3070 pauperatae,
759 3039 825 3071 qua
852 3031 1084 3071 dittographia
1111 3033 1143 3063 in
1171 3035 1374 3063 contextum
1400 3033 1574 3062 sci-monis
1599 3031 1688 3062 illata
1715 3030 1812 3062 locus
1838 3030 1933 3061 Tullii
1961 3040 2001 3061 ex

230 3077 289 3110 lib.
310 3079 352 3109 111
377 3080 421 3110 de
447 3089 484 3110 re
510 3079 604 3120 publ.
632 3080 770 3111 videtur
795 3080 1015 3111 intercidisse
1044 3099 1078 3103 —
1106 3082 1215 3111 oratio
1233 3082 1322 3112 Laeli
1347 3081 1492 3120 scripsi:
1519 3082 1634 3111 (lt-atio
1650 3084 1760 3111 vastat
1776 3081 1881 3111 Laelii
1904 3079 2000 3113 edd:

231 3137 349 3159 sermo
375 3130 488 3169 potius
520 3130 570 3160 sic
595 3129 854 3160 continuandus
878 3130 1034 3161 videtur:
1072 3131 1180 3161 oratio
1198 3131 1287 3161 Laeli
1311 3148 1328 3152 -
1345 3147 1362 3151 —
1386 3138 1487 3168 quam
1511 3131 1602 3169 yrcui'
1625 3131 1688 3160 sin!
1712 3147 1729 3152 -
1745 3147 1763 3152 —
1788 3130 1924 3160 ostendit
1949 3127 2002 3159 iel

231 3178 422 3216 comprobat
449 3195 483 3199 —
512 3178 564 3210 30.
591 3179 732 3218 simpula
759 3179 967 3210 Lambinus:
994 3180 1135 3219 simpuio
1162 3179 1280 3215 codd,
1306 3180 1469 3217 simpuria
1495 3179 1575 3209 edd.
1605 3195 1638 3200 —
1666 3179 1718 3209 3¹.
1739 3180 1785 3209 uti
1811 3187 1891 3209 nos:
1920 3182 1953 3208 u!
1971 3178 2002 3208 lii

231 3227 355 3263 codd,
387 3231 424 3258 ut
446 3227 490 3259 ibi
515 3228 596 3260 edd.
636 3245 669 3250 —
713 3230 914 3267 cappudines
945 3229 1069 3266 codd„
1097 3230 1268 3268 capedi'ues
1292 3227 1394 3264 edd.;
1430 3228 1520 3259 conf.
1549 3228 1619 3259 Cic.
1647 3228 1768 3260 Parad.
1796 3228 1828 3265 1,
1848 3228 1934 3267 §th
1963 3243 1998 3249 -—

231 3276 282 3309 33.
308 3277 396 3316 Eris]
422 3277 515 3318 Regis
539 3277 594 3309 ed.
621 3277 766 3317 Schotti,
793 3278 852 3318 qui
876 3278 964 3310 haec
988 3279 1124 3319 primus
1148 3277 1351 3319 publicavit.
