2249 3624
597 171 682 209 Lm.
716 170 746 208 Ι.
787 168 884 208 ΟΑΡ.
915 166 1172 207 Xv--XVL
1211 164 1270 218 §§
1301 162 1496 204 3‘2—38,
1844 154 1925 197 249

163 289 245 315 non
278 275 450 315 liceret?
483 275 581 328 quid
615 275 746 313 nostri
779 272 1047 326 philosophi?
1080 284 1217 311 nonne
1251 272 1290 310 in
1323 272 1371 310 iis
1404 270 1518 309 libris
1545 270 1664 322 ipsis,
1698 282 1804 322 quos
1827 269 1927 308 scri-

162 338 266 377 bunt
298 337 347 376 de
380 337 680 377 contemnenda
713 336 867 387 gloria,
901 348 975 374 sua
1008 335 1175 373 nomina
1207 334 1466 372 inscribunt?
1527 331 1594 371 35.
1627 331 1750 379 Quod
1783 332 1816 370 si
1840 344 1927 370 om-

164 401 277 440 nium
308 413 535 439 consensus
568 406 737 438 naturae
761 412 840 437 vox
871 404 931 436 est
963 410 1210 448 omnesque,
1243 396 1313 448 qui
1339 396 1494 448 ubique.
1517 399 1630 440 sunt,
1662 393 1929 433 consentiunt

164 474 254 501 esse
295 461 451 513 aliquid
497 462 608 514 quod
651 462 700 500 ad
739 474 810 498 eos
854 460 1078 512 pertineat,
1120 460 1190 510 qui
1223 459 1304 497 vita
1347 458 1566 503 cesserint,
1607 458 1726 496 nobis
1757 468 1928 510 quoque

164 523 271 562 idem
316 524 639 563 existimandum
682 528 743 561 est
783 528 823 560 et
865 522 921 566 si,
966 534 1145 573 quorum
1177 526 1247 558 aut
1281 521 1448 571 ingenio
1480 525 1551 558 aut
1583 520 1733 558 virtute
1765 519 1959 557 animus-²3

163 586 350 630 excellit,
392 598 463 623 eos
506 585 773 628 arbitramur,
813 584 909 635 qnia
944 589 1086 621 natura
1119 583 1274 634 optima
1306 583 1404 628 sint,
1443 596 1613 621 cernere
1645 588 1815 620 naturae
1848 582 1926 620 vim

163 660 369 692 maxume,
401 647 486 685 veri
520 646 654 685 simile
687 652 761 690 est,
795 658 886 683 cuni
921 650 1114 696 optumus
1147 644 1323 696 quisque
1357 658 1547 682 maxume
1578 645 1811 696 posteritati
1844 657 1930 682 sel·-

163 709 264 755 viat,
297 722 388 747 esse
421 708 601 760 aliquid,
636 708 751 745 cuius
786 707 817 745 is
852 712 942 758 post
976 712 1146 744 mortem
1181 720 1349 744 sensum
1383 707 1435 745 sit
1469 705 1696 746 liabitnrus.

276 771 382 809 XVI.
414 768 478 807 36.
514 770 593 808 Sed
628 775 672 806 ut
703 768 803 806 deos
836 781 927 805 esse
961 774 1107 806 natura
1139 768 1359 819 opinamur
1394 769 1627 822 qualesque
1659 769 1742 807 sint
1773 767 1930 806 ratione

162 833 472 884 cognoscimus,
513 832 571 870 sii·
612 844 852 884 permanere
891 830 1049 868 animos
1082 830 1329 869 arbitramur
1361 845 1566 870 consensu
1600 831 1814 870 nationum
1846 836 1981 868 om-tO

160 893 292 938 nium,
325 907 406 946 qua
438 894 478 932 in
512 892 610 932 sede
643 897 837 931 maneant
868 892 1098 943 qualesque
1131 893 1211 931 sint
1245 894 1399 931 ratione
1432 893 1675 932 discendnm
1699 899 1780 931 est:
1814 892 1931 931 cuius

160 956 362 1008 ignoratio
396 953 514 994 linxit
546 954 702 993 inferos
734 967 889 1005 easque
922 953 1186 998 formidines,
1220 968 1324 1005 quas
1356 960 1398 993 tu
1432 960 1695 994 contemnere
1730 968 1809 993 non
1842 954 1931 992 sine

162 1030 285 1056 causa
332 1018 540 1057 videbare.
611 1017 653 1055 ln
700 1023 850 1055 terram
897 1015 1006 1054 enini
1054 1016 1296 1054 cadentibus
1346 1017 1588 1068 corporibus
1630 1018 1765 1070 iisque
1806 1017 1931 1055 humo

160 1080 300 1125 tectis,
333 1093 354 1119 e
387 1094 469 1132 quo
501 1080 656 1118 dictum
681 1085 743 1117 est
771 1078 831 1117 bu
844 1092 913 1117 nia
927 1078 984 1123 ri,
1017 1078 1093 1116 sub
1115 1083 1221 1116 terra
1247 1078 1471 1117 censebant
1493 1078 1693 1132 reliquam
1719 1079 1843 1117 vitam
1865 1077 1930 1129 agi

159 1147 435 1181 mortuorum.
483 1142 616 1190 Quam
651 1154 793 1180 eorum
827 1140 1067 1192 opinionem
1092 1141 1228 1191 magni
1252 1153 1417 1179 errores
1441 1141 1651 1180 consecuti
1675 1147 1793 1186 sunt,
1827 1148 1984 1192 quos45

159 1211 366 1244 auxerunt
397 1210 559 1257 poetae.
609 1203 675 1243 37.
708 1205 921 1256 Frequens
954 1203 1065 1241 enim
1098 1216 1319 1242 consessus
1353 1204 1524 1250 theatri,
1557 1204 1598 1242 in
1621 1216 1703 1255 quo
1727 1207 1823 1241 sunt
1846 1215 1932 1240 mu-

158 1266 358 1306 lierculae
390 1272 429 1306 et
461 1268 599 1319 pueri,
632 1273 823 1307 movetur
855 1265 1030 1305 audiens
1062 1271 1143 1304 tam
1176 1265 1332 1317 grande
1364 1278 1553 1304 carmen:

214 1328 398 1368 Adsum
432 1335 595 1382 atque
627 1328 855 1368 advenio
888 1328 1197 1366 Acherunte
1230 1328 1316 1366 vix
1349 1328 1431 1367 via
1463 1328 1563 1367 alta
1595 1333 1752 1380 atque
1774 1326 1933 1366 ardua

214 1391 308 1429 Per
339 1391 627 1443 speluncas
660 1392 804 1430 saxis
838 1395 1077 1430 structas
1109 1390 1343 1443 asperis,
1376 1390 1764 1443 pendentihuS,

216 1454 496 1500 Maxumis,
528 1454 616 1493 ubi
650 1453 828 1506 rigida
860 1457 1061 1492 constat
1092 1465 1275 1492 crassa
1307 1453 1485 1505 caligo
1517 1452 1764 1491 inferum.
1949 1462 1985 1491 20

163 1516 427 1568 Tantumque
459 1516 587 1555 valuit
619 1529 759 1563 error,
793 1515 864 1569 qui
898 1515 1000 1553 mihi
1023 1514 1193 1567 quidem
1218 1514 1297 1554 iam
1323 1515 1511 1554 sublatus
1533 1515 1717 1559 videtur,
1749 1519 1811 1560 ut,
1844 1526 1935 1553 cor-

161 1590 263 1630 pora
297 1583 478 1617 cremata
511 1592 603 1618 cnm
636 1579 813 1624 scirent,
854 1583 991 1617 tamen
1033 1590 1081 1616 ea
1113 1575 1202 1616 fieri
1234 1577 1344 1630 apud
1377 1577 1534 1617 inferos
1567 1576 1786 1629 tingerent,
1829 1589 1935 1629 quae

162 1640 252 1678 sine
285 1640 531 1692 corporibus
563 1654 640 1679 nec
668 1640 758 1679 fieri
789 1645 967 1692 possunt
989 1653 1064 1678 nec
1087 1639 1286 1693 intellegi.
1332 1640 1505 1679 Animos
1528 1640 1638 1679 enim
1662 1652 1733 1692 per
1754 1652 1797 1678 se
1820 1640 1936 1691 ipsos

160 1702 339 1741 viventis
365 1716 446 1741 non
471 1708 663 1755 poterant
685 1709 823 1742 mente
847 1702 1088 1755 complecti:
1120 1701 1294 1742 formam
1318 1702 1500 1756 aliquam
1524 1701 1785 1755 figuramque
1809 1715 1937 1756 quae-

160 1764 318 1803 rebant.
380 1764 479 1804 lnde
519 1765 689 1804 Homeri
731 1771 818 1804 tota
852 1771 1012 1811 νεκυία,
1061 1764 1157 1803 inde
1190 1777 1255 1811 ea,
1304 1778 1410 1818 quae
1443 1778 1558 1804 meus
1589 1765 1746 1804 amicus
1779 1764 1936 1818 Appius
1951 1774 1987 1802 25

158 1835 464 1878 νεκυομαντεῑα
496 1826 693 1873 faciebat,
726 1827 822 1866 inde
854 1828 895 1866 in
928 1827 1079 1866 vicinia
1112 1832 1253 1866 nostra
1283 1828 1436 1866 Averni
1471 1827 1606 1874 lacus,

219 1888 357 1928 Unde
389 1890 588 1928 animae
622 1890 929 1928 excitantur
961 1890 1190 1929 obscura
1222 1890 1416 1936 umbra,
1450 1895 1635 1942 aperto
1668 1902 1728 1928 ex
1759 1889 1898 1929 ostio

215 1952 363 1991 Altae
396 1952 743 1999 Acheruntis,
782 1952 920 1991 falso
954 1954 1237 2005 sanguine,
1272 1958 1592 1991 mortuorum
1624 1952 1906 2004 imagines.

159 2014 243 2053 Has
285 2020 422 2053 tamen
456 2014 658 2065 imagines
699 2015 815 2067 loqui
854 2015 1019 2060 volunt,
1065 2014 1177 2067 quod
1219 2014 1304 2054 lieri
1337 2028 1412 2053 nec
1445 2015 1534 2053 sine
1566 2014 1707 2067 lingua
1739 2027 1814 2053 nec
1846 2015 1936 2053 sine

160 2077 298 2130 palato
331 2090 406 2116 nec
438 2077 525 2115 sine
557 2076 762 2123 faucium,
795 2077 995 2123 laterum,
1030 2078 1273 2129 pulmonum
1306 2078 1344 2116 vi
1378 2082 1416 2116 et
1453 2075 1582 2129 figura
1614 2083 1766 2130 potest.
1828 2076 1936 2115 Nihil
1951 2087 1987 2118 30

160 2139 267 2178 enim
311 2139 449 2178 animo
493 2139 634 2178 videre
678 2146 894 2191 poterant:
938 2139 988 2178 ad
1033 2139 1176 2178 oculos
1220 2140 1358 2178 omnia
1394 2139 1640 2178 referebant.
1700 2136 1766 2178 38.
1799 2140 1936 2191 Magni

248 2338 277 2368 Δ1.
305 2337 338 2368 in
362 2337 409 2367 his
435 2338 458 2366 C
474 2338 497 2367 O
525 2353 557 2357 —
589 2336 664 2375 ipsis
688 2337 781 2367 libris
805 2337 829 2366 O
852 2355 885 2358 —
914 2336 943 2368 ξι.
964 2341 1128 2368 cesserunt
1145 2338 1169 2366 Ο
1193 2355 1225 2358 —-
1247 2337 1276 2368 6.
1299 2336 1537 2368 arbim-abimum·
1555 2338 1590 2369 C.
1622 2336 1791 2368 «Klotzius
1811 2337 1937 2367 mirum

161 2386 243 2418 illud
268 2387 294 2417 si
318 2386 559 2417 arbilrubimur
583 2387 632 2417 sic
659 2387 918 2426 iinon-pretatur,
947 2390 981 2417 nt
1007 2388 1065 2417 sit:
1105 2388 1131 2417 si
1156 2387 1408 2421 arbitrabimur,
1435 2388 1522 2427 quod
1547 2391 1654 2418 lamen
1678 2396 1736 2426 eqo
1759 2396 1846 2417 nunc
1868 2388 1940 2425 sore

160 2441 196 2468 ut
220 2437 424 2467 arbitremur
446 2438 574 2476 confido
600 2438 816 2474 «jiermanica
843 2446 903 2468 sua
925 2439 1104 2468 versione:
1132 2439 1175 2468 αα
1198 2438 1263 2468 wir
1287 2437 1467 2467 aiznelzmen
1492 2436 1645 2475 massere).
1672 2437 1711 2467 Ut
1736 2435 1817 2466 illud
1835 2437 1939 2466 omit-

162 2489 245 2525 tam,
272 2488 321 2518 sie
348 2489 442 2517 certe
468 2487 601 2517 eccellet
625 2496 765 2526 quoqne
785 2487 1014 2518 scribendum
1039 2488 1156 2523 tuisse,
1183 2496 1329 2527 quaeri»,
1356 2487 1554 2517 cni-(licem
1581 2487 1611 2517 id
1639 2486 1806 2516 iudicium
1830 2494 1940 2525 gene·-

162 2536 233 2568 rale
259 2537 290 2567 in
316 2537 470 2568 futurum
496 2535 685 2573 distulerit,
713 2537 806 2576 quod
833 2540 905 2568 tuni
932 2537 1005 2567 lieri
1032 2546 1099 2568 non
1127 2537 1232 2567 modo
1258 2539 1393 2577 posset.
1422 2536 1484 2567 sed
1512 2537 1576 2566 iam
1604 2536 1734 2566 dictum
1755 2538 1865 2569 esset:
1894 2534 1937 2566 cf.

163 2587 181 2626 g
207 2586 265 2617 32:
302 2587 391 2616 Num
415 2587 605 2623 dubitas,
633 2588 711 2625 quin
735 2588 895 2626 specimen
920 2592 1060 2617 malurae
1084 2588 1160 2626 capi
1185 2588 1292 2617 deceat
1317 2594 1359 2616 ec
1383 2587 1506 2624 optima
1531 2594 1661 2624 quaque
1684 2584 1833 2615 natura?
1856 2584 1874 2624 ἓ
1899 2584 1939 2615 33

162 2637 322 2676 idque·—
341 2640 517 2675 apparet
544 2637 712 2676 scir-illitae.
752 2639 872 2677 ltaque
899 2638 931 2668 in
957 2637 1073 2668 locum
1103 2637 1205 2667 futuri
1232 2635 1399 2667 mirabilis
1424 2635 1570 2676 simplex
1596 2638 1629 2666 et
1655 2633 1810 2666 naturale
1836 2643 1940 2674 prae-

163 2694 245 2718 sens
269 2685 534 2718 substituamus.
574 2688 621 2717 Ne
648 2687 724 2726 quis
750 2689 868 2718 autem
890 2688 1035 2718 miretur
1051 2696 1068 2717 a
1088 2686 1227 2717 librario
1246 2686 1361 2725 aliquo
1380 2685 1506 2716 illatam
1526 2684 1696 2725 syllabam
1714 2685 1744 2714 bi
1762 2685 1938 2723 (notumve

164 2737 248 2773 eius)
276 2736 406 2768 similes
432 2746 572 2768 errores
600 2738 631 2768 in
657 2738 859 2778 Arclietypo
886 2747 952 2768 non
984 2738 1083 2777 pauci
1110 2739 1201 2768 sunt.
1229 2739 1265 2766 ut
1290 2737 1312 2771 1,
1340 2735 1392 2767 40.
1421 2736 1460 2766 55³
1500 2736 1551 2766 6²3.
1579 2736 1629 2766 78.
1657 2735 1709 2765 95.
1738 2735 1776 2771 11,
1805 2734 1857 2764 49.
1885 2732 1938 2764 49.

164 2786 217 2817 52.
244 2786 296 2816 61.
325 2787 379 2823 lit,
407 2786 457 2818 34.
487 2787 537 2818 4⁴5.
567 2788 619 2818 57.
649 2788 699 2818 63.
729 2788 780 2818 75.
810 2788 864 2823 IV,
890 2787 942 2818 59.
971 2788 1009 2824 Y,
1039 2788 1086 2817 tss.
1116 2788 1168 2818 87.
1196 2788 1268 2817 4²20.
1298 2786 1345 2817 (js.
1367 2785 1644 2825 Einendd.13pp.
1672 2793 1704 2824 p.
1725 2783 1800 2814 63.»
1828 2784 1880 2814 W.
1902 2799 1935 2804 —-

163 2839 237 2866 sunt
260 2837 283 2866 B
299 2836 323 2866 Ο
345 2853 376 2858 -
407 2838 437 2867 9.
457 2837 646 2875 opinamur,
667 2838 780 2876 quales
804 2839 867 2868 „sint
886 2838 922 2868 O.
943 2837 1002 2868 Tb.
1024 2836 1093 2867 Keil
1120 2836 1140 2867 l.
1161 2836 1181 2867 l.
1202 2845 1233 2876 p.
1254 2836 1308 2866 Xl.
1331 2853 1361 2857 —
1395 2837 1444 2866 t’Z.
1464 2836 1652 2875 ingnoratio
1671 2836 1695 2865 G
1718 2852 1750 2855 —
1780 2833 1831 2864 13.
1850 2834 1941 2872 isque

164 2886 203 2924 B,
227 2885 339 2924 hisque
363 2888 387 2916 G
403 2887 425 2916 R
442 2886 465 2916 Ο
488 2905 520 2908 —
555 2888 600 2918 16.
627 2896 799 2917 consensus
822 2888 867 2922 B;
894 2895 1049 2916 consensu
1074 2888 1096 2915 G
1113 2887 1136 2917 R
1159 2903 1193 2906 —
1222 2886 1272 2916 20.
1299 2885 1353 2915 ubi
1371 2903 1388 2907 -
1403 2902 1419 2906 -
1438 2884 1578 2919 inferum
1597 2884 1728 2915 Nonius
1754 2892 1787 2924 p.
1806 2883 1879 2914 272.
1903 2900 1936 2904 —

165 2935 218 2966 23.
241 2939 377 2974 possunt
401 2936 599 2967 Ernestius:
622 2941 751 2976 possen!
778 2938 800 2967 (ἶ
816 2937 852 2967 Ο.
882 2935 930 2966 (ΣΙ.
952 2945 983 2966 x‘.
1004 2936 1044 2966 '029
1062 2944 1114 2975 sq.
1138 2953 1170 2957 —
1199 2936 1251 2966 25
1279 2936 1395 2973 necyia
1420 2936 1443 2963 G
1460 2936 1502 2971 133
1527 2934 1684 2966 NECYIA
1711 2934 1732 2964 R
1755 2950 1787 2954 —
1808 2933 1861 2963 26.
1882 2942 1921 2964 νε

166 2987 401 3026 κυομαντεῖα
426 2986 599 3016 Davisius:
633 2986 930 3017 NEPCl'Omanlia
956 2987 994 3016 R:
1032 2985 1280 3024 nepsyomantia
1306 2987 1348 3020 (ῖς
1384 2985 1624 3023 nepsiomancia
1649 2984 1691 3021 B;
1729 2992 1939 3027 ver-politas..

167 3037 249 3066 τεΐα
273 3037 297 3065 O
318 3052 350 3056 -
378 3035 514 3073 vicinia]
538 3036 627 3065 w'cia
645 3037 682 3070 G,
710 3037 792 3066 uilia
819 3037 841 3066 R
856 3036 879 3066 B
901 3052 935 3057 —
965 3036 1014 3065 27.
1043 3039 1156 3074 aperto
1180 3044 1222 3065 er
1247 3034 1327 3064 ostio
1350 3034 1556 3073 Madvigius:
1585 3037 1722 3073 apertae
1736 3034 1839 3063 hostio
1858 3034 1880 3062 G
1898 3033 1938 3069 R;

168 3089 300 3124 opertae
324 3087 406 3116 ostio
431 3086 453 3116 B
480 3089 514 3116 et
538 3086 717 3117 Davisius:
743 3090 857 3126 aperto
881 3086 962 3116 ostio
987 3086 1011 3115 O
1041 3103 1072 3106 —
1102 3086 1153 3116 ²28.
1174 3086 1266 3115 Altae
1290 3083 1440 3115 Klotzius
1464 3082 1551 3123 (coll.
1572 3085 1680 3115 Nonio
1706 3092 1738 3124 p.
1759 3082 1851 3121 itm:
1879 3083 1944 3113 alce

171 3136 195 3166 G
212 3136 255 3167 R:
283 3136 350 3166 alm
374 3136 416 3173 B;
442 3135 506 3166 Alli
531 3136 555 3165 Ο
578 3153 607 3156 -
637 3136 722 3165 salso
747 3136 770 3166 C
801 3154 834 3158 ᾖ
862 3137 1023 3175 imagines
1045 3138 1255 3165 mortuorum
1280 3136 1303 3164 (ἶ
1325 3135 1331 3173 (
1343 3157 1492 3166 ......
1512 3134 1650 3165 obscura
1673 3134 1794 3164 umbra
1811 3136 1942 3172 opertae

171 3193 213 3216 ex
236 3186 316 3216 ostio
331 3185 344 3222 Η
371 3210 375 3214 .
398 3209 404 3215 .
428 3210 432 3214 .
454 3184 513 3214 alti
536 3184 726 3214 Acheruntis
746 3209 751 3214 .
771 3208 777 3214 .
797 3185 882 3215 salso
905 3185 1066 3225 sanquine
1091 3186 1127 3215 O.
1148 3184 1303 3214 Ribbeck
1328 3185 1426 3223 Trag.
1448 3184 1519 3215 Lat.
1540 3183 1648 3223 Reliq.
1669 3193 1699 3225 p.
1721 3184 1795 3222 ⁵208,
1823 3182 1940 3213 verbis

172 3234 256 3264 unde
280 3235 410 3264 animae
433 3235 625 3265 ‹excitantur-
650 3234 692 3264 ad
719 3234 926 3265 Ciceronem
953 3234 1088 3270 relatis;
1122 3234 1215 3265 idem
1246 3233 1354 3264 xcrba
1387 3237 1594 3265 mortuorum
1620 3234 1778 3275 imagines
1802 3242 1819 3264 e
1846 3241 1941 3263 mar-

172 3282 249 3322 gine
275 3282 364 3314 illata
390 3291 469 3315 esse
494 3283 693 3324 suspicatur
718 3282 793 3314 coll.
823 3284 895 3316 Cio.
922 3284 965 3315 de
991 3285 1139 3315 Divinat.
1167 3284 1178 3314 l
1205 3283 1222 3322 5¹
1249 3282 1312 3322 63).
