2249 3624
240 138 320 181 472
621 143 690 182 DE
721 143 926 182 FINIBUS
956 142 1218 184 BONORUM
1246 146 1313 184 ET
1343 145 1607 186 MALORUM

240 253 450 293 curatione
481 252 666 293 adhibita
697 253 887 293 levantur
916 254 959 293 in
990 254 1103 295 dies:
1135 256 1244 296 valet
1273 256 1375 296 alter
1405 256 1498 309 plns
1525 256 1697 304 cotidie,
1729 257 1834 297 alter
1863 258 1988 299 videt.

239 314 313 354 His
354 315 510 355 similes
550 321 645 355 sunt
675 329 837 363 omnes,
878 317 949 368 qui
988 317 1131 357 virtuti
1169 319 1355 358 student:
1402 319 1593 358 levantur
1628 319 1762 366 vitiis,
1802 320 1992 360 levantur

240 377 470 417 erroribus:
510 377 590 417 nisi
627 377 732 417 forte
772 391 915 417 censes
947 379 1008 418 Ti.
1041 379 1270 420 Gracchum
1302 385 1459 433 patrem
1498 394 1574 419 non
1605 380 1833 421 beatiorem
1863 381 1991 422 fuisse

241 451 364 491 quam
394 439 544 486 filium,
576 453 669 479 cum
699 440 803 479 alter
833 440 1017 481 stabilire
1048 456 1135 481 rem
1166 443 1374 495 publicam
1406 442 1627 489 studuerit,
1659 443 1762 483 alter
1793 449 1992 484 evertere.

207 502 323 541 5Nec
362 507 500 541 tamen
540 502 610 541 ille
651 508 737 542 erat
767 503 932 555 sapiens
964 525 1016 532 —
1048 505 1140 556 quis
1171 506 1279 545 enim
1311 506 1390 545 hoc
1421 512 1490 545 aut
1522 504 1690 558 quando
1722 512 1792 546 ant
1821 506 1891 546 ubi
1924 512 1994 546 aut

239 563 380 603 unde?
411 585 482 611 —,
517 563 590 603 sed
623 564 717 617 quia
749 565 941 605 studebat
972 565 1085 604 laudi
1119 573 1159 606 et
1189 567 1403 620 dignitati,
1436 568 1608 607 multum
1640 568 1681 606 in
1714 568 1866 608 virtute
1897 582 1994 621 pro-

238 630 431 665 cesserat.
490 623 556 665 66.
589 626 806 666 Conferam
849 640 970 666 avum
1012 633 1127 668 tuum
1159 631 1338 669 Drusum
1370 644 1461 670 cum
1497 631 1537 670 C.
1570 630 1757 670 Graccho
1789 632 1877 670 eius
1908 631 1993 670 fere

237 687 416 740 aequali.
467 687 583 735 Quae
612 688 680 728 hic
712 689 770 727 rei
802 689 994 741 publicae
1025 691 1195 731 vulnera
1225 692 1486 744 imponebat,
1530 692 1674 731 eadem
1708 692 1778 731 ille
1810 693 1992 733 sanabat.

238 749 279 788 Si
322 749 422 788 nihil
463 755 526 789 est
557 750 668 803 quod
708 756 789 790 tam
830 752 1005 792 miseros
1041 753 1165 792 faciat
1196 768 1318 806 quam
1350 755 1539 806 impietas
1572 760 1610 792 et
1641 753 1799 800 scelus,
1838 760 1883 794 ut
1911 755 1992 794 iam

187 818 221 846 ⁴0
237 825 379 851 omnes
410 812 657 864 insipientes
689 814 772 852 sint
803 814 964 861 miseri,
997 815 1108 868 quod
1138 815 1326 868 profecto
1359 821 1476 861 snnt,
1509 828 1592 854 non
1621 821 1682 854 est
1703 820 1838 854 tamen
1861 829 1993 868 aeque

237 874 361 912 miser
407 874 478 926 qui
518 875 674 927 patriae
717 876 894 915 consulit
936 883 976 916 et
1016 877 1069 924 is,
1108 878 1178 931 qui
1219 878 1330 916 illam
1364 877 1608 916 exstinctam
1641 877 1766 929 cupit.
1825 878 1992 916 Levatio

235 935 358 987 igitur
400 936 595 975 vitiorum
641 951 788 990 magna
834 936 878 977 fit
924 939 997 986 iis,
1047 940 1119 992 qui
1164 940 1317 979 habent
1362 939 1412 978 ad
1454 939 1647 978 virtutem
1688 939 1993 991 progressionis

235 997 505 1050 aliquantum.
564 997 629 1038 67.
662 1001 796 1039 Vestri
840 1007 976 1040 autem
1023 1001 1358 1053 progressionem
1404 1002 1454 1040 ad
1495 1002 1690 1040 virtutem
1731 1001 1822 1040 fieri
1864 1002 1993 1048 aiunt,

234 1058 485 1099 levationem
515 1060 709 1101 vitiorum
740 1062 830 1101 fieri
864 1069 1027 1115 negant.
1084 1066 1154 1110 At,
1197 1077 1278 1116 quo
1312 1069 1480 1102 utantur
1510 1063 1701 1102 homines
1733 1064 1840 1102 acuti
1873 1077 1994 1115 argu-

188 1126 374 1161 lamento
405 1121 456 1160 ad
487 1123 766 1175 probandum,
800 1138 951 1178 operae
983 1126 1163 1177 pretinm
1191 1131 1253 1164 est
1275 1125 1554 1164 considerare.
1605 1125 1811 1172 Quarum,
1843 1126 1994 1179 inquit,

236 1184 383 1224 artium
416 1198 600 1224 summae
633 1199 817 1225 crescere
849 1193 1044 1238 possunt,
1077 1201 1216 1226 earum
1251 1187 1375 1226 etiam
1399 1187 1698 1226 contrariorum
1730 1201 1891 1226 summa
1921 1202 1995 1240 po-

236 1248 333 1286 terit
361 1248 527 1300 augeri:
572 1247 623 1286 ad
654 1249 820 1287 virtutis
851 1255 986 1288 auten]
1019 1263 1218 1289 summam
1252 1249 1451 1288 accedere.
1483 1248 1587 1287 nibil
1618 1255 1774 1300 potest:
1815 1263 1866 1289 ne
1898 1251 1995 1289 vitia

237 1308 404 1360 quidem
448 1309 575 1361 igitur
618 1323 803 1349 crescere
835 1317 1051 1364 poterunt,
1094 1325 1199 1364 quae
1232 1317 1326 1351 snnt
1357 1312 1553 1350 virtutum
1585 1311 1803 1350 contraria.
1854 1313 1995 1352 L'trum

236 1369 363 1421 igitur
393 1372 559 1411 tandem
591 1373 875 1424 perspicuisne
907 1373 1033 1413 dubia
1065 1375 1309 1427 aperiuntur
1340 1386 1389 1412 an
1421 1373 1558 1412 dubiis
1591 1374 1812 1425 perspicua
1843 1375 1995 1414 tollun-

186 1438 223 1469 20
238 1433 331 1471 tur?
362 1433 488 1486 Atqui
516 1433 593 1473 hoc
616 1434 881 1487 perspicuum
906 1441 984 1482 est,
1016 1436 1115 1475 vitia
1138 1435 1218 1474 alia
1241 1436 1331 1475 aliis
1355 1448 1445 1474 esse
1468 1435 1649 1475 maiora:
1682 1436 1785 1474 illnd
1809 1437 1994 1485 dubium,

236 1494 285 1532 ad
326 1494 386 1541 id,
428 1495 539 1547 quod
579 1510 784 1536 summum
822 1497 975 1536 bonum
1017 1498 1176 1544 dicitis,
1219 1511 1471 1550 ecquaenam
1513 1495 1600 1536 fieri
1634 1500 1764 1550 possit
1794 1501 1994 1540 accessio.

235 1556 319 1595 Vos
359 1562 496 1596 autem
537 1571 629 1597 cum
673 1559 905 1610 perspicuis
948 1560 1071 1599 dubia
1104 1560 1288 1599 debeatis
1326 1560 1557 1606 illustrare,
1600 1560 1734 1599 dubiis
1778 1563 1995 1616 perspicua

236 1618 444 1657 conamini
476 1619 635 1659 tollere.
696 1619 761 1660 68,
795 1622 941 1674 ltaque
972 1636 1116 1661 rursus
1139 1622 1282 1661 eadem
1317 1622 1495 1668 ratione,
1528 1635 1607 1675 qua
1639 1636 1728 1661 sum
1751 1623 1875 1675 paulo
1899 1630 1994 1663 ante

234 1694 349 1728 usus,
379 1680 616 1721 haerebitis.
657 1683 698 1722 Si
732 1683 842 1722 enim
868 1690 1087 1737 propterea
1110 1684 1206 1723 vitia
1237 1684 1316 1723 alia
1347 1684 1438 1722 aliis
1461 1684 1616 1723 maiora
1639 1698 1722 1723 non
1745 1690 1861 1731 sunt,
1895 1685 1994 1738 qnia

184 1750 222 1781 25
236 1756 288 1782 ne
319 1744 368 1783 ad
400 1744 526 1784 finem
558 1746 725 1797 quidem
758 1746 960 1785 bonorum
993 1760 1107 1792 eum,
1144 1760 1268 1799 quem
1301 1759 1373 1784 vos
1404 1745 1558 1792 facitis,
1597 1747 1818 1799 quicquam
1857 1753 1994 1801 potest

235 1806 456 1854 accedere,
497 1808 694 1861 quoniam
736 1808 1001 1860 perspicuum
1041 1815 1100 1848 est
1133 1809 1233 1847 vitia
1265 1820 1349 1846 non
1390 1821 1479 1845 esse
1512 1809 1695 1846 omnium
1727 1809 1859 1860 paria,
1901 1806 1993 1848 linis

234 1868 439 1908 bonorum
481 1870 598 1909 vobis
640 1871 860 1909 mutandus
901 1876 974 1909 est.
1032 1871 1262 1908 Teneamns
1295 1871 1403 1908 enim
1436 1869 1538 1908 illud
1571 1883 1742 1908 necesse
1774 1877 1855 1917 est,
1901 1884 1994 1910 cum

236 1943 500 1984 consequens
530 1931 702 1984 aliquod
725 1932 873 1971 falsum
895 1933 970 1979 sit,
1003 1932 1126 1979 illud,
1160 1931 1278 1971 cuius
1311 1932 1352 1970 id
1375 1945 1638 1984 consequens
1661 1932 1732 1978 sit,
1767 1945 1846 1971 non
1870 1946 1994 1984 posse

236 2007 328 2033 esse
360 2007 516 2033 verum.

185 2055 223 2093 30
347 2057 478 2095 XXV.
519 2056 637 2103 Quae
669 2062 731 2096 est
770 2056 895 2108 igitur
925 2069 1048 2096 causa
1079 2057 1246 2096 istarum
1279 2055 1593 2108 angustiarum?
1636 2055 1824 2094 Gloriosa
1856 2061 1995 2096 osten-

236 2119 338 2158 tatio
370 2119 410 2157 in
443 2119 738 2158 constituendo
771 2132 932 2157 summo
967 2120 1089 2160 hono.
1155 2118 1253 2157 Cum
1288 2119 1419 2163 enim,
1454 2117 1566 2170 qnod
1597 2117 1815 2158 honestum
1850 2118 1922 2165 sit,
1954 2120 1993 2158 id

237 2181 369 2220 solum
410 2181 564 2219 bonum
606 2194 695 2220 esse
727 2178 1013 2227 confirmatur,
1057 2181 1216 2219 tollitur
1247 2193 1343 2219 cura
1375 2179 1645 2219 valetudinis.
1690 2180 1902 2232 diligentia
1934 2182 1994 2220 rei

236 2241 471 2290 familiaris,
493 2243 797 2282 administratio
821 2243 878 2281 rei
902 2243 1115 2294 pnbli‹:ae‚
1140 2242 1242 2281 ordo
1266 2242 1540 2294 gerendorum
1564 2242 1836 2293 negotiorum,
1859 2241 1995 2283 officia

235 2306 370 2353 vitae;
412 2306 546 2359 ipsum
587 2306 767 2359 denique
806 2306 906 2345 illud
947 2306 1188 2351 honestum,
1231 2304 1274 2343 in
1315 2317 1396 2357 quo
1438 2317 1521 2343 nno
1556 2304 1680 2343 vultis
1720 2318 1810 2343 esse
1843 2307 1994 2352 omnia,

187 2374 224 2402 35
238 2368 514 2408 deserendum
547 2374 627 2408 est:
660 2381 766 2421 quae
799 2368 1115 2421 diligentissime
1151 2372 1293 2406 contra
1319 2367 1556 2405 Aristonem
1590 2365 1782 2405 dicuntur
1812 2380 1835 2405 a
1868 2368 1995 2421 Chry-

323 2554 353 2585 3.
384 2555 427 2585 Ti.
455 2563 523 2586 om.
550 2555 573 2585 B
607 2572 641 2576 -—
673 2563 829 2594 araceum
860 2554 941 2588 BE,
973 2554 1055 2584 iteni
1089 2562 1120 2583 v.
1148 2553 1177 2582 7.
1209 2570 1241 2573 —
1274 2561 1336 2582 non
1369 2560 1437 2581 oni.
1466 2550 1567 2581 codd.
1605 2569 1638 2572 —
1673 2550 1703 2582 4..
1729 2553 1877 2583 studim-il
1909 2554 1930 2583 B
1961 2571 1993 2575 —

237 2606 269 2636 5.
296 2606 453 2636 Fortasse
479 2605 534 2642 qui
558 2605 641 2635 enim
666 2606 685 2635 i.
714 2613 741 2635 e.
774 2612 865 2643 «qna
893 2605 1024 2633 ratione
1050 2603 1189 2642 sapiens
1215 2602 1286 2632 fieri
1319 2601 1426 2641 potuit
1454 2601 1629 2630 Gracc-lius
1661 2602 1806 2640 patore»
1840 2604 1924 2633 Nan]
1953 2604 1995 2634 de

237 2653 309 2685 aliis
340 2654 395 2685 liic
426 2663 493 2685 non
519 2655 708 2694 quaeritur.
738 2671 772 2675 —
808 2654 839 2684 7.
866 2653 1032 2691 conferam
1058 2653 1099 2682 13:
1137 2652 1308 2682 Conferant
1334 2653 1441 2680 autem
1467 2650 1510 2680 O:
1545 2650 1716 2689 Conferam
1745 2651 1876 2691 [antem]
1902 2654 1930 2683 M
1960 2672 1993 2675 —

236 2707 339 2737 tuum.
365 2705 410 2735 Μ.
431 2705 574 2734 Drusum
592 2704 814 2734 Goerenzius.
840 2721 871 2724 —-
900 2702 977 2743 eius]
1004 2707 1046 2732 es!
1073 2703 1120 2731 ins
1145 2702 1167 2732 B
1185 2702 1206 2732 F„
1229 2719 1261 2722 —
1290 2702 1319 2731 9.
1339 2704 1373 2729 a!
1399 2699 1475 2740 iam]
1502 2700 1627 2729 minam
1654 2700 1675 2729 Β
1697 2717 1729 2721 -
1763 2702 1809 2731 11.
1838 2702 1873 2741 is]
1898 2702 1955 2740 hys
1973 2703 1995 2733 B

240 2770 275 2775 -.
303 2754 353 2783 42,
382 2753 429 2793 ns]
456 2753 485 2783 in
512 2754 550 2784 iis
573 2753 656 2793 (hys)
682 2754 705 2785 Ε
732 2753 847 2792 (501115)
873 2754 905 2784 M
934 2771 967 2774 -
996 2752 1046 2783 14,
1073 2753 1112 2782 Α]
1138 2750 1210 2790 qno]
1237 2751 1280 2780 ad
1305 2751 1389 2789 quod
1412 2751 1456 2781 B:
1491 2750 1533 2779 acl
1558 2750 1642 2787 qum!
1666 2759 1729 2789 quo
1755 2752 1779 2779 G
1800 2768 1831 2771 —
1860 2756 1998 2782 ulanlzaer

238 2802 445 2834 Lambinus:
482 2806 620 2833 ulunlm·
650 2804 732 2834 BG:
769 2806 791 2844 ἦ
814 2806 953 2833 ulwzlw·
982 2803 1032 2832 M:
1072 2804 1219 2831 ›nlun'ur
1244 2801 1268 2830 O
1303 2817 1336 2820 —
1380 2800 1427 2829 15.
1454 2799 1617 2829 considere
1642 2800 1683 2829 13:
1717 2802 1877 2840 confidere
1901 2802 1925 2832 E
1959 2819 1993 2823 —

239 2853 289 2883 ⁴6.
308 2861 435 2883 summa
453 2861 612 2883 ecrescere
632 2857 764 2891 possunt
782 2854 824 2886 B:
851 2861 977 2882 szmzma
996 2860 1137 2882 crescere
1156 2853 1291 2889 possim(
1308 2850 1354 2884 D;
1383 2857 1508 2878 summa
1533 2858 1676 2879 creseere
1695 2854 1797 2888 polest
1819 2852 1842 2881 O
1864 2869 1896 2872 —
1917 2861 1996 2882 con-

237 2904 419 2933 trariorum
439 2902 642 2934 Lambinus:
670 2904 918 2933 contrariarum
937 2902 1038 2933 codd.
1056 2909 1094 2923 '—
1120 2902 1167 2931 l?
1194 2901 1305 2939 polesl]
1329 2903 1461 2938 possunt
1478 2900 1501 2929 B
1523 2917 1557 2920 —
1586 2900 1635 2930 -18,
1664 2900 1803 2941 quidem]
1821 2903 1898 2940 quid
1914 2902 1937 2932 B
1958 2920 1992 2923 -

237 2954 289 2984 20.
310 2953 377 2982 alia
395 2953 468 2982 aliis
484 2952 619 2989 Madvig
645 2953 687 2983 lin
706 2953 956 2988 adnotationem
984 2951 1058 2981 aliis
1081 2951 1147 2981 alia
1174 2952 1218 2986 (ἒς
1246 2950 1316 2980 aliav
1339 2949 1369 2979 in
1389 2949 1463 2979 aliis
1483 2949 1591 2979 8310.
1620 2950 1668 2979 (lt.
1689 2958 1720 2979 v.
1745 2950 1792 2980 Η.
1818 2968 1849 2972 —
1869 2951 1922 2981 ⁶21.
1943 2960 1996 2981 ec-

238 3003 411 3041 quaenam]
440 3003 494 3032 hec
523 3010 583 3040 quc
604 2990 673 3032 iam
699 3003 720 3032 Β
749 3020 781 3023 -
811 3002 862 3033 23.
888 3001 1011 3039 Ilaqne]
1038 3004 1135 3038 alque
1160 3001 1182 3030 P»
1212 3018 1243 3021 —
1278 3007 1392 3028 rursus
1417 3000 1440 3026 (ἰ
1468 3000 1499 3027 et
1527 3000 1641 3034 (rusus)
1671 2999 1914 3029 Lac-lunannus
1940 2999 1994 3038 (ad

239 3053 375 3083 Lucret.
403 3061 435 3092 p.
464 3050 553 3089 ll-ffiz
580 3060 655 3080 ¹usus
679 3052 721 3082 ss:
750 3060 818 3081 om.
846 3052 926 3081 Mo*
964 3049 1217 3081 (Noc-abutum
1243 3048 1345 3089 (usus)
1371 3056 1488 3078 errore
1521 3046 1649 3078 librarii
1683 3058 1700 3078 e
1729 3049 1883 3089 proxima
1909 3049 1993 3079 sede

240 3102 271 3132 in
297 3102 388 3131 hunc
413 3100 526 3131 locum
555 3099 756 3131 translatum
783 3109 860 3131 esse
885 3100 1018 3131 rislerat
1043 3100 1100 3139 qni
1126 3099 1180 3129 ed.
1208 3108 1239 3129 a.
1263 3098 1340 3129 1480
1367 3098 1517 3134 curmit,
1544 3101 1615 3128 tum
1644 3099 1831 3135 Manutius,
1859 3098 1930 3135 alii,
1958 3101 1995 3129 nt

239 3150 377 3182 lusurus
401 3151 444 3181 sit
468 3151 524 3190 qui
551 3150 704 3181 effecerit
729 3159 844 3179 rut-sas
868 3152 979 3180 eadem
996 3152 1085 3181 cot-u
1105 3151 1310 3186 M.›xnv1‹;.‘>—
1342 3149 1390 3179 26.
1414 3149 1504 3189 vilia]
1530 3150 1619 3179 inira¹
1644 3149 1666 3179 B
1684 3150 1705 3179 E
1726 3165 1758 3169 —
1784 3150 1892 3178 omnia
1912 3157 1946 3188 p.
1968 3150 1993 3177 G

244 3216 277 3222 -
301 3200 350 3231 28.
370 3200 462 3230 cuius
487 3200 714 3238 inconsequens
738 3200 793 3230 BE
814 3217 848 3221 -
875 3200 927 3230 30.
947 3199 1094 3240 istm-um]
1123 3200 1254 3230 illarum
1274 3200 1330 3230 BE
1352 3217 1387 3221 —
1414 3200 1466 3232 315.
1493 3208 1576 3239 quac
1600 3199 1840 3239 diligentissime
1855 3216 1902 3221 —-
1919 3198 1993 3228 illac

238 3250 536 3289 fallaciloquentiae
561 3249 689 3281 Nonius
715 3248 896 3281 Marcellus
922 3259 954 3290 p.
982 3249 1055 3280 4123.
