2249 3624
755 178 849 218 oo».
882 178 1081 220 ιιι-ιν.
1120 179 1179 233 §§
1211 180 1378 221 5—10.
1865 181 1943 222 587

187 294 395 328 accusare,
428 280 542 333 quod
575 287 683 321 esset
714 285 1007 324 accusandum.
1061 287 1159 324 Nam
1193 288 1225 326 si
1258 288 1295 326 id
1325 288 1446 340 culpa
1472 291 1698 328 senectutis
1721 291 1940 336 accideret,

186 344 328 386 eadem
361 343 461 382 mihi
496 357 571 382 usu
606 345 797 384 venirent
828 348 1087 400 reliquisque
1119 350 1310 388 omnibus
1343 351 1569 390 maioribus
1603 358 1724 396 natu,
1763 366 1941 403 (piorum

185 419 261 459 ego
299 404 523 444 multorum
564 408 742 458 cognovi
786 415 1042 447 senectutem
1082 411 1170 449 sine
1212 412 1400 463 querela,
1443 414 1512 465 qui
1558 428 1600 452 se
1644 420 1683 452 et
1722 414 1940 453 libidinum

183 466 356 509 vinculis
388 466 548 506 laxatos
581 481 671 507 esse
705 483 787 508 non
822 470 994 509 moleste
1027 471 1181 512 ferrent
1215 488 1288 512 nee
1321 489 1342 512 a
1370 476 1454 513 suis
1477 476 1806 528 despicerentur.
1860 476 1939 514 Sed

183 530 368 570 omnium
408 530 527 568 istius
569 530 680 568 modi
721 532 984 583 querelarum
1025 534 1063 571 in
1105 535 1288 574 moribus
1321 544 1381 576 est
1415 538 1560 590 culpa,
1605 552 1687 576 non
1722 539 1760 576 in
1793 544 1970 577 aetate.5

181 591 382 633 Moderati
415 591 525 630 enim
559 597 599 630 et
630 605 704 630 nec
737 591 927 632 difliciles
961 609 1034 633 nec
1069 596 1282 637 inhumani
1316 613 1437 638 senes
1470 600 1727 638 tolerabilem
1752 607 1943 639 senectu-

181 660 261 695 tem
294 658 445 705 agunt,
485 654 766 706 inportunitas
798 662 933 695 autem
968 664 1007 696 et
1039 658 1320 699 inluunanitas
1361 662 1473 700 omni
1506 663 1627 701 aetati
1663 663 1834 701 molesta
1867 669 1941 700 est.

179 715 218 757 8.
249 716 420 756 Laelius.
452 716 544 762 Est,
568 722 612 754 ut
639 716 764 763 dicis,
790 718 917 763 Cato;
951 720 1021 757 sed
1055 719 1229 758 sortasse.
1263 723 1415 762 dixerit
1441 724 1648 776 quispiam
1674 725 1745 763 tibi
1773 732 1943 777 propter

179 779 271 832 opis
303 784 343 818 et
374 779 516 830 copias
548 784 588 817 et
619 778 864 831 dignitatem
908 786 1015 819 tuam
1056 782 1379 822 tolerabiliorem
1413 792 1671 824 senectutem
1707 787 1855 833 videri,
1901 787 1940 825 id

177 846 315 882 autem
347 854 430 879 non
464 853 588 893 posse
620 841 761 879 multis
794 842 1050 893 contingere.
1112 846 1219 884 Cato.
1256 847 1324 884 list
1357 847 1459 885 istuc
1492 847 1683 899 quidem,
1707 848 1840 894 Laeli,
1867 849 1986 887 ali-¹0

179 903 304 958 quid,
343 902 416 942 sed
458 916 727 955 nequaquam
770 904 810 942 in
849 904 928 943 isto
961 906 1126 945 omnia:
1175 914 1217 946 ut
1249 908 1552 947 'l'hemistocles
1587 909 1717 948 sertur
1749 911 1940 963 Seriphio

178 965 342 1006 cuidam
374 965 415 1004 in
448 965 579 1016 iurgio
611 965 892 1018 respondisse,
925 980 1017 1006 cum
1052 968 1122 1006 ille
1156 969 1331 1008 dixisset
1356 984 1438 1009 non
1463 984 1555 1009 eum
1581 985 1667 1016 sua,
1690 971 1760 1010 sed
1786 973 1940 1024 patriae

177 1029 307 1082 gloria
339 1027 606 1080 splendorem
639 1029 912 1067 adsecutum:
959 1031 1066 1069 «Nec
1100 1029 1292 1070 hercule»
1328 1033 1485 1085 inquit,
1521 1034 1578 1071 «si
1612 1047 1687 1084 ego
1721 1034 1939 1085 Seriphius

177 1104 325 1136 essem,
358 1103 433 1129 nec
467 1096 530 1136 tu,
563 1090 595 1128 si
619 1089 887 1129 Atheniensis
921 1104 1054 1138 esses,
1087 1093 1223 1132 clarus
1258 1108 1454 1147 umquam
1489 1095 1676 1136 fuisses.»
1725 1096 1846 1143 Quod
1871 1110 1941 1135 eo-

177 1154 269 1193 dem
310 1151 435 1191 modo
475 1152 524 1190 de
565 1158 781 1191 senectute
814 1153 893 1191 dici
930 1161 1077 1206 potest.
1142 1157 1223 1194 Nee
1256 1157 1365 1195 enim
1400 1157 1439 1195 in
1473 1170 1632 1196 summa
1667 1158 1804 1210 inopia
1839 1159 1939 1198 levis
1958 1166 1991 1194 15

176 1229 267 1256 esse
299 1220 492 1254 senectus
525 1220 675 1267 potest,
708 1228 758 1252 ne
791 1216 968 1267 sapienti
1001 1217 1195 1269 quidem,
1228 1232 1302 1256 nec
1335 1219 1546 1270 insipienti
1571 1220 1690 1261 etiam
1718 1220 1757 1258 in
1782 1233 1941 1259 summa

176 1278 296 1330 copia
328 1289 410 1315 non
443 1277 592 1328 gravis.
653 1274 690 1315 9.
723 1278 949 1329 Aptissima
983 1281 1151 1318 omnino
1184 1287 1298 1327 sunt,
1333 1282 1472 1334 Scipio
1506 1288 1544 1321 et
1566 1281 1701 1328 Laeli,
1733 1295 1844 1321 arma
1877 1296 1941 1321 se-

174 1339 349 1380 nectutis
390 1346 498 1378 artes
541 1339 951 1393 exercitationesque
993 1342 1215 1388 virtutum,
1258 1357 1365 1396 quae
1407 1344 1446 1382 in
1479 1345 1590 1383 omni
1622 1350 1757 1383 aetate
1791 1344 1940 1391 cultae,

174 1415 266 1442 cum
299 1401 369 1441 diu
403 1401 668 1454 multumque
703 1402 869 1448 vixeris,
904 1402 1100 1442 mirilicos
1134 1404 1321 1444 ecferunt
1353 1406 1532 1452 fructus,
1558 1420 1640 1445 non
1663 1406 1816 1451 solum,
1842 1408 1940 1459 quia

173 1476 401 1517 numquam
434 1464 653 1510 deserunt,
694 1478 743 1503 ne
777 1470 965 1503 extremo
999 1466 1169 1519 quidem
1203 1474 1388 1520 tempore
1420 1471 1566 1508 aetatis
1599 1491 1652 1498 —-
1685 1482 1937 1521 quamquam
1955 1477 1991 1507 ¹20

173 1527 214 1567 id
247 1525 416 1579 quidem
449 1526 673 1566 maximum
707 1532 770 1566 est
796 1549 868 1574 —‚
911 1541 1052 1568 verum
1093 1530 1215 1569 etiam
1258 1532 1357 1583 quia
1397 1533 1653 1571 conscientia
1686 1531 1792 1570 bene
1824 1537 1940 1570 actae

173 1589 281 1630 vitae
313 1588 624 1641 multorumque
657 1590 762 1629 bene
795 1589 998 1629 factorum
1032 1592 1260 1632 recordatio
1294 1594 1595 1632 iucundissima
1629 1600 1703 1633 est.

285 1651 353 1690 IV.
396 1647 460 1690 10.
502 1651 589 1703 Ego
623 1651 827 1700 Quintum
862 1653 1088 1692 Maximum
1131 1676 1184 1681 —
1217 1668 1308 1693 eum
1344 1656 1415 1708 qui
1440 1657 1665 1695 Tarentum
1699 1656 1855 1708 recepit
1888 1678 1939 1685 —

173 1727 314 1755 senem
347 1713 596 1753 adulescens
629 1716 683 1754 ita
716 1714 844 1754 dilexi
882 1721 928 1754 ut
961 1716 1193 1769 aequalem.
1247 1718 1345 1756 Erat
1379 1718 1488 1757 enim
1522 1720 1562 1757 in
1596 1719 1668 1758 illo
1702 1719 1790 1757 viro
1813 1718 1940 1757 comi-

173 1782 254 1817 tate
295 1776 463 1815 condita
505 1777 706 1828 gravitaS,
749 1791 823 1816 nec
856 1784 1050 1817 senectus
1087 1793 1222 1819 mores
1255 1786 1512 1820 mutaverat:
1559 1794 1811 1834 quamquam
1844 1795 1937 1819 eum
1955 1790 1990 1818 25

173 1839 308 1880 colere
350 1839 470 1890 coepi
512 1852 595 1878 non
634 1840 858 1879 admodum
892 1841 1089 1892 grandem
1124 1848 1242 1887 natu,
1289 1844 1361 1881 sed
1395 1848 1532 1882 tamen
1565 1844 1644 1882 iam
1679 1850 1811 1882 aetate
1844 1857 1938 1895 pro-

172 1907 347 1941 vectum.
408 1903 529 1940 Anno
571 1903 681 1940 enim
722 1908 815 1954 post
856 1903 1002 1942 consul
1038 1905 1216 1955 primum
1250 1905 1383 1944 fuerat
1415 1920 1537 1958 quam
1573 1920 1648 1957 ego
1681 1912 1800 1945 natus
1834 1920 1937 1953 sum,

172 1976 347 2017 cumque
377 1976 426 2003 eo
459 1970 650 2017 quartum
685 1964 860 2004 consule
893 1964 1232 2006 adulescentulus
1267 1968 1385 2006 miles
1428 1968 1476 2006 ad
1513 1968 1691 2021 Capuam
1727 1968 1938 2020 profectus

171 2041 262 2067 sum
305 2027 537 2080 quintoque
579 2040 689 2066 anno
728 2034 816 2080 post
856 2027 904 2067 ad
939 2029 1176 2067 Tarentum.
1241 2030 1448 2077 Quaestor
1479 2031 1631 2069 deinde
1664 2031 1937 2083 ‹piadriennio

170 2095 263 2144 post
289 2089 421 2128 factus
445 2102 557 2135 sum,
588 2102 712 2142 quem
738 2089 1020 2141 magistratum
1046 2092 1153 2142 gessi
1178 2093 1424 2132 consulibus
1447 2093 1656 2132 Tuditano
1680 2100 1719 2131 et
1743 2092 1937 2144 Cethego,
1952 2103 1988 2132 30

170 2164 262 2191 cum
295 2151 468 2204 quidem
499 2151 569 2190 ille
600 2152 825 2191 admodum
859 2166 990 2191 senex
1023 2168 1170 2192 suasor
1205 2154 1305 2205 legis
1339 2154 1502 2194 Cinciae
1536 2156 1586 2194 de
1620 2156 1740 2194 donis
1779 2161 1818 2194 et
1849 2168 1938 2193 mu-

169 2214 336 2254 neribus
379 2213 469 2253 fuit.
531 2214 606 2253 Hic
648 2221 688 2253 et
726 2215 834 2253 bella
875 2216 1043 2267 gerebat
1086 2222 1128 2254 ut
1167 2217 1438 2263 adulescens,
1482 2232 1575 2256 cum
1614 2217 1737 2270 plane
1770 2217 1937 2268 grandis

169 2282 300 2322 esset,
342 2282 382 2315 et
413 2277 661 2316 Annibalem
702 2278 940 2317 iuveniliter
979 2279 1238 2317 exultantem
1273 2280 1474 2332 patientia
1506 2294 1578 2319 sua
1613 2279 1845 2319 molliebat:
1885 2279 1936 2319 de

170 2351 254 2392 quo
286 2338 499 2392 praeclare
531 2338 748 2379 familiaris
783 2346 924 2379 noster
956 2341 1142 2380 Ennius:

1381 2426 1425 2435 -v
1544 2426 1609 2429 „7-
1640 2426 1749 2429 --rv-

252 2456 282 2486 Ξ.
309 2464 372 2486 usu
395 2456 559 2486 evenis-ene
583 2458 768 2493 (euenerinl
789 2458 827 2496 Ε)
856 2459 879 2488 (2
911 2475 941 2480 -—
979 2458 1008 2489 3.
1036 2459 1215 2489 mullorum
1239 2467 1296 2496 eqo
1323 2459 1344 2489 R
1376 2477 1407 2480 —
1441 2461 1508 2489 sine
1526 2477 1572 2482 -—
1591 2463 1694 2499 ayunt
1721 2462 1741 2490 Ρ
1766 2461 1797 2491 in
1825 2468 1932 2499 marg.

166 2504 273 2537 habet
298 2514 343 2537 m.
364 2506 383 2537 ‘2
415 2523 448 2528 —
482 2506 511 2538 4».
539 2516 604 2537 esse
629 2516 697 2538 οη).
721 2508 741 2537 Β
772 2523 803 2529 -
841 2508 859 2537 6
898 2509 1043 2546 difficiles
1067 2518 1156 2538 senes
1182 2518 1238 2538 ner·
1262 2509 1433 2538 inhumani
1460 2510 1467 2539 l
1497 2527 1529 2530 —
1566 2510 1822 2539 tolerabiliorem
1848 2510 1871 2539 B
1901 2526 1934 2530 —

166 2555 196 2586 7.
216 2559 323 2586 aetate
347 2556 402 2587 BR
432 2574 465 2578 -
494 2556 545 2586 ⁴0.
573 2560 618 2586 esc
642 2557 728 2587 istud
753 2558 894 2595 quidem.
923 2558 1024 2593 Laeli,
1051 2558 1190 2596 aliquid,
1217 2560 1271 2589 sed
1296 2568 1507 2598 nequaqnam
1533 2560 1589 2590 sibi
1614 2560 1852 2590 &nicode-ndum
1876 2559 1938 2596 suit

167 2604 344 2636 Charisius
377 2614 408 2646 pv
432 2605 512 2640 ²208,
536 2607 573 2636 47
602 2607 637 2637 Κ.
679 2623 711 2627 —
758 2607 805 2636 11.
835 2608 976 2645 seriplno
1001 2609 1133 2638 cuidam
1157 2609 1264 2646 fertur
1290 2610 1410 2638 iniuria
1437 2610 1458 2639 B
1499 2628 1530 2632 —
1577 2610 1627 2640 13,
1655 2609 1814 2647 Seriphius
1838 2617 1937 2639 essem

163 2654 313 2694 ignobilis
337 2655 381 2686 C:
410 2655 579 2694 Seriphius
602 2665 711 2692 essem,
738 2656 853 2687 nobilis
879 2658 916 2693 t),
943 2666 1032 2696 quae
1060 2660 1111 2688 est
1137 2661 1310 2689 correctio
1337 2660 1456 2689 nescio
1483 2660 1599 2690 cuius:
1627 2658 1799 2697 glossema
1819 2661 1937 2689 sustu—

163 2702 199 2735 lit
223 2704 300 2736 Car*
323 2705 493 2743 Langius;
531 2714 563 2735 v.
592 2706 751 2745 Madxigii
777 2707 903 2746 Opuso
936 2709 979 2745 ΙΙ,
1002 2708 1056 2738 271
1097 2726 1129 2728 —
1170 2709 1218 2740 1κίΔ
1247 2718 1327 2738 esses
1351 2718 1421 2740 om.
1444 2710 1467 2740 E
1501 2727 1533 2731 -
1571 2719 1727 2747 nmquam
1752 2710 1863 2739 ‹tot-us
1888 2709 1936 2738 11<

166 2770 201 2776 —
228 2754 315 2793 quod
337 2763 374 2784 eo
398 2756 492 2786 modo
526 2756 547 2786 Β
585 2773 618 2778 -
660 2758 708 2786 15.
737 2766 799 2786 non
826 2758 906 2787 lenis
939 2758 961 2788 13
999 2776 1030 2780 —-
1076 2758 1122 2789 16.
1151 2768 1189 2788 ne
1213 2766 1281 2789 om.
1313 2759 1334 2789 13
1369 2775 1401 2780 -
1442 2760 1491 2789 ¹¹9.
1519 2760 1698 2797 ecsecerunl
1731 2760 1752 2790 P
1785 2767 1874 2788 corr.
1904 2760 1936 2788 in

163 2803 300 2842 efferunt
327 2820 361 2825 —
390 2804 441 2834 ΞΟ.
467 2814 525 2835 nec·
547 2810 696 2836 emt-emo
722 2808 732 2838 1
767 2824 792 2827 -
824 2808 875 2838 ⁰21.
905 2808 1035 2847 quadem
1062 2808 1106 2838 C:
1135 2816 1191 2838 om
1225 2808 1249 2837 (ἶ)
1287 2826 1309 2829 --
1342 2809 1391 2838 22.
1420 2810 1599 2839 mullorum
1626 2809 1648 2839 [ἱ
1679 2826 1708 2830 -
1738 2808 1789 2838 23.
1818 2809 1938 2845 recepit

163 2854 363 2884 tarentuml
402 2871 435 2876 —
476 2855 592 2893 recipit
618 2853 672 2887 1³¹:
711 2864 784 2886 eum
810 2857 865 2894 qui
894 2857 1069 2887 Tarentum
1102 2859 1223 2895 recepit
1255 2866 1316 2897 pro
1350 2858 1562 2897 glossemate
1596 2858 1727 2889 liabent
1761 2856 1871 2888 (jobet
1904 2861 1936 2888 et

163 2902 287 2934 Rinkes
315 2920 348 2925 —
380 2903 432 2936 ²24.
460 2906 647 2935 adolescens
671 2906 717 2936 isa
742 2906 844 2936 (lileai
868 2916 972 2936 senem
1000 2907 1024 2936 Ο
1054 2925 1085 2928 -
1115 2907 1395 2947 eratenem]e1·yo
1413 2912 1484 2938 era!
1510 2909 1533 2939 B
1563 2927 1595 2930 —
1623 2910 1777 2939 concitate
1802 2909 1824 2939 E
1844 2918 1934 2940 corr.

164 2960 204 2983 ex
229 2961 314 2990 cum,
333 2956 402 2984 tate
429 2971 462 2975 —
490 2955 543 2985 ⁶25.
571 2956 706 2986 (wadila
731 2956 802 2994 (sici
830 2957 840 2986 l
870 2973 902 2977 —
931 2956 1093 2996 grat-itas]
1119 2958 1237 2996 gyronis
1261 2962 1367 2987 uirtus
1393 2958 1416 2988 E
1442 2975 1482 2979 —
1508 2958 1559 2987 26.
1586 2959 1654 2997 cepi
1679 2960 1710 2990 S.
1738 2959 1828 2997 caepi
1855 2959 1876 2989 Β
1901 2976 1932 2980 -

162 3000 215 3032 27.
239 3006 414 3041 postquam
438 3005 551 3034 consul
573 3006 718 3041 primum
741 3006 852 3044 fuerat
876 3014 934 3045 eyo
961 3007 969 3036 1
999 3023 1032 3027 -
1061 3011 1132 3044 post
1156 3007 1363 3037 consulalm'n
1392 3009 1412 3038 P
1430 3025 1470 3029 —
1496 3008 1548 3037 28.
1568 3016 1641 3038 cum
1661 3017 1720 3046 que
1738 3017 1811 3047 »quo
1829 3008 1936 3044 corr)

163 3051 187 3082 P
213 3067 247 3073 —
274 3051 320 3093 eo]
336 3061 395 3091 690
419 3055 441 3085 P
470 3071 502 3076 —
532 3058 690 3092 quartum
714 3053 767 3086 1³¹:
794 3060 914 3093 quarto
940 3055 1104 3087 ntitas.
1133 3056 1195 3086 sed
1224 3057 1255 3086 in
1284 3058 1304 3086 tt
1332 3061 1487 3094 quartum
1514 3058 1590 3087 ead.
1621 3066 1666 3088 ni.
1693 3067 1769 3097 sup.
1799 3057 1876 3093 lin.,
1904 3058 1935 3087 in

163 3099 187 3130 E
213 3108 316 3132 manu
342 3104 474 3133 recent.
515 3119 550 3124 —
591 3104 635 3133 ad
664 3112 720 3134 om
764 3105 772 3134 l
812 3120 846 3126 -
888 3105 928 3135 ⁶29
968 3109 1133 3135 (mensum
1160 3109 1314 3143 quaestor
1338 3107 1452 3136 deinde
1475 3108 1592 3137 aedilis
1616 3109 1836 3146 quadriennio
1867 3111 1937 3145 post

165 3150 246 3189 (pose
267 3158 337 3182 om.
358 3152 392 3190 Ε)
416 3153 523 3189 sactus
546 3162 617 3184 sum
637 3159 776 3193 praesm-
800 3164 894 3194 quem
919 3160 1070 3195 vzagscslr.
1099 3156 1142 3191 (J,
1171 3156 1319 3185 correxit
1349 3156 1488 3195 Pighius
1516 3173 1546 3177 -
1582 3156 1633 3187 31.
1662 3162 1728 3187 {mn
1755 3158 1883 3196 quidem
1911 3157 1932 3186 ti

166 3215 200 3221 —
229 3199 307 3240 leyis
329 3202 469 3233 cinthiae
494 3204 536 3237 E,
574 3205 676 3234 vincte
699 3204 779 3243 legyis
802 3205 814 3235 l
854 3222 882 3226 —
929 3205 969 3235 32
1009 3209 1076 3235 tum
1100 3215 1132 3243 μ,
1159 3214 1190 3244 9.
1218 3208 1291 3235 erat
1318 3205 1338 3234 t:
1378 3222 1411 3226 —
1455 3206 1506 3235 31³.
1535 3210 1563 3236 el
1580 3223 1628 3228 --
1647 3207 1811 3237 molliebat
1837 3206 1938 3236 zittert

165 3248 294 3281 Nonius
319 3259 350 3291 p.
370 3250 445 3289 30⁴,
463 3253 482 3284 3
514 3256 547 3284 et
572 3262 604 3293 p.
626 3254 701 3292 5347,
721 3254 760 3285 16
794 3271 826 3275 -
863 3255 1055 3286 Annibalem
1082 3256 1104 3286 P
1130 3257 1163 3286 et
1188 3254 1290 3285 codd.
1308 3255 1429 3285 Nonii:
1463 3255 1682 3286 Hannibalem
1707 3256 1730 3287 B
1749 3256 1770 3286 Ε
1786 3256 1793 3285 l
1812 3256 1834 3286 R
1851 3256 1871 3285 S
1899 3273 1932 3278 —

171 3298 365 3331 moliebatur
387 3301 433 3340 R,
459 3303 524 3335 sed
548 3302 684 3344 syllaba
708 3313 750 3335 ur
775 3312 875 3337 erasa
899 3321 943 3328 —
966 3304 1018 3337 34.
1044 3307 1123 3348 post
1146 3308 1255 3336 noster
1278 3307 1333 3336 est
1356 3305 1389 3336 in
1414 3304 1439 3337 E
1463 3314 1542 3346 sup.
1564 3304 1620 3337 lin.
1647 3309 1695 3336 all
1720 3307 1751 3346 (t.
1771 3314 1799 3336 e.
1820 3304 1890 3344 ait).
