2249 3624
305 161 387 203 582
1063 159 1132 198 DE
1165 157 1320 198 FATO.

309 268 381 322 qui
412 268 533 308 aliter
562 265 767 306 obsistere
797 265 883 304 fato
915 264 1069 304 fatetur
1100 277 1145 303 se
1176 276 1259 303 non
1290 263 1502 316 potuisse,
1532 262 1615 301 nisi
1646 262 1697 302 ad
1728 262 1803 303 has
1835 265 2077 304 commenti-

308 330 393 370 cias
426 329 732 369 declinationes
765 326 1035 378 confugisset.
1084 327 1188 365 Nam
1219 331 1264 365 ut
1296 331 1437 366 essent
1467 325 1613 372 atomi,
1646 339 1751 378 quas
1783 325 1956 379 quidem
1987 340 2077 368 esse

308 390 408 433 mihi
448 391 616 444 probari
655 391 772 430 nullo
815 388 939 428 modo
979 393 1136 441 potest,
1187 393 1325 427 tamen
1366 388 1670 427 declinationes
1709 387 1813 427 istae
1850 401 2078 441 numquam

308 454 630 507 explicarentur.
689 454 792 492 Nam
824 450 857 490 si
887 450 1035 490 atomis
1068 456 1112 489 ut
1142 450 1343 502 gravitate
1373 449 1561 489 ferantur
1601 450 1801 489 tributum
1843 454 1905 490 est
1935 462 2079 490 neces-

275 517 429 560 ssitate
460 522 654 562 naturae,
687 514 800 568 quod
832 526 953 553 omne
986 512 1151 565 pondus
1182 512 1296 551 nulla
1326 526 1370 552 re
1406 511 1651 564 inpediente
1673 518 1890 552 moveatur
1911 517 1952 551 et
1971 511 2080 552 fera-

307 584 375 618 tur
404 592 576 619 necesse
608 583 690 625 est,
730 576 833 616 illud
876 588 1048 629 quoque
1084 588 1258 614 necesse
1296 580 1359 614 est
1390 574 1601 615 declinare
1633 574 1887 628 quibusdam
1917 575 2078 623 atomis,

306 641 394 690 vel,
426 642 461 682 si
492 641 660 688 volunt,
693 639 888 680 omnibus
919 637 1164 678 naturaliter
1195 636 1217 653 ³*
1243 637 1266 657 ἢ
1290 636 1313 657 ³⁶

814 905 1104 1008 Reliquiae
1149 904 1270 980 libri
1317 904 1384 980 de
1430 904 1560 980 fato.

417 1124 454 1166 ’1.
488 1126 648 1166 Gellius
680 1130 791 1165 noct.
815 1124 937 1164 Attic.
960 1124 1058 1170 VII,
1082 1121 1128 1170 ⁶2,
1147 1119 1221 1161 45:
1262 1123 1399 1174 Itaque
1428 1123 1483 1162 M.
1507 1122 1642 1162 Cicero
1674 1123 1717 1161 in
1747 1123 1865 1169 libro,
1897 1136 2010 1175 quem
2037 1123 2082 1164 de

253 1192 383 1244 »iofato
414 1189 670 1241 conseripsit,
704 1201 792 1227 cum
822 1187 1088 1240 quaestionem
1117 1186 1238 1224 istam
1267 1185 1412 1224 diceret
1442 1184 1766 1223 obscurissimam
1797 1199 1875 1225 esse
1901 1192 1934 1225 et
1962 1186 2082 1238 inpli-

301 1253 571 1298 mitissimam,
619 1251 884 1303 Chrysippum
922 1262 1072 1301 quoque
1107 1247 1384 1299 philosophum
1423 1259 1502 1286 non
1543 1247 1743 1298 expedisse
1782 1261 1822 1287 se
1861 1248 1903 1287 in
1942 1262 1987 1287 ea
2024 1249 2082 1288 ait

301 1317 365 1356 his
393 1315 546 1354 verbis:
594 1313 853 1367 Chrysippus
885 1317 1080 1351 aestuans
1112 1310 1414 1362 laboransque,
1455 1322 1635 1362 quonam
1673 1315 1794 1362 pacto
1827 1310 2011 1363 explicet
2042 1315 2083 1351 et

301 1378 387 1419 fato
419 1377 559 1416 omnia
589 1374 678 1416 fieri
712 1381 752 1414 et
784 1388 874 1415 esse
907 1373 1067 1427 aliquid
1100 1374 1142 1412 in
1174 1373 1315 1418 nobis,
1347 1372 1563 1412 intricatur
1593 1372 1673 1412 hoc
1706 1372 1847 1412 modo.

415 1438 454 1478 2.
487 1439 658 1479 Servius
680 1439 730 1478 ad
750 1437 902 1490 Vergil.
921 1439 1023 1475 Aen.
1043 1437 1113 1483 111,
1130 1433 1236 1474 376:
1278 1436 1472 1487 i'olvitque
1493 1431 1609 1486 vices]
1635 1435 1808 1486 definitio
1836 1436 1914 1487 fati
1944 1448 2082 1476 secun-

252 1504 395 1547 isdum
428 1502 625 1550 Tullium,
670 1502 739 1554 qui
767 1501 851 1540 ait:
902 1500 1049 1539 Fatum
1091 1503 1153 1538 est
1191 1498 1371 1537 conexio
1412 1510 1552 1537 rerum
1594 1511 1669 1550 per
1707 1498 1996 1538 aeternitatem
2037 1511 2082 1539 se

302 1567 482 1607 invicem
523 1570 695 1610 tenens,
739 1575 847 1616 quae
888 1575 964 1602 suo
1005 1560 1151 1601 ordine
1193 1566 1233 1600 et
1270 1560 1361 1612 lege
1400 1559 1460 1599 sic
1492 1560 1677 1599 variatur
1709 1557 1781 1614 [ita
1813 1557 1996 1613 tamen],
2036 1565 2082 1601 ut

302 1630 396 1684 ipsa
424 1627 605 1668 varietas
637 1626 789 1665 habeat
819 1625 1122 1665 aeternitatem.

416 1688 454 1730 3.
495 1689 757 1742 Augustinus
799 1688 849 1727 de
889 1687 999 1726 civit.
1031 1686 1097 1725 dei
1128 1686 1177 1732 V,
1199 1683 1251 1724 8:
1303 1685 1372 1723 Illi
1409 1698 1559 1737 quoque
1589 1697 1725 1724 versus
1755 1684 1961 1724 Homerici
1989 1684 2082 1725 huic

302 1755 512 1796 sententiae
542 1752 837 1803 suffrayantur‚
870 1763 965 1802 quos
998 1749 1132 1789 Cicero
1166 1749 1206 1787 in
1237 1748 1407 1787 latinum
1436 1749 1578 1786 vertit:

249 1833 287 1863 20
587 1815 709 1854 Tales
739 1819 836 1853 sunt
865 1813 1080 1852 hominum
1112 1817 1295 1857 mentes,
1328 1810 1440 1863 quali
1474 1816 1593 1862 pater
1623 1811 1714 1863 ipse

585 1877 773 1929 Iuppiter
803 1874 1024 1915 auctiferas
1056 1874 1247 1913 lustravit
1279 1873 1436 1912 lumine
1470 1879 1615 1913 terras.

300 1945 378 1985 Nec
414 1944 458 1982 in
494 1942 568 1981 hac
605 1941 828 1992 quaestione
863 1938 1140 1977 auctoritatem
1170 1937 1327 1975 haberet
1354 1937 1511 1987 poetica
1542 1937 1755 1983 sementia,
1797 1935 1863 1975 sed
1893 1937 2079 1988 quoniam

300 2007 455 2046 Stoicos
493 2005 589 2043 dicit
628 2004 708 2041 vim
744 2002 822 2054 sati
860 2008 1076 2040 asserentes
1116 2000 1209 2038 istos
1249 2012 1298 2038 ex
1329 2000 1503 2038 Homero
1544 2012 1681 2039 versus
1712 2000 1834 2038 solere
1863 2012 2076 2051 usurpare,

299 2082 380 2108 non
415 2069 459 2108 dc
495 2067 604 2106 'iltius
629 2071 767 2116 poetae
798 2064 863 2102 sect
894 2064 938 2102 de
970 2064 1139 2101 istorum
1166 2063 1494 2113 philosophorum
1526 2064 1708 2114 opinione
1740 2067 1951 2108 tractatur,
1992 2074 2080 2102 cum

250 2144 369 2183 25per
398 2131 496 2169 istos
528 2141 674 2168 versus.
709 2140 805 2179 quos
835 2126 1097 2177 disputationi
1128 2125 1322 2170 adhibent,
1357 2138 1475 2176 quam
1508 2125 1556 2164 de
1583 2126 1668 2177 sato
1699 2125 1850 2171 habent,
1882 2125 1976 2176 quid
1995 2138 2081 2165 sen-

299 2195 401 2233 tiant
430 2206 509 2231 esse
536 2193 666 2243 satum
697 2191 944 2241 apertissime
970 2188 1211 2235 declaratur,
1237 2188 1426 2239 quoniam
1446 2189 1578 2227 lovem
1606 2188 1818 2240 appellant,
1843 2201 1956 2240 quem
1975 2201 2081 2228 sum-

299 2269 406 2296 mum
436 2255 549 2293 deum
576 2259 739 2305 putant,
774 2266 798 2290 a
829 2266 903 2303 quo
934 2251 1190 2290 conexionem
1221 2251 1356 2289 dicunt
1380 2252 1548 2302 pendere
1575 2252 1768 2303 satorum.

414 2314 452 2356 4.
484 2316 744 2367 Augustinus
777 2315 827 2353 de
861 2314 968 2353 civit.
998 2312 1061 2352 dei
1089 2314 1134 2360 V,
1156 2312 1203 2352 ⁹2:
1247 2315 1380 2353 Cicero
1409 2315 1503 2353 dicit
1536 2316 1837 2367 Hippocratem
1871 2313 2080 2354 nobilissi—

302 2394 413 2421 mum
446 2379 655 2418 medicum
688 2377 890 2430 seriptum
924 2377 1148 2429 reliquisse
1183 2376 1388 2429 quosdam
1412 2376 1573 2422 fratres,
1599 2391 1691 2416 cum
1715 2377 1838 2417 simul
1861 2382 2078 2429 aegrotare

251 2442 551 2495 aocoepissent,
584 2446 625 2479 et
656 2453 798 2479 eorum
833 2439 1002 2478 morbus
1036 2438 1183 2478 eodem
1217 2445 1406 2490 tempore
1439 2439 1759 2491 ingravesceret,
1792 2440 1940 2480 eodem
1968 2439 2078 2479 leva-

302 2512 425 2553 retur,
457 2504 645 2557 geminos
679 2503 948 2555 suspicatum.
1003 2501 1119 2549 Quos
1142 2502 1394 2541 Posidonius
1418 2501 1584 2541 Stoicus
1618 2502 1793 2542 multum
1826 2502 2077 2554 astrologiae

391 2648 419 2677 4.
447 2645 688 2677 (τονηηιεηιὶιίαε
712 2645 739 2675 Α
772 2661 806 2666 -—
842 2643 1143 2673 commenticias-—
1162 2643 1394 2673 declinationes
1418 2645 1455 2677 (v
1487 2643 1521 2680 3)
1548 2652 1618 2674 om.
1647 2643 1713 2674 cod
1746 2643 1858 2678 Gudq
1892 2644 1925 2675 in
1952 2643 2030 2675 cod.
2049 2643 2078 2673 V

302 2698 428 2729 eadem
466 2696 597 2731 vei-ba.
636 2703 726 2734 quae
761 2694 863 2724 trium
896 2692 1067 2724 linearum
1100 2694 1250 2733 spatium
1283 2692 1531 2733 complebant,
1570 2695 1602 2724 in
1637 2696 1792 2724 extrema
1827 2695 1949 2734 pagina
1975 2694 2077 2734 impia

301 2755 407 2779 manu
433 2747 476 2777 iia
503 2754 600 2777 erasa
627 2747 725 2780 sunt,
758 2746 795 2775 ut
822 2752 929 2783 pauca
957 2742 1150 2774 litterarum
1179 2744 1319 2782 vestigia
1346 2745 1544 2784 supersint:
1577 2752 1732 2783 sequens
1757 2744 1880 2784 pagina
1913 2752 1931 2775 a
1958 2743 2078 2775 litteris

299 2807 355 2829 nes
379 2798 517 2836 incipit.
551 2804 656 2836 quam
683 2796 878 2826 extremam
905 2792 1079 2831 syllabam
1106 2793 1201 2823 vocis
1227 2793 1460 2824 declinationes
1484 2802 1562 2824 esse
1588 2796 1733 2833 apparet
1758 2812 1799 2816 —
1831 2792 1861 2823 3.
1883 2793 2029 2833 probare
2052 2792 2076 2824 C

304 2864 336 2869 —
365 2846 558 2884 numquam]
584 2855 663 2876 num
687 2845 764 2883 quid
791 2845 812 2875 Β
844 2862 874 2865 -
911 2843 1188 2881 §.impedientem
1216 2843 1236 2872 Β
1267 2860 1299 2864 -
1328 2843 1367 2882 et]
1386 2852 1402 2873 e
1425 2842 1465 2875 ΑΙ
1493 2859 1527 2864 -
1556 2843 1585 2873 7,
1614 2843 1832 2884 Subscriptio
1857 2842 1958 2874 deest
1981 2843 2013 2874 in
2033 2842 2076 2877 C:

302 2896 380 2928 cod.
407 2899 432 2928 A
459 2895 585 2927 eodem
612 2903 716 2926 versu
749 2895 861 2935 pergit
891 2895 922 2925 in
950 2894 1087 2934 Topicis
1113 2901 1130 2923 a
1156 2892 1275 2924 verbis
1304 2897 1339 2922 u!
1360 2894 1454 2931 potui
1480 2893 1583 2932 (Μ),
1618 2894 1651 2925 in
1676 2894 1699 2924 B
1726 2902 1824 2932 signo
1849 2894 2010 2934 adposito
2034 2892 2077 2925 ad

301 2947 501 2977 naturaliter
525 2947 558 2977 in
584 2946 740 2984 margine
766 2943 971 2975 adnotatum
997 2944 1067 2973 est:
1094 2943 1145 2973 hic
1169 2943 1253 2973 deest
1275 2943 1351 2983 fluis
1372 2942 1468 2973 huius
1492 2943 1567 2974 libri
1593 2951 1687 2982 quem
1705 2943 1847 2974 invenies
1864 2945 2078 2983 quaternione

301 2997 375 3028 XXI
395 2997 473 3035 folio
497 2995 646 3027 secundo.

391 3046 442 3076 42.
469 3046 518 3075 ait
542 3044 760 3075 addidimus:
794 3043 895 3083 refert
917 3043 967 3073 his
990 3042 1097 3072 verbis
1121 3042 1145 3072 Ο
1185 3059 1219 3063 —-
1256 3045 1354 3081 paeto
1385 3050 1454 3073 om.
1483 3041 1610 3078 codd.;
1642 3051 1788 3081 quonam
1810 3043 1869 3073 hoc
1891 3044 1986 3073 modo
2010 3042 2077 3082 (hoc

302 3096 398 3127 modo
422 3103 444 3125 v
473 3095 510 3125 43
536 3095 620 3132 om)
648 3095 750 3125 Hertz
789 3109 822 3116 -
869 3093 917 3124 it.
950 3093 1020 3123 Hoc
1045 3092 1280 3131 fragmentum
1309 3093 1342 3122 et
1367 3091 1436 3122 duo
1461 3093 1644 3131 sequentia
1677 3092 1708 3123 in
1737 3092 1802 3122 hoc
1828 3091 1980 3123 editione
2005 3091 2077 3132 pri-

303 3154 400 3177 mum
427 3147 665 3176 accesserunt.
696 3160 729 3165 —
769 3144 819 3175 46.
847 3145 894 3174 ita
919 3146 1027 3174 tamen
1051 3141 1188 3172 uncinis
1214 3141 1335 3171 inclusi
1364 3158 1396 3163 -
1437 3141 1490 3172 ΞΟ.
1519 3142 1627 3181 quatis
1651 3141 1703 3173 vel
1730 3142 1842 3180 quales
1866 3141 1968 3172 codd.
1988 3140 2072 3172 dett.

306 3213 341 3219 —
375 3197 409 3226 24
454 3194 608 3233 astrifero
634 3193 712 3224 cod.
742 3192 979 3228 colbertinus,
1014 3192 1058 3223 cf.
1085 3191 1183 3223 Hom.
1206 3191 1267 3222 Od.
1295 3191 1500 3227 XV111,436
1525 3199 1575 3230 sq,
1611 3209 1654 3214 —
1687 3191 1739 3222 34.
1768 3192 1853 3232 Quos
1875 3188 2073 3230 Posidonius]

305 3245 389 3277 Inde
415 3244 459 3275 ab
485 3244 550 3275 hoc
575 3243 651 3276 loco
677 3245 888 3283 Augustinus
921 3252 983 3275 sua
1015 3242 1122 3274 verba
1157 3242 1336 3273 Ciceronis
1362 3241 1598 3273 immiscuisse
1623 3241 1779 3280 videtur;
1813 3239 1907 3282 quod
1931 3239 1975 3272 ad
1997 3247 2073 3271 rem

304 3295 477 3339 pertinet,
511 3293 591 3326 vide
617 3294 687 3326 Cic.
716 3293 759 3326 de
786 3294 853 3325 fato
878 3293 951 3334 §52
988 3295 1026 3324 ut
1049 3293 1083 3324 in
1105 3292 1203 3323 simut
1228 3292 1477 3332 aegrotantibus
1497 3289 1672 3331 fratribus.
