2249 3624
315 225 397 267 990
1050 229 1331 270 CICERONIS

315 343 562 383 quamquam
592 332 841 381 Augustinus
868 331 1038 371 multum
1068 344 1161 371 eum
1188 332 1313 373 fuisse
1340 333 1464 371 refert
1489 333 1529 372 in
1557 332 1828 374 lamentandis
1856 336 1962 375 vitae
1989 337 2067 375 mi-

315 395 445 433 seriis.
503 395 581 442 (De
611 395 725 434 Civit.
755 395 801 433 D.
831 394 854 434 l.
887 396 994 433 XIX.
1025 406 1061 433 c.
1090 395 1126 432 4.
1157 397 1200 433 Τ.
1221 396 1267 433 V.
1286 407 1326 446 p.
1351 395 1473 445 1147.)
1503 397 1647 435 NOBBE.
1697 399 1754 447 (In
1781 397 2067 437 Consolatione

314 459 488 496 maxime
530 458 769 496 Crantorem
811 462 978 495 secutus
1007 461 1068 495 est
1095 456 1275 506 Tullius,
1315 462 1421 496 teste
1451 457 1575 496 Plinio
1602 459 1642 497 in
1671 462 1829 507 Praesat.
1861 467 1940 508 post
1972 465 2065 499 med.

315 525 355 558 et
390 520 632 571 Hieronymo
671 520 712 558 in
754 521 850 566 Epit.
893 520 1021 565 Nepot.
1066 532 1104 570 p.
1145 520 1231 558 268.
1286 520 1423 558 Docen
1462 520 1502 558 in
1532 521 1635 560 Jahn
1660 524 1888 560 Jahrbucher
1912 522 1999 562 Vol.
2027 527 2065 565 ’7.

280 584 425 628 5Fasc.
468 583 499 621 1.
544 595 635 633 pag.
676 584 757 621 113.
801 582 902 621 haec
931 581 1078 620 habet:
1127 584 1193 620 «In
1221 581 1300 620 den
1327 583 1597 632 Fragmenten
1625 584 1802 624 Cicero⁷s
1830 584 1974 625 sollten
2002 584 2067 625 die

313 645 467 685 Stellen
493 645 532 683 in
562 644 641 683 den
668 644 826 682 Briesen
854 643 928 681 des
956 644 994 682 h.
1025 644 1292 695 Hieronymus
1320 644 1431 683 nicht
1457 644 1610 694 fehlen,
1639 647 1679 685 in
1711 646 1847 686 denen
1875 659 1919 686 er
1937 647 2068 688 offen-

312 709 388 747 bar
426 708 496 747 aus
519 707 599 746 den
627 708 750 744 lnhatt
778 705 852 744 der
877 705 1094 744 verlornen
1123 707 1438 746 Ciceronischen
1468 707 1615 746 Schrist
1639 712 1680 746 de
1707 712 1950 747 consolatione
1985 709 2067 748 sich

312 770 509 810 bezieht.»
567 769 689 808 Attuli
718 769 763 807 N.
797 771 872 817 10„
903 779 1009 819 quae
1039 769 1126 807 eius
1157 770 1321 819 generis
1349 768 1460 820 apud
1486 770 1773 823 Hieronymum
1803 773 1951 823 reperi.
1982 771 2068 811 Alia

311 834 342 872 si
371 838 585 884 praeterea
611 832 645 870 is
673 831 821 877 habet,
851 843 915 868 me
945 831 1146 880 fugerunt.
1203 830 1286 870 Sed
1314 843 1419 882 quae
1447 832 1676 882 significare
1703 833 1868 873 videtur
1895 835 1965 872 Vir
1998 834 2069 872 do-

266 912 297 940 10
310 896 538 943 ctissimus,
567 906 645 932 non
675 893 802 944 magis
831 893 1016 932 Ciceroni
1042 893 1096 932 ita
1124 893 1280 932 restitui
1298 899 1488 944 possunt,
1520 900 1562 932 ut
1580 894 1734 934 nullum
1755 902 1966 935 remaneat
1985 896 2065 936 du-

311 958 444 1007 bium,
475 969 597 1008 quam
626 967 731 1007 quae
760 955 943 994 similiter
970 954 1080 1006 apud
1109 954 1311 994 Valerium
1336 956 1551 995 Maximum
1572 958 1815 1008 praesertim
1836 964 1876 996 et
1894 959 2069 998 Lactan-

310 1021 408 1059 tium
453 1019 583 1058 latent
625 1019 666 1057 in
706 1023 1035 1069 perpetuumque
1074 1017 1261 1056 latebunt
1299 1017 1495 1057 Tulliana.
1549 1019 1675 1059 Maius
1714 1020 1755 1058 in
1800 1021 1969 1060 Praesat.
2017 1021 2068 1059 ad

311 1083 475 1134 Scriptt.
517 1087 614 1121 vett.
659 1093 804 1120 novam
835 1080 1113 1129 collationem,
1159 1081 1310 1119 Romae
1343 1081 1450 1119 1825.
1480 1081 1522 1119 T.
1558 1084 1590 1119 1.
1622 1093 1662 1132 p.
1691 1083 1802 1121 XIV:
1851 1083 2069 1135 «Suspicor

309 1146 487 1197 priorem
516 1144 664 1183 librum
691 1143 894 1183 Ambrosii
924 1143 974 1181 de
1005 1155 1180 1181 excessu
1200 1143 1332 1182 fratris
1354 1144 1484 1195 Satyri
1506 1143 1555 1183 ad
1576 1144 1840 1184 imitationem
1860 1144 2067 1184 Tullianae

261 1223 296 1251 ,25
312 1207 598 1247 consolationis
626 1207 749 1245 fuisse
788 1206 1102 1256 conscriptum.»
1166 1206 1342 1245 Extabat
1374 1205 1605 1246 Consolatio
1642 1206 1788 1246 Isidori
1824 1212 1970 1246 aetate.
2006 1207 2065 1246 Cf.

310 1271 397 1310 eius
425 1269 622 1309 Libellum
651 1281 820 1309 aureum
854 1268 904 1307 de
931 1273 1168 1319 contemptu
1196 1267 1350 1318 mundi,
1387 1269 1512 1308 initio.
1548 1269 1643 1318 On.)

413 1373 445 1410 1.
490 1371 640 1418 (Cicero)
669 1382 748 1407 cum
772 1372 810 1405 in
837 1371 1019 1415 principio
1053 1369 1315 1405 Consolationis
1341 1381 1426 1405 suae
1448 1371 1619 1414 dixisset,
1655 1367 1898 1408 luendorum
1932 1368 2067 1408 scele-

308 1447 398 1474 rum
427 1445 550 1473 causa
578 1433 690 1472 nasci
719 1432 928 1480 homines,
959 1434 1104 1468 iteravit
1132 1434 1169 1467 id
1196 1434 1313 1478 ipsum
1332 1438 1475 1479 postea,
1506 1435 1612 1479 quasi
1639 1434 1835 1480 obiurgans
1866 1445 1967 1478 eam,
2005 1435 2068 1479 qui

307 1502 421 1536 vitam
446 1509 599 1545 poenam
626 1507 698 1532 non
725 1508 795 1532 esse
820 1500 929 1541 putet.
987 1494 1297 1541 (Lactantius
1325 1496 1425 1532 Inst.
1454 1492 1480 1530 l.
1509 1495 1578 1532 Ill.
1609 1505 1643 1532 c.
1675 1494 1733 1534 18.
1766 1496 1801 1543 §.
1831 1495 1912 1543 18.)

258 1575 295 1603 20
409 1561 445 1600 2.
490 1562 584 1597 Hinc
627 1565 716 1595 nata
755 1563 803 1594 est
830 1560 950 1603 inepta
978 1559 1045 1593 illa
1074 1560 1266 1599 sententia,
1305 1559 1398 1593 hanc
1425 1570 1497 1594 esse
1524 1563 1692 1600 mortem,
1729 1570 1839 1604 quam
1862 1570 1926 1594 nos
1954 1560 2067 1594 vitam

307 1632 489 1672 putemus,
537 1625 641 1659 illam
670 1625 801 1664 vitam,
846 1634 955 1668 quam
982 1633 1047 1656 nos
1072 1632 1139 1667 pro
1168 1627 1279 1657 morte
1311 1623 1516 1664 timeamus,
1558 1623 1611 1657 ita
1639 1624 1798 1668 primum
1831 1623 1962 1657 bonum
1996 1634 2067 1658 esse

308 1701 380 1725 non
407 1689 531 1732 nasci,
561 1687 753 1723 secundum
781 1687 886 1720 citius
913 1686 1027 1720 mori:
1072 1696 1184 1730 quae,
1217 1691 1255 1720 ut
1282 1686 1435 1720 maioris
1461 1686 1507 1719 sit
1535 1686 1781 1727 auctoritatis,
1812 1684 1933 1721 Sileno
1961 1687 2067 1720 attri-

310 1754 443 1788 buitur.
501 1750 619 1786 Cicero
648 1752 686 1785 in
716 1749 991 1785 Consolatione.-
1034 1747 1120 1784 Non
1159 1746 1270 1785 nasci
1312 1745 1430 1796 longe
1464 1747 1659 1797 optimum
1688 1758 1765 1784 nec
1795 1746 1835 1785 in
1863 1746 1936 1785 hos
1968 1757 2064 1784 sco-

306 1812 426 1864 pulos
453 1811 633 1850 incidere
662 1810 789 1859 vitae,
819 1810 1047 1860 proximum
1076 1814 1230 1855 autem,
1270 1808 1302 1846 si
1331 1813 1450 1848 natus
1479 1808 1558 1857 sis,
1607 1820 1728 1860 quam
1761 1809 1936 1859 primum
1964 1808 2065 1847 mori

258 1887 294 1916 ‘25
309 1881 349 1914 et
377 1881 584 1925 tamquam
611 1885 660 1911 ex
687 1870 877 1910 incendio
908 1871 1086 1921 eflugere
1114 1870 1346 1909 violentiam
1375 1871 1574 1910 fortunae.
1632 1869 1777 1920 (Idem
1804 1870 1903 1910 ibid.
1936 1883 1969 1909 c.
2002 1872 2061 1910 19.

309 1939 345 1989 ἓ.
378 1941 438 1978 14.
470 1937 528 1976 Cf.
559 1937 677 1974 Tusc.
708 1935 818 1986 Disp.
846 1933 916 1972 lib.
946 1935 977 1972 I.
1008 1945 1097 1984 cap.
1126 1933 1186 1972 48.
1219 1933 1256 1984 ξ.
1288 1934 1359 1973 114
1389 1934 1474 1984 sq.)

410 2039 443 2077 3.
485 2036 567 2076 Sed
607 2036 745 2074 nescio
787 2035 878 2085 quis
915 2046 990 2072 nos
1031 2039 1170 2072 teneat
1211 2046 1325 2072 error
1362 2039 1431 2073 aut
1463 2031 1707 2072 miserabilis
1733 2032 1931 2083 ignoratio
1962 2032 2060 2071 veri.

309 2103 461 2153 (Idem
488 2098 588 2138 ibid.
617 2111 652 2138 c.
685 2098 742 2137 14.
772 2099 808 2148 ξ.
838 2098 898 2136 20.
930 2097 988 2136 Cf.
1023 2098 1058 2146 3,
1095 2097 1154 2145 18,
1195 2098 1275 2147 18.)

407 2205 442 2241 4.
478 2200 714 2240 Animorum
756 2197 865 2237 nulla
898 2198 937 2236 in
967 2196 1086 2235 terris
1115 2196 1225 2246 origo
1252 2195 1423 2234 inveniri
1452 2200 1601 2247 potest.
1656 2193 1758 2233 Nihil
1786 2194 1891 2233 enim
1921 2199 1984 2233 est
2023 2194 2063 2232 in

258 2286 294 2317 30
308 2265 451 2305 animis
491 2264 659 2301 mixtum
700 2266 822 2311 atque
863 2264 1097 2298 concretum
1140 2263 1209 2297 aut
1250 2257 1359 2309 quod
1390 2270 1439 2296 ex
1467 2263 1575 2296 terra
1604 2262 1743 2296 natum
1771 2263 1894 2307 atque
1926 2257 2065 2295 fictum

308 2340 400 2367 esse
428 2325 635 2374 videatur,
665 2323 760 2362 nihil
788 2335 838 2361 ne
867 2328 936 2362 aut
962 2320 1169 2360 humidum
1200 2320 1365 2372 quidem
1393 2326 1462 2360 aut
1491 2319 1626 2359 flabile
1658 2325 1728 2359 aut
1759 2319 1936 2369 igneum.
1995 2319 2065 2358 His

308 2392 415 2430 enim
445 2390 486 2428 in
517 2387 671 2427 naturis
700 2385 793 2424 nihil
820 2386 945 2434 inest,
975 2382 1085 2435 quod
1111 2383 1191 2421 vim
1226 2383 1468 2432 memoriae,
1502 2384 1674 2428 mentis,
1706 2382 1958 2431 cogitationis
1987 2380 2063 2420 ha-

307 2453 417 2498 beat,
459 2450 568 2503 quod
609 2455 648 2490 et
688 2449 907 2500 praeterita
947 2451 1084 2485 teneat
1130 2451 1169 2484 et
1208 2445 1339 2483 sutura
1366 2443 1580 2496 provideat
1612 2449 1652 2482 et
1687 2443 1900 2495 complecti
1934 2443 2064 2494 possit

243 2559 245 2564 ,
308 2515 558 2567 praesentia:
600 2523 705 2563 quae
742 2510 827 2549 sola
865 2509 1000 2548 divina
1029 2513 1123 2547 sunt
1150 2519 1226 2545 nec
1253 2507 1484 2545 invenietur
1515 2518 1730 2557 umquam,
1773 2505 1880 2544 unde
1907 2505 1959 2545 ad
1986 2505 2062 2544 ho-

259 2579 458 2626 35minem
502 2576 640 2614 venire
679 2573 839 2625 possint
877 2572 953 2610 nisi
994 2584 1015 2610 a
1055 2569 1145 2609 deo,
1203 2568 1426 2619 Singularis
1455 2574 1518 2607 est
1542 2570 1663 2618 igitur
1687 2567 1890 2620 quaedam
1919 2572 2062 2606 natura

309 2646 431 2691 atque
467 2640 527 2678 vis
567 2638 708 2685 animi,
751 2636 934 2674 seiuncta
962 2633 1013 2672 ab
1045 2633 1107 2671 his
1139 2632 1297 2671 usitatis
1325 2631 1514 2683 notisque
1546 2631 1714 2670 naturis.
1770 2631 1827 2670 Ita
1861 2627 2062 2681 quidquid

310 2709 372 2742 est
408 2701 527 2751 illud,
570 2698 680 2751 quod
720 2699 864 2746 sentit,
908 2696 1016 2747 quod
1060 2695 1191 2746 sapit,
1234 2692 1345 2745 quod
1369 2693 1485 2742 vivit,
1519 2692 1630 2743 quod
1657 2693 1787 2743 viget,
1817 2690 1994 2730 caeleste
2022 2695 2064 2729 et

310 2765 489 2804 divinum
528 2763 579 2802 ob
619 2772 791 2811 eamque
820 2771 906 2798 rem
937 2764 1147 2798 aeternum
1177 2756 1228 2794 sit
1255 2768 1427 2794 necesse
1461 2760 1537 2795 est.
1591 2756 1675 2793 Nee
1707 2766 1803 2793 vero
1834 2753 1936 2792 deus
1955 2754 2059 2804 ipse,

310 2829 378 2879 qui
404 2825 649 2876 intellegitur
675 2836 695 2862 a
712 2822 844 2872 nobis,
874 2820 950 2861 alio
974 2819 1093 2859 modo
1121 2817 1298 2868 intellegi
1319 2822 1454 2868 potest
1474 2817 1548 2856 nisi
1569 2829 1685 2855 mens
1706 2815 1836 2855 soluta
1857 2813 2060 2867 quaedam

259 2907 296 2937 40
312 2896 350 2930 et
377 2889 527 2938 libera,
556 2891 769 2937 segregata
797 2885 848 2923 ab
878 2883 986 2922 omni
1015 2881 1273 2920 concretione
1310 2879 1491 2925 mortali,
1522 2879 1654 2917 omnia
1683 2879 1864 2917 sentiens
1898 2882 1938 2915 et
1970 2889 2060 2915 mo-

309 2963 410 2991 vens
448 2951 620 3001 ipsaque
651 2946 836 2999 praedita
876 2951 987 2984 motu
1023 2943 1284 2994 sempiterno.
1343 2942 1552 2987 (Cicero
1594 2939 1756 2980 Tuscul.
1800 2939 1825 2978 1.
1869 2942 1897 2978 1.
1931 2951 1966 2980 c,
1996 2940 2057 2978 27.

310 3015 346 3065 ξ.
377 3015 436 3052 66.
491 3010 782 3050 Lactantius
809 3011 873 3047 Ira
903 3009 948 3046 D.
978 3019 1012 3045 c.
1044 3006 1103 3044 10.
1135 3003 1413 3054 §.45.1nstit.
1444 3003 1469 3042 l.
1503 3006 1530 3041 Ι.
1558 3015 1592 3041 c.
1623 3004 1658 3042 5.
1691 3003 1723 3052 ἓ.
1746 3003 1828 3052 25.)

410 3101 444 3139 5.
487 3099 587 3137 Cum
615 3109 712 3135 vcro
740 3101 780 3134 et
806 3106 941 3133 mares
970 3098 1010 3131 et
1039 3092 1209 3130 feminas
1236 3089 1468 3141 complures
1495 3102 1544 3128 ex
1566 3088 1796 3127 hominibus
1824 3089 1864 3127 in
1889 3087 2056 3126 deorum

311 3173 480 3201 numero
517 3171 608 3197 esse
640 3158 850 3196 videamus
879 3162 920 3194 et
947 3166 1086 3193 eorum
1113 3154 1152 3190 in
1182 3152 1352 3191 urbibus
1377 3158 1498 3202 atque
1528 3151 1635 3201 agris
1663 3150 1947 3200 augustissima
1981 3149 2057 3187 de-

261 3223 427 3272 45lubra
454 3231 719 3260 veneremur:
751 3218 1024 3257 assentiamur
1051 3227 1192 3254 eorum
1223 3215 1470 3265 sapientiae,
1518 3225 1689 3264 quorum
1721 3212 1892 3262 ingeniis
1920 3217 1961 3250 et
1991 3211 2056 3249 in-

311 3285 442 3325 ventis
468 3293 629 3321 omnem
659 3280 781 3319 x‘itam
807 3278 967 3329 legibus
995 3284 1035 3317 et
1048 3276 1241 3316 institutis
1256 3275 1458 3315 excultam
1479 3275 1821 3325 constitutamque
1840 3272 2053 3313 habemus.
