2249 3624
288 227 396 270 4020
1029 230 1309 273 CICERONIS

290 334 402 371 Stella
428 336 566 372 micans
601 337 669 372 tali
698 338 810 383 specie
837 338 971 383 talique
1001 339 1136 378 nitore,

292 397 422 442 Qualis
449 403 480 434 et
506 400 700 435 immensae
726 401 789 436 sub
818 402 936 436 cauda
962 401 1120 436 volvitur
1146 398 1258 436 Arcti.

288 461 361 497 Illa
387 463 529 507 quidem
556 464 740 508 slaqrans:
770 465 830 498 sed
854 468 884 499 et
916 464 998 498 huie
1026 464 1228 510 flaqrantia
1252 464 1362 509 plura

289 523 433 569 Sidera,
464 536 556 570 quae
581 536 697 571 parvo
718 527 852 571 poteris
878 527 1034 572 reperire
1069 526 1203 561 labore.

290 586 387 631 Quin
419 589 528 623 etiam
555 592 637 623 ante
657 590 759 634 pedes
785 599 916 635 maqno
946 590 1087 635 fulqore
1115 594 1242 624 notata

289 649 400 686 Stella
431 652 540 686 nitet:
570 651 697 686 dehinc
725 653 849 696 prima
876 652 1041 687 humeros
1073 651 1186 692 subit,
1218 652 1334 687 altera
1363 653 1522 693 lumbos,

287 711 420 750 Tertia
449 709 525 749 sub
555 709 685 750 cauda
714 710 766 750 ad
793 723 923 762 genus
950 712 1083 763 ipsum
1112 711 1262 751 lumina
1295 712 1450 764 pandit.

291 774 411 811 Cetera
438 777 498 810 sed
528 780 622 811 certo
647 777 785 821 passim
811 777 887 811 sine
913 777 1057 811 nomine
1083 777 1231 823 sulqent.

386 861 435 900 Et
460 866 579 900 natos
606 860 846 900 Geminos
874 861 1026 900 invises
1055 861 1131 900 sub
1161 867 1284 913 caput
1309 863 1433 901 Arcti.

287 922 505 962 Subiectus
533 923 691 963 mediae
721 929 784 962 est
811 924 1005 963 Cancer
1033 923 1294 976 pedibusque
1323 930 1487 964 tenetur

284 986 440 1037 Magnu'
467 986 564 1024 Leo
592 985 806 1025 tremulam
836 987 1025 1037 quatiens
1056 999 1077 1024 e
1106 999 1276 1038 corpore
1306 987 1526 1028 flammam.

289 1051 458 1097 Eoeplicat
486 1053 543 1087 hic
572 1063 728 1087 summos
758 1053 905 1087 ardores
934 1054 1061 1087 semita
1086 1052 1232 1088 Phoebi.

289 1114 385 1150 Tunc
411 1115 532 1150 nullae
559 1119 736 1160 apparent
761 1126 826 1160 per
853 1115 949 1150 culta
979 1115 1129 1150 novalia
1160 1117 1298 1161 spicae,

285 1177 540 1223 Principioque
567 1178 656 1212 adeo
685 1175 780 1212 Solis
804 1189 869 1222 per
896 1178 1043 1212 caerula
1074 1178 1165 1214 caeli

285 1239 368 1277 Hoc
395 1244 506 1277 motu
535 1237 733 1277 radiantis
760 1238 923 1277 Etesiae
950 1238 990 1276 in
1020 1237 1123 1277 vada
1152 1239 1264 1290 ponti

284 1303 526 1339 Procumbunt
552 1303 744 1349 ylomerati
769 1308 800 1338 et
828 1303 933 1349 [οη-(10
960 1304 1107 1349 flamine
1133 1305 1287 1349 spirant.

288 1365 383 1402 Tunc
409 1366 501 1401 mihi
521 1377 593 1401 non
619 1367 728 1401 remis
757 1366 899 1411 placeat
925 1367 1018 1401 ratis
1050 1367 1196 1412 indiqa,
1227 1378 1349 1402 verum

285 1429 408 1476 Larqa
434 1430 523 1463 satis
553 1433 717 1474 rectoque
749 1429 798 1463 ad
824 1430 918 1464 venti
949 1430 1138 1464 commoda
1169 1430 1283 1465 clavo.

383 1502 423 1539 Si
451 1504 551 1549 cupis
582 1502 803 1549 Auriqam
831 1509 936 1549 atque
964 1503 1122 1550 Aurigae
1146 1515 1289 1540 noscere
1314 1505 1453 1546 stellas,

287 1565 439 1612 Ullaque
460 1568 562 1611 sama
590 1571 671 1601 tuas
699 1565 871 1612 Caprae
895 1569 1056 1613 pervenit
1087 1568 1135 1603 ad
1160 1579 1286 1612 aures,

283 1629 614 1675 Haedorumque
636 1629 767 1672 simul,
799 1640 952 1675 quorum
988 1631 1058 1665 duo
1091 1631 1231 1665 lumina
1262 1636 1409 1666 cernunt

285 1691 397 1737 Saepe
423 1703 487 1738 per
514 1693 649 1727 iratum
680 1693 818 1728 iactata
845 1694 1027 1728 cadavera
1060 1698 1233 1739 pontum.-

285 1752 370 1792 Sub
400 1751 516 1791 laeva
543 1755 574 1789 is
602 1753 863 1791 Geminorum
892 1752 1097 1792 obductus
1124 1758 1241 1804 parte
1268 1753 1432 1792 feretur.

284 1814 512 1854 Adversum
541 1821 664 1867 caput
694 1815 786 1854 huic
813 1815 976 1855 Helicae
1007 1816 1235 1856 truculenta
1262 1822 1411 1855 tuetur.

284 1880 335 1916 At
364 1878 495 1929 Capra
522 1876 684 1917 laevum
711 1890 895 1917 umerum
926 1878 1034 1918 clara
1063 1878 1236 1918 obtinet:
1268 1882 1335 1916 illa
1361 1886 1511 1927 putatur

287 1942 404 1978 Ubera
428 1944 544 1978 adhuc
572 1954 687 1988 parvo
716 1944 881 1978 lactenda
912 1944 1047 1979 dedisse
1082 1943 1256 1986 Tonanti,

283 2005 390 2041 Hanc
414 2004 511 2040 Iovis
539 2003 707 2041 Oleniam
736 2017 887 2051 capram
915 2008 1038 2042 discere
1068 2008 1241 2042 ministri.

284 2066 433 2104 Verum
461 2064 561 2104 haec
590 2071 653 2104 est
681 2078 827 2117 magno
856 2072 978 2118 atque
1007 2066 1166 2105 inlustri
1196 2065 1380 2118 praedita
1419 2066 1548 2117 signo.

384 2153 534 2192 Contra
561 2151 688 2192 Haedi
716 2154 906 2204 exiguum
933 2154 1085 2193 iaciunt
1111 2153 1353 2193 mortalibus
1381 2154 1513 2204 ignem

285 2216 443 2264 Auriyae
469 2218 507 2252 in
533 2218 724 2258 manibus;
754 2219 854 2253 cuius
882 2220 1034 2264 vestigia
1055 2230 1202 2254 servans

284 2278 480 2327 Corniger
507 2283 570 2316 est
595 2276 729 2316 valido
758 2279 928 2317 conixus
957 2291 1127 2330 corpore
1166 2280 1298 2318 Taur
1315 2291 1395 2328 us,

287 2341 398 2385 Quem
428 2353 500 2376 non
527 2343 672 2388 difficili
698 2345 841 2378 ratione
868 2355 1058 2389 agnoscere
1087 2345 1215 2389 possis.

283 2404 446 2450 Namque
473 2405 578 2440 illum
603 2411 782 2440 eoeornant
808 2408 947 2441 eoeterni
976 2407 1075 2441 haud
1101 2408 1229 2452 indiqa
1254 2407 1349 2452 siyni

285 2467 434 2512 Sidera,
468 2479 559 2513 quae
588 2470 709 2504 vivum
741 2474 847 2514 caput
875 2470 939 2504 olli
965 2471 1145 2515 utrimque
1170 2471 1344 2515 fiqurant,

284 2529 426 2565 Incluta
450 2542 514 2576 per
543 2535 654 2565 totam
683 2533 894 2577 sparqentia
922 2532 1062 2567 lumina
1091 2533 1270 2575 frontem:

285 2591 364 2629 Has
392 2590 535 2629 Graeci
564 2590 704 2630 stellas
731 2592 832 2642 Hya
851 2590 942 2630 das
970 2592 1149 2630 vocitare
1176 2597 1358 2630 suerunt.

287 2654 355 2689 Sed
382 2666 441 2700 pes
468 2654 627 2701 Auriqae
654 2657 777 2691 dexter
805 2667 984 2701 cornuque
1013 2657 1200 2691 sinistrum

290 2716 403 2751 Tauri
426 2728 496 2751 uno
525 2718 605 2763 ique
632 2719 787 2753 micant:
819 2720 1028 2763 pariterque
1052 2720 1217 2762 seruntur
1243 2723 1408 2764 uterque:

286 2777 330 2814 At
355 2780 458 2824 prior
488 2779 625 2826 Auriqd
654 2781 765 2815 latum
792 2782 879 2825 petit
905 2792 1075 2816 oceanum
1106 2780 1199 2823 Bos,

288 2840 372 2876 Cum
397 2846 514 2876 tamen
539 2854 555 2877 e
583 2843 737 2887 placidis
767 2848 918 2889 surgant
948 2843 1056 2878 simul
1088 2844 1255 2888 aequoris
1285 2846 1402 2880 undis,

388 2926 483 2970 Quin
511 2930 618 2964 etiam
644 2927 791 2965 Iasidae
825 2931 950 2965 domus
980 2930 1238 2974 antiquissima
1273 2930 1398 2976 Cephei

287 2988 476 3025 Aerumnis
501 2996 549 3025 est
579 2996 666 3026 nota
699 2993 794 3032 suis,
831 3003 939 3037 quam
969 2991 1130 3038 Iuppiter
1161 2998 1286 3028 auctor

287 3052 454 3097 Proqenii
482 3053 597 3087 subito
623 3055 824 3098 praeclaris
856 3055 978 3089 intulit
1006 3055 1135 3089 astris:

286 3113 469 3161 Namque
498 3111 628 3162 ipsum
657 3113 707 3153 ad
735 3120 893 3165 tergum
922 3115 1158 3166 Cynosurae
1188 3116 1356 3153 vertitur
1388 3115 1495 3154 Arcti

287 3176 444 3217 Iasides,
479 3178 596 3221 passis
627 3179 828 3214 distendens
862 3181 1013 3215 brachia
1042 3180 1197 3225 palmis;

292 3237 475 3283 Tantaque
506 3239 551 3273 ab
583 3245 743 3276 extrema
770 3243 887 3277 cauda
917 3243 1145 3277 disterminat
1175 3240 1275 3276 Arcti

289 3300 424 3346 Requla
450 3305 637 3347 utrumque
661 3304 803 3348 pedem,
839 3306 974 3348 quanta
999 3315 1059 3350 pes
1086 3315 1109 3339 a
1139 3305 1224 3350 pede
1254 3305 1375 3340 distat.

1973 465 2042 505 145

1973 778 2043 817 150

1975 1115 2043 1154 155

1974 1429 2044 1468 160

1973 1755 2042 1794 165

1972 2066 2043 2105 170

1972 2404 2041 2443 175

1972 2717 2041 2755 180

1971 3052 2039 3092 185
