2249 3624
331 154 413 196 ⁶240
769 156 1196 198 TUSCULANARUM
1225 159 1664 204 DISPUTATIONUM

331 263 430 302 teris
474 263 597 303 rebus
642 263 790 303 melius
836 268 1022 316 putatur,
1069 263 1252 316 aliquam
1293 271 1454 318 partem
1501 280 1626 320 quam
1665 266 1823 306 nullam
1871 267 2099 320 attingere:

330 339 402 365 cur
433 326 474 365 in
506 326 587 365 vita
617 326 769 365 secus?
811 338 1068 379 quamquam
1108 339 1193 366 non
1224 328 1331 368 male
1363 329 1418 368 ait
1451 329 1731 369 Callimachus
1770 329 1902 369 multo
1933 330 2099 383 saepius

329 387 568 427 lacrimasse
605 388 815 428 Priamum
853 401 980 441 quam
1018 389 1215 429 Troilum.
1266 391 1422 430 Eorum
1453 397 1614 438 autem,
1654 392 1726 444 qui
1773 397 1921 431 exacta
1964 397 2099 433 aetate

329 450 582 498 moriuntur,
613 449 778 490 fortuna
798 451 1006 491 laudatur.
1057 449 1122 490 94.
1149 452 1264 492 Cur?
1295 467 1413 501 nam,
1445 467 1561 501 reor,
1594 453 1740 502 nullis,
1773 455 1806 494 si
1830 456 1913 494 vita
1935 454 2100 507 longior

294 512 516 559 5daretur,
547 518 689 566 posset
719 525 810 553 esse
842 513 1077 554 iucundior.
1123 514 1237 554 Nihil
1268 515 1379 555 enim
1402 521 1464 556 est
1484 515 1671 569 profecto
1693 516 1853 556 homini
1876 516 2099 569 prudentia

326 574 511 622 dulcius,
545 588 691 628 quam,
723 580 768 615 ut
799 581 937 616 cetera
968 573 1147 624 auferat,
1179 577 1313 617 adfert
1335 584 1444 618 certe
1467 584 1673 618 senectus.
1719 578 1839 627 Quae
1863 592 1959 619 vero
1981 584 2097 619 aetas

325 637 449 690 longa
481 643 543 678 est
573 643 643 677 aut
675 637 778 691 quid
810 638 981 678 omnino
1012 637 1172 678 homini
1204 639 1406 692 longum?
1438 653 1579 680 nonne

520 699 676 739 Modo
721 713 935 753 pueros,
979 701 1125 742 modo
1171 702 1552 743 adulescentes
1593 702 1643 742 in
1683 716 1840 743 cursu
1876 717 1900 743 a
1938 708 2096 756 tergo

1000 764 1300 818 insequens

519 826 619 865 Nec
649 824 923 878 opinantis
955 827 1212 867 adsecuta
1242 833 1325 869 est

272 897 307 925 4ο
323 889 546 929 senectus?
595 887 676 927 Sed
717 888 814 941 quia
851 887 960 928 ultra
990 889 1094 929 nihil
1125 890 1348 938 habemus,
1388 890 1467 930 hoc
1499 890 1670 944 longum
1704 891 1893 931 dicimus.
1945 889 2096 930 Omnia

321 952 419 999 ista,
450 950 625 1004 perinde
656 955 702 989 ut
734 950 886 1003 cuique
919 951 1015 991 data
1046 958 1143 992 sunt
1172 966 1247 1005 pro
1270 959 1357 992 rata
1378 959 1514 1005 parte,
1547 956 1604 993 ita
1626 960 1697 994 aut
1718 954 1844 1006 longa
1864 959 1933 994 aut
1954 952 2097 993 brevia

320 1013 529 1054 dicuntur.
573 1013 695 1066 Apud
726 1012 934 1065 Hypanim
968 1014 1157 1062 fluvium,
1190 1016 1261 1068 qui
1293 1016 1344 1055 ab
1375 1016 1571 1069 Europae
1603 1021 1720 1070 parte
1751 1017 1793 1056 in
1824 1018 2001 1057 Pontum
2033 1016 2096 1055 in-

320 1078 430 1124 fluit,
470 1075 717 1116 Aristoteles
749 1075 805 1115 ait
834 1076 1036 1117 bestiolas
1069 1078 1272 1131 quasdam
1304 1079 1439 1126 nasci,
1483 1092 1591 1132 quae
1637 1093 1765 1119 unum
1799 1078 1909 1119 diem
1941 1080 2095 1119 vivant.

318 1140 383 1179 Ex
413 1139 478 1179 his
509 1139 655 1192 igitur,
685 1138 791 1178 hora
821 1144 967 1178 octava
998 1153 1104 1193 quae
1137 1145 1301 1180 mortua
1332 1145 1416 1188 est,
1448 1146 1647 1193 provecta
1669 1146 1804 1181 aetate
1827 1148 1990 1182 mortua
2013 1147 2094 1190 est3

269 1210 305 1239 45
319 1215 427 1256 quae
464 1213 563 1240 vero
595 1200 815 1241 occidente
854 1201 960 1250 sole,
1002 1202 1234 1256 decrepita,
1277 1217 1326 1243 eo
1359 1204 1509 1256 magis,
1552 1204 1585 1243 si
1618 1204 1743 1244 etiam
1775 1205 1982 1244 solstitiali
2014 1205 2095 1244 die.

320 1263 474 1304 Confer
512 1268 696 1303 nostram
738 1263 1024 1315 longissimam
1066 1270 1243 1305 aetatem
1277 1279 1370 1305 cum
1402 1266 1671 1307 aeternitate:
1711 1266 1753 1305 in
1784 1267 1931 1307 eadem
1964 1280 2095 1321 prope

318 1326 487 1367 modum
516 1326 720 1367 brevitate
753 1339 834 1380 qua
866 1326 963 1366 illae
994 1327 1196 1367 bestiolae
1227 1328 1498 1381 reperiemur.

428 1390 516 1430 XL.
546 1387 613 1429 95.
658 1389 981 1430 Contemnamus
1020 1391 1147 1443 igitur
1188 1392 1323 1431 omnis
1364 1391 1545 1444 ineptias
1576 1413 1629 1421 —
1662 1392 1773 1444 quod
1816 1393 1926 1432 enin]
1958 1391 2093 1432 levius

315 1452 413 1492 huic
458 1452 616 1493 levitati
646 1465 799 1492 nomen
837 1452 1070 1505 inponam?
1102 1477 1155 1483 —-
1196 1459 1410 1507 totamque
1441 1453 1525 1492 vim
1556 1453 1663 1493 bene
1695 1454 1862 1495 vivendi
1893 1455 1936 1494 in
1967 1453 2093 1494 animi

265 1515 463 1555 20rohore
503 1528 550 1555 ac
590 1515 877 1568 magnitudine
917 1521 958 1555 et
997 1516 1039 1555 in
1079 1516 1266 1556 omnium
1298 1530 1438 1556 rerum
1469 1516 1745 1556 humanarum
1778 1517 2091 1571 contemptione

315 1591 363 1618 ac
393 1578 672 1631 despicientia
702 1583 742 1617 et
782 1578 824 1617 in
856 1578 968 1617 omni
999 1579 1152 1618 virtute
1185 1592 1404 1633 ponamus.
1455 1580 1558 1618 Nam
1590 1593 1701 1619 nuuc
1733 1580 1904 1633 quidem
1936 1581 2092 1632 eogita-

314 1641 497 1681 tionibus
530 1640 786 1680 mollissimis
819 1641 1129 1688 effeminamur‚
1162 1646 1225 1688 ut,
1258 1641 1292 1681 si
1318 1647 1414 1681 ante
1436 1655 1547 1681 mors
1569 1642 1786 1690 adventet,
1819 1656 1945 1696 quam
1970 1642 2091 1682 Chal-

315 1704 514 1744 daeorum
551 1704 756 1757 promissa
798 1703 1013 1744 consecuti
1050 1717 1217 1751 sumus,
1259 1703 1429 1756 spoliati
1471 1705 1630 1757 maguis
1670 1704 1922 1758 quibusdam
1954 1706 2089 1753 bonis,

313 1765 441 1806 inlusi
483 1765 757 1820 destitutique
797 1766 1025 1807 videamur.
1086 1763 1153 1806 96.
1194 1766 1318 1814 Quod
1357 1766 1391 1806 si
1431 1768 1690 1819 expectando
1730 1772 1771 1807 et
1809 1767 2087 1808 desiderando

263 1828 546 1882 25pendemus
579 1829 749 1876 animis,
793 1829 1050 1875 cruciamur,
1082 1828 1296 1881 angimur,
1335 1842 1411 1881 pro
1448 1828 1488 1868 di
1522 1829 1789 1870 inmortales!
1825 1843 1950 1883 quam
1983 1829 2088 1870 illud

310 1891 391 1932 iter
422 1891 650 1932 iucundum
682 1905 774 1932 esse
807 1892 955 1940 debet,
987 1904 1071 1945 quo
1106 1890 1299 1931 confecto
1331 1891 1446 1932 nulla
1477 1891 1640 1946 r'eliqua
1672 1905 1793 1940 cura,
1829 1892 1945 1932 nulla
1975 1891 2090 1932 solli-

398 2094 428 2127 3.
461 2096 572 2125 autem
603 2100 782 2134 superscr.
815 2091 892 2124 ead.
929 2100 975 2123 m.
1003 2092 1038 2123 in
1070 2093 1095 2123 G
1129 2109 1161 2114 —-
1200 2093 1258 2132 qui
1286 2096 1316 2124 et
1347 2096 1423 2124 acta
1447 2093 1512 2124 GR
1538 2109 1573 2114 -
1605 2091 1635 2124 4.
1662 2092 1761 2123 nullis
1785 2091 1828 2123 C:
1861 2100 1927 2122 non
1950 2091 2026 2122 ullis
2049 2091 2087 2123 O.

311 2147 381 2177 «De
406 2154 470 2177 non
494 2145 580 2176 ullus
604 2143 646 2175 cf.
674 2143 799 2182 Zumpt
823 2142 867 2173 ad
891 2142 1004 2173 Divin.
1033 2142 1064 2172 in
1092 2141 1217 2173 Caecil.
1245 2142 1265 2182 §
1291 2143 1343 2173 60.
1371 2142 1508 2182 Madvig
1532 2142 1575 2173 ad
1601 2142 1672 2173 Fin.
1700 2143 1755 2179 Ill,
1782 2141 1834 2172 50.
1863 2142 1932 2182 Ego
1958 2150 1999 2173 ex
2025 2143 2090 2173 Ar-

310 2196 475 2236 chetypo,
502 2196 540 2225 ut
563 2192 671 2224 voluit
695 2186 850 2233 Madvig',
885 2192 1003 2224 scribo
1033 2192 1143 2223 nullis.
1173 2191 1222 2223 Cf.
1251 2191 1370 2223 Famil.
1397 2192 1452 2229 Vl,
1479 2192 1508 2222 9.
1539 2192 1642 2231 (Med.
1668 2195 1703 2222 ut
1727 2191 1883 2222 nonnullo
1914 2199 1977 2232 pro
2000 2191 2090 2222 nullo

308 2246 373 2286 ut),
402 2246 511 2277 Divin.
539 2245 563 2282 Ι,
591 2244 630 2274 45
658 2243 693 2282 (⁶2
720 2242 823 2273 codd.
850 2251 1101 2281 nonnumquam
1125 2250 1188 2282 pro
1213 2242 1443 2281 numquam).»
1470 2241 1524 2272 W.
1547 2258 1581 2262 —
1609 2242 1640 2272 5.
1668 2243 1714 2271 est
1736 2241 1822 2272 enim
1846 2241 1871 2271 O
1890 2257 1924 2262 -
1951 2240 2091 2271 hominis

310 2296 334 2327 C
364 2314 398 2318 -
427 2297 479 2327 44.
504 2298 600 2334 parte
623 2293 719 2323 auita
742 2292 842 2332 longa
859 2292 905 2329 C;
928 2295 1026 2331 parte
1049 2292 1099 2322 ita
1122 2291 1222 2331 lonya
1238 2291 1263 2321 O
1282 2307 1316 2312 —
1346 2290 1397 2323 44.
1425 2290 1555 2331 octava]
1582 2299 1638 2330 Vll]
1665 2291 1728 2321 GR
1748 2307 1782 2311 —
1812 2290 1864 2322 46.
1883 2290 2007 2330 confert
2024 2292 2047 2320 G
2064 2290 2088 2321 R

313 2363 346 2368 —
374 2345 426 2377 48.
454 2345 728 2383 Contempnamus
753 2343 779 2373 G
803 2360 845 2364 —
879 2342 982 2373 lenius
1006 2340 1164 2381 Bentley,
1192 2342 1216 2372 O
1242 2359 1283 2363 —
1315 2340 1368 2372 ΞΟ.
1396 2340 1430 2371 in
1454 2342 1602 2372 omnium
1630 2349 1659 2371 r.
1686 2340 1717 2371 h.
1743 2341 1947 2372 contentione
1970 2348 2010 2370 ac
2033 2339 2090 2371 de-

308 2395 496 2434 spicientia,
523 2395 557 2425 in
581 2393 670 2425 omni
693 2394 816 2423 ri'rtute
835 2399 1002 2431 ponamus
1025 2391 1156 2423 Nonius
1182 2400 1216 2432 p.
1235 2390 1310 2422 203.
1338 2390 1435 2422 Idem
1460 2399 1492 2431 p.
1513 2391 1575 2422 202
1602 2399 1642 2422 ex
1668 2390 1736 2421 hoc
1761 2389 1836 2421 loco
1860 2397 1984 2421 vocem
2010 2397 2090 2420 con·

307 2446 439 2485 temptio
464 2444 587 2476 adfert.
617 2461 652 2466 —
678 2443 732 2474 24.
757 2441 932 2482 ponamus]
956 2450 1121 2481 ponamus
1144 2442 1234 2472 iussu
1258 2445 1480 2480 tyrannorum
1506 2441 1557 2480 (ex
1585 2440 1672 2481 596)
1699 2441 1762 2471 GR
1791 2457 1825 2462 —-
1851 2440 1904 2471 22.
1929 2438 2090 2470 molestis-

307 2495 397 2526 simis
422 2495 445 2526 C
475 2513 509 2516 —
536 2494 726 2525 caldeorum
751 2493 814 2523 GR
842 2509 877 2513 —
905 2491 958 2523 ⁶23.
986 2492 1087 2522 simus
1104 2492 1128 2522 O
1149 2508 1184 2512 —
1211 2492 1264 2522 ⁶25.
1291 2490 1422 2531 animis]
1450 2491 1518 2521 «Ex
1544 2491 1656 2522 Ursini
1682 2489 1804 2521 codice
1830 2497 1857 2521 s.
1885 2489 2087 2520 coniectura

309 2543 463 2576 Bentleio
497 2544 531 2574 et
561 2542 732 2582 Madvigio
763 2541 911 2583 probata
944 2542 1019 2573 sine
1050 2540 1157 2572 dubio
1190 2540 1418 2572 scribendum
1451 2542 1505 2572 est
1533 2541 1648 2571 animi.
1690 2540 1826 2571 Animi
1860 2538 2085 2579 (discruciari,

308 2594 517 2631 excruciari,
538 2593 699 2632 pendere,
726 2591 819 2632 anyi)
845 2591 969 2631 legitur
987 2591 1080 2632 apud
1098 2589 1269 2629 Plautum,
1296 2590 1510 2628 Terentium,
1539 2590 1760 2629 Ciceronem,
1787 2589 1941 2625 Livium;
1969 2588 2003 2619 in
2021 2596 2086 2619 an-

308 2644 524 2684 tiquissimae
557 2642 689 2674 formae
722 2641 890 2673 locativae
919 2640 1036 2672 locum
1062 2640 1252 2672 substituto
1276 2639 1427 2671 ablativo
1453 2640 1556 2671 etiam
1583 2639 1695 2670 animo
1719 2638 1799 2679 anyi
1823 2637 1917 2679 apud
1942 2638 2086 2670 Cicero·

307 2702 389 2725 nem
415 2692 497 2732 <bis;
526 2692 662 2723 verrin.
690 2692 730 2730 11,
757 2691 797 2723 84
822 2691 944 2729 animi,
971 2690 1031 2721 ubi
1056 2690 1210 2722 deterior
1235 2689 1338 2721 codd.
1368 2688 1493 2720 familia
1512 2689 1623 2720 dolore
1640 2688 1803 2727 addidit),
1827 2688 1968 2727 pendere
1991 2688 2085 2728 apud

307 2742 461 2774 eundem
486 2740 630 2782 (semel,
658 2741 845 2781 quinquies
866 2740 994 2779 animi),
1022 2741 1059 2771 ut
1075 2740 1186 2770 animo
1202 2739 1335 2779 frangi,
1361 2738 1571 2776 commoveri,
1598 2737 1680 2769 alia:
1709 2738 1831 2769 animis
1850 2736 1989 2769 duobus
2007 2739 2085 2769 tan-

306 2794 381 2823 tum
405 2791 510 2830 locis,
537 2791 604 2822 hoc
629 2793 665 2822 et
688 2792 721 2822 in
747 2791 849 2823 codd.
878 2791 961 2822 Livii
985 2790 1058 2828 Vll,
1085 2790 1142 2821 30:
1172 2790 1234 2820 illis
1249 2806 1297 2812 --
1314 2788 1460 2819 sollicitis
1475 2796 1515 2818 ac
1535 2787 1751 2827 pendentibus
1767 2788 1904 2827 animis,
1932 2795 2085 2827 quorum

305 2844 456 2882 utroque
488 2850 558 2873 non
592 2842 720 2873 mirum
752 2842 780 2873 si
813 2840 973 2872 librarios
1007 2839 1113 2870 animi
1145 2839 1188 2870 de
1221 2839 1372 2879 plurium
1401 2838 1517 2868 animo
1543 2846 1717 2878 suspenso
1743 2837 1876 2869 dictum
1902 2836 2083 2868 offendere

305 2891 434 2932 potuit;
461 2899 678 2931 quamquam
702 2891 843 2922 Liviano
868 2889 945 2922 loco
971 2889 1065 2921 haud
1090 2889 1163 2920 scio
1188 2897 1232 2919 an
1257 2889 1379 2926 animi,
1414 2890 1451 2919 ut
1475 2887 1531 2926 fit,
1563 2889 1614 2926 iis,
1643 2896 1732 2928 quae
1758 2887 1994 2929 praecedunt,
2020 2887 2085 2918 illis

302 2940 515 2981 pendentibus
545 2940 774 2972 assimilatum
806 2941 861 2972 sit.
908 2940 1022 2971 Livius
1053 2937 1196 2978 quidem
1228 2938 1302 2978 ipse
1334 2940 1372 2969 ut
1400 2937 1443 2968 de
1469 2946 1539 2968 uno
1565 2938 1635 2976 VII,
1663 2937 1704 2969 34
1728 2938 1844 2969 territo
1868 2937 1984 2968 animi.
2010 2937 2036 2975 Ι,
2063 2937 2082 2968 7

304 2990 459 3030 confusus
482 2993 581 3029 atque
603 2990 746 3021 incertus
770 2989 893 3028 animi,
926 2989 972 3019 ita
998 2988 1041 3020 de
1066 2986 1225 3028 pluribus
1251 2987 1354 3018 animi
1379 2987 1494 3027 posuit
1518 2986 1604 3024 wll,
1633 2986 1672 3017 43
1698 2985 1757 3027 (tot
1776 2986 1916 3026 populos
1931 3003 1980 3009 -—
1996 2994 2083 3017 sus-

301 3049 452 3080 pensos
476 3040 604 3071 animi
629 3038 759 3078 habent)
785 3042 818 3071 et
842 3039 898 3077 VI,
925 3038 966 3069 36
990 3038 1079 3077 capti
1102 3040 1131 3068 et
1154 3040 1316 3076 stupentes
1339 3037 1460 3072 animi;
1488 3036 1530 3067 cf.
1550 3037 1668 3068 Iuven.
1690 3036 1742 3075 44,
1763 3036 1825 3068 449
1849 3036 1953 3068 animi
1975 3035 2083 3076 felices

304 3091 409 3122 credit
431 3098 564 3121 avaros.
592 3090 725 3129 Neque,
754 3089 835 3128 quia
860 3088 971 3119 animo
996 3088 1076 3128 anyi
1094 3086 1201 3127 (cett.)
1229 3086 1361 3117 dictum
1388 3086 1461 3125 tuit,
1490 3086 1620 3117 idcirco
1647 3086 1767 3117 animis
1791 3094 1931 3127 quoque
1955 3086 1990 3117 in
2014 3093 2081 3117 usu

304 3139 410 3172 fuisse
442 3139 610 3171 affirmari
642 3141 768 3180 potest.
808 3138 919 3179 (Aliud
951 3139 1004 3170 est
1028 3147 1047 3169 a
1072 3137 1166 3169 Livio
1191 3137 1261 3174 VII,
1289 3137 1328 3168 40
1354 3135 1439 3167 dici:
1475 3139 1520 3167 tot
1543 3136 1635 3167 circa
1658 3136 1904 3167 mortalium
1927 3133 2082 3166 animis

303 3199 358 3230 spe
380 3192 532 3228 metuque
550 3188 779 3228 pendentibus;
811 3197 853 3220 ne
880 3188 963 3220 illud
988 3187 1133 3228 quidem
1158 3188 1309 3219 Lucretii
1333 3186 1387 3224 VI,
1415 3187 1473 3217 54:
1507 3186 1681 3226 pavidis
1704 3195 1778 3217 cum
1795 3186 1938 3226 pendent
1960 3186 2080 3217 menti-

304 3239 380 3278 bus,
407 3237 511 3270 ablat.
538 3237 652 3277 modi,
679 3237 723 3269 ad
746 3238 838 3269 hanc
863 3238 1109 3279 quaestionem
1133 3236 1309 3278 pertinet.)
1341 3236 1514 3277 Equidem
1539 3245 1607 3268 non
1632 3237 1789 3275 memini,
1815 3235 1887 3275 ubi,
1913 3236 1951 3267 ut
1967 3234 2078 3266 animo

301 3288 430 3329 fractus
453 3288 551 3330 (Ci0.‚
577 3287 689 3329 Tac),
717 3288 870 3329 firmatus
895 3287 1013 3328 (Tae),
1044 3285 1111 3320 alia
1134 3285 1278 3327 similia,
1309 3286 1359 3319 sic
1383 3286 1504 3319 animis
1524 3286 1626 3328 fracti
1649 3285 1795 3328 legatur,
1821 3285 1888 3318 nisi
1912 3283 2008 3326 quod
2031 3283 2076 3316 de
