2249 3624
577 173 663 213 Lm.
697 174 747 212 11.
789 172 884 214 Car.
916 175 1207 214 xlv—xvii.
1245 173 1304 227 §§
1334 171 1522 214 33-38.
1867 176 1947 216 5333

181 281 472 325 mutationem,
514 283 558 319 ut
596 285 665 319 aut
705 280 811 319 absit
853 279 1011 333 aliquid
1059 286 1129 320 aut
1170 283 1379 334 supersit;
1427 282 1598 322 deorum
1636 285 1746 323 enim
1786 286 1947 324 numini

182 356 327 398 parere
359 342 514 382 omnia.
580 340 647 380 313.
689 343 800 381 Haec
833 344 935 388 iam,
978 345 1075 382 mihi
1110 344 1253 390 credo,
1296 358 1346 383 ne
1378 346 1567 384 aniculae
1600 347 1770 399 quidem
1803 348 1949 386 existi-

181 411 306 447 mant.
363 408 424 444 An
458 418 627 449 censes,
661 405 838 444 eundem
874 404 1044 445 vitulum
1079 407 1111 445 si
1145 407 1252 445 alius
1285 407 1506 457 delegerit,
1546 409 1636 447 siue
1669 410 1803 461 capite
1836 410 1948 448 iecur

181 470 465 512 inventurum,
508 467 540 505 si
581 468 711 511 alius,
753 481 845 505 cum
881 468 1048 518 capite?
1094 468 1194 507 hacc
1235 468 1424 508 decessio
1469 472 1616 522 capitis
1655 478 1724 509 aut
1765 473 1948 511 accessio

180 530 370 571 subitone
403 527 489 568 lieri
522 535 673 580 potest,
706 534 750 568 ut
782 543 825 567 se
858 536 953 568 exta
986 531 1035 569 ad
1071 532 1342 570 immolatoris
1368 532 1573 572 l'ortunam
1601 534 1976 572 ;=‹·‹·0mmode.nt·?⁵

179 605 262 632 non
302 592 536 645 perspicitis
577 592 708 631 aleam
750 593 960 643 quandam
1004 607 1095 632 csse
1137 595 1176 632 in
1218 594 1364 633 hostiis
1408 596 1661 645 deligendis,
1707 597 1948 648 praesertim

178 668 269 695 cum
301 667 367 693 res
399 654 489 705 ipsa
521 654 700 692 doceat?
746 667 838 692 cum
884 655 992 693 enim
1038 655 1287 694 tristissuma
1328 662 1423 695 exta
1463 658 1552 695 sine
1593 660 1727 709 rapite
1766 658 1950 704 suerunt,

179 714 328 771 quibus
361 715 465 755 nihil
499 716 663 755 videtur
694 728 786 754 esse
819 716 977 760 dirius„
1020 730 1226 768 proxuma
1260 718 1395 757 hostia
1430 719 1570 758 litatur
1602 734 1724 773 saepe
1758 722 1950 773 pulcher-

177 780 292 820 rime.
336 778 412 817 Ubi
447 778 571 829 igitur
603 777 696 816 illae
731 778 865 816 minae
899 779 1166 830 superiorum
1201 783 1422 819 extorum?
1456 788 1525 820 aut
1557 796 1664 835 quae
1698 789 1779 822 tam
1812 784 1949 822 subito

176 842 282 882 facta
314 846 375 880 est
408 840 582 879 deorum
616 845 728 878 tanta
763 841 968 893 placatio?
1965 849 2000 876 ⁴0

290 903 396 942 xvi.
440 902 520 941 Sed
559 901 695 941 adfers
733 903 771 940 in
811 903 916 942 tauri
955 904 1081 956 opimi
1122 905 1229 943 extis
1269 906 1510 944 immolante
1549 908 1724 946 Caesare
1764 922 1835 946 cor
1867 922 1949 947 non

176 965 331 1011 fuisse;
367 965 407 1004 id
442 966 540 1018 quia
571 978 653 1004 non
688 966 874 1017 potuerit
905 966 1108 1011 accidere,
1143 974 1186 1005 ut
1218 967 1307 1005 siue.
1332 969 1459 1006 cordo
1485 969 1661 1009 victuma
1687 971 1754 1009 illa
1780 972 1950 1017 viveret,

176 1028 446 1069 iudicandum
486 1040 576 1066 esse
616 1034 701 1067 tum
742 1028 935 1067 interisse
977 1042 1072 1075 cor,
1117 1043 1207 1068 cum
1251 1030 1550 1070 immolaretur.
1611 1031 1679 1070 257.
1717 1035 1799 1081 Qui
1833 1033 1875 1072 lit
1908 1040 1951 1073 ut

175 1092 350 1132 alterum
383 1090 602 1141 intellegas
643 1090 732 1129 sine
771 1090 897 1129 corde
935 1104 1018 1129 non
1058 1092 1239 1143 potuisse
1272 1092 1418 1131 hovem
1456 1094 1616 1140 vivere,
1658 1095 1832 1134 alterum
1868 1110 1950 1136 non

176 1152 316 1192 videas
353 1165 423 1191 cor
461 1154 600 1192 subito
634 1167 717 1192 non
752 1154 936 1206 potuisse
970 1155 1110 1192 nescio
1144 1167 1227 1206 quo
1260 1154 1455 1194 avolare?
1516 1156 1601 1207 Ego
1635 1159 1744 1197 enim
1780 1168 2000 1210 possumis

176 1215 239 1255 vel
282 1216 444 1254 nescire
488 1229 596 1268 quae
636 1216 697 1255 vis
730 1217 782 1255 sit
813 1217 952 1255 cordis
986 1216 1035 1256 ad
1070 1216 1314 1262 vivendum,
1360 1217 1422 1255 vel
1456 1220 1658 1271 suspirari
1691 1226 1950 1259 contractum

175 1278 318 1331 aliquo
356 1278 501 1317 morbo
541 1278 659 1318 bovis
692 1278 801 1317 exile
835 1284 875 1317 et
907 1279 1106 1329 exiguum
1140 1284 1179 1318 et
1211 1278 1363 1318 vietum
1398 1293 1470 1319 cor
1502 1287 1542 1319 et
1574 1280 1776 1320 dissimile
1809 1282 1950 1321 cordis

174 1340 318 1380 fuisse.
378 1341 439 1380 Tu
472 1353 568 1380 vero
602 1340 702 1393 quid
735 1341 886 1386 habes,
929 1354 1057 1394 quare
1090 1347 1230 1393 putes,
1273 1341 1307 1380 si
1347 1343 1470 1395 paulo
1508 1350 1602 1382 ante
1642 1359 1714 1383 cor
1752 1344 1875 1384 fuerit
1907 1345 1950 1384 in

175 1408 292 1442 tauro
325 1402 491 1455 opimo,
535 1403 673 1442 subito
713 1403 753 1442 id
786 1405 827 1443 in
862 1404 951 1456 ipsa
986 1404 1274 1443 immolatione
1314 1404 1537 1445 interisse?
1584 1419 1634 1445 an
1676 1407 1790 1460 quod
1828 1420 1949 1459 aspe-

173 1465 284 1505 xerit
323 1465 476 1505 vestitu
517 1479 730 1518 purpureo
773 1466 996 1505 excordem
1041 1465 1284 1513 Caesarem,
1326 1468 1414 1520 ipse
1456 1468 1582 1507 corde
1627 1470 1813 1521 privatus
1856 1472 1999 1509 est22o

173 1525 324 1567 Urbem
358 1527 666 1581 philosophiae,
700 1528 800 1568 mihi
833 1529 974 1575 crede,
1007 1529 1203 1580 proditiS,
1236 1529 1334 1568 dum
1367 1530 1538 1569 castella
1571 1531 1822 1577 defenditis;
1856 1546 1950 1572 nam

174 1591 271 1630 dum
315 1591 624 1643 haruspicinam
668 1604 806 1631 veram
846 1604 936 1630 esse
979 1591 1129 1637 vultis,
1176 1591 1487 1644 physiologiam
1530 1598 1658 1632 totam
1698 1595 1949 1647 pervertitis.

176 1653 307 1706 Caput
350 1659 412 1692 est
456 1653 499 1692 in
537 1654 696 1699 iecore,
739 1667 811 1693 cor
850 1655 892 1693 in
935 1654 1071 1693 extis:
1118 1654 1195 1693 iam
1228 1654 1447 1701 abscedet,
1490 1655 1613 1694 simul
1647 1669 1693 1695 ac
1725 1657 1875 1696 molam
1910 1662 1951 1696 et

174 1716 314 1755 vinum
347 1716 612 1768 insperseris,
646 1717 748 1756 deus
779 1717 820 1756 id
854 1717 1016 1770 eripiet,
1048 1716 1109 1755 vis
1141 1716 1287 1769 aliqua
1318 1715 1510 1756 conficiet
1541 1723 1613 1757 aut
1645 1719 1811 1758 exedet.
1859 1722 1949 1759 Non

175 1791 273 1830 ergo
316 1779 502 1818 omnium
544 1779 738 1818 interitus
779 1785 908 1832 atque
947 1779 1086 1818 obitus
1128 1785 1277 1818 natura
1317 1777 1532 1827 conficiet,
1575 1786 1614 1820 et
1656 1782 1734 1820 erit
1776 1781 1999 1835 aliqui‹1‚25

175 1841 289 1894 quod
331 1847 399 1880 ant
439 1854 491 1880 ex
530 1842 661 1881 nihilo
703 1842 862 1881 oriatur
899 1847 969 1880 aut
1009 1840 1050 1878 in
1092 1840 1265 1879 nihilum
1307 1841 1444 1880 subito
1485 1843 1659 1882 occidat.
1733 1843 1838 1891 Quis
1870 1843 1951 1883 hoc

173 1902 370 1956 physicus
410 1903 516 1943 dixit
553 1906 789 1957 umquam?
834 1904 1076 1956 haruspices
1116 1902 1285 1942 dicunt:
1333 1903 1396 1942 his
1434 1904 1561 1956 igitur
1599 1919 1723 1958 quam
1767 1906 1950 1960 physicis

174 1964 428 2005 credendum
462 1967 602 2018 potins
635 1967 897 2006 existumas?

288 2028 416 2066 xvii.
448 2026 514 2068 38.
549 2029 691 2077 Quid?
734 2043 824 2068 cum
858 2029 1044 2082 pluribus
1078 2028 1165 2068 deis
1199 2028 1456 2076 immolatur,
1490 2031 1561 2083 qui
1594 2031 1763 2071 tandem
1795 2032 1949 2079 evenit,

173 2095 220 2130 ut
251 2089 394 2129 litetur
424 2091 542 2138 aliis,
585 2092 678 2131 aliis
712 2106 795 2132 non
835 2093 1006 2131 litetur?
1049 2100 1156 2144 quae
1188 2097 1327 2131 autem
1360 2091 1637 2132 inconstantia
1669 2094 1840 2133 deorum
1873 2100 1948 2141 est,
1963 2101 2001 2130 30

173 2158 216 2192 ut
248 2153 395 2205 primis
427 2154 640 2193 minentur
673 2156 791 2201 extis,
823 2155 930 2193 bene
962 2155 1204 2207 promittant
1235 2154 1462 2193 secundis?
1493 2160 1564 2194 aut
1597 2161 1707 2195 tanta
1740 2157 1847 2195 inter
1878 2169 1950 2195 eos

175 2215 382 2254 dissensio
415 2229 537 2270 saepe
570 2218 692 2256 etiam
725 2218 832 2256 inter
854 2230 1098 2270 proxumos,
1122 2221 1167 2255 nt
1188 2216 1395 2268 Apollinis
1419 2223 1513 2256 exta
1537 2218 1644 2257 bona
1667 2219 1766 2264 sint,
1793 2219 1950 2257 Dianae

173 2291 256 2317 non
288 2278 424 2318 bona?
466 2277 565 2332 quid
606 2284 669 2318 est
706 2285 786 2318 tarn
827 2280 1095 2333 perspicuum
1136 2292 1260 2332 quam
1295 2292 1388 2318 cum
1420 2277 1594 2319 fortuito
1626 2280 1788 2320 hostiae
1820 2280 1951 2320 addu—

175 2346 330 2388 cantur,
362 2341 464 2381 talia
497 2342 649 2395 cuique
683 2348 776 2382 exta
809 2356 921 2389 esse,
954 2342 1089 2395 qualis
1122 2341 1275 2394 cuique
1308 2342 1507 2394 optigerit
1537 2342 1703 2381 hostia?
1763 2344 1814 2382 At
1840 2343 1950 2382 enim

175 2402 216 2442 id
248 2405 386 2455 ipsum
418 2403 544 2443 habet
576 2404 734 2457 aliquid
768 2405 911 2450 divini,
943 2417 1051 2457 quae
1084 2404 1236 2456 cuique
1268 2403 1404 2443 hostia
1437 2404 1637 2455 obtingat,
1671 2411 1881 2458 tamquam
1908 2406 2002 2444 in35

175 2465 374 2511 sortibus,
415 2479 524 2519 quae
563 2468 628 2506 cui
666 2467 854 2506 ducatur.
922 2468 1020 2506 Mox
1060 2466 1110 2506 de
1148 2464 1362 2513 sortibus;
1414 2479 1666 2519 quamquam
1702 2472 1744 2506 tu
1777 2468 1948 2521 quidem

175 2540 259 2567 non
288 2527 517 2568 hostiarum
550 2542 692 2568 casum
725 2528 943 2569 confirmas
975 2529 1149 2568 sortium
1182 2528 1473 2575 similitudine,
1505 2528 1578 2568 sed
1611 2527 1793 2570 infirmas
1826 2532 1950 2570 sortis

261 2708 291 2739 Ξ.
319 2708 493 2747 haeciam]
511 2690 633 2738 hetiain
659 2708 685 2738 H
712 2724 746 2728 —
775 2707 805 2739 3.
832 2708 920 2738 iecor
944 2708 1035 2738 13¹—
1063 2707 1093 2739 4.
1120 2708 1290 2738 inventum
1314 2709 1356 2738 iri
1382 2709 1509 2739 Davisii
1535 2717 1632 2749 susp.
1662 2726 1697 2731 -
1724 2710 1847 2740 acessio
1870 2712 1895 2741 A
1912 2727 1947 2732 —

174 2759 204 2789 5.
231 2758 441 2789 accomodent
465 2757 522 2788 All
543 2774 576 2778 —
606 2757 636 2787 6.
658 2758 790 2788 adeam
816 2757 843 2788 11
873 2775 904 2780 —
934 2758 1081 2797 quadam
1106 2755 1144 2789 Αἱ
1166 2777 1199 2781 -
1227 2760 1402 2798 diliqendis
1426 2759 1478 2789 AB
1508 2776 1541 2781 -
1570 2759 1600 2789 7.
1628 2759 1829 2789 tristissuma
1852 2760 1951 2791 uncis

175 2806 312 2839 inclusit
336 2807 572 2847 Hottingerus‚
597 2808 728 2845 primae
752 2808 907 2838 victimae
932 2808 1124 2847 Madvigius
1146 2826 1179 2830 —-
1206 2809 1329 2847 fuerint
1348 2810 1383 2845 B,
1411 2809 1473 2839 sed
1493 2810 1650 2840 extrema
1670 2817 1750 2849 pars
1769 2809 1801 2839 in
1820 2817 1889 2839 ras.
1912 2826 1946 2831 ——

175 2858 207 2889 8.
225 2859 329 2889 dirius
352 2856 473 2897 vulgo:
502 2857 617 2887 durius
635 2858 657 2886 C
678 2874 711 2878 —
740 2856 770 2887 9.
790 2858 881 2888 mina
906 2858 930 2888 Η
959 2876 993 2880 -—
1024 2858 1074 2889 14,
1104 2859 1268 2899 intelligas
1292 2860 1385 2890 ABO
1415 2877 1447 2880 —
1488 2859 1536 2888 1⁴5.
1563 2862 1771 2889 contractum
1796 2859 1843 2889 C:
1871 2868 1951 2889 con-

175 2911 298 2938 tactum
322 2907 457 2938 Marsus
483 2908 507 2938 O
541 2924 575 2929 —-
616 2907 666 2939 18.
694 2907 782 2948 quid]
809 2908 864 2946 qui
890 2909 952 2939 All
983 2925 1016 2931 —
1056 2909 1104 2941 19.
1132 2909 1297 2949 asperet-it
1323 2909 1365 2938 C:
1402 2909 1534 2945 aspera
1557 2909 1691 2939 Marsus
1717 2909 1765 2944 0;
1805 2908 1949 2939 modum

177 2957 440 2988 coniuncto-um
465 2958 508 2987 ita
534 2956 689 2997 explico,
716 2960 752 2988 ut
777 2959 987 2989 Ciceronem
1013 2968 1092 2990 cum
1119 2960 1226 2998 ipsum
1250 2959 1347 2988 corde
1371 2959 1546 2996 privatum
1571 2966 1636 2987 esse
1663 2960 1763 2996 putas
1793 2957 1950 2989 scribere

175 3005 335 3043 voluerit,
361 3007 659 3038 constructionem
688 3010 842 3039 mutasse
869 3009 985 3039 dicam
1012 3026 1046 3030 —
1074 3009 1127 3040 ΞΟ.
1152 3017 1318 3048 ρονμιιι·θο
1342 3010 1368 3038 A
1397 3025 1430 3028 —
1469 3008 1519 3038 21.
1546 3007 1664 3038 catella
1690 3008 1715 3038 Η
1745 3025 1778 3030 -
1805 3008 1857 3039 23.
1877 3007 1952 3037 ewi-

177 3057 218 3087 tis
239 3054 279 3088 Α1
302 3074 345 3079 -
375 3057 428 3088 24.
457 3058 636 3096 asperseris
659 3058 703 3093 Α,
736 3057 799 3088 sed
824 3067 861 3088 as
886 3059 918 3090 in
945 3068 1013 3090 ras.
1043 3068 1088 3090 m.
1116 3068 1189 3090 sec.
1220 3075 1252 3078 —
1289 3057 1420 3088 accedet
1444 3059 1471 3087 A
1504 3074 1539 3078 —
1573 3057 1627 3088 ⁶25.
1654 3056 1759 3087 obitus
1784 3057 1827 3087 C:
1859 3060 1951 3086 ortus

178 3106 304 3138 Davisii
328 3107 417 3137 coni.
444 3107 486 3143 0,
514 3115 620 3147 quam
647 3116 689 3138 ne
717 3107 866 3147 probem
893 3109 924 3140 vi
950 3109 1048 3141 verbi
1073 3107 1279 3140 conficiendi
1306 3106 1497 3146 prohibeor
1525 3125 1554 3130 -
1593 3107 1645 3138 ΞΒ.
1671 3108 1842 3137 ecistimas
1866 3106 1890 3136 Ο
1912 3124 1947 3129 ——

178 3155 230 3186 29.
257 3156 322 3186 deis
348 3156 391 3193 C,
418 3156 482 3188 sed
508 3158 541 3188 in
567 3159 591 3188 Α
618 3158 652 3188 in
677 3167 764 3189 ras:
793 3159 854 3188 diis
879 3159 903 3188 O
932 3177 966 3181 —
1000 3159 1051 3191 30.
1079 3169 1141 3190 non
1167 3159 1281 3189 literas
1306 3158 1332 3188 H
1362 3174 1393 3177 —
1423 3157 1476 3187 34.
1500 3157 1629 3195 primus
1653 3154 1691 3187 Α1
1718 3173 1751 3177 -
1789 3156 1841 3186 32,
1867 3164 1950 3194 pro-

177 3213 297 3235 xumos
319 3208 377 3236 aut
402 3204 440 3236 Αἱ
469 3224 501 3229 -
536 3206 588 3237 33.
616 3216 717 3247 quam
739 3209 938 3247 confortuito
961 3211 987 3240 Α
1020 3227 1061 3232 -
1095 3209 1145 3240 34.
1173 3212 1253 3239 exta
1277 3216 1343 3238 esse
1366 3208 1594 3247 qualiscuique
1619 3209 1652 3239 in
1678 3215 1787 3246 marg.
1814 3206 1895 3236 hab.
1922 3208 1949 3237 A

182 3271 217 3276 —
237 3258 271 3285 at
286 3256 325 3292 A,
345 3255 409 3287 sed
433 3259 445 3287 ι
468 3257 502 3288 in
526 3265 594 3289 ras.
618 3275 650 3280 —
680 3258 732 3289 35.
752 3259 785 3288 id
801 3266 879 3299 sup.
899 3257 956 3290 lin.
977 3261 1002 3291 A
1023 3276 1056 3281 —
1085 3258 1137 3291 37.
1158 3266 1269 3290 casum
1288 3258 1331 3288 C:
1360 3257 1438 3289 fort.
1459 3266 1597 3289 causam
1617 3274 1650 3280 —-
1679 3259 1839 3299 confirma
1856 3260 1895 3288 Αῑ
1913 3273 1946 3278 —

179 3306 281 3336 sortes
302 3305 375 3337 ΒΟ.
1429 3309 1433 3311 ’
