2249 3624
379 155 461 197 316
818 164 1243 207 TUSCULANARUM
1274 164 1705 206 DISPUTATIONUM

464 268 592 308 XVII.
614 266 680 309 37.
707 271 817 323 Ergo
841 270 923 317 hic,
947 271 1137 325 quisquis
1158 276 1231 319 est,
1251 272 1322 325 qui
1349 271 1634 312 moderatione
1655 277 1695 312 et
1716 275 1949 315 constantia
1972 277 2139 330 quietus

379 332 517 372 animo
549 337 611 372 est
641 333 803 386 sibique
833 333 924 386 ipse
957 334 1162 386 placatus,
1195 339 1238 373 ut
1268 347 1344 373 nee
1374 334 1556 373 tabescat
1585 334 1788 375 molestiis
1818 349 1895 376 nec
1926 338 2139 391 frangatur

380 394 527 434 timore
559 408 635 434 nec
667 395 857 435 sitienter
879 396 977 449 quid
1001 400 1200 449 expetens
1223 395 1366 435 ardeat
1385 396 1591 435 desiderio
1613 410 1690 436 nec
1711 397 1923 439 alacritate
1943 399 2050 440 futili
2072 414 2142 453 ge-

380 456 506 496 stiens
530 456 800 510 deliquescat,
831 458 866 497 is
889 463 951 497 est
972 459 1153 510 sapiens,
1187 471 1310 510 quem
1330 458 1584 510 quaerimus,
1615 458 1650 498 is
1675 464 1738 498 est
1758 459 1916 509 beatus,
1949 463 2013 502 cui
2038 463 2142 502 nihil

345 526 364 553 5
380 519 653 558 humanarum
676 532 814 559 rerum
836 525 906 559 aut
926 519 1185 559 intolerabile
1207 520 1256 558 ad
1277 519 1576 560 demittendum
1598 520 1781 560 animum
1804 528 1876 562 aut
1906 524 2025 564 nimis
2056 525 2144 564 lae-

381 580 506 621 tabile
522 581 573 621 ad
592 581 859 621 ecferendum
877 581 1009 620 videri
1034 586 1184 633 potest.
1219 581 1328 629 Quid
1352 582 1460 621 enim
1480 582 1670 623 videatur
1687 583 1724 623 ei
1745 597 1937 637 magnum
1955 587 1997 626 in
2018 587 2143 628 rebus

379 643 592 691 humanis,
624 644 687 683 cui
714 644 937 683 aeternitas
969 644 1102 682 omnis
1135 644 1345 697 totiusque
1378 645 1519 683 mundi
1544 650 1644 685 nota
1665 646 1718 685 sit
1739 647 2008 699 magnitudo?
2039 650 2142 689 Nam

380 704 481 757 quid
503 710 574 744 aut
594 706 634 744 in
657 711 738 745 tam
761 705 913 757 exigua
943 705 1144 744 brevitate
1167 706 1275 745 vitae
1308 719 1503 758 magnum
1525 708 1703 760 sapienti
1724 708 1857 749 videri
1889 715 2039 763 potest,
2071 712 2142 765 qui

380 780 544 819 semper
564 769 703 807 animo
725 768 783 807 sic
806 767 998 814 excubat,
1020 772 1064 806 ut
1086 768 1122 807 ei
1145 768 1249 807 nihil
1273 768 1530 820 inprovisum
1553 769 1740 810 accidere
1761 772 1908 824 possit,
1930 772 2032 812 nihil
2055 773 2145 813 ino-

334 839 366 866 10
381 829 577 882 pinatum,
609 829 712 868 nihil
734 829 904 869 omnino
927 832 1110 869 novum?
1147 828 1211 869 38.
1235 831 1372 884 Atque
1406 831 1515 870 idem
1548 832 1603 871 ita
1625 845 1761 871 acrem
1787 833 1829 872 in
1854 835 1989 874 omnis
2015 836 2144 888 partis

378 891 510 930 aciem
542 890 738 939 intendit,
770 897 816 931 ut
846 905 1009 945 semper
1038 892 1175 932 videat
1207 894 1349 932 sedem
1382 893 1459 932 sibi
1493 906 1539 932 ac
1570 894 1709 933 locum
1741 894 1831 934 sine
1863 896 2053 936 molestia
2084 902 2145 938 at-

379 966 459 1004 que
490 965 645 1005 angore
667 954 858 1001 vivendi,
890 959 948 1001 ut,
980 968 1289 1008 quemcumque
1319 969 1457 995 casum
1480 955 1647 995 fortuna
1668 956 1887 1005 invexerit,
1918 957 2030 999 hunc
2050 964 2145 1012 apte

380 1020 420 1054 et
450 1016 591 1068 quiete
622 1016 747 1055 ferat:
779 1016 891 1070 quod
915 1017 987 1069 qui
1017 1016 1143 1056 faciet
1164 1031 1245 1056 non
1269 1017 1531 1070 aegritudine
1554 1018 1689 1057 solum
1711 1019 1894 1066 vacabit,
1927 1019 2000 1059 sed
2023 1022 2145 1061 etiam

378 1078 761 1130 perturbationibus
802 1079 975 1132 reliquis
1016 1080 1223 1119 omnibus.
1279 1080 1353 1119 His
1395 1085 1531 1120 autem
1570 1093 1724 1120 vacuus
1763 1081 1925 1121 animus
1964 1083 2146 1134 perfecte

332 1150 363 1177 15
378 1144 501 1193 atque
533 1141 722 1180 absolute
753 1142 897 1181 beatos
930 1141 1074 1189 efficit,
1106 1142 1303 1195 idemque
1332 1143 1561 1182 concitatus
1584 1147 1626 1181 et
1646 1142 1878 1183 abstractus
1902 1145 1952 1184 ab
1984 1146 2147 1199 integra

379 1207 574 1255 certaque
605 1203 764 1243 ratione
797 1218 879 1244 non
911 1205 1183 1244 constantiam
1217 1205 1353 1244 solum
1385 1205 1556 1252 amittit,
1589 1217 1733 1244 verum
1757 1204 1882 1245 etiam
1912 1208 2146 1249 sanitatem.

491 1264 693 1312 Quocirca
716 1267 854 1306 mollis
874 1273 914 1306 et
931 1273 1124 1307 enervata
1146 1267 1330 1320 putanda
1347 1272 1409 1307 est
1426 1267 1795 1319 Peripateticorum
1816 1269 1920 1309 ratio
1939 1275 1979 1309 et
1998 1272 2146 1320 oratio,

378 1326 448 1378 qui
480 1328 713 1379 perturbari
746 1329 908 1369 animos
939 1343 1110 1369 necesse
1143 1330 1285 1369 dicunt
1316 1343 1426 1376 esse,
1471 1329 1542 1369 sed
1586 1329 1786 1370 adhibent
1814 1331 1984 1372 modum
2018 1347 2148 1386 quen-

380 1389 493 1437 dam,
526 1404 650 1443 quem
683 1392 791 1431 ultra
822 1392 1018 1445 progredi
1052 1406 1133 1432 non
1166 1397 1371 1445 oporteat.
1427 1389 1493 1430 30.
1526 1392 1696 1432 Modum
1733 1398 1777 1431 tu
1807 1392 1980 1434 adhibes
2012 1396 2147 1436 vitio?

328 1460 365 1489 20
379 1465 430 1491 an
463 1452 607 1492 vitium
641 1454 798 1494 nullum
832 1461 894 1495 est
923 1469 1006 1495 non
1039 1468 1183 1508 parere
1215 1454 1397 1493 rationi?
1441 1467 1493 1493 an
1525 1455 1629 1494 ratio
1662 1467 1807 1507 parum
1840 1457 2041 1510 praecipit
2071 1472 2147 1498 nec

379 1515 533 1554 bonum
566 1516 669 1555 illud
702 1531 812 1566 esse,
856 1518 970 1571 quod
1011 1523 1082 1557 aut
1119 1517 1259 1570 cupias
1292 1517 1487 1557 ardenter
1515 1522 1587 1556 aut
1617 1516 1793 1570 adeptus
1825 1517 1982 1558 ecferas
2014 1525 2052 1559 te
2084 1520 2147 1559 in-

379 1577 589 1617 solenter?
621 1593 696 1618 nec
728 1593 851 1632 porro
875 1580 1051 1626 malum,
1084 1593 1168 1632 quo
1191 1585 1262 1619 aut
1284 1593 1509 1633 oppressus
1540 1580 1676 1619 iaceas
1698 1585 1790 1627 aut,
1820 1594 1873 1620 ne
1895 1581 2148 1633 opprimare,

381 1645 516 1679 mente
547 1641 619 1680 vix
649 1644 840 1681 constes?
873 1655 1006 1695 eaque
1039 1642 1177 1681 omnia
1208 1646 1278 1681 aut
1309 1642 1429 1681 nimis
1463 1641 1595 1681 tristia
1626 1646 1697 1680 aut
1726 1642 1848 1682 nimis
1878 1641 1984 1682 laeta
2010 1656 2149 1684 errore

379 1700 501 1742 fieri?
545 1703 626 1751 Qui
660 1704 692 1743 si
727 1718 842 1743 error
873 1705 1009 1744 stultis
1043 1709 1294 1743 extenuetur
1326 1704 1412 1751 die,
1455 1709 1519 1751 ut,
1560 1717 1653 1743 eum
1684 1716 1748 1742 res
1787 1704 1932 1744 eadem
1970 1711 2149 1755 maneat,

328 1772 364 1800 25
379 1765 500 1804 aliter
528 1764 663 1806 ferant
693 1767 941 1815 inveterata,
974 1767 1095 1806 aliter
1125 1766 1324 1813 recentia,
1358 1766 1561 1819 sapientis
1592 1779 1645 1805 ne
1671 1766 1847 1819 attingat
1868 1767 2037 1820 quidem
2061 1782 2149 1808 om-

379 1827 494 1867 nino.
545 1825 610 1867 40.
643 1830 806 1869 Etenim
840 1831 934 1884 quis
957 1831 1035 1869 erit
1064 1829 1230 1869 tandein
1262 1829 1407 1868 modus
1429 1829 1540 1870 iste?
1573 1841 1822 1881 quaeramus
1845 1828 1955 1868 enim
1978 1830 2148 1871 modum

379 1890 675 1942 aegritudinis,
705 1892 747 1931 in
781 1906 863 1945 qua
896 1906 1048 1945 operae
1080 1893 1304 1946 plurimum
1327 1891 1511 1944 ponitur.
1542 1891 1675 1943 Aegre
1697 1890 1846 1930 tulisse
1868 1891 1910 1930 P.
1933 1892 2147 1945 Rupilium

379 1951 515 1991 fratris
546 1953 755 2005 repulsam
779 1955 1018 1994 consulatus
1042 1955 1241 2008 scriptum
1264 1954 1376 2007 apud
1398 1954 1602 1993 Fannium
1625 1958 1700 1993 est.
1748 1953 1829 1993 Sed
1852 1958 1992 1993 tamen
2015 1959 2148 1995 trans-

379 2014 460 2053 isse
492 2014 658 2054 videtur
688 2017 878 2065 modum,
911 2018 1068 2071 quippe
1101 2019 1173 2071 qui
1206 2018 1258 2057 ol)
1291 2031 1380 2057 eam
1413 2031 1577 2057 causam
1608 2030 1631 2056 a
1662 2018 1747 2056 vita
1776 2017 2022 2066 recesserit3
2062 2033 2147 2059 mo-

329 2084 365 2112 30
380 2077 561 2117 deratius
592 2078 718 2130 igitur
747 2079 855 2120 ferre
888 2081 1044 2119 debuit.
1092 2080 1225 2128 Quid,
1258 2080 1310 2127 si,
1343 2093 1436 2119 cum
1467 2079 1507 2118 id
1538 2073 1664 2118 ferret
1684 2078 1869 2127 modice,
1900 2094 2012 2120 mors
2044 2080 2148 2121 libe-

379 2154 518 2180 rorum
559 2141 830 2181 accessisset?
870 2144 974 2182 Nata
1006 2147 1115 2182 esset
1154 2142 1372 2195 aegritudo
1406 2155 1530 2188 nova,
1575 2142 1647 2181 sed
1679 2155 1729 2181 ea
1759 2141 1938 2182 modica.
2001 2144 2151 2196 Magna

381 2209 515 2243 tamen
547 2203 655 2243 facta
686 2210 795 2244 esset
825 2206 1021 2245 accessio.
1080 2204 1210 2252 Quid,
1250 2206 1283 2245 si
1316 2205 1468 2244 deinde
1501 2205 1666 2244 dolores
1698 2218 1843 2257 graves
1876 2205 2083 2257 corporis,
2117 2206 2151 2245 si

379 2266 582 2306 bonorum
614 2267 804 2314 amissio,
837 2268 869 2306 si
902 2268 1102 2315 caecitas,
1135 2267 1168 2307 si
1201 2267 1408 2307 exilium?
1441 2267 1483 2306 Si
1514 2281 1589 2320 pro
1622 2267 1799 2319 singulis
1821 2266 1941 2306 malis
1964 2268 2148 2319 aegritu-

381 2328 499 2368 dines
530 2328 797 2377 accederent,
830 2343 990 2370 summa
1022 2344 1069 2370 ea
1099 2330 1242 2377 fieret,
1276 2343 1381 2382 quae
1412 2343 1494 2369 non
1528 2330 1816 2369 sustineretur.

330 2397 366 2425 35
494 2392 644 2431 XVIII.
676 2389 742 2431 41.
777 2392 857 2440 Qui
892 2392 1060 2431 modum
1090 2393 1216 2444 igitur
1238 2392 1336 2431 vitio
1359 2392 1523 2444 quaerit
1545 2391 1738 2431 similiter
1759 2390 1870 2438 facit,
1901 2396 1948 2432 ut
1969 2392 2001 2431 si
2024 2405 2149 2445 posse

382 2460 500 2508 putet
531 2468 643 2501 eum,
676 2455 747 2507 qui
780 2468 824 2493 se
856 2469 878 2494 e
909 2455 1090 2494 Leucata
1122 2454 1471 2508 praecipitaverit,
1505 2455 1710 2494 sustinere
1732 2466 1796 2501 se,
1827 2467 1921 2494 cum
1942 2453 2056 2493 velit.
2100 2454 2153 2493 Ut

383 2518 492 2556 enim
524 2517 566 2556 id
598 2530 679 2556 non
711 2522 868 2569 potest,
901 2518 959 2556 sic
991 2518 1152 2556 animus
1184 2517 1446 2570 perturbatus
1479 2521 1519 2556 et
1548 2517 1743 2557 incitatus
1774 2528 1851 2555 nec
1881 2516 2075 2556 cohibere
2106 2529 2150 2555 se

383 2584 522 2632 potest
552 2593 627 2619 nec
660 2593 742 2632 quo
775 2580 866 2619 loco
899 2580 988 2619 vult
1018 2580 1222 2619 insistere.
1280 2578 1571 2632 Omninoque,
1613 2592 1720 2632 quae
1752 2579 1983 2618 crescentia
2013 2577 2151 2630 perni-

384 2642 494 2681 ciosa
527 2648 644 2689 sunt,
677 2641 823 2681 eadem
857 2647 953 2681 sunt
984 2641 1134 2680 vitiosa
1166 2641 1392 2680 nascentia.
1444 2639 1508 2680 42.
1541 2640 1770 2694 Aegritudo
1800 2646 1938 2681 autem
1969 2646 2152 2680 ceterae-

334 2710 368 2740 40
384 2717 465 2756 que
497 2704 852 2756 perturbationes,
883 2703 1160 2755 amplificatae
1192 2709 1322 2749 certe,
1354 2703 1574 2756 pestiferae
1606 2708 1724 2743 sunt:
1757 2703 1882 2756 igitur
1913 2704 2036 2742 etiam
2062 2716 2152 2742 sus-

384 2771 527 2817 ceptae
565 2767 763 2805 continuo
802 2766 845 2805 in
888 2779 1036 2818 magna
1076 2766 1203 2819 pestis
1235 2772 1351 2818 parte
1382 2772 1611 2806 versantur.
1656 2767 1820 2806 Etenim
1853 2766 1969 2819 ipsae
2001 2779 2044 2805 se
2074 2765 2152 2804 im-

475 2940 500 2969 .
527 2939 577 2969 hic
602 2939 644 2970 C:
681 2939 705 2969 is
729 2939 754 2969 O
861 2939 892 2969 3.
919 2941 1088 2977 expeclens
1119 2940 1142 2969 G
1160 2940 1181 2969 R
1291 2939 1383 2969 ardel
1409 2939 1433 2971 C
1470 2939 1603 2977 (ardeat
1627 2940 1651 2970 B
1679 2939 1755 2971 ead.
1783 2948 1830 2970 m.
1856 2940 1889 2971 in
1915 2938 2086 2979 margine)
2113 2956 2147 2960 --

381 2988 493 3027 futtuli
517 2989 541 3017 G
558 2989 579 3018 R
670 2990 700 3019 .
727 2988 879 3020 laetabile
903 2989 1116 3028 adferendum
1141 2989 1183 3019 C.
1218 2988 1268 3019 (Is.
1296 2988 1313 3027 .
1340 2988 1380 3019 35
1407 2990 1440 3019 et
1464 2989 1515 3019 63.
1609 2990 1640 3020 9.
1668 2991 1796 3021 animos
1820 2991 1913 3030 (ante
1931 2990 2102 3027 rasuram)
2127 2990 2150 3020 R

450 3038 498 3067 sto.
527 3038 627 3068 cidem
653 3042 677 3068 G
693 3041 714 3069 R
807 3040 858 3070 15.
885 3040 1026 3070 obsolute
1050 3041 1072 3070 H
1151 3040 1203 3070 2.
1313 3040 1449 3078 adeptus
1466 3039 1507 3069 B:
1536 3042 1570 3069 ut
1587 3040 1721 3078 adeptus
1738 3041 1798 3070 GR
1880 3038 1933 3070 211..
1952 3043 2152 3070 eoelenuatur

386 3088 475 3118 Bake
501 3086 521 3118 l.
550 3086 555 3117 l
598 3098 630 3127 p.
651 3089 724 3119 101.
744 3107 785 3110 -
809 3091 920 3121 eadem,
946 3093 1077 3121 manca!
1101 3089 1156 3120 132:
1184 3090 1296 3119 eadem
1314 3093 1470 3119 maneant
1487 3092 1510 3119 t}
1528 3090 1550 3120 R
1567 3089 1623 3124 ss
1650 3090 1781 3120 eaedem
1797 3092 1953 3120 maneant.
1970 3087 2037 3119 alii.
2064 3088 2150 3120 Vide

385 3136 427 3167 ad
455 3137 509 3171 ,
536 3136 586 3166 31.
679 3140 731 3169 35.
758 3140 844 3177 scra!
870 3141 893 3171 (
924 3159 955 3162 -
985 3141 1036 3171 27,
1065 3149 1129 3179 qua
1154 3148 1249 3178 opere
1274 3141 1296 3168 G
1314 3141 1356 3171 R:
1390 3148 1453 3178 quo
1477 3148 1573 3178 opere
1596 3140 1619 3170 B
1708 3140 1740 3170 P.
1769 3139 1934 3178 Rupilium
1956 3139 2145 3169 Manutius:

383 3197 415 3226 p.
442 3187 591 3216 rusilium
617 3190 640 3215 (i
660 3189 700 3220 P.
729 3190 913 3226 prandium
940 3191 974 3220 .
1010 3190 1058 3221 (If.
1087 3189 1177 3220 Lacl,
1205 3188 1293 3227 373.
1328 3188 1408 3220 Plin.
1437 3189 1610 3220 N.11.v11
1681 3189 1754 3220 .
1789 3189 1877 3220 Fast.
1898 3187 2042 3229 Capitol.
2061 3197 2092 3220 a.
2113 3197 2148 3220 .

385 3238 459 3269 621.
491 3255 524 3259 -
551 3238 602 3267 31.
630 3238 677 3267 Sil
702 3246 741 3268 ea
764 3239 893 3269 modica
918 3238 1063 3278 Bentley
1087 3241 1122 3270 ct
1147 3239 1236 3269 Bake
1262 3237 1281 3268 l.
1309 3237 1329 3269 l.
1358 3247 1391 3278 p.
1419 3239 1475 3269 404
1505 3248 1558 3279 sq.
1641 3238 1694 3270 38.
1721 3239 1778 3278 qui
1799 3238 1868 3271 loco
1891 3238 1929 3270 R
1956 3257 1990 3261 -
2016 3238 2148 3269 omnino

387 3296 533 3327 quaeque
557 3288 580 3317 G
598 3288 639 3324 R
666 3288 808 3319 omnino.
837 3292 1012 3328 Quaequac
1036 3290 1059 3319 B
1145 3288 1330 3328 pernitiosa
1354 3289 1429 3319 GR.
