2249 3624
267 190 349 232 758
914 190 1106 233 PARAD.
1127 191 1196 231 vl.
1228 186 1258 244 5
1280 188 1347 231 52.

268 297 465 351 cupidum
495 295 724 350 pecuniast,
755 308 841 335 non
874 308 966 335 esse
998 308 1183 336 emacem
1215 296 1393 349 vectigal
1423 301 1506 336 est:
1538 301 1779 339 contentum
1809 312 1908 340 vero
1941 300 2029 341 suis

268 358 393 400 rebus
423 373 514 399 esse
551 357 758 398 maximae
789 362 884 397 sunt
916 358 1256 411 certissimaeque
1290 358 1474 399 divitiae.
1533 360 1697 400 Etenim
1729 361 1762 400 si
1793 361 1862 402 isti
1893 362 2029 402 callidi

269 435 406 463 rerum
436 421 727 462 aestimatores
758 425 876 473 prata
916 425 956 460 et
994 433 1112 460 areas
1144 420 1347 474 quasdam
1378 434 1527 474 magno
1559 421 1802 470 aestimant,
1843 423 1957 477 quod
1990 424 2027 463 ei

269 484 411 538 generi
442 482 756 538 possessionum
788 482 959 522 minime
992 483 1111 537 quasi
1143 484 1285 523 noceri
1317 488 1466 536 potest,
1500 485 1646 538 quanti
1677 489 1740 524 est
1770 486 2029 526 aestimanda

236 548 411 594 5virtus,
443 559 550 599 quae
581 558 658 585 nec
689 545 795 598 eripi
826 557 902 584 nec
934 545 1093 598 subripi
1124 550 1274 598 potest,
1306 559 1441 600 neque
1474 546 1693 600 naufragio
1724 560 1864 601 neque
1886 548 2028 588 incen-

269 610 337 649 dio
369 609 591 656 amittitur,
633 621 711 648 nec
752 612 1046 661 tempestatum
1089 620 1165 648 nec
1205 613 1436 662 temporum
1470 609 1786 662 perturbatione
1818 611 2025 650 mutatur!

268 686 351 725 qua
389 670 567 725 praediti
606 671 678 724 qui
717 675 834 718 sunt,
875 670 952 710 soli
984 676 1080 710 sunt
1111 670 1274 710 divites.
1351 669 1417 710 52).
1458 671 1543 711 Soli
1575 671 1685 711 enim
1716 671 1934 724 possident
1962 686 2029 712 res

269 739 309 774 et
347 733 580 774 fructuosas
625 738 666 773 et
706 733 982 786 sempiternas
1021 732 1210 787 solique,
1256 734 1367 787 quod
1415 739 1478 773 est
1522 734 1737 787 proprium
1779 733 2029 781 divitiarum,

268 797 453 836 contenti
493 800 590 835 sunt
629 795 754 835 rebus
795 795 905 843 suis,
952 795 1052 835 satis
1095 809 1185 835 esse
1227 801 1375 848 putant
1405 796 1516 849 quod
1551 801 1637 844 est,
1679 796 1783 836 nihil
1814 796 2029 848 adpetunt,

218 864 252 892 ⁴0
268 858 381 898 nulla
411 871 454 898 re
487 862 620 911 egent,
652 857 754 897 nihil
786 855 864 897 sihi
896 857 1042 897 deesse
1075 857 1273 905 sentiunt,
1306 859 1410 898 nihil
1430 859 1670 912 requirunt:
1702 858 1867 912 inprobi
1890 863 2030 898 autem

268 925 308 960 et
337 920 471 968 avari,
514 919 714 973 quoniam
755 920 933 960 incertas
975 924 1101 973 atque
1142 920 1184 959 in
1225 934 1321 961 casu
1362 923 1520 974 positas
1552 921 1844 974 possessiones
1875 920 2031 960 habent

268 988 308 1024 et
337 983 430 1037 plus
462 996 628 1036 semper
656 983 860 1037 adpetunt
891 995 967 1022 nec
1000 995 1140 1023 eorum
1175 983 1398 1037 quisquam
1430 983 1566 1023 adhuc
1597 984 1793 1023 inventus
1824 987 1903 1030 est,
1931 983 2029 1036 quoi

268 1045 382 1099 quod
413 1045 585 1086 haberet
617 1050 727 1085 esset
758 1046 878 1093 satis,
919 1058 1003 1085 non
1035 1045 1159 1084 modo
1192 1058 1277 1084 non
1310 1046 1471 1099 copiosi
1503 1059 1551 1086 ac
1583 1045 1754 1093 divites,
1798 1044 1870 1085 sed
1903 1044 2028 1085 etiam

266 1107 415 1161 inopes
446 1120 493 1148 ac
523 1121 729 1161 pauperes
762 1107 1029 1148 existimandi
1062 1112 1171 1148 sunt.

354 1251 384 1282 4.
408 1251 579 1290 pecuniast
600 1249 642 1282 V¹
655 1250 710 1282 13¹:
733 1251 875 1290 pecunia
899 1254 943 1282 est
967 1252 993 1282 Α
1008 1249 1046 1282 132
1058 1248 1135 1282 ΨΟ
1174 1268 1208 1273 -
1246 1260 1311 1282 esse
1332 1256 1379 1275 Μ
1404 1258 1495 1281 ocem
1518 1250 1545 1280 V
1583 1267 1617 1272 —
1655 1249 1797 1289 uectigal
1819 1252 1864 1280 esc
1887 1249 1910 1280 B
1936 1256 2027 1280 corr.

268 1310 308 1333 ex
332 1301 525 1342 uectigalem
552 1318 586 1324 -
612 1303 832 1340 contemptum
855 1301 882 1332 A
909 1318 942 1324 -—
970 1301 1001 1332 2.
1027 1301 1127 1332 calidi
1150 1300 1188 1331 13¹
1216 1318 1248 1322 —
1277 1301 1307 1332 3.
1333 1301 1447 1341 maqm'
1471 1309 1544 1332 var.
1572 1299 1649 1331 lect.
1677 1300 1712 1330 in
1737 1300 1763 1330 V
1789 1316 1824 1321 —
1857 1299 1888 1331 4.
1914 1307 2030 1331 nocere

268 1352 295 1382 V
318 1369 361 1374 —
384 1355 428 1383 esc
451 1351 475 1382 B
501 1359 577 1392 sup.
604 1350 662 1382 lin.
691 1368 726 1373 —
753 1352 784 1382 5.
803 1351 927 1390 surripi
948 1354 1052 1390 potest
1077 1351 1246 1392 [unquam]
1273 1352 1298 1382 O
1327 1367 1360 1374 ——
1388 1360 1446 1382 nec
1463 1351 1612 1382 incendio
1637 1350 1662 1380 O
1690 1366 1724 1371 —
1752 1350 1782 1381 6.
1802 1352 2029 1388 tempestatum

269 1402 312 1433 C:
346 1402 380 1432 vi
403 1403 628 1440 tempestatum
663 1401 688 1432 Ο
720 1402 754 1433 et
782 1402 883 1442 pauci
915 1400 1015 1439 dett„
1042 1410 1131 1442 quae
1157 1402 1328 1433 correctio
1353 1402 1497 1433 minime
1522 1402 1576 1432 est
1599 1399 1819 1434 necessaria;
1858 1398 1952 1439 quod
1977 1400 2031 1430 est

268 1452 303 1482 in
332 1450 428 1483 libris
460 1450 579 1490 bonis,
610 1450 705 1482 idem
739 1450 810 1483 sere
843 1452 895 1482 est
929 1451 1023 1491 quod
1052 1454 1212 1483 nostrum
1246 1452 1379 1483 «weder
1403 1451 1505 1482 durch
1526 1450 1692 1490 physische
1715 1449 1797 1480 noch
1820 1449 1922 1479 durch
1940 1449 2030 1488 poli-

267 1502 365 1533 tische
394 1501 658 1533 Revolutionen.n
703 1519 746 1524 —-
791 1500 820 1532 8.
851 1503 1008 1540 propium
1039 1502 1066 1532 V
1109 1519 1141 1523 —
1189 1502 1239 1532 41.
1270 1502 1435 1541 possiones
1458 1502 1482 1532 B
1515 1518 1548 1522 —
1590 1499 1641 1531 44.
1668 1499 1715 1530 Μ.
1744 1499 1840 1530 Τυιιι
1864 1498 2028 1530 ΟισΕηοΝ;

268 1552 437 1583 ΡΑΒΑΒΟΧΑ
458 1559 643 1583 ,ςτοισοιῑυΜ
665 1559 803 1583 Expuc:
826 1559 1021 1583 FELICITER:
1046 1552 1088 1589 V;
1126 1550 1214 1583 Mja.
1238 1552 1261 1582 T
1261 1550 1331 1584 ῡιι.
1352 1552 1530 1584 CICERONIS
1553 1557 1837 1582 PARADOXASTOECE
1851 1556 2029 1580 EXPMCATA

266 1622 439 1646 mumma
467 1622 592 1646 mcmr
619 1604 792 1647 LVOCULLUS.
819 1615 865 1652 Α;
905 1607 952 1646 M.
974 1614 998 1645 T
998 1622 1070 1645 nm
1095 1613 1271 1646 Czcfifloms
1302 1622 1469 1646 ammon
1492 1620 1626 1646 sromvs
1659 1619 1832 1643 EXPLICHA
1855 1618 2029 1642 Furem-:12

267 1673 393 1696 m'CJPJT
413 1671 586 1696 LUCULLUS.
613 1665 652 1696 B.
