2249 3624
331 149 412 192 480
712 152 782 191 DE
812 149 1020 190 FINIBUS
1052 148 1313 191 BONORUM
1341 151 1410 191 ET
1441 149 1709 205 MALORUM

332 278 423 305 esse
464 262 587 304 filius.
649 261 988 314 Theophrastum
1018 267 1158 302 tamen
1188 262 1458 303 adhibeamus
1489 262 1539 302 ad
1577 262 1807 315 pleraque,
1847 261 1946 302 dum
1977 264 2102 304 modo

330 329 424 382 plus
444 328 486 368 in
509 327 660 367 virtute
682 329 919 370 teneamus,
943 336 1067 377 quam
1089 324 1160 364 ille
1183 326 1336 373 tenuit,
1364 323 1570 365 firmitatis
1592 330 1633 364 et
1652 325 1828 364 roboris.
1875 321 1942 364 ¹13.
1964 325 2103 367 Simus

330 391 458 443 igitur
496 387 682 429 contenti
721 386 801 425 his.
863 387 1056 439 Namque
1093 386 1243 426 horum
1285 387 1441 440 posteri
1482 387 1676 426 meliores
1717 386 1777 425 illi
1809 386 1979 439 quidem
2012 400 2104 427 mea

331 451 538 493 sententia
568 462 693 503 quam
725 448 980 500 reliquarum
1012 448 1255 502 philosophi
1278 449 1620 501 disciplinarum,
1652 448 1726 488 sed
1756 449 1814 488 ita
1836 448 2104 502 degenerant,

299 522 377 555 sut
416 513 498 567 ipsi
540 525 592 552 ex
633 525 676 551 se
708 510 795 550 nati
829 523 919 549 esse
951 509 1183 550 videantur.
1247 511 1429 551 Primum
1461 510 1740 564 Theophrasti
1781 511 1917 552 Strato
1965 510 2105 565 physi-

331 591 423 618 cum
456 590 500 615 se
530 574 684 615 voluit:
724 573 767 612 in
808 586 891 625 quo
943 573 1020 612 etsi
1061 578 1123 612 est
1160 586 1357 626 magnus,
1398 579 1535 613 tamen
1567 586 1677 614 nova
1706 573 1910 628 pleraque
1943 579 1984 614 et
2012 588 2106 628 per-

330 652 462 693 pauca
493 637 543 677 de
575 635 774 676 moribus.
835 635 970 674 Huius
1002 635 1112 689 Lyco
1145 636 1332 676 oratione
1365 636 1573 689 locuples,
1619 636 1744 676 rebus
1776 636 1879 689 ipsis
1910 637 2105 677 ieiunior.

333 701 572 741 Concinnus
605 697 757 737 deinde
789 702 830 736 et
871 697 1040 749 elegans
1077 697 1202 737 huius
1234 699 1395 745 Aristo,
1442 698 1515 737 sed
1547 712 1613 746 ea,
1654 712 1760 751 quae
1792 698 2054 739 desideratur
2083 712 2106 738 a

331 776 482 816 magno
521 760 800 816 philosopho,
839 760 1018 811 gravitas
1060 760 1101 799 in
1142 774 1190 800 eo
1228 774 1312 801 non
1354 760 1453 800 fuit:
1499 760 1650 814 scripta
1691 774 1790 800 sane
1833 765 1875 801 et
1905 761 2035 801 multa
2066 766 2107 800 et

283 835 317 863 40
331 826 483 880 polita,
525 823 599 864 sed
630 822 774 863 nescio
807 835 890 875 quo
932 828 1052 875 pacto
1085 824 1375 863 auctoritatem
1409 822 1542 862 oratio
1575 836 1658 862 non
1689 822 1826 863 habet.
1887 820 1953 862 44.
1984 825 2106 863 Prae-

332 894 447 928 tereo
478 886 657 933 multos,
699 884 743 924 in
773 884 839 924 his
872 885 1040 924 doctum
1072 884 1282 925 hominem
1316 890 1356 924 et
1386 898 1577 931 suavem,
1614 885 1937 937 Hieronymum,
1979 897 2104 938 quem

332 951 412 990 iam
445 963 517 990 cur
546 947 871 1000 Peripateticum
903 946 1110 999 appellem
1142 948 1298 987 nescio.
1350 947 1563 986 Summum
1596 946 1707 985 enim
1729 946 1885 986 honum
1909 945 2106 999 exposuit

331 1013 581 1053 vacuitatem
612 1009 792 1049 doloris:
826 1009 899 1061 qui
931 1014 1070 1048 autem
1103 1009 1153 1049 de
1186 1022 1346 1048 summo
1377 1008 1487 1047 hono
1517 1008 1730 1054 dissentit,
1764 1007 1815 1047 de
1846 1013 1935 1048 tota
1964 1007 2106 1060 philo-

332 1074 508 1128 sophiae
537 1073 700 1113 ratione
732 1071 940 1111 dissentit.
1002 1071 1208 1111 Critolaus
1246 1071 1399 1111 imitari
1431 1070 1564 1109 voluit
1593 1069 1813 1123 antiquos,
1859 1075 1900 1110 et
1931 1069 2102 1123 quidem

284 1142 396 1177 west
431 1136 629 1189 gravitate
669 1135 887 1187 proximus
928 1139 967 1173 et
1006 1134 1213 1173 redundat
1252 1133 1406 1172 oratio:
1446 1145 1493 1171 ac
1530 1137 1670 1171 tamen
1707 1145 1754 1171 ne
1793 1132 1828 1172 is
1860 1132 2031 1186 quidem
2061 1131 2104 1170 in

331 1198 478 1252 patriis
508 1197 712 1238 institutis
743 1202 894 1236 manet.
944 1196 1171 1242 Diodorus,
1205 1194 1294 1234 eius
1326 1194 1512 1241 auditor,
1544 1194 1736 1247 adiungit
1766 1195 1818 1234 ad
1843 1195 2104 1235 honestatem

331 1261 579 1302 vacuitatem
620 1259 789 1298 doloris.
851 1258 930 1297 Hic
961 1271 1128 1311 quoque
1170 1270 1269 1297 suus
1301 1262 1387 1296 est:
1431 1256 1481 1296 de
1514 1270 1676 1296 summo
1706 1256 1819 1296 bono
1852 1257 2104 1297 dissentiens

331 1337 427 1364 vere
464 1321 763 1375 Peripateticus
803 1321 883 1359 dici
923 1333 1007 1359 non
1048 1325 1198 1373 potest.
1258 1319 1537 1372 Antiquorum
1569 1324 1708 1358 autem
1740 1319 1993 1359 sententiam
2021 1320 2106 1358 An-

331 1384 498 1425 tiochus
528 1388 672 1424 noster
701 1383 803 1423 mihi
835 1382 998 1423 videtur
1027 1382 1226 1435 persequi
1260 1381 1600 1433 diligentissime,
1644 1395 1769 1435 quam
1807 1381 1983 1423 eandem
2012 1381 2105 1421 Ari-

281 1458 317 1486 20
332 1447 471 1488 stoteli
500 1445 630 1485 fuisse
663 1450 704 1484 et
741 1444 977 1484 Polemonis
1010 1444 1145 1484 docet.

442 1509 512 1548 VI.
545 1504 609 1546 ⁶l5.
641 1507 754 1546 Facit
783 1507 910 1559 igitur
940 1507 1092 1547 Lucius
1124 1511 1264 1546 noster
1294 1505 1542 1560 prudenter,
1575 1507 1647 1560 qui
1679 1507 1823 1547 audire
1855 1507 1907 1548 de
1939 1520 2102 1548 summo

332 1572 443 1611 bono
483 1570 744 1624 potissimum
784 1569 908 1613 velitz
951 1569 1033 1608 hoc
1071 1569 1182 1607 enim
1222 1568 1445 1608 constituto
1487 1570 1529 1608 in
1567 1568 1838 1622 philosophia
1876 1569 2103 1610 constituta

332 1639 429 1674 sunt
465 1632 617 1672 omnia.
677 1632 780 1671 Nam
821 1631 969 1670 ceteris
1012 1631 1054 1670 in
1094 1630 1218 1669 rebus
1259 1630 1347 1670 sive
1378 1631 1715 1683 praetermissum
1747 1631 1835 1671 sive
1866 1632 2102 1684 ignoratum

332 1702 395 1736 est
435 1694 671 1749 quippiam,
720 1706 805 1733 non
844 1693 938 1746 plus
982 1691 1235 1733 incommodi
1273 1698 1335 1732 est
1373 1705 1497 1746 quam
1541 1692 1687 1746 quanti
1726 1706 1922 1746 quaeque
1962 1706 2103 1734 earum

281 1768 317 1797 25
331 1772 469 1798 rerum
500 1761 584 1803 est,
625 1756 669 1795 in
701 1755 852 1809 quibus
884 1755 1120 1807 neglectum
1153 1759 1216 1793 est
1246 1754 1429 1807 aliquid:
1472 1768 1676 1794 summum
1708 1759 1846 1795 autem
1876 1755 2036 1795 bonum
2067 1755 2102 1793 si

332 1821 567 1874 ignoretur,
608 1818 774 1858 vivendi
814 1818 1015 1857 rationem
1052 1816 1236 1870 ignorari
1280 1829 1452 1856 necesse
1484 1823 1567 1863 est,
1609 1830 1661 1856 ex
1693 1830 1776 1870 quo
1815 1822 1956 1858 tantus
1988 1829 2103 1857 error

332 1882 623 1936 consequitur,
654 1886 701 1920 ut
733 1893 857 1934 quem
889 1881 932 1920 in
964 1885 1129 1933 portum
1161 1892 1204 1918 se
1236 1879 1443 1931 recipiant
1464 1878 1567 1917 scire
1590 1892 1674 1917 non
1695 1879 1871 1931 possint.
1922 1878 2104 1931 Cognitis

332 1951 473 1986 autem
503 1957 641 1984 rerum
672 1941 825 1982 finibus
858 1956 951 1982 cum
981 1941 1251 1994 intellegitur,
1284 1940 1384 1994 quid
1419 1941 1471 1980 sit
1502 1946 1542 1980 et
1571 1941 1774 1981 bonorum
1799 1945 2033 1980 extremum
2066 1944 2107 1979 et

333 2009 558 2054 malorum,
579 2006 749 2045 inventa
770 2005 880 2044 vitae
902 2004 969 2043 via
995 2010 1057 2043 est
1078 2003 1436 2055 conformatioque
1459 2003 1645 2043 omnium
1668 2002 1916 2042 officiorum.
1948 1999 2014 2042 46.
2034 2003 2108 2042 Est

282 2071 457 2124 30igitur
495 2083 578 2124 quo
609 2066 797 2121 quidque
837 2066 1062 2113 referatur,
1104 2080 1157 2106 ex
1188 2079 1292 2119 quo,
1334 2066 1376 2105 id
1408 2065 1520 2118 quod
1552 2078 1697 2105 omnes
1729 2070 1950 2118 expetunt,
1987 2065 2107 2105 beate

334 2132 502 2173 vivendi
544 2130 647 2171 ratio
684 2129 863 2169 inveniri
905 2135 946 2168 et
985 2129 1217 2182 comparari
1257 2132 1407 2180 potest.
1474 2127 1597 2175 Quod
1629 2127 1828 2180 quoniam
1867 2129 1910 2167 in
1940 2140 2025 2181 quo
2056 2126 2108 2166 sit

334 2207 483 2247 magna
514 2192 722 2232 dissensio
754 2197 838 2238 est,
873 2190 1103 2231 Carneadia
1133 2190 1254 2229 nobis
1286 2189 1523 2229 adhibenda
1556 2188 1705 2229 divisio
1739 2194 1820 2237 est,
1853 2203 1933 2243 qua
1964 2194 2108 2230 noster

333 2255 565 2296 Antiochus
605 2254 785 2294 libenter
824 2254 883 2293 uti
926 2252 1045 2293 solet.
1105 2253 1179 2292 Ille
1218 2252 1346 2305 igitur
1376 2251 1479 2291 vidit
1522 2264 1608 2290 non
1639 2250 1762 2291 modo
1795 2256 1900 2305 quot
1927 2251 2108 2292 fuissent

334 2317 471 2357 adhuc
511 2316 860 2370 philosophorum
901 2315 953 2355 de
993 2328 1155 2354 summo
1198 2315 1330 2362 bono,
1372 2313 1445 2353 sed
1477 2319 1581 2365 quot
1612 2315 1781 2354 omnino
1813 2327 1905 2354 esse
1933 2319 2109 2368 possent

285 2392 321 2420 35
335 2379 582 2420 sententiae.
642 2378 828 2431 Negabat
858 2378 983 2430 igitur
1014 2377 1141 2416 ullam
1175 2389 1266 2416 esse
1297 2382 1448 2423 artem,
1482 2389 1589 2429 quae
1620 2376 1711 2429 ipsa
1741 2389 1765 2416 a
1795 2389 1839 2416 se
1869 2374 2109 2429 proficisce-

335 2448 470 2489 retur;
509 2441 663 2481 etenim
704 2454 868 2494 semper
904 2440 1007 2479 illud
1040 2444 1157 2479 extra
1188 2444 1272 2485 est,
1306 2438 1419 2491 quod
1451 2443 1539 2478 arte
1570 2436 1951 2491 comprehenditur.
1995 2437 2108 2478 Nihil

336 2518 440 2557 opus
478 2509 541 2544 est
572 2503 776 2556 exemplis
811 2503 891 2542 hoc
921 2502 1056 2542 facere
1089 2501 1277 2553 longius;
1321 2505 1384 2539 est
1417 2500 1524 2539 enim
1556 2501 1824 2553 perspicuum
1854 2501 2014 2540 nullam
2043 2512 2108 2539 ar-

335 2572 418 2606 tem
447 2567 579 2619 ipsam
610 2567 652 2605 in
684 2579 728 2605 se
759 2566 936 2612 versari,
982 2565 1055 2604 sed
1098 2577 1189 2603 esse
1221 2562 1334 2602 aliud
1365 2567 1495 2602 artem
1525 2562 1680 2614 ipsam,
1718 2561 1831 2601 aliud
1863 2561 1980 2616 quod
2011 2573 2108 2614 pro-

334 2629 520 2681 positum
550 2628 603 2668 sit
633 2628 724 2668 arti.
777 2628 986 2676 Quoniam
1018 2626 1169 2679 igitur,
1206 2630 1253 2664 ut
1284 2624 1492 2664 medicina
1523 2623 1799 2671 xaletudinis‚
1830 2622 2107 2676 navigationis

286 2702 322 2731 40
337 2691 600 2742 gubernatio,
641 2691 698 2730 sic
736 2690 904 2731 vivendi
945 2702 1010 2728 ars
1042 2694 1104 2728 est
1144 2687 1388 2741 prudentia,
1430 2699 1602 2725 necesse
1635 2690 1698 2725 est
1729 2698 1821 2725 eam
1853 2697 2025 2739 quoque
2056 2684 2107 2724 ab

335 2752 474 2805 aliqua
505 2766 549 2792 re
581 2766 671 2793 esse
703 2753 972 2793 constitutam
1003 2756 1043 2791 et
1083 2749 1327 2803 profectam.
1390 2745 1456 2787 Π,
1491 2748 1682 2789 Constitit
1712 2753 1852 2788 autem
1882 2747 1969 2788 fere
1999 2747 2108 2788 inter

422 2924 452 2955 7.
480 2925 518 2955 cle
541 2933 610 2955 om.
637 2925 660 2955 Β
689 2943 723 2947 -
750 2924 864 2965 Huius]
888 2924 947 2954 hus
972 2928 1051 2961 [non
1074 2923 1132 2961 his)
1158 2922 1183 2953 E
1214 2940 1244 2944 -
1272 2922 1358 2960 Lyco
1382 2922 1428 2952 D:
1461 2921 1575 2960 Lysias
1598 2920 1654 2952 alii
1679 2921 1804 2959 codd.;
1832 2930 1902 2953 om.
1928 2922 1965 2961 B,
1992 2929 2104 2953 vacuo

334 2974 444 3014 spatio
467 2974 604 3005 relicto.
634 2993 667 2997 —
696 2974 746 3005 «¹4.
772 2975 873 3005 volun
897 2974 1050 3012 antiquos
1073 2974 1114 3003 B:
1143 2973 1296 3011 antiquos
1318 2971 1419 3003 voluit
1444 2972 1468 3001 O
1498 2988 1532 2992 -
1560 2972 1612 3002 45.
1641 2979 1681 3001 ac
1705 2974 1813 3003 tamen
1836 2971 1885 3002 B:
1910 2970 2062 3002 Attamen
2078 2970 2104 3001 O

337 3041 372 3046 —
400 3032 438 3055 ne
462 3024 637 3055 Bremius:
665 3032 734 3054 om.
762 3024 865 3054 codd.
892 3025 925 3054 et
950 3024 974 3054 Ο
1001 3040 1035 3044 -
1071 3023 1121 3053 17.
1148 3031 1274 3052 summo
1298 3022 1340 3052 B:
1367 3030 1556 3060 summoque
1581 3022 1650 3052 MO
1678 3038 1713 3043 -
1751 3021 1802 3053 48.
1829 3020 1894 3052 dici
1914 3029 1992 3052 uere
2012 3021 2104 3060 peri-

331 3073 513 3112 patheticus
535 3074 598 3103 dici
623 3083 687 3103 non
706 3082 741 3112 p.
761 3074 804 3105 B:
832 3074 895 3103 dici.
919 3081 994 3102 vere
1008 3073 1041 3103 P.
1062 3082 1122 3102 non
1144 3081 1179 3110 ρ.
1199 3072 1269 3102 ΜΟ
1289 3089 1324 3092 —
1346 3071 1398 3102 «¹9.
1417 3071 1581 3102 Aristoteli
1604 3072 1648 3102 B:
1674 3071 1855 3102 Aristotelis
1871 3070 1897 3101 O
1917 3087 1952 3092 —
1971 3069 2025 3101 24.
2043 3078 2104 3101 ea-

333 3122 419 3162 rum]
442 3131 558 3153 carum
576 3123 599 3153 E
619 3139 653 3143 —
682 3123 733 3153 ⁴25.
753 3132 865 3154 rernm
888 3131 957 3153 om.
983 3122 1007 3152 B
1025 3122 1047 3152 E
1074 3120 1196 3159 (salsus
1222 3122 1274 3151 est
1299 3120 1489 3160 Madvigius
1513 3121 1546 3151 in
1572 3120 1658 3152 Add.
1685 3129 1719 3161 p.
1746 3120 1819 3160 637)
1848 3136 1883 3142 —
1918 3119 2054 3158 aliquod
2077 3119 2101 3150 B

338 3190 372 3194 —-
392 3172 444 3203 27.
469 3176 603 3211 possunt
628 3173 686 3203 BE
708 3190 740 3194 —
770 3174 821 3204 ³28.
841 3174 919 3212 quid
944 3172 1047 3204 codd.
1074 3170 1250 3212 plerique:
1279 3171 1365 3208 quod
1390 3171 1412 3201 B
1428 3172 1452 3201 Ο
1471 3187 1505 3192 -
1526 3171 1579 3201 29.
1604 3172 1692 3202 vitae
1713 3171 1770 3201 via
1793 3169 1896 3202 codd.
1922 3167 2098 3210 plerique:

334 3225 363 3253 et
387 3222 445 3252 uia
466 3230 535 3252 una
559 3223 600 3253 B:
634 3226 662 3253 el
686 3223 772 3253 ritae
794 3224 849 3253 ria
874 3232 955 3254 Cum
980 3222 1170 3253 Goerenzio
1195 3224 1220 3251 O
1248 3238 1282 3242 ω
1309 3220 1377 3260 Est]
1403 3220 1483 3251 Cum
1507 3221 1530 3251 B
1558 3238 1593 3242 —
1620 3220 1673 3251 30.
1700 3220 1842 3259 quidque
1864 3217 1968 3253 codd.
1994 3217 2102 3261 pleri-

336 3280 422 3312 que:
455 3273 606 3311 quodque
630 3272 692 3303 ΒΟ
720 3289 753 3293 -
781 3272 832 3303 33.
861 3276 999 3311 quotu
1016 3271 1104 3312 quot]
1130 3271 1215 3311 quod
1233 3287 1280 3292 --
1298 3270 1383 3309 quod
1406 3270 1469 3302 BE
1498 3287 1531 3293 -
1559 3269 1611 3301 35.
1638 3278 1660 3301 α
1684 3277 1755 3303 om.
1779 3270 1818 3305 B.
