2249 3624
283 173 365 216 79⁶2
1003 174 1073 214 DE
1106 174 1331 216 OFFICIIS

282 283 376 323 talis
407 286 490 330 est,
521 286 566 322 ut
595 279 701 321 nihil
733 293 852 319 suum
886 279 1090 334 cuiusque
1123 281 1205 322 sit?
1266 281 1389 330 Quod
1421 283 1456 322 si
1487 283 1544 323 ita
1575 288 1657 331 est,
1695 297 1748 325 ne
1778 284 2050 327 vendundum

283 345 455 399 quidem
487 344 712 398 quicquam
746 347 828 390 est,
860 342 934 383 sed
966 343 1246 384 donandum.»
1308 345 1421 384 XIII.
1461 346 1588 386 Vides
1619 346 1662 386 in
1692 348 1769 388 hac
1800 352 1886 388 tota
1917 347 2052 389 disce-

281 408 471 461 ptatione
502 421 587 447 non
617 405 722 447 illud
756 405 835 445 dici
870 405 1099 454 «Quamvis
1131 405 1210 447 hoc
1231 412 1352 460 turpe
1376 408 1440 455 sit,
1463 413 1617 455 tamen,
1641 410 1842 463 quoniam
1864 410 2051 463 expedit,

280 470 468 518 faciam,»
502 469 574 510 sed
606 470 664 509 ita
695 468 917 521 expedire,
955 474 1002 509 ut
1032 474 1154 523 turpe
1186 483 1268 510 non
1303 470 1377 517 sit,
1415 484 1467 510 ex
1497 471 1630 512 altera
1661 478 1800 513 autem
1831 478 1971 526 parte,
2002 487 2051 514 ea

251 537 345 581 5re,
386 533 485 586 quia
516 537 639 585 turpe
671 531 749 578 sit,
790 543 877 571 non
908 544 1000 571 esse
1038 531 1289 572 faciendum.
1359 531 1426 572 54.
1469 534 1635 574 Vendat
1665 535 1791 575 aedes
1822 536 1886 576 vir
1915 536 2050 576 bonus

278 601 452 648 propter
481 595 622 649 aliqua
651 594 765 642 vitia,
797 607 907 647 quae
936 595 1027 648 ipse
1058 595 1183 642 norit,
1216 596 1343 636 ceteri
1374 596 1589 649 ignorent,
1623 598 1868 651 pestilentes
1897 598 1980 638 sint
2010 602 2052 638 et

277 657 511 698 habeantur
542 657 753 705 salubres,
786 658 1005 711 ignoretur
1035 657 1078 697 in
1110 658 1303 698 omnibus
1336 659 1542 699 cubiculis
1575 673 1776 713 apparere
1818 666 2050 714 serpentes,

278 721 386 761 male
418 720 658 761 materiatae
697 721 798 768 sint,
836 721 1057 769 ruinosae,
1100 720 1173 760 sed
1203 720 1285 761 hoc
1323 727 1490 774 praeter
1520 722 1734 762 dominum
1765 737 1890 764 nemo
1923 724 2049 764 sciat:

278 796 459 836 quaero,
504 783 539 823 si
576 783 680 823 haec
720 783 978 837 emptoribus
1017 783 1210 824 venditor
1248 797 1334 824 non
1373 784 1528 824 dixerit
1569 786 1782 839 aedesque
1813 785 2053 826 vendiderit

226 850 262 879 ⁴0
276 845 407 899 pluris
438 846 587 894 multo,
629 859 753 899 quam
785 859 829 886 se
859 847 1127 886 venditurum
1158 847 1336 899 putarit,
1379 861 1479 886 num
1511 847 1553 886 id
1585 848 1741 888 iniuste
1772 854 1844 889 aut
1873 848 2051 901 inprobe

275 906 452 948 fecerit?
515 909 614 948 «Ille
645 922 790 957 verost)
833 908 973 962 inquit
1003 910 1234 963 Antipater.
1307 910 1447 959 «Quid
1492 915 1555 950 est
1593 912 1704 951 enim
1742 912 1857 952 aliud
1896 911 2051 952 erranti

274 971 383 1010 viam
422 985 508 1011 non
547 976 802 1019 monstrare,
852 971 966 1025 quod
1005 972 1181 1012 Athenis
1222 973 1584 1013 exsecrationibus
1628 974 1808 1026 publicis
1857 980 2048 1015 sanctum

275 1039 358 1082 est,
399 1034 433 1074 si
464 1035 544 1075 hoc
573 1048 659 1074 non
691 1039 776 1083 est,
815 1040 1045 1088 emptorem
1077 1036 1162 1088 pati
1194 1049 1315 1075 ruere
1355 1041 1396 1076 et
1426 1049 1502 1089 per
1533 1049 1718 1076 errorem
1748 1037 1792 1076 in
1823 1037 2048 1077 maximam

271 1095 463 1137 fraudem
502 1096 744 1138 incurrere?
803 1098 900 1138 Plus
940 1098 1063 1138 etiam
1106 1104 1169 1139 est
1209 1112 1336 1152 quam
1374 1099 1483 1139 viam
1523 1113 1609 1139 non
1646 1105 1905 1149 monstrare;
1950 1113 2047 1141 nam

221 1166 256 1196 ⁴5
274 1164 335 1199 est
366 1160 566 1200 scientem
598 1161 642 1200 in
673 1173 856 1201 errorem
878 1160 1054 1200 alterum
1076 1161 1313 1201 inducere.»
1377 1160 1444 1201 55.
1475 1162 1686 1216 Diogenes
1710 1168 1879 1203 contra:
1915 1164 2048 1203 «Num

272 1226 312 1262 te
344 1236 484 1263 emere
525 1224 663 1276 coegit
700 1224 772 1277 qui
811 1237 863 1263 ne
903 1223 1092 1264 hortatus
1131 1224 1303 1277 quidem
1335 1226 1427 1264 est?
1488 1225 1562 1265 Ille
1595 1225 1709 1279 quod
1740 1240 1824 1266 non
1855 1226 2048 1280 placebat

271 1286 538 1339 proscripsit,
578 1291 624 1326 tu
662 1286 777 1340 quod
817 1286 1010 1340 placebat
1041 1287 1188 1326 emisti.
1252 1287 1376 1335 Quod
1409 1287 1443 1327 si
1475 1289 1545 1341 qui
1576 1289 1841 1342 proscribunt
1876 1289 2048 1329 villam

270 1348 448 1390 bonam
487 1350 723 1403 beneque
762 1347 1092 1389 aedificatam
1131 1363 1216 1389 non
1256 1350 1550 1390 existimantur
1591 1350 1815 1400 fefellisse,
1856 1352 1981 1392 etiam
2013 1351 2047 1391 si

270 1411 344 1453 illa
379 1427 457 1454 nec
493 1412 604 1452 bona
636 1415 699 1451 est
737 1425 814 1451 nec
845 1409 1062 1452 aedificata
1092 1413 1280 1460 ratione,
1321 1413 1454 1452 multo
1486 1414 1624 1453 minus
1656 1414 1728 1467 qui
1759 1414 1931 1454 domum
1960 1427 2047 1454 non

218 1480 256 1511 20
270 1473 505 1515 laudarunt.
566 1474 643 1514 Ubi
681 1475 794 1515 enim
832 1475 1037 1515 iudicium
1079 1476 1279 1529 emptoris
1313 1480 1397 1523 est,
1438 1475 1497 1514 ibi
1528 1475 1641 1515 fraus
1673 1475 1905 1517 venditoris
1938 1490 2047 1531 quae

269 1543 408 1592 potest
439 1538 560 1578 esse‘l
612 1537 686 1576 Sin
717 1542 857 1577 autem
889 1535 1049 1578 dictum
1080 1552 1166 1578 non
1189 1552 1312 1579 omne
1333 1539 1633 1592 praestandum
1655 1544 1729 1587 est,
1753 1538 1867 1593 quod
1891 1538 2048 1579 dictum

270 1614 356 1641 non
387 1605 471 1648 est,
510 1599 555 1639 id
586 1600 885 1653 praestandum
915 1603 1070 1654 putas?
1131 1601 1243 1650 Quid
1276 1614 1374 1641 vero
1409 1606 1470 1641 est
1501 1602 1668 1642 stultius
1697 1615 1826 1658 guam
1856 1602 2048 1642 vendito-

269 1677 355 1704 rem
390 1663 479 1704 eius
510 1664 595 1712 rei,
637 1677 761 1718 quam
791 1663 969 1712 vendat,
1012 1665 1114 1704 vitia
1144 1666 1343 1704 narrare?
1397 1664 1499 1718 quid
1532 1669 1672 1705 autem
1703 1670 1787 1704 tam
1818 1665 2046 1705 absurdum

270 1739 394 1779 quam
442 1726 477 1766 si
517 1726 676 1766 domini
720 1726 837 1767 iussu
882 1726 940 1767 ita
984 1741 1136 1780 praeco
1183 1727 1427 1781 praedicet:
1480 1727 1671 1768 domum
1717 1727 2046 1781 pestilentem

217 1788 501 1829 25vendon‘2
570 1787 636 1828 56.
679 1789 748 1829 Sic
786 1803 885 1842 ergo
926 1789 970 1829 in
1011 1790 1262 1843 quibusdam
1304 1791 1443 1829 causis
1483 1790 1622 1830 dubiis
1665 1804 1717 1830 ex
1758 1791 1888 1831 altera
1927 1795 2044 1844 parte

269 1851 510 1891 defenditur
538 1851 761 1899 honestas,
795 1866 848 1892 ex
879 1851 1008 1892 altera
1038 1854 1095 1893 ita
1127 1854 1178 1893 de
1209 1853 1392 1892 utilitate
1425 1852 1599 1901 dicitur,
1630 1858 1676 1892 ut
1706 1853 1762 1901 id,
1795 1853 1910 1906 quod
1940 1852 2044 1892 utile

268 1914 484 1962 videatur,
524 1928 611 1954 non
650 1916 776 1955 modo
815 1915 952 1956 facere
982 1916 1205 1956 honestum
1238 1915 1310 1963 sit,
1352 1915 1426 1955 sed
1459 1915 1584 1955 etiam
1615 1928 1699 1955 non
1730 1915 1869 1956 facere
1900 1920 2040 1968 turpe.

267 1977 382 2017 Haec
413 1982 477 2017 est
505 1977 602 2025 illa,
644 1991 753 2031 quae
783 1978 949 2019 videtur
977 1979 1143 2018 utilium
1174 1978 1266 2018 fieri
1307 1992 1401 2018 cum
1432 1977 1621 2018 honestis
1653 1990 1778 2031 saepe
1811 1978 2043 2018 dissensio:

269 2053 377 2093 quae
408 2039 675 2080 diiudicanda
707 2046 825 2088 sunt3
859 2055 944 2081 non
977 2042 1102 2089 enim,
1133 2047 1180 2081 ut
1210 2054 1532 2095 quaereremus,
1565 2040 1862 2093 exposuimus,
1894 2041 1966 2081 sed
1997 2044 2045 2079 ut

215 2107 253 2138 30
269 2102 586 2156 explicaremus.
664 2102 731 2144 57.
776 2105 870 2143 Non
914 2104 1041 2157 igitur
1080 2104 1249 2144 videtur
1287 2118 1365 2144 nec
1405 2102 1704 2143 frumentarius
1744 2103 1816 2143 ille
1856 2102 2044 2143 Rhodios

266 2177 345 2204 nec
375 2164 445 2204 hic
474 2165 642 2205 aedium
674 2166 869 2206 venditor
900 2167 1036 2207 celare
1069 2172 1277 2220 emptores
1309 2166 1518 2206 debuisse.
1579 2167 1726 2219 Neque
1765 2166 1876 2205 enim
1907 2166 1951 2205 id
1983 2169 2046 2205 est

268 2227 422 2276 celare,
452 2228 655 2281 quicquid
676 2229 872 2276 reticeas,
895 2229 968 2269 sed
992 2243 1106 2277 cum,
1131 2229 1244 2283 quod
1272 2235 1314 2269 tu
1338 2229 1465 2276 scias,
1488 2227 1532 2268 id
1554 2228 1747 2280 ignorare
1770 2227 2043 2268 emolumenti
2090 2261 2095 2268 .

266 2290 326 2329 tui
357 2303 481 2330 causa
513 2291 615 2330 velis
648 2304 733 2339 θος,
767 2304 947 2344 quorum
978 2292 1142 2332 intersit
1174 2291 1217 2331 id
1250 2293 1367 2332 scire.
1424 2291 1514 2330 Hoc
1544 2296 1684 2330 autem
1717 2291 1880 2330 celandi
1910 2302 2043 2343 genus

267 2353 392 2405 quale
423 2352 478 2392 sit
508 2357 549 2392 et
580 2353 698 2393 cuius
728 2353 926 2401 hominis,
959 2355 1054 2409 quis
1086 2367 1171 2394 non
1202 2354 1346 2394 videt?
1389 2354 1508 2394 Certe
1539 2366 1625 2392 non
1656 2353 1801 2407 aperti,
1832 2367 1918 2393 non
1942 2354 2040 2393 sim-

217 2424 252 2453 35
266 2414 410 2468 plicis,
452 2428 538 2455 non
568 2416 763 2469 ingenui,
803 2429 889 2455 non
922 2416 1046 2464 iusti,
1085 2430 1169 2457 non
1199 2417 1277 2457 viri
1308 2417 1433 2465 boni,
1473 2416 1629 2456 versuti
1660 2415 1826 2468 potius,
1858 2415 2039 2463 obscuri,

266 2478 415 2526 astuti,
456 2477 642 2526 fallacis,
683 2476 899 2526 malitiosi,
940 2479 1104 2527 callidi,
1145 2481 1418 2527 veteratoris,
1460 2478 1577 2519 vafri.
1636 2478 1751 2518 Haec
1787 2483 1850 2519 tot
1888 2484 1930 2519 et
1957 2478 2042 2519 alia

266 2539 389 2592 plura
420 2554 562 2581 nonne
594 2540 744 2581 inutile
776 2545 839 2581 est
869 2541 1064 2581 vitiorum
1097 2541 1238 2581 subire
1269 2542 1469 2582 nomina?

354 2665 384 2696 4.
410 2665 566 2705 cuiusque
582 2682 631 2688 —-
649 2665 780 2704 quidem
805 2673 874 2696 om.
894 2665 922 2696 H
950 2682 984 2687 —
1012 2665 1170 2704 cuiusque
1192 2665 1216 2696 B
1232 2665 1284 2696 ab
1301 2673 1337 2696 c:
1369 2666 1567 2705 cuiusquam
1591 2672 1610 2696 ο
1639 2682 1673 2687 -
1706 2665 1738 2696 2.
1764 2669 1809 2698 esc
1832 2666 1887 2697 sed
1910 2665 2040 2696 donan-

266 2713 343 2744 dum
366 2718 411 2746 est
435 2715 462 2747 H
500 2733 535 2737 —
572 2715 604 2748 4.
631 2716 842 2756 faciendum.
859 2715 914 2747 sed
939 2722 957 2745 c
984 2732 1018 2736 —
1057 2716 1088 2746 5.
1117 2716 1197 2754 quia
1222 2719 1317 2754 turpe
1341 2725 1406 2746 non
1429 2715 1470 2746 sit
1492 2715 1680 2755 faciendum
1704 2722 1725 2754 p
1749 2733 1791 2738 —-
1814 2715 1997 2755 fauentium
2020 2721 2041 2745 a

267 2779 301 2784 —
330 2763 360 2795 7.
386 2764 580 2805 ignorentur
611 2773 628 2796 c
667 2783 702 2788 —
741 2765 770 2797 8.
798 2765 863 2796 sint
894 2773 965 2795 om.
994 2764 1037 2802 C,
1079 2764 1174 2796 unde
1205 2766 1371 2797 coniicias
1401 2764 1511 2796 verba
1540 2766 1956 2805 ignoretur—-serpenles
1984 2762 2039 2795 vel

265 2811 403 2844 aliunde
430 2815 614 2856 irrepsisse
645 2814 699 2847 vel
731 2817 811 2856 post
834 2824 927 2847 nemo
951 2815 1034 2845 sciat
1058 2815 1321 2855 transponenda
1348 2823 1438 2846 esse.
1478 2832 1513 2837 —
1553 2816 1604 2845 40.
1627 2818 1763 2854 putaret
1787 2815 1815 2846 H
1843 2833 1878 2837 —
1904 2822 1984 2845 num
2006 2813 2041 2844 id

261 2862 381 2894 iniuste
412 2865 563 2897 Bllbc:
598 2874 663 2896 non
687 2865 721 2896 id
744 2865 861 2896 iniuste
893 2873 930 2902 a;
970 2873 1048 2895 num
1071 2865 1188 2895 iniusle
1215 2866 1301 2904 (om.
1326 2865 1376 2904 id)
1408 2873 1426 2895 o
1466 2882 1500 2887 -
1540 2865 1592 2895 Η.
1619 2865 1735 2904 inquid.
1758 2865 1782 2895 B
1822 2882 1857 2887 ——
1896 2865 1948 2895 ⁴2.
1972 2872 2040 2903 pu-

257 2912 355 2951 plicis
378 2914 401 2943 B
440 2930 475 2935 —
519 2915 570 2946 413.
596 2915 624 2946 εἱ
647 2915 706 2946 hoc
728 2924 792 2946 non
815 2918 861 2946 est
885 2917 1028 2954 emptore
1047 2915 1120 2954 pali
1150 2923 1246 2945 ruere
1277 2918 1306 2945 ec
1334 2923 1396 2954 per
1428 2915 1631 2946 venditorem
1662 2915 1696 2945 in
1726 2914 1915 2946 maoeimam
1937 2913 2038 2954 frau-

263 2962 334 2993 dem
358 2962 528 2995 incurrere
558 2965 689 2996 Nonius
713 2973 747 3006 p.
766 2964 840 2996 379.
879 2982 914 2987 —-
953 2965 980 2995 si
1003 2964 1061 2995 hoc
1084 2974 1148 2995 non
1173 2967 1217 2995 est
1250 2973 1318 2995 om.
1345 2972 1362 2995 c
1403 2981 1439 2987 —-
1481 2965 1532 2996 45.
1560 2965 1722 3004 Dioyenes
1745 2966 1863 2995 contra
1885 2981 1903 2986 -
1920 2980 1938 2986 -
1961 2962 2039 3002 qui-

263 3011 334 3042 dem
357 3015 401 3042 est
431 3013 560 3044 Nonius
585 3023 617 3054 p.
636 3013 710 3045 204.
747 3032 781 3036 —
821 3014 873 3045 47.
897 3015 1093 3054 proscripsit
1124 3013 1242 3044 addito
1268 3012 1401 3045 scholio
1434 3014 1479 3045 «i.
1501 3023 1530 3045 e.
1547 3013 1718 3052 uendidit,
1740 3014 1924 3055 exposuit»
1952 3020 1970 3045 c
1998 3029 2035 3036 —

256 3061 490 3100 praescribunt
514 3064 536 3093 P.
572 3080 616 3086 -—
650 3065 703 3099 49,
730 3061 835 3094 multi}
857 3064 910 3095 ab
938 3081 968 3087 -
1012 3064 1063 3095 ⁶20.
1091 3064 1241 3094 laudarit
1267 3071 1284 3094 c
1314 3082 1347 3085 -
1375 3064 1428 3094 ⁶2¹.
1455 3064 1748 3095 omne--dictum
1772 3073 1837 3094 non
1861 3072 1931 3095 om.
1952 3071 1971 3094 c
1999 3079 2034 3085 —-

262 3111 314 3142 Ἦ..
341 3111 470 3142 stultius
493 3116 538 3143 est
562 3121 600 3150 ος
636 3112 703 3154 [est]
718 3113 847 3144 stultius
872 3122 890 3145 o
930 3131 964 3136 —
1003 3114 1055 3145 25.
1083 3114 1191 3144 causis
1216 3122 1284 3145 0¹11.
1306 3121 1324 3144 c
1365 3131 1399 3136 —
1438 3114 1491 3144 26.
1518 3123 1561 3145 eas
1584 3114 1692 3145 altera
1715 3113 1928 3144 utilitas.ila
1952 3121 1970 3144 c
1997 3129 2032 3133 —

262 3161 315 3192 28.
343 3163 388 3191 est
412 3169 481 3191 om.
504 3162 529 3191 ll
554 3180 596 3184 ——
631 3164 682 3194 30.
710 3164 867 3195 uideatur
892 3171 929 3201 03
958 3172 1027 3194 om.
1049 3164 1076 3194 ΙΙ
1105 3181 1139 3185 -
1166 3163 1297 3193 rhodios
1322 3171 1359 3194 c:
1386 3163 1520 3194 rhodius
1543 3163 1677 3194 BHab
1705 3180 1740 3185 —-
1768 3162 1820 3194 33.
1847 3163 1926 3194 sciri
1950 3170 1968 3193 c
1996 3179 2031 3184 —-

261 3211 390 3241 celandi
415 3220 483 3242 oni.
505 3220 523 3241 c
551 3228 585 3232 —
614 3213 665 3243 37¹),
693 3213 767 3243 boni
790 3214 857 3244 uiri
882 3221 899 3244 c
929 3231 964 3235 ——
991 3213 1043 3244 36.
1063 3213 1150 3244 Haec
1175 3216 1219 3243 lot
1235 3230 1278 3235 --
1296 3213 1403 3244 subire
1428 3214 1564 3244 nomina
1587 3212 1654 3244 del.
1674 3212 1844 3244 Ruhnken
1861 3213 2031 3243 Mnemos.

262 3261 288 3290 ll
315 3269 348 3301 p.
365 3260 438 3292 420.
469 3262 573 3292 «Sunt
593 3263 748 3302 magistri
773 3263 969 3303 cuiusdam,
997 3264 1056 3304 qui
1080 3262 1320 3294 offenderetur
1346 3264 1394 3294 tot
1418 3271 1701 3304 synonymorum
1727 3262 2030 3295 coacervatione.»

266 3327 299 3331 —
327 3314 371 3341 loc
396 3314 425 3343 ec
449 3313 494 3342 lot
518 3314 546 3342 et
571 3312 641 3342 alia
666 3313 704 3344 ll.
