2249 3624
705 199 793 238 Lm.
817 198 865 238 11.
912 198 1008 239 cst.
1032 198 1297 239 xv-xvr
1335 197 1394 252 §5
1417 196 1605 242 51-50.
1956 193 2037 235 699

273 304 338 347 54.
371 305 460 345 Hoc
492 304 562 344 ille
594 301 693 351 lilio,
725 304 797 344 sed
830 311 1098 358 praeceptum
1131 310 1324 358 putemus
1357 306 1564 345 omnibus.
1626 304 1759 353 Quam
1793 304 1845 342 ob
1878 316 1963 342 rem
1994 302 2037 342 id

273 369 441 424 quidem
472 380 556 406 non
588 366 759 406 dubium
793 374 866 415 est,
902 369 1002 421 quin
1036 368 1106 407 illa
1139 368 1390 418 benignitas,
1423 381 1531 421 quae
1563 373 1726 407 constet
1756 380 1808 406 ex
1840 378 1966 419 opera
1998 371 2039 404 et

271 429 498 476 industria,
542 435 582 469 et
621 428 841 469 honestior
880 431 932 470 sit
963 437 1004 470 et
1036 431 1157 469 latius
1191 437 1329 483 pateat
1360 436 1400 470 et
1433 431 1562 483 possit
1594 430 1791 483 prodesse
1825 429 2037 482 pluribus:

271 506 353 534 non
384 504 612 545 numquam
647 498 783 530 tamen
817 498 880 531 est
912 493 1175 544 largiendum
1208 506 1284 532 nec
1314 493 1392 531 lio(-
1425 493 1692 544 benignitatis
1716 506 1846 542 genus
1869 491 2039 531 omnino

271 553 573 608 repudiandum
606 560 668 593 est
699 560 739 593 et
771 568 897 606 saepe
930 555 1093 594 idoneis
1126 553 1360 594 hominibus
1394 555 1679 605 indigentibus
1705 554 1756 593 de
1779 568 1821 593 re
1843 553 2071 593 familiari-²5

270 615 602 670 inpertiendum,
643 616 716 655 sed
760 616 984 668 diligenter
1025 624 1148 671 atque
1192 617 1414 656 moderate.
1487 618 1605 656 Multi
1648 618 1757 656 enim
1791 615 2041 669 patrimonia

271 679 508 720 effuderunt
546 679 784 718 inconsulte
828 680 1060 731 largiendo.
1131 680 1240 727 Quid
1273 685 1410 718 autem
1444 685 1507 718 ost
1538 681 1705 719 stultius
1739 694 1886 732 quam,
1929 678 2040 732 quod

269 742 449 782 libenter
491 740 641 788 facias,
685 755 832 781 curare
874 749 919 782 ut
956 743 996 781 id
1037 742 1195 781 diutius
1236 741 1372 780 facere
1407 755 1486 780 non
1521 744 1688 794 possis?
1748 745 1884 794 Atque
1917 742 2040 779 etiam

271 809 504 858 sequuntur
536 803 797 856 largitionem
832 805 1016 857 rapinae.
1071 804 1170 844 Cum
1205 805 1313 843 enim
1348 803 1485 843 dando
1517 818 1638 855 egere
1671 809 1912 858 coeperunt,
1942 803 2043 842 alie-

270 867 335 907 nis
367 866 488 905 bonis
521 878 667 905 manus
698 864 848 906 afferre
881 872 1097 919 coguntur.
1159 867 1231 913 lta,
1263 880 1357 905 cum
1390 867 1708 906 benevolentiae
1740 865 2093 918 comparandaelo

272 941 396 970 causa
426 927 603 967 benefici
637 942 729 968 esse
761 929 913 975 velint,
946 943 1028 969 non
1061 933 1175 968 tanta
1207 928 1345 968 studia
1376 935 1661 982 assequuntur
1692 942 1858 975 eorum,
1891 925 2042 980 quibus

272 991 490 1036 dederunt,
524 996 678 1043 quanta
709 991 806 1031 odia
838 1005 1003 1039 eorum,
1027 992 1181 1045 quibus
1204 992 1465 1031 ademerunt.
1527 991 1592 1031 ὃὸ.
1627 992 1758 1040 Quam
1783 993 1835 1031 ob
1857 1005 1942 1030 rem
1967 1003 2042 1029 nec

272 1054 330 1094 ita
361 1051 594 1092 claudenda
625 1066 692 1092 res
725 1059 787 1093 est
817 1053 1054 1101 familiaris,
1098 1060 1143 1094 ut
1184 1067 1274 1094 eam
1313 1054 1548 1105 benignitas
1588 1055 1750 1107 aperire
1782 1067 1863 1093 non
1899 1052 2043 1107 possit,

273 1129 349 1156 nec
379 1116 436 1155 ita
467 1115 706 1161 reseranda,
739 1122 783 1155 ut
815 1122 952 1169 pateat
984 1116 1194 1156 omnibus:
1227 1115 1375 1155 modus
1407 1115 1658 1156 adhibeatur
1688 1117 1808 1169 isque
1841 1116 2044 1155 referatur

274 1178 324 1218 ad
357 1177 590 1217 facultates.
661 1178 842 1218 Omnino
876 1180 1115 1218 meminisse
1148 1178 1348 1217 debemus
1380 1177 1442 1224 id,
1484 1180 1595 1232 quod
1628 1192 1650 1218 a
1682 1179 1835 1218 nostris
1866 1177 2093 1217 homini-45

271 1241 348 1281 bus
379 1240 625 1292 saepissime
656 1247 903 1294 usurpatum
936 1243 1015 1281 iam
1049 1241 1091 1280 in
1124 1240 1334 1293 proverbii
1366 1240 1710 1280 consuetudinem
1742 1242 1876 1288 venit,
1919 1241 2044 1294 largi-

272 1303 429 1343 tionem
471 1302 647 1342 fundum
692 1317 774 1343 non
814 1303 983 1343 habere.
1050 1305 1215 1343 Etenim
1247 1303 1341 1355 quis
1374 1308 1510 1355 potest
1543 1303 1690 1342 modus
1723 1317 1836 1351 esse,
1878 1317 1971 1343 cum
2004 1308 2044 1342 et

273 1366 382 1407 idem
415 1365 487 1418 qui
521 1372 777 1405 consuerunt
816 1372 857 1406 et
888 1366 997 1406 idem
1030 1365 1135 1405 illud
1169 1364 1238 1405 alii
1272 1364 1541 1404 desiderent?
1603 1366 1710 1405 xvi.
1753 1366 1931 1405 Omnino
1962 1366 2044 1405 duo

274 1434 371 1469 sunt
401 1440 554 1480 genera
587 1428 819 1480 largorum,
860 1442 1038 1482 quorum
1070 1429 1189 1468 alteri
1223 1427 1405 1480 prodigi,
1449 1428 1569 1466 alteri
1603 1428 1819 1468 liberales:
1864 1428 2044 1481 prodigi,

278 1492 350 1545 qui
383 1489 519 1543 epulis
551 1495 591 1529 et
622 1491 968 1531 viscerationibus
1011 1496 1051 1530 et
1082 1491 1361 1543 gladiatorum
1393 1491 1660 1536 muneribus,
1700 1490 1889 1530 ludorum
1922 1496 2093 1529 vena-‘20

274 1554 523 1606 tionumque
555 1559 760 1604 apparatu
794 1555 992 1607 pecunias
1025 1552 1287 1605 profundunt
1317 1553 1358 1591 in
1391 1565 1461 1591 eas
1494 1565 1572 1599 res,
1604 1566 1779 1606 quarum
1804 1553 2044 1592 memoriam

275 1623 346 1657 aut
375 1616 543 1655 brevem
575 1620 647 1654 aut
680 1616 835 1656 nullam
868 1617 1039 1656 omnino
1074 1617 1156 1656 sint
1187 1616 1395 1661 relicturi,
1437 1615 1629 1654 liberales
1661 1621 1820 1661 autem,
1854 1615 1925 1668 qui
1958 1614 2044 1653 suis

274 1677 543 1719 facultatibus
583 1683 654 1717 aut
696 1684 838 1731 captos
879 1693 901 1719 a
943 1679 1224 1731 praedonibus
1258 1679 1466 1717 redimunt
1497 1683 1566 1717 aut
1596 1691 1666 1717 aes
1697 1678 1880 1717 alienum
1913 1676 2045 1716 susci-

274 1742 398 1794 piunt
437 1740 665 1779 amicorum
708 1747 779 1780 aut
820 1742 863 1780 in
903 1740 1078 1781 filiarum
1119 1741 1395 1780 collocatione
1435 1740 1635 1779 adiuvant
1675 1745 1746 1779 ant
1787 1739 2044 1791 opitulantur

275 1805 317 1844 in
348 1817 392 1842 re
424 1802 490 1842 vel
523 1803 764 1854 quaerenda
797 1804 861 1843 vel
894 1803 1100 1854 augenda.
1169 1802 1235 1842 50.
1279 1804 1423 1854 ltaque
1461 1803 1610 1847 miror,
1653 1803 1754 1855 quid
1786 1802 1826 1840 in
1861 1806 2042 1840 mentem
2058 1808 2093 1836 v25

275 1866 438 1906 venerit
459 1863 750 1916 Theophrasto
784 1866 825 1904 in
858 1880 906 1905 eo
940 1867 1060 1912 libro,
1095 1879 1218 1919 quem
1252 1865 1302 1903 de
1336 1864 1490 1903 divitiis
1523 1865 1702 1916 scripsit,
1736 1865 1775 1904 in
1809 1878 1892 1916 quo
1917 1864 2044 1903 multa

274 1928 511 1982 praeclare,
543 1927 646 1965 illud
680 1928 881 1968 absurde:
927 1934 989 1967 est
1021 1929 1129 1967 enim
1164 1928 1318 1966 multus
1350 1927 1392 1965 in
1425 1926 1633 1965 laudanda
1666 1926 1971 1977 magnificentia
2004 1930 2043 1965 et

274 1990 547 2044 apparatione
585 1990 851 2042 popularium
896 2004 1111 2029 munerum
1154 1991 1385 2042 taliumque
1418 1994 1658 2041 sumptuum
1692 1989 1927 2028 facultatem
1959 1987 2044 2027 fru-

275 2060 386 2094 ctum
420 2052 657 2092 divitiarum
691 2059 822 2104 putat.
874 2053 975 2093 Mihi
1008 2059 1148 2092 autem
1182 2053 1252 2092 ille
1283 2051 1440 2090 fructus
1471 2051 1750 2097 liberalitatis,
1773 2052 1891 2090 cuius
1915 2063 2045 2104 pauca

277 2115 469 2169 exempla
502 2115 644 2167 posui,
678 2115 808 2154 multo
841 2121 881 2154 et
913 2117 1043 2155 maior
1076 2116 1240 2154 videtur
1272 2120 1312 2153 et
1344 2114 1508 2152 certior.
1571 2113 1736 2160 Quanto
1767 2114 1905 2152 Aristo
1940 2112 2096 2152 Ceus30

276 2178 441 2231 gravius
481 2183 522 2216 et
562 2178 698 2216 verius
741 2190 816 2216 nos
849 2177 1144 2230 reprehendit!
1188 2177 1258 2228 qui
1293 2176 1366 2214 has
1399 2176 1670 2227 pecuniarum
1704 2176 1930 2214 effusiones
1962 2188 2046 2214 non

277 2240 558 2285 admiremur,
597 2252 704 2292 quae
746 2237 848 2278 liunt
889 2239 939 2278 ad
984 2239 1294 2279 multitudinem
1336 2238 1639 2277 deleniendam.
1711 2239 1762 2277 At
1793 2238 1844 2284 ii,
1892 2238 1962 2290 qui
1995 2238 2046 2276 ab

276 2302 395 2342 hoste
430 2299 704 2347 obsidentur,
736 2302 771 2340 si
804 2315 941 2341 emere
973 2315 1106 2354 aquae
1138 2301 1367 2340 sextarium
1402 2305 1604 2351 cogantur
1636 2300 1768 2346 mina,
1802 2300 1881 2338 hoc
1914 2300 2047 2352 primo

278 2361 459 2419 [auditu]
493 2363 740 2403 incredibile
772 2364 894 2403 nobis
928 2364 1058 2403 videri
1093 2375 1324 2415 omnesque
1359 2362 1518 2408 mirari,
1542 2362 1636 2408 sed,
1663 2375 1758 2400 cum
1781 2362 2046 2408 attenderint,

277 2427 441 2466 veniam
474 2423 711 2466 necessitati
745 2427 857 2472 dare,
890 2427 931 2465 in
962 2426 1028 2465 his
1061 2425 1299 2464 inmanibus
1332 2425 1502 2463 iacturis
1526 2423 1788 2476 infinitisque
1812 2423 2046 2476 sumptibus
2061 2432 2096 2461 35

277 2488 383 2528 nihil
415 2501 491 2528 nos
525 2501 674 2541 magno
707 2501 834 2541 opere
867 2488 1026 2535 mirari,
1070 2501 1162 2527 cum
1204 2486 1451 2539 praesertim
1493 2500 1629 2538 neque
1672 2486 1910 2525 necessitati
1950 2486 2047 2525 suh-

365 2637 395 2668 3.
420 2640 511 2676 patet
537 2637 562 2668 H
591 2654 621 2658 —
652 2636 684 2668 4.
704 2644 768 2666 non
785 2645 965 2675 numquam
991 2640 1099 2667 lamen
1116 2653 1133 2658 -
1150 2652 1162 2657 -
1182 2634 1364 2665 homiuibus
1380 2633 1545 2672 effantibus
1563 2651 1577 2655 -
1592 2651 1609 2655 -
1628 2633 1876 2672 impertiendum
1902 2634 2048 2664 Lactan-

278 2687 346 2718 tius
371 2687 454 2718 Inst.
482 2686 550 2716 div.
576 2686 631 2722 Vl,
653 2687 704 2716 ll.
735 2702 768 2707 —
798 2687 828 2716 5.
854 2686 1099 2724 repudiandum
1123 2688 1167 2715 est
1192 2688 1219 2714 el
1246 2685 1287 2715 C:
1314 2683 1556 2722 rcpudiandwn
1580 2686 1610 2713 et
1634 2690 1652 2712 o
1680 2699 1712 2703 --
1742 2684 1772 2713 o.
1792 2684 2049 2722 impartiendum

280 2744 298 2767 c
325 2752 358 2757 —
387 2736 417 2766 7.
447 2736 531 2775 Quid
556 2739 666 2766 autem
683 2746 811 2766 --non
835 2735 962 2774 possis?
988 2735 1187 2766 Lactantius
1212 2735 1294 2764 Inst.
1326 2733 1394 2763 div.
1425 2733 1477 2766 vl,
1498 2733 1548 2761 lt.
1579 2749 1612 2753 —
1649 2733 1678 2761 9.
1706 2732 1916 2769 Ιιιιῃᾱηόηεηι
1940 2741 2009 2764 om.
2030 2740 2048 2763 c

283 2802 317 2807 —
343 2787 507 2823 coeperint
532 2786 571 2821 H,
599 2785 740 2823 ceperint
767 2793 804 2819 c:
832 2785 895 2816 sed
922 2785 964 2816 cf.
995 2786 1129 2823 Madxig
1154 2784 1196 2815 ad
1224 2785 1294 2814 (lic.
1323 2783 1366 2813 de
1394 2781 1500 2812 lsinib.
1530 2791 1561 2821 p.
1579 2783 1653 2812 691.
1682 2798 1715 2803 —
1750 2782 1799 2812 40.
1827 2782 1916 2812 bonis
1940 2791 2008 2813 om.
2029 2791 2050 2814 a

283 2851 317 2857 —-
346 2835 447 2874 offere
472 2835 515 2865 C:
549 2835 672 2873 inferre
696 2834 762 2866 alii.
792 2851 825 2855 —
864 2836 914 2865 42.
942 2844 998 2865 nec
1023 2837 1069 2865 ila.
1093 2834 1276 2864 claudenda
1303 2836 1345 2863 es!
1371 2840 1421 2862 res
1443 2831 1624 2870 fammaris
1642 2848 1658 2852 -
1677 2850 1695 2854 -
1712 2835 1747 2862 ut
1767 2835 1879 2870 palea!
1904 2832 2051 2863 omnibus

282 2885 411 2915 Nonius
437 2884 537 2925 pm,
568 2902 603 2907 —-
638 2886 688 2916 43.
716 2888 761 2915 est
785 2893 835 2915 res
859 2893 876 2916 c
904 2902 937 2906 —
976 2884 1026 2916 lt.
1055 2884 1154 2924 isque]
1179 2884 1227 2914 liis
1252 2883 1307 2921 ‘sut'
1332 2890 1349 2912 c
1380 2899 1411 2901 —
1451 2882 1485 2911 533
1524 2881 1715 2918 fucultatem
1740 2889 1757 2912 c
1790 2898 1822 2902 —-
1860 2882 1910 2912 ΓΙ,
1937 2882 2052 2912 modus

278 2937 383 2972 potest
407 2934 431 2964 Η
463 2951 493 2955 -
530 2934 580 2965 48,
607 2938 843 2965 consueuerant
867 2943 885 2965 c
920 2952 955 2956 —
991 2935 1041 2965 49.
1066 2934 1210 2974 prodiql']
1234 2931 1364 2971 prodigsi
1389 2930 1543 2960 (licunlur
1567 2938 1588 2961 a
1623 2947 1651 2952 —
1692 2930 1743 2960 20.
1770 2931 1979 2970 gladialoriis
2003 2939 2050 2970 cp

282 3000 325 3005 —-
347 2982 399 3014 24.
427 2982 640 3015 collocalirme
666 2985 802 3015 Bllab:
829 2984 1001 3014 collatione
1025 2992 1041 3014 c
1073 3002 1102 3005 —
1132 2984 1183 3013 025.
1214 2984 1242 3012 in
1269 2990 1304 3011 re
1330 2980 1379 3010 nel
1403 2987 1439 3009 ct
1470 2980 1518 3009 nel
1543 2980 1574 3009 iti
1599 2988 1633 3009 re
1659 2980 1777 3012 llllab
1804 2997 1837 3002 —-
1869 2982 1918 3012 28.
1940 2990 2050 3020 appa-

282 3032 400 3063 ritione
425 3033 518 3064 llab
554 3051 584 3054 —
623 3035 710 3064 Ante
734 3034 879 3071 fructum
904 3033 1069 3063 desidero
1096 3032 1324 3063 adiectixuni„
1358 3028 1460 3068 qllnlt*
1491 3029 1677 3059 mafanum
1711 3029 1761 3060 xcl
1788 3031 1957 3069 optimum,
1998 3030 2048 3062 Cf,

283 3089 315 3111 v.
335 3081 387 3112 30.
416 3090 447 3122 p.
464 3082 538 3120 702,
555 3083 585 3113 Ξ.
614 3099 648 3104 -
684 3083 723 3112 530
763 3084 871 3113 Aristo
897 3082 977 3113 Ceus
1002 3083 1120 3113 Beier:
1153 3081 1334 3111 aristoteles
1359 3081 1382 3109 (J
1413 3085 1512 3112 ((-υιϊ,
1534 3088 1574 3108 ex
1601 3079 1799 3110 ‹1›·istote‹·les
1823 3080 1853 3113 al
1883 3097 1914 3101 -
1943 3080 1994 3110 31.
2022 3082 2052 3109 et

282 3130 422 3169 ⁴‹Ji-auius
451 3139 469 3161 c
511 3147 546 3153 —
588 3140 653 3161 non
677 3131 876 3161 derne-emur
908 3130 1118 3164 lmnbinus:
1157 3140 1218 3159 ιιοιι
1252 3130 1410 3158 miremur
1443 3128 1530 3158 Bnkc
1563 3128 1606 3158 dc
1640 3129 1779 3159 emend.
1809 3130 1880 3160 (lic.
1907 3130 2050 3159 Oratore

284 3178 384 3219 p.37.
413 3179 460 3210 Cf<
489 3188 508 3209 v
538 3179 579 3211 34
605 3184 639 3211 et
663 3180 715 3210 36.
746 3197 779 3201 -—
808 3180 859 3211 32.
886 3182 969 3220 fiant
993 3189 1011 3211 c
1044 3199 1069 3202 —
1101 3180 1317 3211 deliniendum
1345 3180 1392 3209 ab
1420 3194 1453 3199 -—
1483 3181 1516 3207 a!
1542 3178 1573 3207 Ιιί
1597 3187 1629 3215 a,
1656 3184 1690 3209 a!
1713 3180 1757 3208 hii
1785 3180 1822 3214 ΙΙ,
1850 3183 1883 3209 a!
1907 3179 1952 3217 hij
1976 3186 1993 3208 c
2016 3196 2048 3200 —

285 3229 340 3266 qui
363 3237 436 3259 cum
460 3228 500 3259 ab
525 3237 543 3260 c
571 3247 605 3251 —
633 3230 684 3260 33.
703 3230 877 3260 sestarium
901 3231 920 3261 b
949 3247 983 3251 —
1010 3231 1100 3260 mina
1126 3230 1255 3269 omenti
1280 3231 1443 3265 conantur
1466 3236 1486 3266 p
1515 3244 1549 3248 —
1576 3232 1740 3267 cogyanlw·
1764 3237 1830 3268 cp:
1859 3231 2052 3267 cogerentur

284 3277 425 3313 Bllab3
452 3282 609 3318 coqentm-
634 3278 799 3310 Halmius.
830 3296 863 3301 —
891 3278 942 3310 34.
971 3280 1089 3310 audilu
1113 3288 1148 3310 c:
1177 3288 1246 3309 oin.
1269 3278 1389 3309 ltttab
1418 3293 1452 3298 —
1481 3277 1572 3307 nobis
1597 3278 1629 3308 in
1656 3277 1787 3318 aliquot
1811 3277 1914 3308 codd.
1943 3277 2052 3307 omis-

285 3333 363 3357 sum
380 3327 551 3368 Madvigio
575 3330 720 3359 auctore
745 3327 812 3362 del.
829 3328 939 3360 Lund.
957 3346 1001 3351 —
1024 3328 1107 3369 eum]
1126 3329 1153 3360 si
1178 3336 1195 3359 c
1224 3345 1259 3350 —
1286 3327 1340 3359 35.
1367 3328 1458 3360 dare.
1483 3327 1534 3358 Ιία
1558 3327 1591 3358 in
1615 3335 1633 3360 c
1661 3345 1696 3350 —-
1723 3328 1776 3359 36.
1796 3335 1993 3368 maynopere
2010 3325 2048 3358 C.
