2249 3624
745 558 798 615 M.
836 557 1018 614 't‘t'Ltll
1063 557 1369 615 t'lt'liltexls

1018 698 1080 731 DE

417 824 717 879 FIMBUS
757 824 1129 878 BONORUM
1169 824 1269 876 ΕΤ
1309 824 1690 877 numum

822 972 988 1008 LIBER
1015 971 1292 1019 QUARTUS.

289 1227 315 1263 l.
350 1221 387 1262 l.
424 1223 541 1270 Quae
575 1236 665 1261 cum
700 1223 899 1269 dixisset,
932 1221 1055 1262 tinem
1088 1223 1170 1262 ille.
1235 1224 1322 1275 Ego
1354 1227 1516 1268 autem,
1558 1223 1617 1260 Ne
1650 1226 1713 1267 tu,
1754 1221 1938 1274 inquam,

175 1288 294 1333 Cato,
328 1288 405 1326 ista
438 1286 670 1337 exposuisti
703 1292 747 1324 ut
779 1292 859 1324 tam
892 1286 1019 1325 multa
1058 1286 1319 1331 memoriter,
1353 1291 1397 1324 ut
1427 1290 1507 1324 tam
1540 1285 1714 1323 obseura
1745 1284 1939 1322 dilucide.

172 1351 317 1402 Itaque
349 1355 417 1388 aut
451 1349 692 1387 omittamus
726 1355 868 1387 contra
903 1349 1073 1387 omnino
1106 1348 1214 1387 velle
1247 1346 1403 1400 aliquid
1435 1352 1503 1385 aut
1528 1347 1704 1399 spatium
1729 1360 1941 1385 sumamus

173 1412 222 1452 ad
256 1410 548 1461 cogitandum:
582 1417 661 1449 tam
696 1411 804 1449 enim
838 1411 1074 1462 diligenter,
1108 1411 1230 1449 etiam
1265 1410 1297 1448 si
1332 1410 1467 1448 minus
1500 1423 1594 1447 vere,
1628 1432 1676 1435 ψ’
1713 1422 1803 1448 nam
1840 1423 1942 1447 uun-

174 1544 277 1583 tam,
310 1551 450 1575 verum
484 1537 605 1575 etiam
641 1542 893 1575 exstructam
928 1536 1189 1589 disciplinam
1212 1549 1294 1574 non
1319 1542 1379 1575 est
1401 1535 1522 1575 facile
1545 1536 1792 1588 perdiscere.
1837 1536 1939 1572 Tum

173 1600 262 1646 ille,
294 1599 384 1637 Ain'
416 1598 614 1637 tandem?
649 1599 809 1651 inquit,
843 1612 934 1637 cum
967 1612 1042 1650 ego
1076 1604 1114 1638 te
1146 1598 1222 1637 hac
1254 1611 1362 1637 nova
1395 1598 1485 1650 lege
1518 1599 1677 1637 videam
1708 1597 1853 1637 eodem
1877 1597 1942 1636 die

173 1661 403 1701 accusatori
438 1660 691 1712 respondere
726 1667 765 1699 et
797 1661 927 1700 tribus
959 1661 1073 1700 horis
1106 1674 1319 1713 perorare,
1352 1662 1394 1700 in
1426 1662 1502 1701 hac
1535 1675 1598 1700 me
1631 1676 1755 1701 causa
1779 1667 1943 1714 tempus

177 1723 401 1762 dilaturum
436 1726 585 1776 putas?
625 1737 730 1776 quae
763 1729 901 1762 tamen
935 1738 956 1763 a
990 1730 1027 1762 te
1060 1730 1204 1776 agetur
1235 1738 1318 1763 non
1352 1725 1518 1771 melior,
1552 1739 1675 1778 quam
1708 1725 1802 1764 illae
1834 1729 1942 1770 sunt,

1958 1479 1973 1505 ‘j

175 1475 271 1514 dum
303 1473 342 1512 id
377 1473 547 1526 quidem
581 1474 713 1512 audeo
749 1473 884 1512 dicere
918 1496 991 1520 —‚
1029 1474 1098 1512 sed
1133 1480 1268 1512 tamen
1303 1478 1492 1511 accurate
1526 1486 1608 1511 non
1642 1472 1765 1512 modo
1796 1470 1960 1510 sunda--

173 1798 277 1838 quas
310 1785 518 1824 interdum
552 1786 730 1838 optines.
784 1785 922 1833 Quare
955 1787 1074 1825 istam
1110 1801 1280 1840 quoque
1307 1788 1555 1839 aggredere,
1589 1793 1800 1827 tractatam
1825 1790 1993 1838 prae-⁴0

171 1849 312 1888 sertim
357 1855 395 1887 et
433 1849 482 1887 ab
515 1848 607 1887 aliis
640 1854 679 1886 et
711 1862 731 1887 a
764 1855 801 1887 te
835 1849 927 1901 ipso
961 1862 1108 1901 saepe,
1152 1856 1198 1888 ut
1229 1850 1302 1888 tibi
1337 1850 1481 1889 deesse
1514 1864 1598 1889 uon
1631 1850 1765 1902 possit
1796 1849 1942 1888 oratio.

170 1910 207 1950 ’2.
241 1912 344 1950 Tum
378 1925 478 1963 ego,
512 1913 599 1950 Non
634 1911 893 1957 mehercule,
926 1912 1121 1964 inquam,
1155 1912 1269 1950 soleo
1302 1918 1458 1951 temere
1483 1919 1625 1952 contra
1648 1914 1828 1958 Stoicos,
1860 1925 1941 1951 non

170 1988 252 2028 quo
292 1974 373 2012 illis
412 1974 635 2013 admodum
675 1975 899 2021 assentiar,
945 1975 1017 2013 sed
1062 1976 1219 2026 pudure
1260 1974 1489 2026 impedior:
1532 1976 1584 2014 ita
1628 1975 1756 2014 multa
1788 1974 1943 2019 dicunt,

169 2050 277 2090 quae
321 2036 391 2074 vix
437 2037 688 2088 intellegam.
753 2037 960 2083 Obscura,
1009 2038 1165 2090 inquit,
1215 2037 1421 2089 quaedam
1469 2051 1559 2077 esse
1601 2036 1820 2082 conliteor,
1867 2050 1943 2075 nec

168 2106 307 2139 tamen
339 2098 389 2137 ab
423 2098 505 2137 illis
538 2099 594 2138 ita
625 2099 823 2137 dicuntur
853 2100 904 2137 de
936 2100 1162 2145 industria,
1200 2100 1270 2137 sed
1305 2101 1413 2139 inest
1446 2101 1487 2139 in
1519 2101 1642 2139 rebus
1672 2100 1774 2152 ipsis
1796 2100 1994 2139 obscu-‘15

170 2163 281 2201 ritas.
345 2161 426 2200 Cur
467 2162 593 2214 igitur
629 2162 796 2201 easdem
828 2176 914 2208 res,
957 2162 1147 2213 inquam,
1190 2162 1476 2214 Peripateticis
1509 2162 1740 2201 dicentibus
1774 2162 1943 2200 verbum

169 2225 328 2264 nullum
375 2230 437 2263 est
484 2223 595 2276 quod
640 2238 719 2263 uon
767 2224 1067 2275 intellegatur?
1114 2224 1348 2264 Easdemne
1382 2228 1478 2264 res‘?
1520 2226 1674 2278 inquit,
1713 2239 1763 2264 au
1802 2238 1942 2278 parum

170 2288 347 2326 disserui
382 2301 464 2325 nnn
499 2286 636 2324 verbis
670 2287 833 2325 Stoicos
866 2300 889 2324 a
924 2286 1237 2337 Peripateticis,
1273 2287 1344 2327 sed
1379 2289 1572 2326 universa
1605 2301 1648 2326 re
1681 2293 1721 2327 et
1745 2293 1827 2326 tota
1852 2300 1944 2325 sen-

170 2351 297 2389 tentia
331 2350 562 2388 dissidere?
596 2350 742 2401 Atqui,
777 2350 972 2401 inquam,
1007 2350 1128 2395 Cato,
1163 2350 1194 2387 si
1229 2351 1334 2388 istud
1371 2350 1622 2402 optinum-is,
1656 2350 1847 2389 traducas
1881 2362 1944 2387 me

169 2413 217 2452 ad
254 2419 291 2451 te
326 2418 454 2451 tutum
490 2412 643 2450 licebit.
696 2412 893 2450 Putabam
929 2411 1123 2464 equidem
1159 2413 1280 2459 satis,
1315 2414 1471 2464 inquit,
1505 2429 1567 2452 me
1591 2414 1760 2452 dixisse.
1806 2412 1944 2458 Quare

169 2476 218 2515 ad
254 2490 299 2514 ea
333 2476 534 2527 primum,
577 2476 609 2514 si
644 2476 825 2514 xidetur:
870 2476 933 2514 sin
975 2475 1086 2514 aliud
1136 2475 1235 2528 quid
1275 2477 1409 2522 voles,
1456 2482 1613 2528 postea.
1675 2476 1803 2514 Immo
1836 2472 1943 2512 istud

168 2538 357 2591 quidem,
398 2539 589 2590 inquam,
624 2552 708 2591 quo
743 2539 834 2577 loeo
867 2538 1054 2591 quidque
1094 2543 1102 2557 '·
1131 2538 1143 2557 ³
1184 2539 1262 2577 uisi
1295 2538 1487 2591 iniquum
1522 2538 1711 2590 postulo,
1744 2536 1942 2575 arbitratu

168 2615 274 2640 meo.
338 2601 388 2640 lft
430 2601 586 2653 placet,
629 2602 774 2653 inquit.
834 2601 921 2640 Etsi
970 2601 1080 2640 enim
1125 2600 1227 2640 illud
1261 2607 1344 2639 erat
1379 2601 1537 2653 aptius,
1579 2614 1757 2653 aequum
1792 2598 1942 2651 cuique

169 2664 414 2702 concedere.

256 2868 370 2906 [ncipit
395 2867 474 2897 liber
500 2868 646 2905 Quartus
669 2868 707 2897 (le
727 2867 849 2907 finibus
872 2867 1032 2898 bonorum
1056 2871 1084 2898 cl
1107 2868 1273 2898 malorum
1296 2867 1403 2898 Mel-ci
1431 2867 1523 2896 Tullii
1550 2866 1632 2905 (lulij
1649 2867 1684 2904 B)
1705 2867 1868 2897 Ciceronis
1884 2867 1943 2897 AB

172 2935 205 2938 —
235 2918 264 2947 l.
290 2926 329 2947 ne
352 2919 375 2948 Α
393 2918 415 2948 Β
433 2917 474 2947 E:
507 2918 578 2947 Nae
603 2918 632 2947 M
650 2918 674 2947 ()
704 2935 736 2938 -
774 2918 802 2947 2.
829 2921 863 2947 ul
889 2921 956 2948 lam
981 2918 1085 2948 mulla
1110 2919 1152 2949 B:
1190 2919 1292 2948 uitam
1316 2918 1419 2947 multa
1444 2918 1487 2951 A;
1519 2920 1587 2947 lam
1611 2917 1715 2947 mulla
1738 2918 1821 2948 som.
1848 2920 1895 2953 vl)
1920 2916 1944 2945 Ο

172 2984 205 2987 -
232 2970 267 2996 ul
291 2970 358 2996 Ιαηι
382 2966 519 2996 obscum
545 2966 751 3004 Madvigius:
785 2968 815 2996 in
842 2971 910 2997 lum
936 2967 1074 2998 obseura
1102 2970 1146 2998 A:
1172 2968 1273 2997 vitam
1300 2967 1437 2997 obscura
1465 2967 1506 2997 ll:
1533 2969 1601 2996 lam
1626 2966 1765 2995 obscura
1792 2967 1871 3003 (om.
1898 2967 1943 3002 ul)

171 3017 195 3046 Ο
223 3034 253 3037 ᾖ
283 3016 313 3046 53.
340 3016 473 3054 aliquod
499 3017 520 3046 13
539 3017 560 3047 {i
590 3034 621 3038 ——
651 3016 678 3046 f».
708 3017 833 3047 etiamsi
858 3020 881 3047 A
899 3018 941 3047 B:
969 3018 1026 3047 elsi
1051 3017 1075 3047 O
1105 3035 1136 3039 -
1166 3018 1195 3047 33.
1223 3018 1276 3047 sed
1301 3016 1420 3055 [cuncti]
1447 3016 1500 3045 scd
1525 3019 1592 3045 (αηι
1610 3017 1788 3049 Davisius:
1815 3017 1868 3045 sed
1893 3019 1945 3046 Ια-

170 3074 242 3095 men
267 3068 335 3095 lam
359 3065 547 3096 Lambinus
574 3083 609 3088 -—
638 3067 667 3096 7.
695 3067 749 3096 ain
777 3068 799 3097 A
818 3068 860 3096 (Ξῖ
889 3075 932 3096 (ιιι
958 3067 980 3096 13
1009 3084 1040 3087 —
1070 3067 1209 3106 rideam]
1236 3067 1370 3096 audiam
1398 3067 1423 3096 Ι)
1446 3084 1479 3087 -
1507 3066 1558 3096 42.
1586 3066 1650 3096 sole
1673 3070 1791 3096 temere
1814 3066 1856 3096 B:
1883 3066 1946 3096 sole

172 3118 200 3144 le
223 3118 339 3144 lomere
363 3117 387 3145 A
416 3133 450 3136 —
488 3117 535 3146 16,
563 3116 675 3155 issum]
703 3117 757 3153 qui
784 3117 805 3146 1³
834 3133 866 3137 —
904 3116 954 3147 47.
984 3117 1176 3155 inlelligsifm·
1200 3117 1222 3146 B
1240 3117 1261 3146 ti
1292 3134 1324 3138 —
1360 3116 1409 3145 118.
1438 3115 1562 3146 deserui
1589 3117 1611 3145 A
1641 3132 1674 3135 —
1713 3124 1733 3145 α
1758 3123 1827 3145 om.
1856 3115 1879 3145 13
1908 3132 1938 3136 —

173 3164 224 3193 ΞΙ.
251 3164 339 3204 quid]
369 3166 455 3202 quod.
479 3166 502 3196 B
519 3166 540 3196 ti
578 3183 609 3186 —-
645 3166 696 3195 222.
726 3166 860 3204 inquam
885 3174 948 3204 que
974 3166 1042 3195 loco
1067 3167 1209 3204 quidque
1232 3166 1293 3195 nisi
1319 3167 1341 3195 A
1359 3166 1381 3196 B
1398 3166 1439 3194 (ῖς
1473 3165 1625 3203 inquam,
1652 3165 1743 3195 leco:
1769 3165 1830 3194 nisi
1855 3166 1878 3194 O
1906 3181 1940 3184 —

175 3213 331 3244 Lacunae
357 3215 492 3253 siguum
518 3215 649 3245 addidit
675 3214 880 3253 Madvigius,
907 3216 964 3255 qui
990 3215 1147 3255 supplet:
1176 3224 1239 3253 (μισ
1263 3215 1332 3245 leco
1357 3215 1498 3255 quidque
1521 3216 1627 3245 uisum
1650 3215 1748 3253 fueri!
1773 3224 1800 3245 s.
1828 3223 1944 3244 ocem*-

175 3262 264 3292 rerit.
295 3281 327 3285 -
357 3264 417 3294 nisi
443 3264 575 3295 inicium
601 3265 622 3295 B
651 3283 684 3287 ψ
709 3265 837 3304 postulo
862 3266 886 3295 A
902 3266 942 3295 B:
968 3265 1114 3304 postule,
1140 3265 1334 3305 respondere
1358 3266 1383 3295 O
1407 3282 1440 3286 -—
1468 3264 1679 3295 arbitratum.
1706 3273 1741 3295 eo
1766 3267 1800 3294 ut
1825 3266 1850 3295 Α
1866 3264 1940 3294 BC.

1958 2417 1994 2446 *20
