2249 3624
601 161 687 201 Lm.
717 159 768 199 11.
807 158 902 199 CAP.
934 158 1105 198 v-VL
1146 155 1205 210 §§
1239 154 1432 196 stt-49.
1553 192 1556 195 Α
1821 145 1891 191 40!

142 280 212 334 qui
254 281 509 331 torqueatur.
571 277 632 314 Tu
672 280 808 314 autem
853 273 959 312 inter
999 272 1102 311 haec
1145 277 1295 311 tautam
1337 269 1643 310 multitudinem
1683 266 1899 306 hominum

144 343 401 382 interiectam
434 353 516 378 nou
548 339 664 379 vides
696 351 770 376 uec
804 335 1042 375 laetantium
1075 348 1150 373 nec
1183 334 1411 373 dolentium
1426 337 1443 372 't
1502 330 1563 371 17.
1595 333 1686 371 Νοιι
1719 344 1903 383 prorsus,

145 405 300 459 inquit,
344 403 585 454 omnisque,
634 401 704 454 qui
746 400 833 438 siue
874 398 1018 436 dolore
1061 397 1164 443 siut,
1210 396 1251 435 iu
1295 396 1529 448 voluptate,
1576 401 1617 434 et
1652 407 1700 433 ea
1731 393 1902 446 quidem

145 480 327 513 summa,
367 478 458 504 esse
499 464 604 503 (lico.
665 464 772 513 Ergo
816 462 855 500 iu
897 460 1040 500 eadem
1074 460 1288 512 voluptate
1321 472 1438 503 eum,
1478 458 1550 511 qui
1582 456 1701 497 alteri
1734 455 1904 494 misceat

147 530 321 570 mulsum
353 529 442 580 ipse
475 540 559 565 non
591 526 759 570 sitiens,
791 530 827 562 et
861 537 976 569 eum,
1010 523 1081 575 qui
1113 522 1214 560 illud
1248 522 1393 560 sitiens
1426 522 1564 560 hibat?
1918 530 1936 558 ὅ

256 592 321 630 Vl.
355 591 458 628 Tum
492 589 581 633 ille,
615 588 777 632 Finem,
811 586 965 638 inquit.
998 585 1303 635 interrogandi,
1335 585 1367 622 si
1393 584 1565 629 videtur,
1598 582 1711 635 quod
1734 581 1905 634 quidem

145 670 218 708 ego
250 667 272 693 a
305 651 511 705 principio
546 651 601 688 ita
634 664 697 688 mc
731 648 852 687 malle
886 648 1095 693 dixeram,
1127 648 1203 685 hoc
1235 647 1368 699 ipsum
1396 645 1634 698 providens,
1667 644 1906 684 dialecticas

144 718 366 770 captiones.
419 713 639 752 Rhetorice
674 712 813 762 igitur,
856 710 1048 762 inquam,
1092 722 1169 747 uos
1202 711 1330 747 maris
1362 723 1485 761 quam
1518 708 1732 747 dialectice
1764 707 1908 759 dispu-

145 782 257 820 tare?
313 777 443 826 Quasi
484 788 606 819 xero,
649 773 804 825 iuquit,
838 778 1034 824 perpetua
1067 771 1200 809 oratio
1234 771 1443 810 rhetorum
1476 771 1634 818 solum,
1667 784 1752 810 non
1784 770 1907 808 etiam

144 840 485 896 philosophorum
528 838 593 877 sit.
654 836 834 874 Zenonis
867 840 950 880 est,
992 834 1185 886 iuquam,
1230 834 1309 872 hoc
1342 834 1494 872 Stoici:
1536 846 1700 871 omnem
1733 832 1814 870 vim
1848 831 1908 869 lo-
1929 839 1958 866 10

143 904 318 959 quemli,
361 907 402 940 ut
436 901 514 940 iam
547 905 642 938 aute
674 897 940 943 Aristoteles,
984 897 1024 934 iu
1058 895 1158 934 duas
1193 896 1383 934 tributam
1417 908 1508 934 esse
1540 902 1699 948 partes,
1733 893 1909 933 rhetori-

144 980 231 1007 cam
264 965 445 1018 palmae.
480 962 736 1002 dialecticam
770 959 895 1012 pugni
931 959 1109 998 similem
1142 972 1232 997 esso
1267 958 1450 1001 dicebat,
1483 958 1594 1010 quod
1618 957 1741 996 latius
1764 956 1909 1008 loque-

145 1035 287 1069 rentur
318 1026 532 1066 rhetores,
564 1023 766 1063 dialectici
799 1028 936 1060 autem
969 1022 1261 1074 compressius.
1314 1020 1532 1073 Ohsequar
1561 1021 1686 1072 igitur
1707 1018 1909 1058 voluntati

146 1098 237 1131 tuae
271 1090 507 1140 dicamque,
547 1087 578 1125 si
620 1091 788 1138 potero,
830 1084 1058 1129 rhetorice,
1098 1083 1168 1122 sed
1202 1083 1278 1122 hac
1311 1082 1517 1121 rhetorica
1548 1081 1910 1134 philosophorum,

149 1168 228 1194 nou
268 1158 409 1191 nostra
455 1150 525 1189 illa
568 1147 746 1190 sorensi,
790 1160 911 1198 quam
954 1159 1125 1184 necesse
1164 1151 1244 1191 est,
1289 1159 1380 1184 cum
1414 1145 1674 1197 populariter
1704 1144 1961 1196 loquatur,15

149 1231 239 1258 esse
277 1213 485 1254 interdum
526 1211 649 1265 paulo
690 1210 958 1249 hebetiorem.
1020 1204 1084 1246 lN.
1118 1208 1199 1247 Sed
1232 1208 1331 1246 dum
1363 1207 1643 1252 dialecticam,
1686 1206 1911 1258 Torquate,

148 1278 373 1319 contemnit
406 1275 632 1328 EpicuruS,
665 1286 771 1325 quae
804 1285 884 1311 uua
917 1271 1102 1310 continet
1133 1284 1296 1310 omnem
1330 1275 1371 1309 et
1401 1267 1704 1322 perspiciendi,
1738 1267 1838 1320 quid
1871 1267 1911 1305 in

150 1354 319 1395 quaque
352 1353 395 1378 re
428 1338 498 1383 sit,
532 1335 747 1375 scientiam
781 1339 821 1373 et
851 1333 1084 1377 iudicandi,
1120 1333 1244 1386 quale
1276 1333 1328 1372 sit
1360 1332 1571 1386 quidque,
1604 1336 1644 1371 et
1674 1330 1834 1370 ratione
1866 1342 1913 1368 ac

147 1406 210 1443 via
242 1399 504 1453 disputandi,
539 1399 616 1437 ruit
650 1398 692 1436 iu
725 1396 924 1443 diceudo,
969 1401 1011 1435 ut
1043 1396 1143 1434 mihi
1177 1395 1343 1449 quidem
1376 1395 1562 1441 videtur,
1594 1406 1671 1433 nec
1701 1405 1771 1438 ea,
1805 1404 1913 1444 quae

147 1467 296 1505 docere
328 1462 438 1504 vult,
471 1460 554 1500 ulla
585 1464 672 1499 arte
700 1459 938 1511 distinguit,
970 1464 1016 1498 ut
1046 1459 1146 1498 haec
1178 1459 1291 1511 ipsa,
1324 1471 1433 1511 quae
1467 1458 1588 1497 modo
1620 1455 1913 1509 loquebamur.
1929 1466 1965 1493 ‘20

149 1530 364 1568 Summum
398 1538 421 1564 a
451 1523 567 1563 vobis
599 1522 756 1561 bouum
787 1522 979 1575 voluptas
1012 1521 1177 1560 dicitur.
1236 1520 1520 1574 Aperiendum
1552 1524 1615 1559 est
1640 1518 1779 1571 igitur,
1813 1517 1914 1570 quid

149 1591 199 1629 sit
232 1589 444 1641 voluptas3
486 1585 606 1625 aliter
636 1584 747 1624 enim
780 1584 980 1636 explicari
1020 1584 1133 1637 quod
1174 1584 1390 1636 quaeritur
1438 1596 1522 1622 non
1564 1586 1716 1635 potest.
1778 1580 1913 1628 Quam

147 1653 180 1691 si
216 1649 526 1703 explicavisset,
559 1661 640 1685 uon
674 1652 754 1686 tam
786 1646 1033 1685 haesitaret:
1066 1651 1135 1685 aut
1167 1646 1273 1685 euim
1307 1660 1396 1685 eam
1428 1646 1684 1699 voluptatem
1715 1648 1914 1690 tueretur,

151 1727 276 1768 quam
306 1712 564 1763 Aristippus,
598 1709 639 1748 id
672 1714 754 1755 est,
786 1722 869 1762 qua
901 1723 1048 1748 sensus
1080 1708 1258 1748 dulciter
1284 1723 1330 1748 ac
1352 1709 1533 1748 iucunde
1556 1711 1756 1754 movetur,
1789 1719 1914 1759 quam

149 1776 272 1815 etiam
304 1773 506 1827 pecudes,
549 1773 580 1811 si
613 1772 726 1825 loqui
761 1777 952 1825 possent,
994 1772 1257 1825 appellarent
1288 1772 1563 1825 voluptatem,
1595 1774 1686 1817 aut,
1718 1769 1752 1808 si
1783 1769 1914 1822 magis
1930 1781 1966 1808 ‘233

148 1838 330 1891 placeret
361 1850 435 1875 sno
467 1849 579 1875 more
612 1834 726 1887 loqui
759 1848 883 1887 quam
915 1839 960 1874 ut

514 1898 703 1936 Omnes
735 1898 894 1936 ,Danai
926 1903 1087 1951 atque
1118 1898 1492 1951 MycenenseS,

513 1960 693 1999 Attica
723 1959 912 2012 pubes,
943 1981 997 1988 -

149 2026 383 2079 reliquique
421 2023 586 2069 Graeci,
628 2023 697 2075 qui
738 2022 817 2061 hoc
857 2026 1082 2075 anapaesto
1124 2024 1323 2071 citantur,
1364 2023 1444 2062 hoc
1482 2035 1565 2062 non
1597 2022 1739 2062 dolere
1777 2022 1915 2062 solum

150 2087 375 2140 voluptatis
419 2085 585 2124 nomine
630 2084 880 2137 appellaret,
920 2085 1025 2124 illud
1067 2086 1351 2139 Aristippeum
1394 2090 1697 2132 contemneret,
1744 2089 1835 2132 aut,
1882 2084 1966 2124 si30

151 2158 372 2203 utrumque
404 2147 621 2200 probaret,
663 2153 707 2186 ut
739 2147 905 2199 probat,
946 2148 1218 2200 coniungeret
1248 2148 1405 2187 doloris
1436 2147 1687 2188 vacuitatem
1719 2160 1812 2186 cum
1843 2160 1917 2186 vo-

149 2213 304 2264 luptate
337 2216 378 2250 et
409 2209 570 2248 duobus
602 2209 758 2248 ultimis
792 2214 989 2248 uteretur.
1050 2207 1115 2249 lt).
1147 2211 1267 2250 Multi
1299 2211 1409 2250 enim
1443 2215 1483 2250 et
1508 2210 1646 2262 magni
1674 2209 1915 2263 philosophi

147 2274 250 2313 haec
281 2272 427 2312 ultima
458 2271 658 2311 bonorum
702 2272 843 2311 iuncta
873 2271 1080 2320 fecerunt,
1120 2278 1166 2312 ut
1196 2273 1443 2313 Aristoteles
1474 2272 1639 2311 virtutis
1669 2286 1790 2312 usum
1824 2286 1915 2311 cum

149 2336 256 2375 vitae
288 2334 495 2388 perfectae
527 2334 803 2387 prosperitate
836 2334 1077 2382 coniunxit,
1110 2335 1302 2387 Callipho
1345 2335 1538 2375 adiunxit
1569 2334 1620 2374 ad
1652 2334 1915 2373 honestatem

149 2396 428 2449 voluptatem,
459 2396 668 2436 Diodorus
701 2395 751 2435 ad
785 2396 960 2435 eandem
992 2398 1254 2437 honestatem
1286 2398 1446 2437 addidit
1472 2397 1721 2436 vacuitatem
1745 2396 1915 2436 doloris.
1929 2409 1966 2436 35

148 2459 263 2497 Idem
302 2458 470 2498 fecisset
498 2458 722 2511 Epicurus,
763 2459 798 2498 si
830 2460 1080 2499 sententiam
1110 2459 1240 2507 hanc,
1283 2473 1392 2513 quae
1423 2473 1535 2499 nune
1566 2458 1810 2512 Hieronymi
1842 2463 1917 2506 est,

150 2522 433 2561 coniunxisset
474 2535 564 2561 cum
595 2522 794 2574 Aristippi
833 2527 974 2561 vetere
1016 2524 1237 2562 sententia.
1298 2523 1362 2562 llli
1395 2522 1506 2562 enim
1539 2523 1649 2560 inter
1679 2534 1723 2560 se
1755 2521 1917 2560 dissen-

151 2584 278 2631 tiunt3
310 2588 533 2636 propterea
564 2585 738 2636 singulis
769 2582 921 2624 finibus
953 2590 1127 2625 utuntur
1158 2591 1216 2632 ct,
1250 2599 1343 2624 cum
1371 2590 1548 2637 uterque
1571 2583 1727 2623 Graece
1751 2583 1916 2635 egregie

151 2646 364 2698 loquatur,
410 2660 487 2686 nec
531 2647 789 2699 Aristippus,
838 2647 910 2700 qui
953 2648 1211 2701 voluptatem
1257 2661 1465 2687 summum
1513 2646 1668 2685 bonum
1709 2646 1827 2692 dicit,
1873 2646 1915 2684 in

151 2709 363 2760 voluptate
403 2708 523 2761 ponit
563 2723 646 2749 non
685 2710 850 2757 dolere,
892 2723 1029 2763 neque
1072 2710 1375 2764 Hieronymus,
1417 2708 1490 2762 qui
1522 2721 1729 2748 summum
1759 2708 1966 2751 honumsm

241 2938 269 2967 2.
295 2936 497 2968 interiectam
521 2940 564 2969 A:
592 2939 819 2980 [interiectam]
847 2940 894 2976 M;
922 2948 991 2970 om.
1010 2941 1034 2970 B
1058 2957 1088 2961 —
1119 2939 1148 2970 3.
1176 2938 1315 2979 quidem]
1342 2946 1443 2976 quam>
1466 2938 1490 2967 B
1512 2955 1546 2959 -
1573 2936 1604 2969 4.
1630 2945 1707 2969 esse.
1735 2938 1816 2968 Dico
1840 2946 1917 2978 erqo

156 2990 176 3018 λ
194 2989 214 3017 u
246 3006 278 3008 —
306 2989 335 3018 tj.
362 2987 596 3028 interro-qumis*
620 2990 646 3019 si
670 2990 727 3020 M:
755 2990 982 3030 interrogandi
1005 2991 1059 3029 fac
1083 2990 1109 3020 si
1133 2991 1173 3020 A'*
1201 3006 1234 3011 —
1269 2990 1299 3019 Τ.
1326 2988 1436 3028 malle]
1459 2988 1545 3019 male
1569 2987 1607 3019 Αι
1635 3006 1669 3010 ——
1695 2989 1726 3018 8.
1752 2988 1918 3027 captiones

154 3047 222 3068 oin.
246 3039 266 3067 t:
289 3055 322 3058 a
350 3038 495 3078 inquam]
521 3039 625 3077 inquit
650 3037 686 3069 ,λ’
715 3057 749 3061 —
780 3041 830 3070 tt.
858 3040 1033 3070 aristotiles
1057 3042 1080 3070 ,t
1101 3041 1142 3077 ¹53
1170 3040 1251 3069 item
1279 3047 1309 3069 Υ.
1331 3040 1382 3069 325.
1410 3055 1444 3058 —
1474 3039 1525 3068 42).
1548 3038 1654 3078 pugni
1679 3038 1720 3067 E:
1743 3038 1866 3078 puynts
1890 3040 1914 3069 A

157 3090 178 3119 1³
195 3090 219 3118 l)
247 3105 281 3109 —-
310 3088 362 3119 43.
387 3089 607 3127 comm—etesius
631 3088 669 3120 ΑΙ
697 3107 731 3110 -
760 3090 810 3120 18.
837 3090 875 3120 sit
901 3091 1041 3129 quidque
1066 3092 1109 3120 A:
1138 3089 1279 3127 quidque
1302 3088 1341 3118 xil
1366 3089 1389 3118 B
1405 3088 1473 3118 ΜΟ
1494 3104 1529 3109 —-
1557 3088 1607 3118 49.
1635 3088 1776 3119 docendo
1800 3088 1914 3126 Btake)

157 3139 187 3168 iu
214 3139 384 3169 Mnemos.
411 3138 456 3176 ΙΙ,
483 3137 664 3178 ρ.413.-
694 3139 744 3169 ΞΟ.
771 3140 880 3170 (loc-cri
905 3141 930 3170 t)
953 3157 987 3161 —
1013 3140 1092 3179 ulla}
1121 3139 1176 3169 illa
1203 3139 1224 3167 Β
1254 3155 1286 3158 -
1314 3138 1366 3168 21.
1394 3138 1514 3168 (licetur
1537 3145 1607 3167 om.
1630 3137 1654 3167 B
1675 3154 1710 3158 —
1737 3137 1790 3168 ⁶27.
1818 3140 1917 3175 alque

156 3186 364 3218 Lambinus:
391 3190 449 3217 auc
467 3189 490 3218 A
505 3188 528 3218 B
546 3188 567 3218 13
588 3204 622 3209 -
649 3189 701 3219 28.
720 3189 837 3229 Attica]
856 3193 913 3219 au!
938 3189 1045 3219 arlicu
1071 3190 1114 3222 lh
1142 3192 1176 3218 ‘ul‘
1200 3188 1308 3217 arlicav
1326 3187 1349 3217 li
1368 3204 1402 3208 —
1430 3187 1481 3218 30.
1502 3187 1668 3227 appellant
1692 3188 1715 3217 B
1735 3203 1770 3208 -
1798 3187 1849 3217 31.
1870 3187 1916 3226 ul]

157 3240 213 3268 aue
237 3238 299 3268 AB
327 3254 362 3260 -—
396 3237 449 3268 32.
475 3238 559 3268 enim
583 3237 621 3278 et]
647 3242 755 3270 aulem
779 3239 802 3269 Γ,
831 3257 865 3260 -
894 3240 945 3269 1323,
970 3239 1101 3269 virtutis
1125 3240 1148 3269 A
1166 3239 1205 3268 13:
1234 3238 1289 3276 qui
1313 3237 1443 3268 rit-tulis
1467 3238 1491 3268 O
1520 3256 1554 3260 —
1580 3237 1686 3275 usum]
1711 3236 1827 3267 summi
1851 3236 1874 3266 B
1890 3236 1913 3266 E

160 3304 193 3308 -
221 3286 272 3318 32.
300 3286 444 3327 Callipho
468 3288 552 3319 AB:
580 3288 745 3328 Camphon
772 3289 796 3318 O
828 3305 859 3311 -
888 3289 1037 3329 adiungit
1062 3288 1085 3318 B
1115 3305 1149 3310 —
1176 3288 1227 3318 39.
1254 3286 1321 3328 nec]
1347 3287 1402 3319 hcc
1426 3288 1463 3319 B.
