2249 3624
485 157 571 195 Lm.
605 155 652 194 ιι.
693 154 787 194 cst.
820 149 1146 192 xxt-xqu
1183 146 1242 201 §5
1274 144 1463 186 48—54.
1776 139 1856 182 209

214 260 481 314 Conqueri
515 259 774 299 fortunam
807 258 1095 302 adversam,
1130 268 1223 294 nou
1257 252 1541 293 lamentari
1574 250 1745 295 decet;

213 325 264 364 Id
298 323 399 364 viri
433 327 515 361 est
547 322 811 361 officium:
851 320 1017 359 flotus
1051 317 1299 358 muliebri
1334 315 1546 367 ingenio
1579 313 1801 352 additus.

102 389 235 429 Huius
277 385 401 426 animi
446 398 538 437 pars
579 385 648 423 illa
688 384 849 423 mollior
886 382 1034 421 rationi
1074 382 1130 420 sic
1165 380 1320 434 paruit,
1365 384 1409 417 ut
1441 390 1585 416 severo
1619 374 1858 427 imperatori

104 451 218 491 mites
250 448 421 502 pudens.

215 510 345 550 XXII.
378 505 442 547 fil.
476 509 518 547 Iu
552 522 634 562 quo
668 521 761 546 vero
795 506 872 545 erit
904 505 1081 559 perfecta
1115 505 1329 557 sapientia,
1363 516 1486 556 quem
1515 501 1650 540 adhuc
1675 514 1746 539 nos
1770 500 1892 553 qui-5

101 576 192 614 dem
226 572 401 613 vidimus
434 571 663 614 neminem,
697 569 769 608 sed
804 568 1146 620 philosophorum
1180 567 1400 606 sententiis
1433 565 1566 618 qualis
1600 564 1665 603 hic
1697 562 1862 602 futurus

100 636 168 681 sit,
209 635 242 674 si
283 633 405 673 modo
438 633 664 686 aliquando
698 631 841 673 fuerit.
885 631 1129 682 exponitur:
1173 630 1205 668 is
1238 629 1361 679 igitur
1393 629 1478 666 sive
1512 640 1557 666 ca
1593 627 1714 671 ratio,
1755 638 1862 679 quae

100 697 176 736 erit
213 697 252 736 in
291 709 340 735 eo
382 695 562 747 perfecta
593 700 718 746 atque
751 693 964 737 absoluta,
1004 693 1060 731 sic
1092 692 1149 730 illi
1186 692 1288 744 parti
1323 690 1543 742 imperabit
1576 689 1779 736 inferiori,
1822 693 1864 726 ut

100 759 233 798 iustus
267 771 417 810 parens
451 757 589 810 probis
623 755 736 794 liliis:
772 760 869 793 uutu
905 754 1016 807 quod
1042 752 1151 792 volet
1179 751 1386 797 conliciet,
1421 752 1534 791 nullo
1559 750 1716 797 labore,
1751 750 1864 789 uulla

100 820 311 866 molestiam
343 820 474 871 eriget
505 820 593 871 ipse
626 832 688 863 se,
722 816 959 861 suscitabit,
993 817 1190 861 instruet,
1223 815 1421 861 armabit,
1456 819 1498 853 ut
1522 819 1731 866 tamquam
1756 811 1861 851 hosti
1882 819 1914 847 ¹0

99 884 155 922 sic
187 882 360 921 obsistat
392 882 536 921 dolori.
590 882 706 929 Quae
739 884 834 918 sunt
867 879 942 917 ista
976 880 1120 917 arma?
1153 877 1392 922 contentio,
1425 876 1686 915 confirmatio
1709 887 1865 914 sermo-

100 958 179 998 que
212 946 416 991 intumus,
449 958 540 982 cum
575 944 663 995 ipse
697 954 860 981 secum:
897 940 1031 978 «Cave
1065 945 1183 991 turpe
1216 940 1461 992 quicquam,
1495 938 1749 989 languidum,
1782 950 1864 976 non

100 1007 264 1046 virile».
314 1004 378 1045 332.
411 1006 696 1045 Obversentur
734 1004 895 1056 species
934 1003 1135 1041 honestae
1171 1002 1281 1040 viro:
1313 1003 1423 1040 Zeno
1458 1006 1716 1054 proponatur
1748 1000 1866 1039 Elea-

99 1074 182 1115 tes,
225 1069 295 1122 qui
332 1082 552 1122 perpessus
585 1074 647 1106 est
677 1066 814 1105 omnia
849 1066 985 1118 potius
1018 1078 1141 1118 quam
1174 1064 1365 1103 conscios
1398 1063 1601 1103 delendae
1634 1062 1866 1116 tyrannidis

100 1131 328 1178 indicaret;
362 1132 412 1170 de
444 1129 692 1170 Anaxarcho
727 1128 976 1168 Democritio
1009 1127 1236 1180 cogitetur,
1270 1127 1340 1179 qui
1374 1139 1466 1164 cum
1499 1125 1619 1179 Cypri
1649 1126 1688 1164 in
1722 1137 1865 1164 manus
1884 1133 1916 1161 15

100 1194 386 1233 Nicocreontis
419 1193 528 1245 regis
560 1192 789 1237 incidisset,
819 1188 975 1229 nullum
1002 1203 1133 1242 genus
1159 1188 1356 1242 supplicii
1380 1188 1625 1241 deprecatus
1648 1194 1707 1228 est
1731 1201 1868 1241 neque

100 1257 318 1296 recusavit.
373 1256 552 1296 Calanus
597 1253 744 1300 Indus,
791 1254 985 1293 indoctus
1028 1266 1075 1293 ac
1116 1252 1334 1298 barbarus,
1382 1252 1422 1291 in
1454 1251 1663 1291 radicibus
1698 1251 1869 1291 Caucasi

102 1323 235 1365 natus,
268 1331 342 1358 sua
365 1318 578 1357 voluntate
601 1317 719 1356 vivus
741 1315 984 1355 combustus
1008 1320 1082 1355 est.
1114 1316 1212 1360 Nos,
1234 1314 1268 1353 si
1293 1327 1366 1367 pes
1389 1313 1618 1360 condoluit,
1640 1314 1674 1353 si
1696 1313 1813 1360 dens,
1835 1312 1869 1351 si

101 1386 252 1421 tactum
295 1380 439 1420 dolore
471 1393 641 1432 corpus,
681 1378 786 1417 ferre
820 1392 903 1417 non
936 1391 1170 1431 possumus.
1234 1376 1388 1429 Opinio
1424 1381 1485 1415 est
1520 1376 1627 1415 enim
1662 1375 1869 1429 quaedam

101 1443 338 1483 effeminata
376 1456 423 1483 ac
466 1442 567 1482 levis
601 1454 677 1481 nec
710 1441 750 1479 in
785 1440 930 1480 dolore
964 1440 1092 1492 magis
1126 1453 1249 1492 quam
1282 1438 1427 1478 eadem
1460 1438 1501 1477 in
1525 1438 1755 1492 voluptate,
1788 1450 1870 1490 qua
1885 1447 1920 1475 ρο

102 1519 196 1546 cum
242 1505 508 1559 liquescimus
552 1504 803 1556 fluimusque
849 1503 1042 1549 mollitia,
1082 1503 1171 1555 apis
1204 1502 1393 1541 aculeum
1427 1501 1516 1541 sine
1548 1501 1731 1540 clamore
1763 1499 1871 1539 ferre

105 1582 187 1608 non
230 1582 465 1622 possumus.
525 1565 591 1606 53.
624 1567 676 1605 At
708 1579 804 1605 vero
839 1565 881 1605 C.
915 1566 1093 1611 Marius,
1134 1565 1369 1604 rusticanus
1410 1564 1494 1611 vir,
1535 1563 1607 1604 sed
1641 1563 1763 1616 plane
1799 1563 1872 1609 vir,

103 1644 193 1671 cum
227 1636 459 1678 secaretur,
491 1634 535 1669 ut
566 1642 690 1682 supra
723 1628 830 1675 dixi,
865 1628 1070 1681 principio
1101 1628 1230 1667 vetuit
1257 1641 1300 1667 se
1323 1626 1508 1679 alligari,
1542 1639 1618 1666 nec
1649 1626 1872 1679 quisquam

104 1699 198 1733 ante
231 1694 404 1733 Marium
439 1693 599 1733 solutus
633 1692 784 1731 dicitur
815 1705 906 1731 esse
940 1696 1090 1731 sectus.
1144 1690 1226 1729 Cur
1264 1703 1362 1743 ergo
1406 1694 1551 1742 postea
1583 1689 1685 1730 alii?
1735 1688 1874 1729 Valuit

102 1756 341 1796 auctoritas.
390 1755 573 1794 Videsne
604 1755 731 1807 igitur
761 1754 971 1807 opinionis
995 1767 1107 1799 esse,
1140 1766 1224 1792 non
1248 1759 1419 1792 naturae
1444 1752 1628 1792 malum?
1664 1752 1714 1791 Et
1737 1756 1870 1791 tamen
1887 1760 1923 1789 25

102 1816 230 1858 fuisse
270 1831 405 1858 acrem
446 1831 625 1857 morsum
659 1817 817 1856 doloris
850 1816 959 1856 idem
993 1816 1147 1856 Marius
1180 1815 1388 1862 ostendit3
1430 1829 1522 1854 crus
1555 1815 1661 1854 enirn
1696 1813 1873 1853 alterum

104 1893 186 1919 non
218 1881 422 1933 praebuit.
474 1881 534 1920 Ita
566 1886 605 1920 et
638 1880 731 1919 tulit
762 1879 946 1919 dolorem
980 1884 1025 1918 ut
1056 1879 1119 1918 vir
1149 1884 1190 1918 et
1221 1884 1264 1918 ut
1285 1878 1410 1918 homo
1433 1879 1631 1917 maiorem
1654 1876 1761 1916 ferre
1784 1876 1873 1916 sine

105 1954 229 1981 causa
260 1943 497 1983 necessaria
528 1943 676 1982 noluit.
722 1943 869 1982 Totum
894 1942 1020 1994 igitur
1043 1941 1083 1981 in
1106 1955 1154 1981 eo
1178 1947 1260 1988 est,
1292 1946 1336 1981 ut
1358 1941 1432 1980 tibi
1457 1940 1653 1994 imperes.
1700 1937 1874 1979 Ostendi

104 2010 242 2044 autem
275 2005 388 2058 quod
422 2011 532 2046 esset
564 2004 794 2058 imperandi
831 2017 981 2057 genus,
1014 2010 1143 2057 atque
1165 2004 1267 2044 haec
1290 2004 1504 2055 cogitatio,
1538 2002 1639 2057 quid
1661 2002 1874 2056 patientia,

107 2066 205 2118 quid
247 2065 508 2114 fortitudine,
551 2068 650 2121 quid
690 2066 974 2120 magnitudine
1014 2067 1142 2106 animi
1185 2066 1476 2119 dignissimum
1509 2067 1584 2113 sit,
1624 2078 1707 2105 non
1741 2064 1873 2104 solum
1889 2073 1924 2102 30
1956 2106 1959 2113 .

105 2128 289 2168 animum
330 2131 583 2183 comprimit,
627 2131 698 2170 sed
738 2130 875 2183 ipsum
914 2130 1037 2169 etiam
1071 2129 1257 2169 dolorem
1299 2131 1438 2170 nescio
1470 2142 1552 2183 quo
1586 2133 1706 2182 pacto
1740 2128 1877 2168 mitio-

105 2204 190 2230 rem
222 2190 333 2231 facit.

218 2254 372 2294 XXIII.
405 2252 471 2294 54.
504 2255 555 2294 Ut
586 2254 695 2293 enim
729 2251 771 2293 [it
792 2255 831 2293 in
858 2254 1037 2306 proelio,
1070 2260 1114 2294 ut
1136 2254 1310 2307 ignavus
1333 2254 1449 2294 miles
1471 2267 1517 2294 ac
1541 2252 1723 2300 timidus,
1756 2253 1877 2293 simul

107 2328 154 2355 ac
185 2315 336 2355 viderit
365 2316 549 2364 hostem,
586 2317 745 2356 abiecto
778 2322 896 2356 scuto
929 2316 1060 2369 fugiat
1092 2322 1293 2370 quantum
1326 2316 1458 2369 possit
1489 2317 1540 2356 oh
1573 2329 1748 2369 eamque
1781 2330 1877 2356 cau-

107 2391 192 2417 sam
235 2384 378 2431 pereat
416 2393 499 2419 non
541 2392 767 2432 numquam
801 2380 924 2418 etiam
956 2379 1116 2431 integro
1150 2393 1348 2433 corpore,
1381 2393 1472 2419 cum
1506 2379 1566 2426 ei,
1599 2380 1670 2432 qui
1703 2380 1874 2425 steterit,
1890 2387 1926 2416 35

108 2441 209 2480 nihil
253 2441 334 2481 tale
366 2442 574 2489 evenerit,
614 2442 673 2481 sic
705 2441 777 2495 qui
810 2442 966 2481 doloris
999 2442 1181 2495 speciem
1214 2442 1320 2482 ferre
1352 2456 1435 2483 non
1477 2447 1652 2495 possunt
1691 2442 1876 2482 abiciunt

194 2631 224 2662 2.
252 2632 370 2662 additis
394 2630 451 2667 G¹;
478 2632 634 2663 additu'sc
659 2631 816 2672 Bentley,
839 2633 876 2664 Ο,
905 2632 1158 2664 «Scribendum
1185 2641 1226 2664 ex
1243 2633 1443 2673 Archetypo
1461 2633 1602 2664 additus.
1631 2635 1743 2665 Potuit
1760 2618 1878 2665 iterari

107 2683 173 2712 esc:
203 2690 350 2713 necesse
376 2690 444 2712 non
471 2681 565 2713 suit.»
590 2682 645 2713 W.
669 2700 701 2704 —
730 2681 760 2714 4.
784 2683 907 2721 pudens
933 2682 970 2712 G¹
991 2684 1044 2713 tu:
1070 2683 1215 2722 prudens
1238 2684 1278 2713 G2
1291 2683 1364 2713 RQB
1393 2700 1426 2704 -
1453 2683 1483 2713 5.
1510 2691 1588 2713 vero
1612 2682 1776 2723 Bentley:
1803 2684 1877 2714 uiro

109 2732 132 2762 C
148 2731 173 2761 O
201 2748 235 2752 —
262 2731 292 2761 6.
318 2731 467 2761 uidemus
491 2732 515 2762 C
535 2748 569 2753 —
599 2732 650 2763 110.
678 2732 888 2763 suscitabitur
913 2732 936 2763 C
966 2750 999 2753 —
1030 2732 1079 2763 43.
1108 2731 1296 2763 obuersetur
1320 2732 1343 2763 C
1365 2750 1398 2754 —
1425 2732 1551 2763 honeste
1576 2733 1599 2763 C
1621 2751 1654 2755 —
1681 2734 1755 2764 viro
1771 2735 1878 2773 Treg-

108 2779 233 2811 dei-us:
268 2788 347 2811 uero
372 2781 415 2817 C;
450 2781 561 2812 animo
587 2782 633 2818 03
667 2780 734 2812 del.
763 2782 870 2812 Heine
897 2781 939 2812 de
966 2782 1036 2813 Cic.
1064 2780 1199 2813 Tuscul.
1230 2782 1322 2822 Disp.
1350 2789 1381 2821 p.
1412 2782 1460 2812 45.
1493 2782 1586 2812 «viro
1611 2791 1692 2813 cum
1718 2783 1877 2823 emphasi

109 2829 259 2870 quadam
285 2829 416 2861 dictum
443 2832 514 2868 θεῖς
551 2831 601 2861 vic
626 2832 719 2862 enim
745 2840 787 2862 ne
814 2830 895 2872 quid
921 2841 985 2862 non
1009 2832 1104 2863 virile
1127 2832 1339 2868 committat,
1368 2830 1535 2870 exemplis
1568 2832 1722 2863 animum
1749 2831 1879 2863 confir-

109 2888 205 2910 mare
231 2878 372 2910 debet.»
399 2880 521 2911 Tuaen.
549 2880 598 2911 Cf.
627 2880 667 2920 §S
684 2880 724 2912 53
757 2881 806 2912 57.
836 2881 874 2911 tv
900 2882 920 2921 ς
938 2880 990 2912 43.
1014 2899 1047 2902 -
1078 2880 1128 2912 44.
1155 2882 1319 2912 consscius
1343 2880 1469 2921 (priore
1493 2889 1508 2911 s
1531 2881 1715 2922 expuncta)
1735 2882 1772 2917 G,
1799 2890 1879 2912 con-

108 2929 192 2958 scius
215 2929 239 2959 R
265 2930 299 2959 et
322 2930 453 2960 mutata
480 2928 589 2960 littera
616 2939 637 2960 u
662 2931 694 2960 in
720 2938 737 2960 0
762 2930 785 2960 B
813 2947 846 2951 —
876 2931 927 2961 45.
954 2930 1168 2962 denaaearcho
1192 2932 1274 2965 GR:
1302 2931 1339 2961 de
1362 2930 1535 2961 izaraeacho
1559 2931 1582 2962 B
1610 2947 1643 2952 —
1671 2931 1762 2969 cyrri
1787 2931 1811 2962 C
1839 2948 1874 2952 —

113 2977 162 3009 46.
189 2978 408 3009 timocreontis
432 2979 476 3015 C;
504 2979 567 3010 sed
593 2979 634 3011 ct.
662 2978 749 3011 Plut.
775 2979 870 3011 Alex.
897 2979 949 3011 Ε29.
979 2980 1073 3020 Diog.
1102 2981 1211 3011 Laert.
1244 2980 1297 3018 IX,
1319 2980 1368 3010 40.
1399 2978 1509 3011 Valer,
1529 2980 1614 3011 Max.
1636 2981 1691 3018 ΙΙΙ,
1713 2980 1731 3011 3
1758 2981 1824 3011 ext.
1845 2979 1875 3012 4.

114 3043 147 3047 —
174 3035 301 3065 nequae
324 3028 505 3059 recussaut't
529 3030 554 3059 G
579 3045 612 3050 —
641 3030 692 3061 47.
720 3029 875 3060 Callanus
900 3030 923 3060 C
946 3047 980 3051 —
1011 3030 1059 3061 18.
1087 3030 1113 3060 si
1138 3033 1261 3060 tactum
1285 3029 1395 3059 dolore
1418 3029 1460 3071 c.]
1485 3030 1539 3061 sed
1563 3030 1652 3070 facco
1676 3033 1745 3061 tum
1768 3030 1879 3061 dolore

113 3076 215 3113 (corr.
237 3084 271 3107 m
303 3084 374 3107 sec.
394 3077 426 3108 in
444 3077 561 3116 dolere)
579 3086 606 3109 e.
627 3079 671 3115 G;
698 3079 752 3109 sed
773 3076 899 3117 [ασὶοιᾶ
922 3079 1028 3110 dolere
1044 3088 1071 3110 c.
1093 3080 1133 3114 R;
1159 3080 1214 3110 sed
1235 3079 1322 3118 facto
1342 3081 1411 3109 tum
1427 3078 1534 3110 dolere
1550 3088 1578 3111 c.
1598 3080 1641 3117 B;
1668 3080 1694 3110 si
1716 3079 1879 3118 adfectum

114 3124 182 3155 ulto
207 3126 317 3157 dolore
340 3135 367 3157 c.
388 3126 425 3156 Ο.
446 3126 574 3163 Heine3
600 3127 627 3157 si
651 3130 775 3158 lactum
795 3128 827 3158 d.
847 3137 873 3159 c.
894 3131 939 3160 est
962 3129 1022 3163 W2
1049 3129 1076 3159 si
1100 3131 1145 3159 esc
1169 3131 1329 3159 attactum
1345 3128 1376 3158 d.
1395 3137 1423 3159 c.
1443 3127 1609 3160 Halmius.
1630 3147 1663 3150 —
1691 3129 1744 3159 24.
1762 3129 1879 3167 liquis-

113 3174 216 3204 cimus
242 3175 278 3205 R¹
300 3192 333 3197 —
362 3175 413 3206 22.
435 3175 472 3206 G.
493 3176 632 3213 Marius,
656 3178 844 3208 rusticanus
866 3178 929 3216 vir,
953 3186 1026 3208 curn
1048 3181 1226 3215 secarctur,
1249 3178 1415 3216 principio
1432 3178 1530 3209 veluit
1545 3187 1578 3209 se
1594 3178 1731 3217 alliyari
1756 3177 1879 3208 Chari-

115 3222 186 3253 sius
211 3232 243 3263 p.
263 3224 337 3261 ⁴245,
359 3225 409 3255 47.
423 3239 457 3246 —
481 3225 519 3256 G.
541 3226 643 3257 etiam
662 3227 686 3257 C
709 3243 742 3248 —
770 3225 822 3258 34.
842 3227 879 3257 ob
898 3236 1001 3266 eamq.
1021 3236 1158 3258 causam
1175 3226 1269 3257 11²3:
1289 3226 1327 3257 ob
1343 3235 1416 3258 eam
1431 3235 1568 3258 causam
1584 3228 1609 3258 G
1624 3228 1678 3263 R¹;
1705 3230 1734 3258 el
1750 3226 1787 3257 ob
1805 3235 1878 3258 eam

115 3279 253 3303 causam
278 3273 486 3313 Tregderus.
516 3274 586 3306 «Cf.
606 3274 624 3315 ἓ
643 3275 683 3307 38
707 3275 744 3306 ob
768 3284 903 3316 eamque
926 3285 1005 3308 rem.
1031 3276 1054 3315 1,
1073 3276 1123 3308 66.
1152 3276 1221 3307 Fin.
1242 3275 1296 3315 111,
1315 3275 1390 3308 30.»
1416 3277 1471 3308 W.
1498 3275 1583 3308 Vide
1608 3276 1651 3308 ad
1676 3284 1709 3317 p.
1729 3276 1802 3315 268,
1824 3275 1875 3306 42.
