<?xml version="1.0" encoding="UTF-8"?>
<!DOCTYPE html PUBLIC "-//W3C//DTD XHTML 1.0 Transitional//EN"
    "http://www.w3.org/TR/xhtml1/DTD/xhtml1-transitional.dtd">
<html xmlns="http://www.w3.org/1999/xhtml" xml:lang="en" lang="en">
 <head>
  <title>
</title>
<meta http-equiv="Content-Type" content="text/html;charset=utf-8" />
  <meta name='ocr-system' content='tesseract 3.04.00' />
  <meta name='ocr-capabilities' content='ocr_page ocr_carea ocr_par ocr_line ocrx_word'/>
</head>
<body>
  <div class='ocr_page' id='page_1' title='image "./operaquaesupersu04ciceuoft_0191.png"; bbox 0 0 2249 3624; ppageno 0'>
   <div class='ocr_carea' id='block_1_1' title="bbox 529 172 1869 229">
    <p class='ocr_par' dir='ltr' id='par_1_1' title="bbox 529 172 1869 229">
     <span class='ocr_line' id='line_1_1' title="bbox 529 172 1869 229; baseline -0.004 -11"><span class='ocrx_word' id='word_1_1' title='bbox 529 179 617 218; x_wconf 83' lang='lat' dir='ltr'>Lm.</span> <span class='ocrx_word' id='word_1_2' title='bbox 649 179 715 218; x_wconf 85' lang='lat' dir='ltr'>lv.</span> <span class='ocrx_word' id='word_1_3' title='bbox 754 178 848 218; x_wconf 51' lang='lat' dir='ltr'>Cae.</span> <span class='ocrx_word' id='word_1_4' title='bbox 880 178 1137 218; x_wconf 77' lang='lat' dir='ltr'>xv—xvt.</span> <span class='ocrx_word' id='word_1_5' title='bbox 1174 176 1232 229; x_wconf 73' lang='lat'>§§</span> <span class='ocrx_word' id='word_1_6' title='bbox 1264 174 1457 218; x_wconf 63' lang='lat'><strong>38-4-4..</strong></span> <span class='ocrx_word' id='word_1_7' title='bbox 1790 172 1869 214; x_wconf 70' lang='grc' dir='ltr'>ι165</span> 
     </span>
    </p>
   </div>
   <div class='ocr_carea' id='block_1_2' title="bbox 106 288 1956 2649">
    <p class='ocr_par' dir='ltr' id='par_1_2' title="bbox 107 288 1920 1402">
     <span class='ocr_line' id='line_1_2' title="bbox 114 288 1870 343; baseline -0.004 -10"><span class='ocrx_word' id='word_1_8' title='bbox 114 293 229 334; x_wconf 83' lang='lat' dir='ltr'>stitui</span> <span class='ocrx_word' id='word_1_9' title='bbox 269 292 398 333; x_wconf 84' lang='lat' dir='ltr'>virtus</span> <span class='ocrx_word' id='word_1_10' title='bbox 439 291 553 332; x_wconf 84' lang='lat' dir='ltr'>nullo</span> <span class='ocrx_word' id='word_1_11' title='bbox 592 291 712 331; x_wconf 87' lang='lat' dir='ltr'>modo</span> <span class='ocrx_word' id='word_1_12' title='bbox 753 296 904 343; x_wconf 86' lang='lat' dir='ltr'>potest,</span> <span class='ocrx_word' id='word_1_13' title='bbox 947 290 1023 329; x_wconf 88' lang='lat' dir='ltr'>nisi</span> <span class='ocrx_word' id='word_1_14' title='bbox 1067 304 1132 336; x_wconf 87' lang='lat' dir='ltr'>ea,</span> <span class='ocrx_word' id='word_1_15' title='bbox 1175 303 1281 342; x_wconf 86' lang='lat' dir='ltr'>quae</span> <span class='ocrx_word' id='word_1_16' title='bbox 1313 295 1406 328; x_wconf 89' lang='lat' dir='ltr'>sunt</span> <span class='ocrx_word' id='word_1_17' title='bbox 1440 288 1569 340; x_wconf 88' lang='lat' dir='ltr'>prima</span> <span class='ocrx_word' id='word_1_18' title='bbox 1600 293 1792 334; x_wconf 83' lang='lat' dir='ltr'>naturae,</span> <span class='ocrx_word' id='word_1_19' title='bbox 1824 292 1870 326; x_wconf 83' lang='lat' dir='ltr'>ut</span> 
     </span>
     <span class='ocr_line' id='line_1_3' title="bbox 114 352 1868 408; baseline -0.005 -12"><span class='ocrx_word' id='word_1_20' title='bbox 114 356 163 396; x_wconf 91' lang='lat' dir='ltr'>ad</span> <span class='ocrx_word' id='word_1_21' title='bbox 202 369 402 396; x_wconf 91' lang='lat' dir='ltr'>summam</span> <span class='ocrx_word' id='word_1_22' title='bbox 445 355 692 408; x_wconf 69' lang='lat' dir='ltr'>pertinentia</span> <span class='ocrx_word' id='word_1_23' title='bbox 737 354 904 393; x_wconf 86' lang='lat' dir='ltr'>tenebit.</span> <span class='ocrx_word' id='word_1_24' title='bbox 959 354 1155 400; x_wconf 85' lang='lat' dir='ltr'>Quaesita</span> <span class='ocrx_word' id='word_1_25' title='bbox 1193 353 1301 391; x_wconf 86' lang='lat' dir='ltr'>euim</span> <span class='ocrx_word' id='word_1_26' title='bbox 1342 352 1469 390; x_wconf 73' lang='lat' dir='ltr'>virtus</span> <span class='ocrx_word' id='word_1_27' title='bbox 1513 356 1592 397; x_wconf 88' lang='lat' dir='ltr'>est,</span> <span class='ocrx_word' id='word_1_28' title='bbox 1640 363 1721 390; x_wconf 91' lang='lat' dir='ltr'>non</span> <span class='ocrx_word' id='word_1_29' title='bbox 1760 363 1868 403; x_wconf 89' lang='lat' dir='ltr'>quae</span> 
     </span>
     <span class='ocr_line' id='line_1_4' title="bbox 114 413 1868 472; baseline -0.004 -14"><span class='ocrx_word' id='word_1_30' title='bbox 114 419 369 472; x_wconf 82' lang='lat' dir='ltr'>relinqueret</span> <span class='ocrx_word' id='word_1_31' title='bbox 399 423 605 459; x_wconf 75' lang='lat' dir='ltr'>naturam,</span> <span class='ocrx_word' id='word_1_32' title='bbox 638 416 708 455; x_wconf 89' lang='lat' dir='ltr'>sed</span> <span class='ocrx_word' id='word_1_33' title='bbox 742 430 845 470; x_wconf 86' lang='lat' dir='ltr'>quae</span> <span class='ocrx_word' id='word_1_34' title='bbox 870 422 1064 454; x_wconf 83' lang='lat' dir='ltr'>tueretur.</span> <span class='ocrx_word' id='word_1_35' title='bbox 1117 417 1165 453; x_wconf 73' lang='lat' dir='ltr'>At</span> <span class='ocrx_word' id='word_1_36' title='bbox 1196 415 1285 460; x_wconf 91' lang='lat' dir='ltr'>illa,</span> <span class='ocrx_word' id='word_1_37' title='bbox 1321 421 1362 452; x_wconf 90' lang='lat' dir='ltr'>ut</span> <span class='ocrx_word' id='word_1_38' title='bbox 1387 413 1501 452; x_wconf 85' lang='lat' dir='ltr'>vobis</span> <span class='ocrx_word' id='word_1_39' title='bbox 1525 413 1678 465; x_wconf 86' lang='lat' dir='ltr'>placet,</span> <span class='ocrx_word' id='word_1_40' title='bbox 1710 418 1868 466; x_wconf 86' lang='lat' dir='ltr'>partem</span> 
     </span>
     <span class='ocr_line' id='line_1_5' title="bbox 114 474 1871 535; baseline -0.005 -15"><span class='ocrx_word' id='word_1_41' title='bbox 114 480 320 535; x_wconf 86' lang='lat' dir='ltr'>quandam</span> <span class='ocrx_word' id='word_1_42' title='bbox 353 486 515 525; x_wconf 89' lang='lat' dir='ltr'>tuetur,</span> <span class='ocrx_word' id='word_1_43' title='bbox 548 479 749 530; x_wconf 83' lang='lat' dir='ltr'>reliquam</span> <span class='ocrx_word' id='word_1_44' title='bbox 784 477 948 516; x_wconf 82' lang='lat' dir='ltr'>deserit.</span> <span class='ocrx_word' id='word_1_45' title='bbox 1001 480 1135 531; x_wconf 75' lang='lat' dir='ltr'>Atque</span> <span class='ocrx_word' id='word_1_46' title='bbox 1177 478 1263 529; x_wconf 87' lang='lat' dir='ltr'>ipsa</span> <span class='ocrx_word' id='word_1_47' title='bbox 1297 476 1500 516; x_wconf 81' lang='lat' dir='ltr'>institutio</span> <span class='ocrx_word' id='word_1_48' title='bbox 1534 476 1710 515; x_wconf 85' lang='lat' dir='ltr'>huminis</span> <span class='ocrx_word' id='word_1_49' title='bbox 1742 474 1776 514; x_wconf 87' lang='lat' dir='ltr'>si</span> <span class='ocrx_word' id='word_1_50' title='bbox 1809 474 1871 513; x_wconf 93' lang='lat' dir='ltr'>lo-</span> 
     </span>
     <span class='ocr_line' id='line_1_6' title="bbox 112 537 1900 596; baseline -0.005 -14"><span class='ocrx_word' id='word_1_51' title='bbox 112 548 329 596; x_wconf 90' lang='lat' dir='ltr'>queretur,</span> <span class='ocrx_word' id='word_1_52' title='bbox 369 543 447 580; x_wconf 91' lang='lat' dir='ltr'>hoc</span> <span class='ocrx_word' id='word_1_53' title='bbox 490 542 670 586; x_wconf 83' lang='lat' dir='ltr'>diceret,</span> <span class='ocrx_word' id='word_1_54' title='bbox 712 542 865 592; x_wconf 85' lang='lat' dir='ltr'>primos</span> <span class='ocrx_word' id='word_1_55' title='bbox 903 554 1000 578; x_wconf 83' lang='lat' dir='ltr'>suos</span> <span class='ocrx_word' id='word_1_56' title='bbox 1033 540 1150 592; x_wconf 86' lang='lat' dir='ltr'>quasi</span> <span class='ocrx_word' id='word_1_57' title='bbox 1183 545 1352 591; x_wconf 72' lang='lat' dir='ltr'>coeptus</span> <span class='ocrx_word' id='word_1_58' title='bbox 1384 538 1606 591; x_wconf 87' lang='lat' dir='ltr'>appetendi</span> <span class='ocrx_word' id='word_1_59' title='bbox 1639 537 1784 584; x_wconf 84' lang='lat' dir='ltr'>fuisse,</span> <span class='ocrx_word' id='word_1_60' title='bbox 1826 540 1900 575; x_wconf 84' lang='lat' dir='ltr'>ut5</span> 
     </span>
     <span class='ocr_line' id='line_1_7' title="bbox 112 598 1871 653; baseline -0.003 -10"><span class='ocrx_word' id='word_1_61' title='bbox 112 619 154 643; x_wconf 84' lang='lat' dir='ltr'>se</span> <span class='ocrx_word' id='word_1_62' title='bbox 187 609 448 643; x_wconf 69' lang='lat' dir='ltr'>conservaret</span> <span class='ocrx_word' id='word_1_63' title='bbox 481 604 521 642; x_wconf 92' lang='lat' dir='ltr'>in</span> <span class='ocrx_word' id='word_1_64' title='bbox 555 616 601 642; x_wconf 83' lang='lat' dir='ltr'>ea</span> <span class='ocrx_word' id='word_1_65' title='bbox 635 609 800 644; x_wconf 84' lang='lat' dir='ltr'>natura.</span> <span class='ocrx_word' id='word_1_66' title='bbox 833 602 873 640; x_wconf 93' lang='lat' dir='ltr'>iu</span> <span class='ocrx_word' id='word_1_67' title='bbox 908 616 987 653; x_wconf 85' lang='lat' dir='ltr'>qua</span> <span class='ocrx_word' id='word_1_68' title='bbox 1022 608 1134 640; x_wconf 83' lang='lat' dir='ltr'>ortus</span> <span class='ocrx_word' id='word_1_69' title='bbox 1168 607 1287 640; x_wconf 85' lang='lat' dir='ltr'>esset.</span> <span class='ocrx_word' id='word_1_70' title='bbox 1337 601 1525 640; x_wconf 73' lang='lat' dir='ltr'>Nondum</span> <span class='ocrx_word' id='word_1_71' title='bbox 1557 607 1694 639; x_wconf 82' lang='lat' dir='ltr'>autem</span> <span class='ocrx_word' id='word_1_72' title='bbox 1726 598 1871 651; x_wconf 83' lang='lat' dir='ltr'>expla-</span> 
     </span>
     <span class='ocr_line' id='line_1_8' title="bbox 110 660 1868 716; baseline -0.003 -13"><span class='ocrx_word' id='word_1_73' title='bbox 110 671 250 704; x_wconf 87' lang='lat' dir='ltr'>natum</span> <span class='ocrx_word' id='word_1_74' title='bbox 283 665 380 703; x_wconf 87' lang='lat' dir='ltr'>satis</span> <span class='ocrx_word' id='word_1_75' title='bbox 411 669 517 709; x_wconf 86' lang='lat' dir='ltr'>erat,</span> <span class='ocrx_word' id='word_1_76' title='bbox 557 664 658 716; x_wconf 87' lang='lat' dir='ltr'>quid</span> <span class='ocrx_word' id='word_1_77' title='bbox 693 663 870 702; x_wconf 86' lang='lat' dir='ltr'>maxime</span> <span class='ocrx_word' id='word_1_78' title='bbox 904 669 1049 700; x_wconf 87' lang='lat' dir='ltr'>natura</span> <span class='ocrx_word' id='word_1_79' title='bbox 1086 663 1231 707; x_wconf 71' lang='lat' dir='ltr'>vellet;</span> <span class='ocrx_word' id='word_1_80' title='bbox 1277 663 1521 714; x_wconf 68' lang='lat' dir='ltr'>explanetur</span> <span class='ocrx_word' id='word_1_81' title='bbox 1562 662 1696 713; x_wconf 74' lang='lat' dir='ltr'>igitur.</span> <span class='ocrx_word' id='word_1_82' title='bbox 1758 660 1868 708; x_wconf 85' lang='lat' dir='ltr'><strong>Quid</strong></span> 
     </span>
     <span class='ocr_line' id='line_1_9' title="bbox 110 724 1869 776; baseline -0.003 -11"><span class='ocrx_word' id='word_1_83' title='bbox 110 738 206 776; x_wconf 82' lang='lat' dir='ltr'>ergo</span> <span class='ocrx_word' id='word_1_84' title='bbox 237 725 348 764; x_wconf 91' lang='lat' dir='ltr'>aliud</span> <span class='ocrx_word' id='word_1_85' title='bbox 381 725 664 775; x_wconf 83' lang='lat' dir='ltr'>intellegetur,</span> <span class='ocrx_word' id='word_1_86' title='bbox 699 724 776 762; x_wconf 87' lang='lat' dir='ltr'>nisi</span> <span class='ocrx_word' id='word_1_87' title='bbox 813 725 870 762; x_wconf 93' lang='lat' dir='ltr'>uti</span> <span class='ocrx_word' id='word_1_88' title='bbox 905 738 1084 776; x_wconf 85' lang='lat' dir='ltr'>nequae</span> <span class='ocrx_word' id='word_1_89' title='bbox 1110 739 1200 776; x_wconf 77' lang='lat' dir='ltr'>pars</span> <span class='ocrx_word' id='word_1_90' title='bbox 1226 730 1394 763; x_wconf 87' lang='lat' dir='ltr'>naturae</span> <span class='ocrx_word' id='word_1_91' title='bbox 1419 724 1688 775; x_wconf 69' lang='lat' dir='ltr'>neglegatur?</span> <span class='ocrx_word' id='word_1_92' title='bbox 1723 724 1765 761; x_wconf 92' lang='lat' dir='ltr'>In</span> <span class='ocrx_word' id='word_1_93' title='bbox 1789 734 1869 774; x_wconf 88' lang='lat' dir='ltr'>qua</span> 
     </span>
     <span class='ocr_line' id='line_1_10' title="bbox 112 786 1870 838; baseline -0.002 -13"><span class='ocrx_word' id='word_1_94' title='bbox 112 788 143 826; x_wconf 87' lang='lat' dir='ltr'>si</span> <span class='ocrx_word' id='word_1_95' title='bbox 177 786 279 825; x_wconf 90' lang='lat' dir='ltr'>nihil</span> <span class='ocrx_word' id='word_1_96' title='bbox 312 792 373 825; x_wconf 87' lang='lat' dir='ltr'>est</span> <span class='ocrx_word' id='word_1_97' title='bbox 405 793 569 838; x_wconf 89' lang='lat' dir='ltr'>praeter</span> <span class='ocrx_word' id='word_1_98' title='bbox 601 787 827 831; x_wconf 78' lang='lat' dir='ltr'>rationem,</span> <span class='ocrx_word' id='word_1_99' title='bbox 870 786 920 824; x_wconf 88' lang='lat' dir='ltr'>sit</span> <span class='ocrx_word' id='word_1_100' title='bbox 955 788 992 825; x_wconf 92' lang='lat' dir='ltr'>in</span> <span class='ocrx_word' id='word_1_101' title='bbox 1028 800 1105 825; x_wconf 91' lang='lat' dir='ltr'>una</span> <span class='ocrx_word' id='word_1_102' title='bbox 1140 787 1289 825; x_wconf 72' lang='lat' dir='ltr'>virtute</span> <span class='ocrx_word' id='word_1_103' title='bbox 1323 787 1415 825; x_wconf 76' lang='lat' dir='ltr'>finis</span> <span class='ocrx_word' id='word_1_104' title='bbox 1446 786 1668 825; x_wconf 85' lang='lat' dir='ltr'>bonorum:</span> <span class='ocrx_word' id='word_1_105' title='bbox 1712 786 1774 823; x_wconf 85' lang='lat' dir='ltr'>sin</span> <span class='ocrx_word' id='word_1_106' title='bbox 1807 788 1870 823; x_wconf 86' lang='lat' dir='ltr'>est</span> 
     </span>
     <span class='ocr_line' id='line_1_11' title="bbox 111 848 1920 901; baseline -0.002 -14"><span class='ocrx_word' id='word_1_107' title='bbox 111 849 232 888; x_wconf 83' lang='lat' dir='ltr'>etiam</span> <span class='ocrx_word' id='word_1_108' title='bbox 265 861 432 901; x_wconf 88' lang='lat' dir='ltr'>corpus,</span> <span class='ocrx_word' id='word_1_109' title='bbox 474 849 551 887; x_wconf 89' lang='lat' dir='ltr'>ista</span> <span class='ocrx_word' id='word_1_110' title='bbox 584 848 822 900; x_wconf 78' lang='lat' dir='ltr'>explanatio</span> <span class='ocrx_word' id='word_1_111' title='bbox 857 853 1024 886; x_wconf 80' lang='lat' dir='ltr'>naturae</span> <span class='ocrx_word' id='word_1_112' title='bbox 1057 862 1206 901; x_wconf 88' lang='lat' dir='ltr'>nempe</span> <span class='ocrx_word' id='word_1_113' title='bbox 1238 849 1317 887; x_wconf 87' lang='lat' dir='ltr'>hoc</span> <span class='ocrx_word' id='word_1_114' title='bbox 1350 849 1555 894; x_wconf 76' lang='lat' dir='ltr'>effecerit,</span> <span class='ocrx_word' id='word_1_115' title='bbox 1588 855 1632 887; x_wconf 89' lang='lat' dir='ltr'>ut</span> <span class='ocrx_word' id='word_1_116' title='bbox 1662 861 1728 894; x_wconf 87' lang='lat' dir='ltr'>ea,</span> <span class='ocrx_word' id='word_1_117' title='bbox 1761 859 1868 900; x_wconf 90' lang='lat' dir='ltr'>quae</span> <span class='ocrx_word' id='word_1_118' title='bbox 1886 856 1920 884; x_wconf 68' lang='grc' dir='ltr'>ιο</span> 
     </span>
     <span class='ocr_line' id='line_1_12' title="bbox 108 910 1871 963; baseline -0.002 -13"><span class='ocrx_word' id='word_1_119' title='bbox 108 916 203 951; x_wconf 88' lang='lat' dir='ltr'>ante</span> <span class='ocrx_word' id='word_1_120' title='bbox 235 910 571 963; x_wconf 83' lang='lat' dir='ltr'>explanationem</span> <span class='ocrx_word' id='word_1_121' title='bbox 606 910 867 955; x_wconf 65' lang='lat' dir='ltr'>tenebamus,</span> <span class='ocrx_word' id='word_1_122' title='bbox 910 910 1204 963; x_wconf 83' lang='lat' dir='ltr'>relinquamus.</span> <span class='ocrx_word' id='word_1_123' title='bbox 1261 911 1370 961; x_wconf 70' lang='lat' dir='ltr'>Ergo</span> <span class='ocrx_word' id='word_1_124' title='bbox 1411 911 1449 949; x_wconf 90' lang='lat' dir='ltr'>id</span> <span class='ocrx_word' id='word_1_125' title='bbox 1483 917 1543 949; x_wconf 86' lang='lat' dir='ltr'>est</span> <span class='ocrx_word' id='word_1_126' title='bbox 1574 910 1871 949; x_wconf 77' lang='lat' dir='ltr'>convenienter</span> 
     </span>
     <span class='ocr_line' id='line_1_13' title="bbox 110 970 1868 1025; baseline -0.002 -13"><span class='ocrx_word' id='word_1_127' title='bbox 110 979 280 1012; x_wconf 87' lang='lat' dir='ltr'>naturae</span> <span class='ocrx_word' id='word_1_128' title='bbox 310 972 467 1018; x_wconf 72' lang='lat' dir='ltr'>vivere,</span> <span class='ocrx_word' id='word_1_129' title='bbox 510 986 531 1011; x_wconf 90' lang='lat' dir='ltr'>a</span> <span class='ocrx_word' id='word_1_130' title='bbox 565 978 710 1010; x_wconf 88' lang='lat' dir='ltr'>natura</span> <span class='ocrx_word' id='word_1_131' title='bbox 743 971 978 1011; x_wconf 81' lang='lat' dir='ltr'>discedere!</span> <span class='ocrx_word' id='word_1_132' title='bbox 1041 970 1106 1010; x_wconf 66' lang='lat'>4-2.</span> <span class='ocrx_word' id='word_1_133' title='bbox 1142 973 1188 1011; x_wconf 70' lang='lat' dir='ltr'>[t</span> <span class='ocrx_word' id='word_1_134' title='bbox 1218 973 1384 1025; x_wconf 89' lang='lat' dir='ltr'>quidam</span> <span class='ocrx_word' id='word_1_135' title='bbox 1420 972 1680 1025; x_wconf 83' lang='lat' dir='ltr'>philosophi,</span> <span class='ocrx_word' id='word_1_136' title='bbox 1723 984 1814 1009; x_wconf 90' lang='lat' dir='ltr'>cum</span> <span class='ocrx_word' id='word_1_137' title='bbox 1847 982 1868 1008; x_wconf 90' lang='lat' dir='ltr'>a</span> 
     </span>
     <span class='ocr_line' id='line_1_14' title="bbox 108 1034 1869 1087; baseline -0.001 -13"><span class='ocrx_word' id='word_1_138' title='bbox 108 1034 297 1074; x_wconf 79' lang='lat' dir='ltr'>sensibus</span> <span class='ocrx_word' id='word_1_139' title='bbox 330 1034 502 1087; x_wconf 82' lang='lat' dir='ltr'>profecti</span> <span class='ocrx_word' id='word_1_140' title='bbox 534 1034 689 1073; x_wconf 89' lang='lat' dir='ltr'>maiora</span> <span class='ocrx_word' id='word_1_141' title='bbox 721 1035 923 1087; x_wconf 77' lang='lat' dir='ltr'>quaedam</span> <span class='ocrx_word' id='word_1_142' title='bbox 957 1041 995 1073; x_wconf 89' lang='lat' dir='ltr'>et</span> <span class='ocrx_word' id='word_1_143' title='bbox 1028 1035 1230 1074; x_wconf 74' lang='lat' dir='ltr'>diviniora</span> <span class='ocrx_word' id='word_1_144' title='bbox 1259 1036 1479 1081; x_wconf 84' lang='lat' dir='ltr'>vidissent,</span> <span class='ocrx_word' id='word_1_145' title='bbox 1512 1047 1658 1073; x_wconf 85' lang='lat' dir='ltr'>sensus</span> <span class='ocrx_word' id='word_1_146' title='bbox 1691 1034 1869 1086; x_wconf 85' lang='lat' dir='ltr'>relique-</span> 
     </span>
     <span class='ocr_line' id='line_1_15' title="bbox 110 1096 1870 1149; baseline -0.002 -12"><span class='ocrx_word' id='word_1_147' title='bbox 110 1103 220 1144; x_wconf 88' lang='lat' dir='ltr'>runt,</span> <span class='ocrx_word' id='word_1_148' title='bbox 264 1097 320 1136; x_wconf 81' lang='lat' dir='ltr'>sic</span> <span class='ocrx_word' id='word_1_149' title='bbox 352 1097 440 1143; x_wconf 85' lang='lat' dir='ltr'>isti,</span> <span class='ocrx_word' id='word_1_150' title='bbox 482 1111 573 1136; x_wconf 80' lang='lat' dir='ltr'>eum</span> <span class='ocrx_word' id='word_1_151' title='bbox 605 1110 657 1134; x_wconf 89' lang='lat' dir='ltr'>ex</span> <span class='ocrx_word' id='word_1_152' title='bbox 689 1097 942 1149; x_wconf 83' lang='lat' dir='ltr'>appetitione</span> <span class='ocrx_word' id='word_1_153' title='bbox 978 1112 1111 1135; x_wconf 90' lang='lat' dir='ltr'>rerum</span> <span class='ocrx_word' id='word_1_154' title='bbox 1147 1098 1306 1136; x_wconf 72' lang='lat' dir='ltr'>virtutis</span> <span class='ocrx_word' id='word_1_155' title='bbox 1338 1097 1688 1149; x_wconf 89' lang='lat' dir='ltr'>pulchritudinem</span> <span class='ocrx_word' id='word_1_156' title='bbox 1721 1096 1870 1147; x_wconf 88' lang='lat' dir='ltr'>adspe-</span> 
     </span>
     <span class='ocr_line' id='line_1_16' title="bbox 109 1157 1919 1213; baseline -0.003 -14"><span class='ocrx_word' id='word_1_157' title='bbox 109 1161 284 1206; x_wconf 88' lang='lat' dir='ltr'>xissent‚</span> <span class='ocrx_word' id='word_1_158' title='bbox 319 1160 479 1205; x_wconf 87' lang='lat' dir='ltr'>omnia,</span> <span class='ocrx_word' id='word_1_159' title='bbox 512 1172 616 1213; x_wconf 76' lang='lat' dir='ltr'>quae,</span> <span class='ocrx_word' id='word_1_160' title='bbox 651 1166 812 1213; x_wconf 84' lang='lat' dir='ltr'>praeter</span> <span class='ocrx_word' id='word_1_161' title='bbox 836 1161 1027 1198; x_wconf 84' lang='lat' dir='ltr'>virtutem</span> <span class='ocrx_word' id='word_1_162' title='bbox 1062 1160 1191 1213; x_wconf 77' lang='lat' dir='ltr'>ipsam</span> <span class='ocrx_word' id='word_1_163' title='bbox 1220 1160 1427 1207; x_wconf 82' lang='lat' dir='ltr'>videraut,</span> <span class='ocrx_word' id='word_1_164' title='bbox 1460 1160 1719 1205; x_wconf 85' lang='lat' dir='ltr'>abiecerunt,</span> <span class='ocrx_word' id='word_1_165' title='bbox 1753 1157 1868 1197; x_wconf 87' lang='lat' dir='ltr'>obliti</span> <span class='ocrx_word' id='word_1_166' title='bbox 1888 1167 1919 1194; x_wconf 75' lang='lat'>¹5</span> 
     </span>
     <span class='ocr_line' id='line_1_17' title="bbox 107 1220 1868 1275; baseline -0.002 -12"><span class='ocrx_word' id='word_1_167' title='bbox 107 1229 294 1264; x_wconf 87' lang='lat' dir='ltr'>naturam</span> <span class='ocrx_word' id='word_1_168' title='bbox 340 1236 503 1261; x_wconf 84' lang='lat' dir='ltr'>omnem</span> <span class='ocrx_word' id='word_1_169' title='bbox 551 1222 877 1275; x_wconf 86' lang='lat' dir='ltr'>appetendarum</span> <span class='ocrx_word' id='word_1_170' title='bbox 919 1236 1053 1261; x_wconf 87' lang='lat' dir='ltr'>rerum</span> <span class='ocrx_word' id='word_1_171' title='bbox 1097 1223 1152 1261; x_wconf 87' lang='lat' dir='ltr'>ita</span> <span class='ocrx_word' id='word_1_172' title='bbox 1196 1222 1274 1260; x_wconf 85' lang='lat' dir='ltr'>late</span> <span class='ocrx_word' id='word_1_173' title='bbox 1313 1228 1475 1274; x_wconf 86' lang='lat' dir='ltr'>patere,</span> <span class='ocrx_word' id='word_1_174' title='bbox 1522 1227 1567 1261; x_wconf 85' lang='lat' dir='ltr'>ut</span> <span class='ocrx_word' id='word_1_175' title='bbox 1597 1235 1620 1260; x_wconf 87' lang='lat' dir='ltr'>a</span> <span class='ocrx_word' id='word_1_176' title='bbox 1652 1220 1868 1274; x_wconf 88' lang='lat' dir='ltr'>principiis</span> 
     </span>
     <span class='ocr_line' id='line_1_18' title="bbox 107 1283 1868 1340; baseline -0.002 -15"><span class='ocrx_word' id='word_1_177' title='bbox 107 1290 368 1340; x_wconf 82' lang='lat' dir='ltr'>permanaret</span> <span class='ocrx_word' id='word_1_178' title='bbox 408 1284 459 1323; x_wconf 86' lang='lat' dir='ltr'>ad</span> <span class='ocrx_word' id='word_1_179' title='bbox 503 1283 629 1330; x_wconf 82' lang='lat' dir='ltr'>lines,</span> <span class='ocrx_word' id='word_1_180' title='bbox 675 1298 809 1336; x_wconf 87' lang='lat' dir='ltr'>neque</span> <span class='ocrx_word' id='word_1_181' title='bbox 852 1284 1100 1334; x_wconf 73' lang='lat' dir='ltr'>intellegunt</span> <span class='ocrx_word' id='word_1_182' title='bbox 1145 1298 1187 1324; x_wconf 87' lang='lat' dir='ltr'>se</span> <span class='ocrx_word' id='word_1_183' title='bbox 1225 1298 1360 1323; x_wconf 89' lang='lat' dir='ltr'>rerum</span> <span class='ocrx_word' id='word_1_184' title='bbox 1401 1284 1564 1324; x_wconf 88' lang='lat' dir='ltr'>illarum</span> <span class='ocrx_word' id='word_1_185' title='bbox 1602 1284 1868 1337; x_wconf 84' lang='lat' dir='ltr'>pulchrarum</span> 
     </span>
     <span class='ocr_line' id='line_1_19' title="bbox 107 1346 1153 1402; baseline -0.002 -14"><span class='ocrx_word' id='word_1_186' title='bbox 107 1354 231 1402; x_wconf 87' lang='lat' dir='ltr'>atque</span> <span class='ocrx_word' id='word_1_187' title='bbox 263 1347 568 1386; x_wconf 84' lang='lat' dir='ltr'>admirabilium</span> <span class='ocrx_word' id='word_1_188' title='bbox 604 1346 873 1385; x_wconf 85' lang='lat' dir='ltr'>fundamenta</span> <span class='ocrx_word' id='word_1_189' title='bbox 907 1346 1153 1386; x_wconf 82' lang='lat' dir='ltr'>subducere.</span> 
     </span>
    </p>

    <p class='ocr_par' dir='ltr' id='par_1_3' title="bbox 106 1406 1956 2649">
     <span class='ocr_line' id='line_1_20' title="bbox 219 1406 1870 1462; baseline -0.002 -12"><span class='ocrx_word' id='word_1_190' title='bbox 219 1410 326 1450; x_wconf 81' lang='lat' dir='ltr'>XVI.</span> <span class='ocrx_word' id='word_1_191' title='bbox 358 1407 422 1447; x_wconf 66' lang='grc'>43.</span> <span class='ocrx_word' id='word_1_192' title='bbox 457 1410 599 1462; x_wconf 88' lang='lat' dir='ltr'>Itaque.</span> <span class='ocrx_word' id='word_1_193' title='bbox 633 1409 732 1448; x_wconf 89' lang='lat' dir='ltr'>mihi</span> <span class='ocrx_word' id='word_1_194' title='bbox 766 1409 958 1448; x_wconf 73' lang='lat' dir='ltr'>videntur</span> <span class='ocrx_word' id='word_1_195' title='bbox 989 1423 1134 1448; x_wconf 79' lang='lat' dir='ltr'>omues</span> <span class='ocrx_word' id='word_1_196' title='bbox 1165 1409 1330 1462; x_wconf 85' lang='lat' dir='ltr'>quidem</span> <span class='ocrx_word' id='word_1_197' title='bbox 1356 1410 1414 1449; x_wconf 92' lang='lat' dir='ltr'>illi</span> <span class='ocrx_word' id='word_1_198' title='bbox 1438 1423 1615 1456; x_wconf 85' lang='lat' dir='ltr'>errasse,</span> <span class='ocrx_word' id='word_1_199' title='bbox 1650 1409 1719 1462; x_wconf 92' lang='lat' dir='ltr'>qui</span> <span class='ocrx_word' id='word_1_200' title='bbox 1747 1406 1870 1447; x_wconf 83' lang='lat' dir='ltr'>linem</span> 
     </span>
     <span class='ocr_line' id='line_1_21' title="bbox 106 1470 1922 1524; baseline -0.003 -11"><span class='ocrx_word' id='word_1_201' title='bbox 106 1475 309 1514; x_wconf 88' lang='lat' dir='ltr'>bonorum</span> <span class='ocrx_word' id='word_1_202' title='bbox 351 1485 442 1511; x_wconf 85' lang='lat' dir='ltr'>esse</span> <span class='ocrx_word' id='word_1_203' title='bbox 481 1472 677 1511; x_wconf 84' lang='lat' dir='ltr'>dixerunt</span> <span class='ocrx_word' id='word_1_204' title='bbox 716 1471 889 1510; x_wconf 81' lang='lat' dir='ltr'>honeste</span> <span class='ocrx_word' id='word_1_205' title='bbox 926 1473 1084 1516; x_wconf 63' lang='lat' dir='ltr'>vivere,</span> <span class='ocrx_word' id='word_1_206' title='bbox 1130 1473 1200 1511; x_wconf 86' lang='lat' dir='ltr'>sed</span> <span class='ocrx_word' id='word_1_207' title='bbox 1242 1473 1347 1512; x_wconf 85' lang='lat' dir='ltr'>alius</span> <span class='ocrx_word' id='word_1_208' title='bbox 1389 1473 1471 1511; x_wconf 89' lang='lat' dir='ltr'>alio</span> <span class='ocrx_word' id='word_1_209' title='bbox 1512 1472 1664 1524; x_wconf 80' lang='lat' dir='ltr'>magis:</span> <span class='ocrx_word' id='word_1_210' title='bbox 1713 1470 1869 1524; x_wconf 77' lang='lat' dir='ltr'>Pyrrho</span> <span class='ocrx_word' id='word_1_211' title='bbox 1885 1479 1922 1507; x_wconf 73' lang='lat'>20</span> 
     </span>
     <span class='ocr_line' id='line_1_22' title="bbox 109 1532 1870 1587; baseline -0.003 -11"><span class='ocrx_word' id='word_1_212' title='bbox 109 1536 265 1576; x_wconf 85' lang='lat' dir='ltr'>seilicet</span> <span class='ocrx_word' id='word_1_213' title='bbox 307 1535 510 1580; x_wconf 82' lang='lat' dir='ltr'>maxime,</span> <span class='ocrx_word' id='word_1_214' title='bbox 552 1534 621 1586; x_wconf 89' lang='lat' dir='ltr'>qui</span> <span class='ocrx_word' id='word_1_215' title='bbox 660 1534 808 1573; x_wconf 73' lang='lat' dir='ltr'>virtute</span> <span class='ocrx_word' id='word_1_216' title='bbox 848 1535 1075 1573; x_wconf 81' lang='lat' dir='ltr'>constituta</span> <span class='ocrx_word' id='word_1_217' title='bbox 1107 1535 1209 1574; x_wconf 89' lang='lat' dir='ltr'>nihil</span> <span class='ocrx_word' id='word_1_218' title='bbox 1242 1535 1411 1573; x_wconf 82' lang='lat' dir='ltr'>omnino</span> <span class='ocrx_word' id='word_1_219' title='bbox 1444 1535 1553 1587; x_wconf 89' lang='lat' dir='ltr'>quod</span> <span class='ocrx_word' id='word_1_220' title='bbox 1587 1532 1870 1586; x_wconf 89' lang='lat' dir='ltr'>appetendum</span> 
     </span>
     <span class='ocr_line' id='line_1_23' title="bbox 108 1597 1871 1651; baseline -0.002 -13"><span class='ocrx_word' id='word_1_221' title='bbox 108 1600 157 1638; x_wconf 90' lang='lat' dir='ltr'>sit</span> <span class='ocrx_word' id='word_1_222' title='bbox 190 1598 417 1650; x_wconf 87' lang='lat' dir='ltr'>relinquat,</span> <span class='ocrx_word' id='word_1_223' title='bbox 461 1597 613 1636; x_wconf 89' lang='lat' dir='ltr'>deinde</span> <span class='ocrx_word' id='word_1_224' title='bbox 647 1597 800 1641; x_wconf 72' lang='lat' dir='ltr'>Aristo,</span> <span class='ocrx_word' id='word_1_225' title='bbox 841 1597 909 1650; x_wconf 88' lang='lat' dir='ltr'>qui</span> <span class='ocrx_word' id='word_1_226' title='bbox 948 1597 1049 1635; x_wconf 89' lang='lat' dir='ltr'>nihil</span> <span class='ocrx_word' id='word_1_227' title='bbox 1081 1598 1318 1651; x_wconf 83' lang='lat' dir='ltr'>relinquere</span> <span class='ocrx_word' id='word_1_228' title='bbox 1351 1611 1433 1636; x_wconf 88' lang='lat' dir='ltr'>non</span> <span class='ocrx_word' id='word_1_229' title='bbox 1466 1602 1525 1636; x_wconf 89' lang='lat' dir='ltr'>est</span> <span class='ocrx_word' id='word_1_230' title='bbox 1556 1610 1701 1643; x_wconf 87' lang='lat' dir='ltr'>ausus,</span> <span class='ocrx_word' id='word_1_231' title='bbox 1742 1597 1871 1635; x_wconf 88' lang='lat' dir='ltr'>iutro-</span> 
     </span>
     <span class='ocr_line' id='line_1_24' title="bbox 109 1659 1872 1713; baseline -0.002 -12"><span class='ocrx_word' id='word_1_232' title='bbox 109 1662 227 1701; x_wconf 85' lang='lat' dir='ltr'>duxit</span> <span class='ocrx_word' id='word_1_233' title='bbox 267 1667 426 1707; x_wconf 85' lang='lat' dir='ltr'>autem,</span> <span class='ocrx_word' id='word_1_234' title='bbox 465 1660 616 1712; x_wconf 84' lang='lat' dir='ltr'>quibus</span> <span class='ocrx_word' id='word_1_235' title='bbox 656 1664 885 1698; x_wconf 78' lang='lat' dir='ltr'>commotus</span> <span class='ocrx_word' id='word_1_236' title='bbox 927 1660 1092 1712; x_wconf 85' lang='lat' dir='ltr'>sapiens</span> <span class='ocrx_word' id='word_1_237' title='bbox 1124 1665 1339 1712; x_wconf 87' lang='lat' dir='ltr'>appeteret</span> <span class='ocrx_word' id='word_1_238' title='bbox 1369 1660 1547 1713; x_wconf 88' lang='lat' dir='ltr'>aliquid,</span> <span class='ocrx_word' id='word_1_239' title='bbox 1579 1659 1872 1712; x_wconf 88' lang='lat' dir='ltr'>quodcumque</span> 
     </span>
     <span class='ocr_line' id='line_1_25' title="bbox 108 1721 1873 1776; baseline -0.003 -12"><span class='ocrx_word' id='word_1_240' title='bbox 108 1725 149 1764; x_wconf 89' lang='lat' dir='ltr'>in</span> <span class='ocrx_word' id='word_1_241' title='bbox 184 1729 364 1763; x_wconf 86' lang='lat' dir='ltr'>mentem</span> <span class='ocrx_word' id='word_1_242' title='bbox 397 1722 601 1762; x_wconf 84' lang='lat' dir='ltr'>incideret</span> <span class='ocrx_word' id='word_1_243' title='bbox 632 1728 667 1761; x_wconf 87' lang='lat' dir='ltr'>et</span> <span class='ocrx_word' id='word_1_244' title='bbox 703 1722 993 1776; x_wconf 85' lang='lat' dir='ltr'>quodcumque</span> <span class='ocrx_word' id='word_1_245' title='bbox 1025 1730 1231 1776; x_wconf 86' lang='lat' dir='ltr'>tamquam</span> <span class='ocrx_word' id='word_1_246' title='bbox 1257 1729 1506 1762; x_wconf 80' lang='lat' dir='ltr'>occurreret.</span> <span class='ocrx_word' id='word_1_247' title='bbox 1557 1723 1594 1761; x_wconf 88' lang='lat' dir='ltr'>Is</span> <span class='ocrx_word' id='word_1_248' title='bbox 1622 1722 1701 1761; x_wconf 92' lang='lat' dir='ltr'>hoc</span> <span class='ocrx_word' id='word_1_249' title='bbox 1724 1721 1873 1760; x_wconf 90' lang='lat' dir='ltr'>melior</span> 
     </span>
     <span class='ocr_line' id='line_1_26' title="bbox 108 1784 1926 1840; baseline -0.003 -14"><span class='ocrx_word' id='word_1_250' title='bbox 108 1800 231 1840; x_wconf 88' lang='lat' dir='ltr'>quam</span> <span class='ocrx_word' id='word_1_251' title='bbox 271 1785 450 1838; x_wconf 74' lang='lat' dir='ltr'>Pyrrho,</span> <span class='ocrx_word' id='word_1_252' title='bbox 493 1785 603 1837; x_wconf 90' lang='lat' dir='ltr'>quod</span> <span class='ocrx_word' id='word_1_253' title='bbox 644 1784 813 1838; x_wconf 77' lang='lat' dir='ltr'>aliquod</span> <span class='ocrx_word' id='word_1_254' title='bbox 846 1799 977 1835; x_wconf 68' lang='lat' dir='ltr'>genus</span> <span class='ocrx_word' id='word_1_255' title='bbox 1009 1786 1233 1838; x_wconf 85' lang='lat' dir='ltr'>appetendi</span> <span class='ocrx_word' id='word_1_256' title='bbox 1267 1786 1396 1833; x_wconf 84' lang='lat' dir='ltr'>dedit,</span> <span class='ocrx_word' id='word_1_257' title='bbox 1437 1786 1622 1825; x_wconf 87' lang='lat' dir='ltr'>deterior</span> <span class='ocrx_word' id='word_1_258' title='bbox 1651 1798 1774 1838; x_wconf 85' lang='lat' dir='ltr'>quam</span> <span class='ocrx_word' id='word_1_259' title='bbox 1807 1797 1872 1823; x_wconf 90' lang='lat' dir='ltr'>ce·</span> <span class='ocrx_word' id='word_1_260' title='bbox 1891 1793 1926 1821; x_wconf 68' lang='lat'>25</span> 
     </span>
     <span class='ocr_line' id='line_1_27' title="bbox 110 1844 1872 1902; baseline -0.002 -13"><span class='ocrx_word' id='word_1_261' title='bbox 110 1850 204 1895; x_wconf 87' lang='lat' dir='ltr'>teri,</span> <span class='ocrx_word' id='word_1_262' title='bbox 236 1849 346 1902; x_wconf 85' lang='lat' dir='ltr'>quod</span> <span class='ocrx_word' id='word_1_263' title='bbox 378 1848 544 1900; x_wconf 87' lang='lat' dir='ltr'>penitus</span> <span class='ocrx_word' id='word_1_264' title='bbox 576 1861 598 1886; x_wconf 90' lang='lat' dir='ltr'>a</span> <span class='ocrx_word' id='word_1_265' title='bbox 631 1853 778 1886; x_wconf 88' lang='lat' dir='ltr'>natura</span> <span class='ocrx_word' id='word_1_266' title='bbox 809 1848 994 1886; x_wconf 82' lang='lat' dir='ltr'>recessit.</span> <span class='ocrx_word' id='word_1_267' title='bbox 1047 1849 1175 1887; x_wconf 71' lang='lat' dir='ltr'>Stoici</span> <span class='ocrx_word' id='word_1_268' title='bbox 1197 1854 1353 1895; x_wconf 88' lang='lat' dir='ltr'>autem,</span> <span class='ocrx_word' id='word_1_269' title='bbox 1387 1848 1497 1900; x_wconf 89' lang='lat' dir='ltr'>quod</span> <span class='ocrx_word' id='word_1_270' title='bbox 1520 1846 1643 1887; x_wconf 83' lang='lat' dir='ltr'>linem</span> <span class='ocrx_word' id='word_1_271' title='bbox 1668 1844 1872 1886; x_wconf 89' lang='lat' dir='ltr'>bonorum</span> 
     </span>
     <span class='ocr_line' id='line_1_28' title="bbox 107 1909 1872 1963; baseline -0.002 -13"><span class='ocrx_word' id='word_1_272' title='bbox 107 1912 147 1950; x_wconf 89' lang='lat' dir='ltr'>in</span> <span class='ocrx_word' id='word_1_273' title='bbox 194 1924 276 1950; x_wconf 87' lang='lat' dir='ltr'>una</span> <span class='ocrx_word' id='word_1_274' title='bbox 317 1910 468 1949; x_wconf 68' lang='lat' dir='ltr'>virtute</span> <span class='ocrx_word' id='word_1_275' title='bbox 514 1916 696 1962; x_wconf 85' lang='lat' dir='ltr'>ponunt,</span> <span class='ocrx_word' id='word_1_276' title='bbox 742 1910 897 1949; x_wconf 77' lang='lat' dir='ltr'>similes</span> <span class='ocrx_word' id='word_1_277' title='bbox 935 1917 1031 1949; x_wconf 88' lang='lat' dir='ltr'>sunt</span> <span class='ocrx_word' id='word_1_278' title='bbox 1070 1911 1257 1950; x_wconf 85' lang='lat' dir='ltr'>illorum:</span> <span class='ocrx_word' id='word_1_279' title='bbox 1302 1911 1413 1963; x_wconf 89' lang='lat' dir='ltr'>quod</span> <span class='ocrx_word' id='word_1_280' title='bbox 1453 1917 1589 1950; x_wconf 84' lang='lat' dir='ltr'>autem</span> <span class='ocrx_word' id='word_1_281' title='bbox 1622 1909 1872 1962; x_wconf 85' lang='lat' dir='ltr'>principium</span> 
     </span>
     <span class='ocr_line' id='line_1_29' title="bbox 107 1970 1873 2026; baseline -0.002 -14"><span class='ocrx_word' id='word_1_282' title='bbox 107 1972 232 2013; x_wconf 86' lang='lat' dir='ltr'>oflicii</span> <span class='ocrx_word' id='word_1_283' title='bbox 264 1980 487 2026; x_wconf 85' lang='lat' dir='ltr'>quaerunt,</span> <span class='ocrx_word' id='word_1_284' title='bbox 527 1973 673 2011; x_wconf 81' lang='lat' dir='ltr'>melius</span> <span class='ocrx_word' id='word_1_285' title='bbox 706 1986 829 2025; x_wconf 89' lang='lat' dir='ltr'>quam</span> <span class='ocrx_word' id='word_1_286' title='bbox 864 1972 1038 2025; x_wconf 57' lang='lat' dir='ltr'>Pyrrho,</span> <span class='ocrx_word' id='word_1_287' title='bbox 1071 1973 1180 2026; x_wconf 87' lang='lat' dir='ltr'>quod</span> <span class='ocrx_word' id='word_1_288' title='bbox 1214 1987 1261 2012; x_wconf 89' lang='lat' dir='ltr'>ea</span> <span class='ocrx_word' id='word_1_289' title='bbox 1292 1986 1374 2012; x_wconf 89' lang='lat' dir='ltr'>non</span> <span class='ocrx_word' id='word_1_290' title='bbox 1410 1973 1670 2012; x_wconf 83' lang='lat' dir='ltr'>occurrentia</span> <span class='ocrx_word' id='word_1_291' title='bbox 1701 1970 1873 2023; x_wconf 85' lang='lat' dir='ltr'>lingunt,</span> 
     </span>
     <span class='ocr_line' id='line_1_30' title="bbox 107 2033 1875 2088; baseline -0.003 -12"><span class='ocrx_word' id='word_1_292' title='bbox 107 2038 277 2077; x_wconf 78' lang='lat' dir='ltr'>vincunt</span> <span class='ocrx_word' id='word_1_293' title='bbox 320 2036 584 2074; x_wconf 82' lang='lat' dir='ltr'>Aristonem:</span> <span class='ocrx_word' id='word_1_294' title='bbox 625 2036 735 2087; x_wconf 91' lang='lat' dir='ltr'>quod</span> <span class='ocrx_word' id='word_1_295' title='bbox 769 2040 906 2073; x_wconf 84' lang='lat' dir='ltr'>autem</span> <span class='ocrx_word' id='word_1_296' title='bbox 941 2049 1007 2081; x_wconf 85' lang='lat' dir='ltr'>ea,</span> <span class='ocrx_word' id='word_1_297' title='bbox 1050 2049 1154 2088; x_wconf 79' lang='lat' dir='ltr'>quae</span> <span class='ocrx_word' id='word_1_298' title='bbox 1187 2035 1236 2074; x_wconf 91' lang='lat' dir='ltr'>ad</span> <span class='ocrx_word' id='word_1_299' title='bbox 1271 2041 1457 2074; x_wconf 84' lang='lat' dir='ltr'>naturam</span> <span class='ocrx_word' id='word_1_300' title='bbox 1489 2033 1802 2075; x_wconf 87' lang='lat' dir='ltr'>accommodata</span> <span class='ocrx_word' id='word_1_301' title='bbox 1834 2037 1875 2072; x_wconf 86' lang='lat' dir='ltr'>et</span> 
     </span>
     <span class='ocr_line' id='line_1_31' title="bbox 109 2095 1956 2153; baseline -0.002 -15"><span class='ocrx_word' id='word_1_302' title='bbox 109 2113 179 2153; x_wconf 87' lang='lat' dir='ltr'>per</span> <span class='ocrx_word' id='word_1_303' title='bbox 221 2112 263 2137; x_wconf 87' lang='lat' dir='ltr'>se</span> <span class='ocrx_word' id='word_1_304' title='bbox 305 2098 555 2136; x_wconf 84' lang='lat' dir='ltr'>assumenda</span> <span class='ocrx_word' id='word_1_305' title='bbox 598 2110 688 2135; x_wconf 85' lang='lat' dir='ltr'>esse</span> <span class='ocrx_word' id='word_1_306' title='bbox 727 2097 888 2142; x_wconf 79' lang='lat' dir='ltr'>dieunt,</span> <span class='ocrx_word' id='word_1_307' title='bbox 929 2112 1010 2135; x_wconf 78' lang='lat' dir='ltr'>non</span> <span class='ocrx_word' id='word_1_308' title='bbox 1044 2098 1276 2149; x_wconf 76' lang='lat' dir='ltr'>adiungunt</span> <span class='ocrx_word' id='word_1_309' title='bbox 1307 2098 1355 2136; x_wconf 91' lang='lat' dir='ltr'>ad</span> <span class='ocrx_word' id='word_1_310' title='bbox 1391 2096 1513 2136; x_wconf 85' lang='lat' dir='ltr'>linem</span> <span class='ocrx_word' id='word_1_311' title='bbox 1544 2097 1770 2143; x_wconf 85' lang='lat' dir='ltr'>bonorum,</span> <span class='ocrx_word' id='word_1_312' title='bbox 1802 2095 1923 2134; x_wconf 89' lang='lat' dir='ltr'>de-30</span> <span class='ocrx_word' id='word_1_313' title='bbox 1952 2108 1956 2115; x_wconf 83' lang='lat'><strong><em>¹</em></strong></span> 
     </span>
     <span class='ocr_line' id='line_1_32' title="bbox 108 2157 1872 2211; baseline -0.003 -9"><span class='ocrx_word' id='word_1_314' title='bbox 108 2163 287 2202; x_wconf 86' lang='lat' dir='ltr'>sciscunt</span> <span class='ocrx_word' id='word_1_315' title='bbox 319 2173 339 2198; x_wconf 90' lang='lat' dir='ltr'>a</span> <span class='ocrx_word' id='word_1_316' title='bbox 372 2166 518 2198; x_wconf 87' lang='lat' dir='ltr'>natura</span> <span class='ocrx_word' id='word_1_317' title='bbox 560 2165 601 2198; x_wconf 87' lang='lat' dir='ltr'>et</span> <span class='ocrx_word' id='word_1_318' title='bbox 643 2160 824 2211; x_wconf 89' lang='lat' dir='ltr'>quodam</span> <span class='ocrx_word' id='word_1_319' title='bbox 870 2160 992 2198; x_wconf 89' lang='lat' dir='ltr'>modo</span> <span class='ocrx_word' id='word_1_320' title='bbox 1026 2166 1121 2198; x_wconf 86' lang='lat' dir='ltr'>suut</span> <span class='ocrx_word' id='word_1_321' title='bbox 1154 2173 1238 2198; x_wconf 86' lang='lat' dir='ltr'>nou</span> <span class='ocrx_word' id='word_1_322' title='bbox 1271 2160 1495 2199; x_wconf 78' lang='lat' dir='ltr'>dissimiles</span> <span class='ocrx_word' id='word_1_323' title='bbox 1527 2159 1747 2199; x_wconf 77' lang='lat' dir='ltr'>Aristonis.</span> <span class='ocrx_word' id='word_1_324' title='bbox 1797 2157 1872 2197; x_wconf 90' lang='lat' dir='ltr'>Ille</span> 
     </span>
     <span class='ocr_line' id='line_1_33' title="bbox 109 2222 1873 2274; baseline -0.001 -10"><span class='ocrx_word' id='word_1_325' title='bbox 109 2225 218 2264; x_wconf 88' lang='lat' dir='ltr'>enim</span> <span class='ocrx_word' id='word_1_326' title='bbox 264 2223 521 2262; x_wconf 82' lang='lat' dir='ltr'>occurrentia</span> <span class='ocrx_word' id='word_1_327' title='bbox 563 2223 707 2261; x_wconf 88' lang='lat' dir='ltr'>nescio</span> <span class='ocrx_word' id='word_1_328' title='bbox 753 2236 857 2274; x_wconf 91' lang='lat' dir='ltr'>quae</span> <span class='ocrx_word' id='word_1_329' title='bbox 900 2222 1309 2262; x_wconf 74' lang='lat' dir='ltr'>comminiscebatur:</span> <span class='ocrx_word' id='word_1_330' title='bbox 1353 2222 1395 2261; x_wconf 89' lang='lat' dir='ltr'>hi</span> <span class='ocrx_word' id='word_1_331' title='bbox 1435 2228 1573 2261; x_wconf 86' lang='lat' dir='ltr'>autem</span> <span class='ocrx_word' id='word_1_332' title='bbox 1612 2227 1775 2274; x_wconf 90' lang='lat' dir='ltr'>ponunt</span> <span class='ocrx_word' id='word_1_333' title='bbox 1810 2222 1873 2262; x_wconf 91' lang='lat' dir='ltr'>illi</span> 
     </span>
     <span class='ocr_line' id='line_1_34' title="bbox 109 2284 1872 2340; baseline -0.001 -15"><span class='ocrx_word' id='word_1_334' title='bbox 109 2286 274 2340; x_wconf 88' lang='lat' dir='ltr'>quidem</span> <span class='ocrx_word' id='word_1_335' title='bbox 315 2285 449 2338; x_wconf 85' lang='lat' dir='ltr'>prima</span> <span class='ocrx_word' id='word_1_336' title='bbox 480 2290 669 2330; x_wconf 83' lang='lat' dir='ltr'>naturae,</span> <span class='ocrx_word' id='word_1_337' title='bbox 713 2284 785 2323; x_wconf 83' lang='lat' dir='ltr'>sed</span> <span class='ocrx_word' id='word_1_338' title='bbox 820 2298 865 2324; x_wconf 82' lang='lat' dir='ltr'>ea</span> <span class='ocrx_word' id='word_1_339' title='bbox 898 2285 1121 2337; x_wconf 85' lang='lat' dir='ltr'>seiungunt</span> <span class='ocrx_word' id='word_1_340' title='bbox 1153 2298 1174 2323; x_wconf 88' lang='lat' dir='ltr'>a</span> <span class='ocrx_word' id='word_1_341' title='bbox 1208 2284 1357 2324; x_wconf 86' lang='lat' dir='ltr'>linibus</span> <span class='ocrx_word' id='word_1_342' title='bbox 1391 2291 1431 2324; x_wconf 86' lang='lat' dir='ltr'>et</span> <span class='ocrx_word' id='word_1_343' title='bbox 1462 2298 1622 2324; x_wconf 88' lang='lat' dir='ltr'>summa</span> <span class='ocrx_word' id='word_1_344' title='bbox 1653 2285 1872 2325; x_wconf 90' lang='lat' dir='ltr'>bonorum.</span> 
     </span>
     <span class='ocr_line' id='line_1_35' title="bbox 110 2346 1874 2400; baseline -0.001 -13"><span class='ocrx_word' id='word_1_345' title='bbox 110 2349 226 2397; x_wconf 87' lang='lat' dir='ltr'>Quae</span> <span class='ocrx_word' id='word_1_346' title='bbox 258 2362 349 2387; x_wconf 87' lang='lat' dir='ltr'>cum</span> <span class='ocrx_word' id='word_1_347' title='bbox 380 2353 662 2400; x_wconf 88' lang='lat' dir='ltr'>praeponunt,</span> <span class='ocrx_word' id='word_1_348' title='bbox 706 2352 749 2386; x_wconf 88' lang='lat' dir='ltr'>ut</span> <span class='ocrx_word' id='word_1_349' title='bbox 789 2348 841 2386; x_wconf 86' lang='lat' dir='ltr'>sit</span> <span class='ocrx_word' id='word_1_350' title='bbox 881 2347 1024 2400; x_wconf 86' lang='lat' dir='ltr'>aliqua</span> <span class='ocrx_word' id='word_1_351' title='bbox 1056 2361 1191 2386; x_wconf 84' lang='lat' dir='ltr'>rerum</span> <span class='ocrx_word' id='word_1_352' title='bbox 1226 2348 1417 2394; x_wconf 86' lang='lat' dir='ltr'>selectio,</span> <span class='ocrx_word' id='word_1_353' title='bbox 1458 2353 1645 2386; x_wconf 87' lang='lat' dir='ltr'>naturam</span> <span class='ocrx_word' id='word_1_354' title='bbox 1677 2346 1874 2386; x_wconf 81' lang='lat' dir='ltr'>videntur</span> 
     </span>
     <span class='ocr_line' id='line_1_36' title="bbox 109 2409 1922 2464; baseline -0.002 -14"><span class='ocrx_word' id='word_1_355' title='bbox 109 2411 248 2464; x_wconf 90' lang='lat' dir='ltr'>sequi:</span> <span class='ocrx_word' id='word_1_356' title='bbox 282 2423 374 2449; x_wconf 88' lang='lat' dir='ltr'>cum</span> <span class='ocrx_word' id='word_1_357' title='bbox 408 2416 548 2449; x_wconf 86' lang='lat' dir='ltr'>autem</span> <span class='ocrx_word' id='word_1_358' title='bbox 581 2416 729 2462; x_wconf 85' lang='lat' dir='ltr'>negant</span> <span class='ocrx_word' id='word_1_359' title='bbox 762 2424 808 2448; x_wconf 87' lang='lat' dir='ltr'>ea</span> <span class='ocrx_word' id='word_1_360' title='bbox 841 2411 1062 2462; x_wconf 85' lang='lat' dir='ltr'>quicquam</span> <span class='ocrx_word' id='word_1_361' title='bbox 1096 2409 1146 2448; x_wconf 88' lang='lat' dir='ltr'>ad</span> <span class='ocrx_word' id='word_1_362' title='bbox 1179 2410 1341 2449; x_wconf 83' lang='lat' dir='ltr'>beatam</span> <span class='ocrx_word' id='word_1_363' title='bbox 1373 2410 1497 2448; x_wconf 66' lang='lat' dir='ltr'>vitam</span> <span class='ocrx_word' id='word_1_364' title='bbox 1530 2409 1752 2461; x_wconf 84' lang='lat' dir='ltr'>pertinere,</span> <span class='ocrx_word' id='word_1_365' title='bbox 1782 2416 1922 2447; x_wconf 85' lang='lat' dir='ltr'>rur-35</span> 
     </span>
     <span class='ocr_line' id='line_1_37' title="bbox 112 2469 1871 2524; baseline -0.002 -12"><span class='ocrx_word' id='word_1_366' title='bbox 112 2487 181 2513; x_wconf 85' lang='lat' dir='ltr'>sus</span> <span class='ocrx_word' id='word_1_367' title='bbox 213 2478 403 2512; x_wconf 84' lang='lat' dir='ltr'>naturam</span> <span class='ocrx_word' id='word_1_368' title='bbox 436 2473 689 2524; x_wconf 86' lang='lat' dir='ltr'>relinquunt.</span> <span class='ocrx_word' id='word_1_369' title='bbox 750 2469 817 2510; x_wconf 61' lang='lat'>44„</span> <span class='ocrx_word' id='word_1_370' title='bbox 851 2474 985 2523; x_wconf 77' lang='lat' dir='ltr'>Atque</span> <span class='ocrx_word' id='word_1_371' title='bbox 1018 2472 1150 2510; x_wconf 88' lang='lat' dir='ltr'>adhuc</span> <span class='ocrx_word' id='word_1_372' title='bbox 1182 2486 1230 2510; x_wconf 81' lang='lat' dir='ltr'>ea</span> <span class='ocrx_word' id='word_1_373' title='bbox 1263 2471 1367 2517; x_wconf 72' lang='lat' dir='ltr'>dixi,</span> <span class='ocrx_word' id='word_1_374' title='bbox 1405 2484 1569 2511; x_wconf 87' lang='lat' dir='ltr'>causam</span> <span class='ocrx_word' id='word_1_375' title='bbox 1602 2470 1756 2509; x_wconf 88' lang='lat' dir='ltr'>Zenoni</span> <span class='ocrx_word' id='word_1_376' title='bbox 1788 2483 1871 2509; x_wconf 91' lang='lat' dir='ltr'>non</span> 
     </span>
     <span class='ocr_line' id='line_1_38' title="bbox 108 2532 1873 2588; baseline -0.002 -14"><span class='ocrx_word' id='word_1_377' title='bbox 108 2534 254 2582; x_wconf 85' lang='lat' dir='ltr'>fuisse,</span> <span class='ocrx_word' id='word_1_378' title='bbox 287 2548 409 2588; x_wconf 85' lang='lat' dir='ltr'>quam</span> <span class='ocrx_word' id='word_1_379' title='bbox 443 2534 494 2573; x_wconf 89' lang='lat' dir='ltr'>ob</span> <span class='ocrx_word' id='word_1_380' title='bbox 526 2547 611 2572; x_wconf 83' lang='lat' dir='ltr'>rem</span> <span class='ocrx_word' id='word_1_381' title='bbox 644 2547 666 2572; x_wconf 91' lang='lat' dir='ltr'>a</span> <span class='ocrx_word' id='word_1_382' title='bbox 699 2534 961 2586; x_wconf 80' lang='lat' dir='ltr'>superiorum</span> <span class='ocrx_word' id='word_1_383' title='bbox 994 2534 1238 2573; x_wconf 82' lang='lat' dir='ltr'>auctoritate</span> <span class='ocrx_word' id='word_1_384' title='bbox 1272 2533 1526 2573; x_wconf 83' lang='lat' dir='ltr'>discederet:</span> <span class='ocrx_word' id='word_1_385' title='bbox 1565 2546 1677 2571; x_wconf 85' lang='lat' dir='ltr'>nunc</span> <span class='ocrx_word' id='word_1_386' title='bbox 1709 2532 1873 2585; x_wconf 89' lang='lat' dir='ltr'>reliqua</span> 
     </span>
     <span class='ocr_line' id='line_1_39' title="bbox 109 2594 1872 2649; baseline -0.001 -14"><span class='ocrx_word' id='word_1_387' title='bbox 109 2597 344 2644; x_wconf 88' lang='lat' dir='ltr'>videamus,</span> <span class='ocrx_word' id='word_1_388' title='bbox 388 2597 466 2636; x_wconf 88' lang='lat' dir='ltr'>nisi</span> <span class='ocrx_word' id='word_1_389' title='bbox 498 2602 569 2636; x_wconf 85' lang='lat' dir='ltr'>aut</span> <span class='ocrx_word' id='word_1_390' title='bbox 599 2596 648 2635; x_wconf 91' lang='lat' dir='ltr'>ad</span> <span class='ocrx_word' id='word_1_391' title='bbox 681 2596 806 2643; x_wconf 87' lang='lat' dir='ltr'>haee,</span> <span class='ocrx_word' id='word_1_392' title='bbox 847 2596 965 2642; x_wconf 84' lang='lat' dir='ltr'>Cato,</span> <span class='ocrx_word' id='word_1_393' title='bbox 1009 2596 1147 2634; x_wconf 85' lang='lat' dir='ltr'>dicere</span> <span class='ocrx_word' id='word_1_394' title='bbox 1179 2596 1337 2649; x_wconf 88' lang='lat' dir='ltr'>aliquid</span> <span class='ocrx_word' id='word_1_395' title='bbox 1371 2597 1432 2635; x_wconf 78' lang='lat' dir='ltr'>vis</span> <span class='ocrx_word' id='word_1_396' title='bbox 1464 2601 1534 2635; x_wconf 86' lang='lat' dir='ltr'>aut</span> <span class='ocrx_word' id='word_1_397' title='bbox 1564 2609 1638 2635; x_wconf 91' lang='lat' dir='ltr'>nos</span> <span class='ocrx_word' id='word_1_398' title='bbox 1670 2594 1750 2634; x_wconf 87' lang='lat' dir='ltr'>iam</span> <span class='ocrx_word' id='word_1_399' title='bbox 1782 2594 1872 2633; x_wconf 90' lang='lat' dir='ltr'>lon-</span> 
     </span>
    </p>
   </div>
   <div class='ocr_carea' id='block_1_3' title="bbox 920 2707 1472 2713">
    <p class='ocr_par' dir='ltr' id='par_1_4' title="bbox 920 2707 1472 2713">
     <span class='ocr_line' id='line_1_40' title="bbox 920 2707 1472 2713; baseline 0 0"><span class='ocrx_word' id='word_1_400' title='bbox 920 2707 1472 2713; x_wconf 95' lang='lat' dir='ltr'> </span> 
     </span>
    </p>
   </div>
   <div class='ocr_carea' id='block_1_4' title="bbox 108 2786 1872 3221">
    <p class='ocr_par' dir='ltr' id='par_1_5' title="bbox 108 2786 1872 3221">
     <span class='ocr_line' id='line_1_41' title="bbox 195 2786 1867 2826; baseline -0.001 -9"><span class='ocrx_word' id='word_1_401' title='bbox 195 2788 224 2818; x_wconf 77' lang='grc'>4.</span> <span class='ocrx_word' id='word_1_402' title='bbox 250 2788 345 2817; x_wconf 83' lang='lat' dir='ltr'>modo</span> <span class='ocrx_word' id='word_1_403' title='bbox 375 2796 444 2818; x_wconf 87' lang='lat' dir='ltr'>om.</span> <span class='ocrx_word' id='word_1_404' title='bbox 471 2788 495 2818; x_wconf 90' lang='lat' dir='ltr'>B</span> <span class='ocrx_word' id='word_1_405' title='bbox 523 2788 599 2826; x_wconf 89' lang='lat' dir='ltr'>(non</span> <span class='ocrx_word' id='word_1_406' title='bbox 626 2787 663 2825; x_wconf 74' lang='lat' dir='ltr'>E)</span> <span class='ocrx_word' id='word_1_407' title='bbox 696 2805 729 2808; x_wconf 96' lang='lat'><strong>—</strong></span> <span class='ocrx_word' id='word_1_408' title='bbox 762 2791 835 2817; x_wconf 70' lang='lat' dir='ltr'>sunl</span> <span class='ocrx_word' id='word_1_409' title='bbox 870 2788 1060 2818; x_wconf 79' lang='lat' dir='ltr'>Manutius:</span> <span class='ocrx_word' id='word_1_410' title='bbox 1093 2796 1125 2816; x_wconf 69' lang='lat' dir='ltr'>se</span> <span class='ocrx_word' id='word_1_411' title='bbox 1148 2788 1190 2817; x_wconf 73' lang='lat'>13:</span> <span class='ocrx_word' id='word_1_412' title='bbox 1223 2787 1286 2817; x_wconf 59' lang='lat' dir='ltr'>§inl</span> <span class='ocrx_word' id='word_1_413' title='bbox 1311 2787 1334 2817; x_wconf 89' lang='lat' dir='ltr'>O</span> <span class='ocrx_word' id='word_1_414' title='bbox 1363 2804 1395 2807; x_wconf 97' lang='lat'><strong>—</strong></span> <span class='ocrx_word' id='word_1_415' title='bbox 1433 2787 1462 2816; x_wconf 72' lang='grc' dir='ltr'>Ξ.</span> <span class='ocrx_word' id='word_1_416' title='bbox 1488 2795 1650 2817; x_wconf 76' lang='lat' dir='ltr'>sznnmam</span> <span class='ocrx_word' id='word_1_417' title='bbox 1675 2786 1867 2817; x_wconf 78' lang='lat' dir='ltr'>Manutius:</span> 
     </span>
     <span class='ocr_line' id='line_1_42' title="bbox 109 2836 1866 2875; baseline 0 -9"><span class='ocrx_word' id='word_1_418' title='bbox 109 2845 269 2867; x_wconf 79' lang='lat' dir='ltr'>summum</span> <span class='ocrx_word' id='word_1_419' title='bbox 293 2836 395 2867; x_wconf 85' lang='lat' dir='ltr'>codd.</span> <span class='ocrx_word' id='word_1_420' title='bbox 431 2855 459 2859; x_wconf 97' lang='lat'>—</span> <span class='ocrx_word' id='word_1_421' title='bbox 493 2837 523 2867; x_wconf 86' lang='lat'>3.</span> <span class='ocrx_word' id='word_1_422' title='bbox 552 2837 769 2875; x_wconf 70' lang='lat' dir='ltr'>relinquerem</span> <span class='ocrx_word' id='word_1_423' title='bbox 794 2837 817 2867; x_wconf 82' lang='lat' dir='ltr'>B</span> <span class='ocrx_word' id='word_1_424' title='bbox 835 2837 856 2867; x_wconf 69' lang='lat' dir='ltr'>ti</span> <span class='ocrx_word' id='word_1_425' title='bbox 884 2854 917 2858; x_wconf 79' lang='lat'>—</span> <span class='ocrx_word' id='word_1_426' title='bbox 954 2837 972 2868; x_wconf 63' lang='grc'>4</span> <span class='ocrx_word' id='word_1_427' title='bbox 1011 2838 1148 2867; x_wconf 67' lang='lat' dir='ltr'>hominis</span> <span class='ocrx_word' id='word_1_428' title='bbox 1173 2838 1329 2867; x_wconf 48' lang='lat' dir='ltr'>ins-filulis&gt;</span> <span class='ocrx_word' id='word_1_429' title='bbox 1356 2837 1376 2866; x_wconf 72' lang='lat' dir='ltr'>l}</span> <span class='ocrx_word' id='word_1_430' title='bbox 1406 2852 1439 2858; x_wconf 89' lang='lat'>—</span> <span class='ocrx_word' id='word_1_431' title='bbox 1467 2837 1498 2866; x_wconf 69' lang='grc' dir='ltr'>ὅ.</span> <span class='ocrx_word' id='word_1_432' title='bbox 1524 2837 1583 2866; x_wconf 83' lang='lat' dir='ltr'>hoc</span> <span class='ocrx_word' id='word_1_433' title='bbox 1607 2836 1649 2867; x_wconf 85' lang='lat' dir='ltr'>B:</span> <span class='ocrx_word' id='word_1_434' title='bbox 1677 2836 1755 2867; x_wconf 78' lang='lat' dir='ltr'>haec</span> <span class='ocrx_word' id='word_1_435' title='bbox 1779 2836 1804 2866; x_wconf 92' lang='lat' dir='ltr'>O</span> <span class='ocrx_word' id='word_1_436' title='bbox 1831 2851 1866 2857; x_wconf 92' lang='lat'>—</span> 
     </span>
     <span class='ocr_line' id='line_1_43' title="bbox 111 2886 1872 2926; baseline 0.001 -11"><span class='ocrx_word' id='word_1_437' title='bbox 111 2886 212 2926; x_wconf 81' lang='lat' dir='ltr'>quasi]</span> <span class='ocrx_word' id='word_1_438' title='bbox 238 2894 320 2924; x_wconf 78' lang='lat' dir='ltr'>quas</span> <span class='ocrx_word' id='word_1_439' title='bbox 343 2887 366 2917; x_wconf 87' lang='lat' dir='ltr'>B</span> <span class='ocrx_word' id='word_1_440' title='bbox 383 2887 406 2917; x_wconf 89' lang='lat' dir='ltr'>E</span> <span class='ocrx_word' id='word_1_441' title='bbox 434 2904 467 2908; x_wconf 91' lang='lat'>—</span> <span class='ocrx_word' id='word_1_442' title='bbox 495 2887 525 2917; x_wconf 84' lang='lat'>8.</span> <span class='ocrx_word' id='word_1_443' title='bbox 552 2887 642 2925; x_wconf 63' lang='lat' dir='ltr'>ergo]</span> <span class='ocrx_word' id='word_1_444' title='bbox 667 2887 768 2925; x_wconf 59' lang='lat' dir='ltr'>issilm·</span> <span class='ocrx_word' id='word_1_445' title='bbox 794 2888 817 2917; x_wconf 80' lang='lat' dir='ltr'>D</span> <span class='ocrx_word' id='word_1_446' title='bbox 848 2904 879 2908; x_wconf 39' lang='grc' dir='ltr'><strong>ψ</strong></span> <span class='ocrx_word' id='word_1_447' title='bbox 910 2887 1142 2926; x_wconf 56' lang='lat' dir='ltr'>§molliam-mm·</span> <span class='ocrx_word' id='word_1_448' title='bbox 1167 2888 1188 2917; x_wconf 78' lang='lat' dir='ltr'>P,</span> <span class='ocrx_word' id='word_1_449' title='bbox 1205 2888 1230 2917; x_wconf 87' lang='grc' dir='ltr'>Ι)</span> <span class='ocrx_word' id='word_1_450' title='bbox 1260 2905 1293 2908; x_wconf 94' lang='grc'>-</span> <span class='ocrx_word' id='word_1_451' title='bbox 1322 2887 1367 2915; x_wconf 82' lang='lat' dir='ltr'>uli</span> <span class='ocrx_word' id='word_1_452' title='bbox 1393 2895 1429 2916; x_wconf 78' lang='lat' dir='ltr'>ne</span> <span class='ocrx_word' id='word_1_453' title='bbox 1454 2886 1547 2926; x_wconf 79' lang='lat' dir='ltr'>quae]</span> <span class='ocrx_word' id='word_1_454' title='bbox 1571 2889 1606 2916; x_wconf 81' lang='lat' dir='ltr'>ul</span> <span class='ocrx_word' id='word_1_455' title='bbox 1630 2886 1744 2924; x_wconf 74' lang='lat' dir='ltr'>ineque</span> <span class='ocrx_word' id='word_1_456' title='bbox 1767 2886 1809 2919; x_wconf 80' lang='lat' dir='ltr'>B:</span> <span class='ocrx_word' id='word_1_457' title='bbox 1835 2887 1872 2915; x_wconf 78' lang='lat' dir='ltr'>ul</span> 
     </span>
     <span class='ocr_line' id='line_1_44' title="bbox 110 2936 1872 2980; baseline 0 -14"><span class='ocrx_word' id='word_1_458' title='bbox 110 2936 225 2980; x_wconf 56' lang='lat' dir='ltr'>ineque</span> <span class='ocrx_word' id='word_1_459' title='bbox 247 2937 293 2971; x_wconf 79' lang='lat' dir='ltr'>D;</span> <span class='ocrx_word' id='word_1_460' title='bbox 319 2940 353 2967; x_wconf 72' lang='lat' dir='ltr'>ul</span> <span class='ocrx_word' id='word_1_461' title='bbox 377 2945 415 2966; x_wconf 81' lang='lat' dir='ltr'>ne</span> <span class='ocrx_word' id='word_1_462' title='bbox 439 2946 522 2974; x_wconf 73' lang='lat' dir='ltr'>quac</span> <span class='ocrx_word' id='word_1_463' title='bbox 546 2937 570 2965; x_wconf 85' lang='grc' dir='ltr'><strong>Ο</strong></span> <span class='ocrx_word' id='word_1_464' title='bbox 599 2954 631 2957; x_wconf 87' lang='grc'>---</span> <span class='ocrx_word' id='word_1_465' title='bbox 667 2937 717 2967; x_wconf 32' lang='grc'>413.</span> <span class='ocrx_word' id='word_1_466' title='bbox 742 2937 876 2975; x_wconf 69' lang='lat' dir='ltr'>perfecti</span> <span class='ocrx_word' id='word_1_467' title='bbox 901 2937 923 2967; x_wconf 82' lang='lat' dir='ltr'>B</span> <span class='ocrx_word' id='word_1_468' title='bbox 941 2937 962 2967; x_wconf 69' lang='grc' dir='ltr'>κζ</span> <span class='ocrx_word' id='word_1_469' title='bbox 992 2955 1024 2958; x_wconf 94' lang='grc'>-</span> <span class='ocrx_word' id='word_1_470' title='bbox 1058 2940 1086 2967; x_wconf 77' lang='grc' dir='ltr'>(Ἰ</span> <span class='ocrx_word' id='word_1_471' title='bbox 1112 2938 1150 2967; x_wconf 79' lang='lat' dir='ltr'>n:</span> <span class='ocrx_word' id='word_1_472' title='bbox 1185 2947 1225 2967; x_wconf 75' lang='lat' dir='ltr'>ac</span> <span class='ocrx_word' id='word_1_473' title='bbox 1249 2937 1273 2965; x_wconf 81' lang='lat'>0</span> <span class='ocrx_word' id='word_1_474' title='bbox 1302 2954 1333 2956; x_wconf 59' lang='lat'>&gt;—</span> <span class='ocrx_word' id='word_1_475' title='bbox 1370 2937 1420 2965; x_wconf 67' lang='lat'>1135.</span> <span class='ocrx_word' id='word_1_476' title='bbox 1449 2945 1533 2973; x_wconf 78' lang='lat' dir='ltr'>quae</span> <span class='ocrx_word' id='word_1_477' title='bbox 1552 2939 1689 2975; x_wconf 73' lang='lat' dir='ltr'>praeter</span> <span class='ocrx_word' id='word_1_478' title='bbox 1713 2936 1755 2966; x_wconf 86' lang='lat' dir='ltr'>B:</span> <span class='ocrx_word' id='word_1_479' title='bbox 1788 2943 1872 2974; x_wconf 73' lang='lat' dir='ltr'>quae</span> 
     </span>
     <span class='ocr_line' id='line_1_45' title="bbox 108 2985 1872 3025; baseline 0 -11"><span class='ocrx_word' id='word_1_480' title='bbox 108 2988 241 3023; x_wconf 78' lang='lat' dir='ltr'>propter</span> <span class='ocrx_word' id='word_1_481' title='bbox 265 2985 367 3015; x_wconf 86' lang='lat' dir='ltr'>codd.</span> <span class='ocrx_word' id='word_1_482' title='bbox 395 2986 499 3017; x_wconf 67' lang='lat' dir='ltr'>dett:</span> <span class='ocrx_word' id='word_1_483' title='bbox 527 2989 664 3024; x_wconf 78' lang='lat' dir='ltr'>propler</span> <span class='ocrx_word' id='word_1_484' title='bbox 695 2996 779 3024; x_wconf 78' lang='lat' dir='ltr'>quae</span> <span class='ocrx_word' id='word_1_485' title='bbox 803 2988 827 3015; x_wconf 69' lang='lat' dir='ltr'>(l</span> <span class='ocrx_word' id='word_1_486' title='bbox 852 3005 894 3008; x_wconf 79' lang='lat'>—</span> <span class='ocrx_word' id='word_1_487' title='bbox 928 2988 978 3017; x_wconf 60' lang='lat'>«17.</span> <span class='ocrx_word' id='word_1_488' title='bbox 1003 2990 1212 3025; x_wconf 76' lang='lat' dir='ltr'>permanere(</span> <span class='ocrx_word' id='word_1_489' title='bbox 1245 2986 1326 3016; x_wconf 68' lang='lat'>1313:</span> <span class='ocrx_word' id='word_1_490' title='bbox 1359 2986 1545 3023; x_wconf 70' lang='lat' dir='ltr'>perueniret</span> <span class='ocrx_word' id='word_1_491' title='bbox 1570 2988 1595 3016; x_wconf 89' lang='lat' dir='ltr'><strong>G</strong></span> <span class='ocrx_word' id='word_1_492' title='bbox 1621 3003 1654 3007; x_wconf 92' lang='lat'>—</span> <span class='ocrx_word' id='word_1_493' title='bbox 1688 2985 1739 3015; x_wconf 63' lang='lat'>253.</span> <span class='ocrx_word' id='word_1_494' title='bbox 1768 2985 1872 3024; x_wconf 80' lang='lat' dir='ltr'>quod-</span> 
     </span>
     <span class='ocr_line' id='line_1_46' title="bbox 111 3033 1869 3073; baseline 0.001 -10"><span class='ocrx_word' id='word_1_495' title='bbox 111 3042 245 3072; x_wconf 76' lang='lat' dir='ltr'>cumque</span> <span class='ocrx_word' id='word_1_496' title='bbox 272 3035 309 3065; x_wconf 89' lang='lat' dir='ltr'>P.</span> <span class='ocrx_word' id='word_1_497' title='bbox 336 3035 524 3065; x_wconf 78' lang='lat' dir='ltr'>Manutius:</span> <span class='ocrx_word' id='word_1_498' title='bbox 560 3036 644 3072; x_wconf 80' lang='lat' dir='ltr'>quod</span> <span class='ocrx_word' id='word_1_499' title='bbox 675 3036 791 3073; x_wconf 65' lang='lat' dir='ltr'>cuique</span> <span class='ocrx_word' id='word_1_500' title='bbox 815 3035 918 3066; x_wconf 54' lang='lat' dir='ltr'>(odd.</span> <span class='ocrx_word' id='word_1_501' title='bbox 954 3036 1002 3066; x_wconf 72' lang='lat' dir='ltr'>(js.</span> <span class='ocrx_word' id='word_1_502' title='bbox 1030 3036 1047 3072; x_wconf 57' lang='grc' dir='ltr'>,Ξ</span> <span class='ocrx_word' id='word_1_503' title='bbox 1073 3035 1124 3067; x_wconf 76' lang='grc' dir='ltr'>4ῖ.</span> <span class='ocrx_word' id='word_1_504' title='bbox 1152 3053 1193 3057; x_wconf 84' lang='grc'>-</span> <span class='ocrx_word' id='word_1_505' title='bbox 1220 3034 1269 3065; x_wconf 70' lang='lat'>24..</span> <span class='ocrx_word' id='word_1_506' title='bbox 1296 3033 1334 3073; x_wconf 66' lang='lat' dir='ltr'>lx]</span> <span class='ocrx_word' id='word_1_507' title='bbox 1360 3035 1408 3064; x_wconf 74' lang='lat' dir='ltr'>his</span> <span class='ocrx_word' id='word_1_508' title='bbox 1431 3035 1494 3065; x_wconf 75' lang='lat' dir='ltr'>BE</span> <span class='ocrx_word' id='word_1_509' title='bbox 1520 3052 1554 3056; x_wconf 91' lang='lat'><em>—</em></span> <span class='ocrx_word' id='word_1_510' title='bbox 1588 3036 1641 3066; x_wconf 64' lang='lat'>25.</span> <span class='ocrx_word' id='word_1_511' title='bbox 1668 3035 1801 3073; x_wconf 80' lang='lat' dir='ltr'>aliquod</span> <span class='ocrx_word' id='word_1_512' title='bbox 1824 3035 1869 3065; x_wconf 90' lang='lat' dir='ltr'>B:</span> 
     </span>
     <span class='ocr_line' id='line_1_47' title="bbox 111 3083 1872 3124; baseline 0.001 -12"><span class='ocrx_word' id='word_1_513' title='bbox 111 3083 159 3113; x_wconf 76' lang='lat' dir='ltr'>cel</span> <span class='ocrx_word' id='word_1_514' title='bbox 187 3083 320 3121; x_wconf 76' lang='lat' dir='ltr'>aliquod</span> <span class='ocrx_word' id='word_1_515' title='bbox 353 3085 397 3115; x_wconf 86' lang='lat' dir='ltr'>O:</span> <span class='ocrx_word' id='word_1_516' title='bbox 432 3084 503 3124; x_wconf 71' lang='lat' dir='ltr'>[uel]</span> <span class='ocrx_word' id='word_1_517' title='bbox 530 3084 663 3122; x_wconf 77' lang='lat' dir='ltr'>aliquod</span> <span class='ocrx_word' id='word_1_518' title='bbox 688 3085 716 3114; x_wconf 91' lang='lat' dir='ltr'>M</span> <span class='ocrx_word' id='word_1_519' title='bbox 744 3101 777 3105; x_wconf 90' lang='lat'>—-</span> <span class='ocrx_word' id='word_1_520' title='bbox 806 3085 858 3114; x_wconf 47' lang='lat'>¹²20.</span> <span class='ocrx_word' id='word_1_521' title='bbox 886 3094 905 3115; x_wconf 86' lang='lat' dir='ltr'>a</span> <span class='ocrx_word' id='word_1_522' title='bbox 931 3093 1000 3115; x_wconf 81' lang='lat' dir='ltr'>om.</span> <span class='ocrx_word' id='word_1_523' title='bbox 1030 3086 1051 3115; x_wconf 76' lang='grc' dir='ltr'>Ε</span> <span class='ocrx_word' id='word_1_524' title='bbox 1081 3103 1112 3107; x_wconf 76' lang='lat'>-—</span> <span class='ocrx_word' id='word_1_525' title='bbox 1148 3086 1199 3115; x_wconf 77' lang='lat'>28.</span> <span class='ocrx_word' id='word_1_526' title='bbox 1228 3084 1312 3122; x_wconf 72' lang='lat' dir='ltr'>quod</span> <span class='ocrx_word' id='word_1_527' title='bbox 1337 3092 1405 3113; x_wconf 25' lang='lat' dir='ltr'>om*</span> <span class='ocrx_word' id='word_1_528' title='bbox 1433 3084 1454 3114; x_wconf 83' lang='lat' dir='ltr'>B</span> <span class='ocrx_word' id='word_1_529' title='bbox 1485 3101 1518 3104; x_wconf 97' lang='lat'><strong>—</strong></span> <span class='ocrx_word' id='word_1_530' title='bbox 1544 3084 1597 3114; x_wconf 69' lang='lat'>⁶29.</span> <span class='ocrx_word' id='word_1_531' title='bbox 1626 3085 1669 3114; x_wconf 70' lang='lat' dir='ltr'>all</span> <span class='ocrx_word' id='word_1_532' title='bbox 1694 3083 1815 3115; x_wconf 69' lang='lat' dir='ltr'>codd:</span> <span class='ocrx_word' id='word_1_533' title='bbox 1844 3086 1872 3114; x_wconf 75' lang='lat' dir='ltr'>ct</span> 
     </span>
     <span class='ocr_line' id='line_1_48' title="bbox 112 3132 1868 3165; baseline 0.001 -4"><span class='ocrx_word' id='word_1_534' title='bbox 112 3132 155 3161; x_wconf 86' lang='lat' dir='ltr'>ad</span> <span class='ocrx_word' id='word_1_535' title='bbox 185 3140 263 3163; x_wconf 90' lang='lat' dir='ltr'>cum</span> <span class='ocrx_word' id='word_1_536' title='bbox 295 3135 484 3163; x_wconf 78' lang='lat' dir='ltr'>Goerenzio</span> <span class='ocrx_word' id='word_1_537' title='bbox 516 3134 540 3163; x_wconf 89' lang='grc' dir='ltr'><strong>Ο</strong></span> <span class='ocrx_word' id='word_1_538' title='bbox 574 3150 608 3154; x_wconf 89' lang='grc'><strong>-</strong></span> <span class='ocrx_word' id='word_1_539' title='bbox 643 3132 695 3164; x_wconf 77' lang='grc'>31.</span> <span class='ocrx_word' id='word_1_540' title='bbox 724 3134 779 3163; x_wconf 80' lang='lat' dir='ltr'>illa</span> <span class='ocrx_word' id='word_1_541' title='bbox 804 3135 887 3164; x_wconf 80' lang='lat' dir='ltr'>enim</span> <span class='ocrx_word' id='word_1_542' title='bbox 914 3135 935 3164; x_wconf 80' lang='lat' dir='ltr'>B</span> <span class='ocrx_word' id='word_1_543' title='bbox 965 3152 997 3155; x_wconf 86' lang='lat'><em>-</em></span> <span class='ocrx_word' id='word_1_544' title='bbox 1026 3135 1077 3165; x_wconf 73' lang='grc'>32,</span> <span class='ocrx_word' id='word_1_545' title='bbox 1106 3135 1150 3164; x_wconf 72' lang='lat' dir='ltr'>illt¹</span> <span class='ocrx_word' id='word_1_546' title='bbox 1182 3135 1223 3164; x_wconf 79' lang='lat' dir='ltr'>B:</span> <span class='ocrx_word' id='word_1_547' title='bbox 1260 3133 1315 3162; x_wconf 72' lang='lat' dir='ltr'>illa</span> <span class='ocrx_word' id='word_1_548' title='bbox 1341 3133 1364 3162; x_wconf 90' lang='grc' dir='ltr'><strong>Ο</strong></span> <span class='ocrx_word' id='word_1_549' title='bbox 1393 3150 1425 3154; x_wconf 67' lang='lat'><strong>-</strong></span> <span class='ocrx_word' id='word_1_550' title='bbox 1454 3132 1506 3163; x_wconf 86' lang='lat'>33.</span> <span class='ocrx_word' id='word_1_551' title='bbox 1533 3136 1561 3163; x_wconf 82' lang='lat' dir='ltr'>e!</span> <span class='ocrx_word' id='word_1_552' title='bbox 1592 3134 1634 3164; x_wconf 85' lang='lat' dir='ltr'>B:</span> <span class='ocrx_word' id='word_1_553' title='bbox 1670 3137 1697 3164; x_wconf 79' lang='lat' dir='ltr'>et</span> <span class='ocrx_word' id='word_1_554' title='bbox 1729 3142 1748 3163; x_wconf 89' lang='lat' dir='ltr'>a</span> <span class='ocrx_word' id='word_1_555' title='bbox 1781 3133 1805 3163; x_wconf 90' lang='grc' dir='ltr'><strong>Ο</strong></span> <span class='ocrx_word' id='word_1_556' title='bbox 1834 3149 1868 3154; x_wconf 88' lang='grc'>--</span> 
     </span>
     <span class='ocr_line' id='line_1_49' title="bbox 113 3180 1872 3221; baseline 0.001 -10"><span class='ocrx_word' id='word_1_557' title='bbox 113 3180 164 3212; x_wconf 69' lang='lat'>34.</span> <span class='ocrx_word' id='word_1_558' title='bbox 194 3187 378 3221; x_wconf 76' lang='lat' dir='ltr'>proponunl</span> <span class='ocrx_word' id='word_1_559' title='bbox 403 3184 426 3214; x_wconf 84' lang='lat' dir='ltr'>B</span> <span class='ocrx_word' id='word_1_560' title='bbox 443 3184 465 3213; x_wconf 72' lang='lat' dir='ltr'>ti</span> <span class='ocrx_word' id='word_1_561' title='bbox 492 3200 526 3204; x_wconf 97' lang='lat'><strong>—</strong></span> <span class='ocrx_word' id='word_1_562' title='bbox 555 3183 605 3214; x_wconf 69' lang='lat'>35.</span> <span class='ocrx_word' id='word_1_563' title='bbox 633 3191 671 3213; x_wconf 78' lang='lat' dir='ltr'>ea</span> <span class='ocrx_word' id='word_1_564' title='bbox 696 3184 848 3221; x_wconf 77' lang='lat' dir='ltr'>quicquid</span> <span class='ocrx_word' id='word_1_565' title='bbox 872 3184 915 3213; x_wconf 75' lang='lat' dir='ltr'>acl</span> <span class='ocrx_word' id='word_1_566' title='bbox 940 3184 998 3214; x_wconf 86' lang='lat' dir='ltr'>BE</span> <span class='ocrx_word' id='word_1_567' title='bbox 1020 3200 1053 3204; x_wconf 84' lang='lat'><em>-</em></span> <span class='ocrx_word' id='word_1_568' title='bbox 1082 3184 1133 3214; x_wconf 71' lang='lat'>313.</span> <span class='ocrx_word' id='word_1_569' title='bbox 1162 3186 1258 3220; x_wconf 73' lang='lat' dir='ltr'>alque</span> <span class='ocrx_word' id='word_1_570' title='bbox 1281 3182 1342 3211; x_wconf 74' lang='lat' dir='ltr'>lule</span> <span class='ocrx_word' id='word_1_571' title='bbox 1367 3181 1390 3212; x_wconf 87' lang='lat' dir='ltr'>E</span> <span class='ocrx_word' id='word_1_572' title='bbox 1410 3198 1443 3203; x_wconf 87' lang='lat'><em>-</em></span> <span class='ocrx_word' id='word_1_573' title='bbox 1471 3190 1607 3212; x_wconf 78' lang='lat' dir='ltr'>causam</span> <span class='ocrx_word' id='word_1_574' title='bbox 1629 3182 1662 3212; x_wconf 89' lang='lat' dir='ltr'>Z.</span> <span class='ocrx_word' id='word_1_575' title='bbox 1690 3192 1750 3213; x_wconf 80' lang='lat' dir='ltr'>non</span> <span class='ocrx_word' id='word_1_576' title='bbox 1775 3182 1872 3220; x_wconf 75' lang='lat' dir='ltr'>fuisse</span> 
     </span>
    </p>
   </div>
   <div class='ocr_carea' id='block_1_5' title="bbox 112 3231 1871 3321">
    <p class='ocr_par' dir='ltr' id='par_1_6' title="bbox 112 3231 1871 3321">
     <span class='ocr_line' id='line_1_50' title="bbox 113 3231 1871 3272; baseline -0.001 -10"><span class='ocrx_word' id='word_1_577' title='bbox 113 3231 301 3272; x_wconf 70' lang='lat' dir='ltr'>Madvigius</span> <span class='ocrx_word' id='word_1_578' title='bbox 320 3233 362 3270; x_wconf 79' lang='lat' dir='ltr'>(in</span> <span class='ocrx_word' id='word_1_579' title='bbox 380 3232 636 3270; x_wconf 79' lang='lat' dir='ltr'>adnotationc):</span> <span class='ocrx_word' id='word_1_580' title='bbox 664 3241 765 3263; x_wconf 84' lang='lat' dir='ltr'>causa</span> <span class='ocrx_word' id='word_1_581' title='bbox 781 3241 855 3263; x_wconf 84' lang='lat' dir='ltr'>cum</span> <span class='ocrx_word' id='word_1_582' title='bbox 870 3233 903 3263; x_wconf 88' lang='lat' dir='ltr'>Z.</span> <span class='ocrx_word' id='word_1_583' title='bbox 922 3243 984 3264; x_wconf 76' lang='lat' dir='ltr'>mm</span> <span class='ocrx_word' id='word_1_584' title='bbox 1001 3233 1113 3268; x_wconf 77' lang='lat' dir='ltr'>fuisset</span> <span class='ocrx_word' id='word_1_585' title='bbox 1131 3233 1171 3268; x_wconf 80' lang='lat' dir='ltr'>B;</span> <span class='ocrx_word' id='word_1_586' title='bbox 1197 3239 1300 3262; x_wconf 82' lang='lat' dir='ltr'>causa</span> <span class='ocrx_word' id='word_1_587' title='bbox 1316 3239 1377 3261; x_wconf 85' lang='lat' dir='ltr'>cur</span> <span class='ocrx_word' id='word_1_588' title='bbox 1389 3231 1422 3262; x_wconf 93' lang='lat' dir='ltr'>Z.</span> <span class='ocrx_word' id='word_1_589' title='bbox 1438 3240 1502 3262; x_wconf 81' lang='lat' dir='ltr'>non</span> <span class='ocrx_word' id='word_1_590' title='bbox 1516 3232 1627 3270; x_wconf 71' lang='lat' dir='ltr'>fuisset</span> <span class='ocrx_word' id='word_1_591' title='bbox 1644 3232 1686 3269; x_wconf 86' lang='grc' dir='ltr'>Ο;</span> <span class='ocrx_word' id='word_1_592' title='bbox 1714 3233 1736 3269; x_wconf 70' lang='lat'>÷</span> <span class='ocrx_word' id='word_1_593' title='bbox 1753 3239 1871 3262; x_wconf 84' lang='lat' dir='ltr'>caussa</span> 
     </span>
     <span class='ocr_line' id='line_1_51' title="bbox 112 3280 514 3321; baseline 0.007 -11"><span class='ocrx_word' id='word_1_594' title='bbox 112 3287 172 3310; x_wconf 86' lang='lat' dir='ltr'>cur</span> <span class='ocrx_word' id='word_1_595' title='bbox 192 3280 226 3311; x_wconf 94' lang='lat' dir='ltr'>Z.</span> <span class='ocrx_word' id='word_1_596' title='bbox 252 3290 313 3311; x_wconf 78' lang='lat' dir='ltr'>non</span> <span class='ocrx_word' id='word_1_597' title='bbox 335 3282 446 3321; x_wconf 75' lang='lat' dir='ltr'>suisset</span> <span class='ocrx_word' id='word_1_598' title='bbox 470 3282 514 3313; x_wconf 87' lang='lat' dir='ltr'>M.</span> 
     </span>
    </p>
   </div>
  </div>
 </body>
</html>
