2249 3624
493 161 580 200 Lm.
612 161 660 199 ΙΙ.
702 159 799 199 cip,
833 158 1051 198 vlt—lx.
1087 156 1146 211 §5
1180 154 1372 197 *117—20.
1729 151 1809 194 257

60 270 304 324 Sophoclem
336 269 375 308 in
410 265 642 306 Trachiniis
673 265 781 304 editi
824 265 889 304 cui
922 278 1013 304 cum
1046 264 1239 304 Deianira
1270 262 1472 316 sanguine
1505 259 1699 301 Centauri
1732 261 1811 302 tin-

60 339 165 373 ctam
198 333 378 372 tunicam
409 328 613 370 induisset
643 327 978 381 inhaesissetque
1011 340 1058 367 ea
1089 326 1334 372 visceribus,
1367 326 1423 365 ait
1453 323 1545 364 ille:

228 394 261 434 O
295 392 453 432 multa
485 389 628 428 dictu
661 390 868 441 gravia,
902 403 1156 443 perpessu
1188 402 1398 442 aspera,

229 456 373 504 Quae
404 464 631 504 corpore
664 452 948 491 exanclata
980 458 1134 505 atque
1166 452 1340 492 animo
1374 450 1596 504 pertulil

228 519 320 556 Nec
352 515 471 555 mihi
506 514 717 553 Iunonis
750 519 926 553 terror
957 514 1315 567 inplacabilis
1829 527 1847 555 5

227 581 323 618 Nec
356 583 553 617 tantum
587 576 794 615 invexit
828 576 1008 615 tristis
1039 575 1376 630 Eurystheus
1409 574 1554 621 mali,

228 641 486 689 Quantum
519 650 617 677 una
651 651 863 677 vaecors
896 638 1054 677 Oenei
1089 644 1241 690 partu
1273 636 1431 678 edita.

227 703 356 742 llaec
388 714 461 741 me
492 700 749 740 inretivit
781 705 922 739 veste
955 700 1136 740 furiali
1168 702 1416 748 inscium,

227 765 370 813 Quae
404 763 560 803 lateri
594 761 874 802 inhaerens
908 776 1081 802 morsu
1115 762 1300 802 lacerat
1333 764 1570 809 viscera,

228 827 565 879 Urguensque
599 825 830 878 graviter
860 825 1145 878 pulmonum
1178 825 1363 865 haurit
1399 825 1648 878 spiritus:

227 891 319 929 lam
352 887 636 928 decolorem
669 887 982 940 sanguinem
1016 901 1207 927 omnem
1241 887 1500 928 exorbuit.

228 951 309 991 Sic
341 963 535 1004 corpus
568 949 722 990 clade
755 947 1000 989 horribili
1035 950 1356 1002 absumptum
1389 949 1651 989 extabuit:

227 1014 339 1066 Ipse
371 1013 639 1066 inligatus
671 1018 818 1065 peste
851 1013 1127 1052 interimor
1157 1011 1359 1051 textili.

227 1076 322 1115 Hos
354 1088 458 1115 non
489 1075 704 1115 hostilis
735 1075 937 1122 dextra,
971 1088 1068 1114 non
1100 1075 1266 1114 Terra
1296 1074 1444 1114 edita

228 1138 394 1177 Moles
427 1137 721 1191 Gigantum,
754 1149 852 1177 non
882 1137 1164 1177 biformato
1196 1137 1394 1191 impetu

227 1200 532 1240 Centaurus
563 1200 702 1240 ictus
735 1200 945 1254 corpori
978 1199 1198 1239 inflixit
1229 1212 1356 1247 meo,

228 1263 333 1302 Non
366 1263 520 1303 Graia
551 1263 648 1309 vis,
683 1275 776 1302 non
808 1262 1024 1302 barbara
1054 1261 1160 1302 ulla
1190 1261 1514 1309 immanitas,

226 1325 334 1365 Non
366 1338 524 1365 saeva
556 1325 716 1365 terris
747 1338 868 1377 gens
899 1324 1131 1377 relegata
1161 1325 1384 1372 ultimis,

230 1387 369 1436 Quas
404 1401 686 1442 peragrans
717 1387 955 1440 undique
987 1400 1185 1427 omnem
1217 1386 1547 1427 ecferitatem
1579 1389 1787 1446 expuli,

233 1450 330 1490 Sed
361 1450 591 1491 feminea
622 1450 718 1497 vir,
752 1449 973 1490 feminea
1003 1449 1278 1490 interimor
1309 1462 1475 1490 manu.

117 1513 190 1556 lx.
230 1512 264 1553 Ο
297 1518 437 1561 nate,
470 1526 593 1554 vere
624 1512 719 1553 hoc
751 1526 941 1553 nomen
975 1526 1168 1568 usurpa
1200 1514 1357 1569 patri,

153 1738 179 1769 l.
199 1736 356 1768 trachinis
373 1737 397 1769 C
420 1755 451 1760 —
474 1737 531 1776 qui
553 1745 627 1767 cum
644 1745 663 1767 a
681 1737 841 1768 Deianira
858 1754 874 1760 -
887 1754 904 1760 -
917 1737 964 1768 aie
981 1737 1038 1768 illa
1054 1736 1245 1778 Schlenger
1260 1735 1378 1770 Philol.
1398 1736 1613 1769 Schneidew.
1629 1736 1687 1768 XII
1704 1745 1738 1777 p.
1754 1736 1829 1768 280.

65 1805 97 1810 -
118 1788 148 1819 Ξ.
169 1787 226 1828 ait]
245 1791 278 1818 at
296 1787 320 1818 C
344 1805 377 1809 —
399 1787 429 1818 6.
450 1788 608 1818 euristeus
626 1788 649 1818 G
663 1788 686 1819 R
707 1803 740 1808 —
761 1787 791 1818 9.
811 1787 912 1819 latere
929 1787 965 1819 C.
994 1788 1210 1828 «Tregderus
1228 1789 1281 1819 vix
1300 1789 1396 1819 recte
1413 1787 1515 1820 latere
1531 1787 1688 1827 scripsit;
1716 1794 1831 1826 neque

62 1839 168 1876 enim,
194 1839 274 1879 quia
299 1846 365 1869 non
391 1837 472 1869 nulli
499 1838 633 1877 (Cicero
659 1846 727 1869 non
754 1838 847 1877 item)
873 1847 910 1870 re
932 1838 1067 1870 haerere
1084 1839 1188 1879 (virg.
1207 1840 1292 1870 Aen.
1312 1838 1352 1875 X,
1372 1838 1446 1870 364.
1472 1837 1620 1870 Phaedr.
1640 1838 1664 1874 I,
1683 1836 1715 1874 8,
1735 1835 1779 1875 4.)
1799 1836 1833 1867 et

61 1889 240 1921 adhaerere
264 1887 371 1927 {Ovid
392 1888 532 1919 Metam.
553 1887 592 1924 V,
612 1887 663 1927 78)
682 1887 856 1925 dixerunt,
883 1887 1014 1920 idcirco
1033 1889 1168 1927 Cicer0,
1195 1897 1238 1920 ne
1256 1889 1289 1920 in
1307 1888 1469 1921 versibus
1487 1887 1628 1930 quidem
1647 1886 1830 1926 faciendis,

62 1948 97 1971 re
120 1940 291 1971 inhaerere
314 1938 443 1970 dixisse
470 1936 645 1978 putandus
672 1939 744 1974 est;
772 1939 899 1969 ceteris
924 1939 1018 1970 enim
1043 1937 1144 1977 locis,
1177 1940 1213 1970 ut
1237 1937 1291 1970 alii
1315 1939 1525 1980 scriptores,
1551 1946 1694 1978 semper
1717 1939 1775 1969 aut
1799 1938 1833 1968 in

62 1997 97 2021 re
128 1991 187 2020 aut
216 1989 264 2020 rei
294 1989 466 2019 inhaerere
500 1987 593 2019 dicit.
644 1988 860 2019 Posteriores
889 1989 1095 2029 scriptores,
1134 1991 1273 2030 poetas,
1305 1988 1422 2021 multis
1446 1989 1559 2022 modis
1583 1987 1732 2020 ablativo
1757 1988 1831 2020 sine

63 2040 322 2080 praepositione
349 2037 491 2070 liberius
516 2038 563 2068 uti
589 2040 710 2069 notum
735 2040 822 2070 est.»
840 2039 896 2070 W.
920 2057 954 2061 —
981 2038 1032 2069 40.
1058 2047 1242 2079 urgensque
1265 2039 1327 2070 GB
1356 2056 1390 2061 —
1417 2039 1508 2071 aurit
1532 2041 1556 2071 G
1572 2038 1609 2071 R¹
1629 2057 1660 2061 -—
1692 2039 1742 2071 Η.
1761 2039 1833 2070 Iam

62 2089 241 2120 decolorem
264 2089 458 2129 sanquinem
482 2096 610 2119 omnem
632 2087 785 2119 exorbuit
809 2088 986 2120 Charisius
1019 2097 1051 2129 p.
1078 2087 1152 2124 498,
1179 2088 1216 2125 ’ἒς
1243 2088 1438 2129 sanquinem
1466 2098 1591 2121 omnem
1614 2089 1725 2120 sorbui
1748 2089 1832 2121 Dio-

63 2139 186 2171 medes
210 2147 243 2180 p.
271 2138 345 2176 366,
373 2138 424 2170 28.
455 2155 486 2161 —-
518 2138 568 2169 ⁴5.
595 2139 782 2179 yiqantium
807 2139 830 2171 C
860 2157 893 2161 —
930 2139 983 2170 Δ16.
1008 2138 1118 2179 infioeit
1142 2138 1166 2170 C
1185 2138 1210 2169 O
1238 2155 1272 2160 —
1307 2138 1360 2170 49.
1386 2139 1586 2179 ecferitatem
1611 2139 1777 2172 Klotzius:
1804 2141 1834 2173 ic

61 2189 225 2229 feritatem
249 2189 275 2220 G
290 2189 345 2224 R¹3
371 2188 422 2218 hic
444 2187 608 2227 feritatem
633 2188 707 2219 Rssss
723 2189 759 2220 O.
797 2190 950 2220 «Notum
975 2191 1045 2226 est,
1072 2196 1178 2228 quam
1203 2196 1310 2229 saepe
1336 2190 1371 2220 et
1394 2190 1490 2221 varie
1515 2191 1622 2230 ecquis
1646 2194 1681 2222 et
1704 2199 1744 2223 ea
1768 2199 1833 2222 vo-

64 2239 204 2277 cabula,
230 2247 320 2280 quae
346 2238 488 2278 antiqua
513 2239 686 2278 scriptura
712 2238 754 2270 ab
781 2248 815 2270 ec
838 2239 1007 2280 incipiunt
1031 2238 1164 2279 [ecfari‚
1189 2238 1386 2277 ecfeminare
1411 2240 1458 2277 (T.
1485 2240 1524 2271 D.
1551 2240 1605 2277 111,
1624 2240 1676 2272 36.
1704 2241 1758 2278 1V‚
1778 2241 1831 2272 60.

65 2289 149 2329 (Ἀ),
175 2290 319 2328 ecferare
344 2289 390 2328 (T.
418 2289 458 2320 D.
486 2288 539 2326 1V,
567 2288 640 2329 32),
667 2289 888 2330 ecflorescere,
915 2289 1100 2328 ecfrenatus
1118 2289 1164 2327 (R.
1184 2289 1219 2320 P.
1239 2289 1293 2326 111,
1315 2288 1385 2328 Μ),
1412 2288 1469 2330 al]
1496 2290 1528 2321 in
1546 2289 1648 2321 codd.
1669 2292 1833 2331 corrupta

64 2340 142 2371 sint.
170 2339 219 2371 Cf.
237 2348 269 2380 p.
287 2337 403 2370 Caelio
421 2337 439 2379 S
456 2338 509 2370 76.
531 2347 563 2379 p.
583 2338 705 2370 Archia
725 2338 743 2379 S
760 2339 812 2371 21.
835 2338 923 2371 Lael.
943 2339 963 2380 §
983 2339 1053 2370 ⁴00.
1075 2338 1110 2369 Τ.
1127 2338 1167 2369 D.
1184 2338 1223 2376 11,
1242 2339 1294 2369 24.
1310 2338 1362 2370 39.
1383 2338 1448 2380 [w.
1469 2339 1534 2380 68.]
1559 2341 1593 2372 Ρ.
1614 2340 1726 2372 Sestio
1743 2339 1761 2381 g
1779 2340 1832 2377 94,

65 2398 146 2421 curn
176 2389 279 2430 vulgo
311 2387 488 2429 legeretur
518 2397 560 2420 ea>
586 2389 735 2428 feritate,
770 2398 834 2430 ego
860 2389 971 2430 (Obss.
1000 2389 1081 2420 Crit.
1109 2388 1141 2419 in
1167 2388 1313 2420 Sestian.
1340 2397 1373 2430 p.
1401 2389 1451 2427 65>
1478 2399 1520 2421 ex
1545 2389 1621 2421 cod.
1648 2391 1755 2423 Paris.
1783 2389 1834 2421 le-

66 2439 220 2480 gendum
244 2440 365 2471 censui
390 2447 432 2470 ez:
455 2439 621 2479 ecferitate
639 2438 732 2479 (Leid
764 2439 803 2470 67
829 2449 871 2471 ez:
893 2440 972 2471 haec
993 2439 1140 2479 feritate,
1166 2438 1294 2470 Bernn.
1314 2447 1357 2470 ea:
1373 2440 1552 2480 effer-itale).
1581 2439 1630 2471 Cf.
1649 2441 1673 2476 1,
1693 2439 1746 2471 87.
1773 2438 1834 2470 ubi

67 2498 107 2520 ex
133 2490 258 2522 Davisii
284 2490 484 2521 coniectura
510 2489 679 2529 Madvigio
705 2488 852 2530 probata
877 2489 1073 2530 Tregderus
1098 2490 1194 2519 recte
1226 2496 1289 2528 pro
1319 2488 1370 2518 sit
1397 2489 1463 2528 qui
1494 2490 1527 2520 id
1550 2490 1673 2521 daverit
1697 2490 1836 2530 scripsit

67 2541 202 2579 ecquis
225 2541 258 2571 id
281 2538 439 2570 dixerit.»
466 2538 520 2570 W.
552 2553 585 2560 --
621 2538 747 2577 impulit
771 2538 794 2570 C
825 2556 857 2560 —-
892 2538 944 2570 20.
970 2539 1112 2578 feminea
1134 2538 1203 2576 vir,
1236 2538 1388 2579 feminea]
1416 2539 1558 2571 «Miram
1585 2539 1744 2572 eiusdem
1769 2548 1834 2571 no-

67 2590 167 2622 tionis
192 2589 364 2631 (weiblich)
389 2589 630 2620 iterationem!
665 2586 856 2628 Sophocles
882 2588 1053 2627 (Trachin.
1079 2597 1112 2619 ν.
1141 2587 1255 2627 4064);
1289 2587 1383 2630 γυνὴ
1407 2587 1447 2621 δὲ
1472 2588 1591 2632 θῆλυς
1615 2583 1714 2621 οὖσα
1737 2584 1834 2621 κούκ

65 2633 202 2684 ἀνδρὸς
230 2637 350 2679 φύσιν
378 2635 480 2680 μόνη
503 2648 552 2680 με
575 2635 621 2680 δὴ
653 2636 806 2670 καθεῖλε
829 2648 871 2677 φ.
897 2637 928 2669 ὁ.
955 2640 976 2669 i.
1005 2647 1036 2670 e.
1062 2637 1191 2670 femina
1217 2637 1366 2670 feminea
1392 2639 1585 2679 (imbecilla,
1620 2647 1688 2670 non
1712 2638 1834 2684 viriliS,

65 2689 227 2730 weibisch)
252 2698 308 2721 me
333 2688 517 2720 interfecit.
551 2688 656 2720 Vides
680 2688 768 2720 duas
791 2689 951 2720 notiones
976 2697 995 2719 a
1019 2686 1192 2730 Sophocle
1213 2696 1418 2729 expressas:
1446 2688 1541 2730 quod
1565 2688 1658 2721 idem
1685 2698 1748 2730 ego
1773 2698 1836 2721 su-

67 2739 183 2779 spicor
207 2739 416 2770 Ciceronem
441 2737 585 2777 fecisse,
613 2746 693 2769 cum
718 2738 767 2770 sic
791 2737 983 2770 scriberet:
1010 2737 1073 2769 Sed
1095 2738 1270 2778 feminae
1291 2739 1344 2769 vir
1365 2739 1505 2779 feminea
1529 2739 1701 2771 interimor
1718 2748 1833 2771 manu.

67 2787 122 2819 Sic
147 2788 250 2819 etiam
276 2788 385 2828 magis
409 2788 621 2820 rhetoricam
643 2788 697 2819 vir
721 2787 827 2819 habet
848 2789 990 2828 feminae
1013 2788 1305 2829 oppositionem.»
1332 2789 1385 2820 W.
1419 2789 1572 2829 (feminae
1593 2789 1664 2829 vir,
1695 2790 1837 2829 feminae

67 2836 237 2876 Bentley.)
265 2853 300 2859 —
327 2838 504 2869 interemor
527 2838 622 2874 G2R3
655 2838 819 2869 interemor
843 2835 881 2870 G¹
908 2856 942 2860 —
974 2839 1026 2870 α24.
1052 2846 1181 2877 usurpa
1201 2838 1311 2877 patri,
1337 2839 1384 2870 Ne
1407 2847 1457 2870 me
1481 2839 1642 2871 occidente
1665 2838 1833 2871 Klotzius:

66 2895 193 2926 usurpa
216 2887 310 2927 patri
340 2895 380 2918 ne
408 2896 459 2919 me
490 2887 687 2919 occidentem
715 2887 739 2919 C
756 2888 800 2923 Ο;
832 2896 976 2928 usurpa,
1006 2887 1116 2926 patr-is
1145 2896 1223 2919 neve
1250 2888 1446 2919 occidentem
1470 2888 1618 2922 Wolfius
1643 2892 1731 2931 (nece
1755 2898 1836 2922 cum

68 2935 265 2975 Bouhiero).
293 2936 349 2967 «In
374 2936 427 2969 his
443 2936 562 2968 verbis
579 2936 699 2977 (patris
718 2945 797 2968 neve
813 2937 1022 2978 occidentem)
1047 2936 1133 2968 dura
1159 2938 1211 2969 est
1235 2939 1449 2969 constructio
1474 2940 1509 2970 et
1532 2939 1583 2971 vis
1607 2948 1651 2972 ne
1677 2940 1709 2972 in
1734 2941 1837 2981 poeta

69 2984 212 3025 quidem
229 2985 397 3017 Cicerone
423 2985 576 3018 ferenda.
604 2986 747 3018 Accedit
764 2985 948 3027 tautologia
970 2986 1069 3018 verbi
1086 2987 1292 3026 occidentem,
1320 2988 1418 3019 cuius
1436 2988 1614 3022 notionem
1631 2993 1759 3030 superet
1776 2997 1840 3030 per

70 3042 108 3066 se
132 3035 245 3075 ipsum
269 3035 352 3067 satis
377 3035 557 3076 significat.
585 3036 673 3074 Quid
697 3035 888 3076 Sophocles
907 3036 1017 3068 dicit‘?
1035 3029 1082 3067 ἶΩ
1106 3040 1186 3075 παῖ,
1211 3034 1322 3079 γενοῦ
1353 3046 1423 3078 μοι
1454 3041 1542 3079 παῖς
1565 3035 1753 3080 ἐτήτυμος
1779 3047 1840 3080 γε-

70 3079 164 3125 γώς,
189 3084 254 3115 καὶ
275 3082 330 3125 μὴ
355 3081 399 3115 τὸ
421 3082 567 3130 μητρὸς
591 3081 716 3126 ὄνομα
739 3082 977 3131 πρεσβεύσῃς
1002 3084 1126 3117 πλέον.
1155 3086 1242 3124 Quid
1265 3086 1419 3127 apertius
1437 3095 1543 3128 quam
1567 3086 1748 3129 Sophoclis
1771 3088 1841 3128 μοι’

72 3134 200 3173 optime
226 3133 443 3174 respondere
465 3135 585 3174 patri?
609 3136 728 3175 ltaque
755 3143 818 3175 ego
843 3137 893 3167 sic
918 3135 1054 3167 scribo:
1079 3144 1207 3176 usurpa
1226 3136 1337 3175 patri,
1362 3137 1452 3168 Neve
1468 3138 1664 3170 occidentem
1689 3139 1748 3178 (sc.
1767 3146 1842 3169 eum

73 3181 127 3213 vel
149 3191 200 3214 me
223 3183 266 3214 ct'.
293 3183 312 3224 S
336 3182 376 3214 23
400 3184 591 3225 reliquium)
613 3185 732 3215 matris
754 3188 881 3224 superet
903 3187 1044 3224 caritas,
1078 3187 1099 3216 i.
1121 3194 1152 3217 e.
1179 3185 1352 3216 occidentis
1374 3186 1558 3219 caritatem.
1596 3188 1680 3219 Nota
1706 3189 1759 3219 est
1787 3185 1842 3217 illa

74 3229 318 3272 brachylogia,
350 3234 449 3265 cuius
479 3241 623 3274 prosum
655 3233 834 3274 quoddam
866 3233 1066 3276 exemplum
1096 3236 1208 3266 exstat
1243 3235 1273 3274 1,
1302 3234 1340 3266 2:
1373 3235 1634 3268 virtus—-cum
1662 3235 1844 3267 maioribus

75 3281 195 3312 nostris
215 3282 476 3322 comparanda.»
501 3283 557 3315 W.

143 3339 261 3370 Clctno
283 3340 317 3370 T.
335 3341 382 3372 IV.
1491 3343 1542 3386 17

1836 840 1872 869 ⁴0

1838 1154 1874 1183 ⁴5

1841 1467 1877 1496 20
