2249 3624
253 357 298 398 In
340 358 669 401 Tusculanarum
710 359 826 401 libris
858 359 942 401 duo
975 359 1146 402 codices
1177 359 1460 409 vetustissimi,
1495 360 1712 403 Gudianus
1744 375 1782 404 n.
1813 361 1893 402 294

141 431 183 467 et
222 426 437 468 Parisinus
478 442 517 468 n.
557 427 682 475 6332,
731 428 812 469 iam
852 433 975 469 antea
1013 427 1066 469 ab
1109 427 1199 469 aliis
1231 428 1473 470 hominibus
1505 428 1680 471 literatis
1719 428 1895 471 adhibiti

142 501 279 544 erant,
312 494 390 537 sed
420 509 514 538 cum
548 496 587 537 in
620 496 729 538 haud
754 496 901 552 paucis
924 495 1028 539 locis
1057 496 1110 539 de
1135 496 1302 539 illorum
1324 497 1518 539 codicum
1541 498 1762 555 scripturis
1783 496 1895 539 haud

139 564 241 606 satis
271 571 495 614 constaret,
528 564 619 607 illos
655 579 829 621 quoque
860 565 1010 607 iterum
1042 565 1322 608 conferendos
1354 567 1607 622 putavimus.

252 633 297 674 In
340 632 482 675 Laelio
523 639 563 675 et
596 633 752 675 Catone
793 633 950 676 Maiore
982 647 1033 676 ex
1064 634 1218 690 ingenti
1251 634 1452 676 librorum
1485 635 1895 691 manuscriptorum

139 701 262 758 copia
292 701 385 744 illos
417 702 641 757 elegimus,
675 716 784 759 quos
817 701 991 759 reliquis
1022 703 1160 745 minus
1191 703 1464 760 interpolatos
1497 718 1593 746 esse
1626 718 1706 745 usu
1739 717 1896 759 cogno-

140 784 348 812 veramus.
381 772 568 813 Paenitet
598 785 680 813 non
712 771 958 814 adhibuisse
990 772 1183 814 codicem
1216 772 1496 815 bibliothecae
1527 772 1722 829 publicae
1754 773 1898 814 Mona-

140 839 280 881 censis
312 854 422 880 num.
455 838 609 888 walt,
662 840 702 881 in
743 854 870 896 quem
912 847 953 882 et
991 841 1129 897 ipsum
1171 855 1306 896 nuper
1355 841 1527 883 demum
1559 841 1705 889 incidi,
1738 841 1779 882 in
1811 854 1896 896 quo

140 906 305 949 Laelius
346 907 527 963 scriptus
570 914 634 950 est
665 908 761 950 inde
799 923 823 951 a
855 909 990 965 capite
1021 910 1106 951 ΧΠ.
1159 909 1293 952 Habet
1323 910 1356 951 is
1390 910 1525 951 codex
1559 909 1684 951 multa
1722 909 1895 966 quidem

138 976 235 1018 vitia
266 975 464 1031 vulgaria,
498 976 573 1018 sed
606 983 669 1018 est
701 976 806 1019 liber
838 977 890 1020 ab
924 978 1317 1034 interpolationibus
1361 991 1500 1033 eoque
1546 978 1713 1020 nomine
1759 978 1898 1033 suspi-

138 1043 333 1093 ciendus,
365 1044 480 1101 quod
512 1059 660 1087 omncs
692 1045 831 1093 facile,
867 1046 938 1102 qui
959 1045 1096 1087 adhuc
1119 1046 1270 1101 cogniti
1294 1052 1409 1093 sunt,
1442 1052 1650 1088 vetustate
1673 1046 1898 1089 antecedit.

135 1113 360 1169 Neglectus
398 1120 537 1155 tamen
573 1121 662 1155 erat
700 1115 741 1156 in
773 1121 915 1156 nostra
946 1113 1211 1161 bibliotheca,
1246 1113 1344 1170 quia
1377 1113 1430 1154 de
1463 1113 1554 1155 eius
1587 1121 1742 1163 aetate,
1784 1128 1896 1170 quae

136 1181 308 1224 saeculo
340 1182 506 1223 decimo
538 1195 620 1224 non
651 1189 714 1224 est
745 1182 926 1232 inferior.
960 1183 1000 1223 in
1032 1182 1244 1224 indicibus
1267 1181 1462 1224 codicum
1494 1195 1618 1222 manu
1642 1183 1896 1238 scriptorum

137 1257 323 1293 erratum
345 1257 446 1294 erat.

246 1320 290 1360 In
322 1319 510 1376 reliquiis
541 1319 747 1362 librorum
778 1319 831 1362 de
863 1334 908 1363 re
941 1319 1110 1376 publica
1145 1333 1225 1361 non
1258 1319 1348 1361 sine
1372 1319 1506 1362 fructu
1529 1319 1593 1361 usi
1616 1333 1763 1361 sumus
1787 1333 1896 1362 nova

134 1387 394 1445 palimpsesti
426 1387 649 1431 collatione
680 1403 807 1445 quam
840 1389 885 1431 G.
917 1390 962 1431 N.
987 1389 1043 1431 clu
1066 1389 1168 1431 Rieu
1192 1390 1371 1430 Batavus
1394 1402 1418 1430 a
1439 1402 1485 1430 se
1509 1389 1736 1430 institutam
1759 1388 1897 1444 publi-

134 1457 254 1500 cavit.
314 1457 446 1499 Etiam
489 1457 582 1513 plus
629 1457 782 1514 profuit
812 1457 998 1499 sollertia
1030 1457 1379 1504 Detlefsenii‚
1426 1457 1497 1513 qui
1531 1464 1571 1499 et
1602 1463 1764 1513 partem
1801 1456 1896 1498 libri

135 1527 170 1567 ΙΙ
202 1525 343 1568 denuo
375 1525 603 1582 descripsit
633 1532 673 1568 et
703 1526 744 1567 in
776 1525 1065 1581 compluribus
1097 1525 1200 1568 locis
1232 1525 1554 1567 obscurioribus
1579 1532 1724 1567 nostro
1748 1532 1895 1582 rogatu

135 1594 456 1651 palimpsestum
503 1596 653 1637 iterum
700 1595 894 1651 inspexit.
954 1595 1054 1636 Eius
1087 1595 1314 1651 sagacitate
1345 1595 1579 1650 perfectum
1613 1601 1676 1636 est
1710 1601 1755 1636 ut
1787 1608 1897 1636 unus

134 1663 253 1706 locus
293 1665 370 1711 III,
417 1677 453 1706 c.
488 1663 539 1705 45
571 1678 610 1720 p.
643 1664 735 1712 8³23,
770 1664 833 1713 ¹18,
869 1664 940 1720 qui
973 1663 1112 1706 adhue
1143 1664 1328 1719 pessime
1360 1663 1525 1706 habitus
1558 1670 1658 1712 erat,
1696 1663 1897 1706 emenda-

135 1733 248 1774 tione
289 1746 464 1789 prorsus
508 1733 727 1789 praeclara
764 1733 805 1774 in
850 1733 1057 1788 integrum
1088 1733 1394 1774 restitueretur.
1456 1733 1617 1776 Utimur
1648 1739 1788 1774 autem
1819 1732 1897 1774 hac

135 1800 273 1843 oblata
319 1802 541 1844 occasione
581 1809 627 1844 ut
663 1801 887 1844 molestum
919 1815 1147 1857 operarum
1178 1815 1366 1843 errorem
1399 1815 1438 1857 p.
1470 1802 1568 1849 794,
1604 1802 1674 1849 49,
1708 1801 1778 1843 ubi
1818 1801 1896 1842 im-

135 1884 332 1925 pressum
363 1878 428 1912 est
457 1871 707 1913 circumiecto
739 1871 831 1912 eius
862 1870 955 1912 loco
987 1870 1102 1927 quod
1126 1870 1310 1912 debebat
1330 1871 1597 1922 circmniectu,
1620 1871 1894 1926 corrigamus.

247 1941 389 1982 Restat
432 1939 617 1996 denique
663 1947 707 1980 ut
749 1939 896 1995 paucis
928 1938 1235 1994 significemus,
1285 1952 1359 1994 per
1391 1940 1591 1987 rationes,
1634 1953 1744 1995 quae
1788 1940 1896 1981 inter

134 2022 211 2051 nos
242 2015 283 2051 et
311 2009 622 2066 typographum
653 2009 1003 2056 intercesserunt,
1037 2008 1192 2050 factum
1227 2021 1324 2050 esse
1357 2014 1400 2049 ut
1431 2007 1634 2050 absolutis
1656 2007 1774 2050 libris
1803 2007 1896 2064 phi-

135 2079 322 2135 losophis
372 2092 563 2127 manum,
622 2084 668 2120 ut
716 2078 852 2126 aiunt⁷
909 2077 963 2120 de
1018 2077 1158 2119 tabula
1208 2077 1286 2133 ipsi
1339 2077 1596 2119 tolleremus.
1661 2077 1766 2120 Cum
1821 2090 1896 2118 au-

135 2154 219 2190 tem
274 2147 365 2190 eius
414 2149 599 2190 rationes
649 2147 911 2204 postularent
961 2153 1005 2188 ut
1055 2146 1285 2201 fragmenta
1341 2161 1451 2203 quae
1511 2153 1662 2189 vocant
1719 2161 1743 2189 a
1788 2161 1896 2189 nova

134 2217 318 2260 editione
350 2231 403 2260 ne
432 2216 774 2265 excluderentur,
806 2215 913 2258 haec
944 2215 1118 2272 quidem
1150 2216 1204 2258 ita
1235 2215 1519 2258 describenda
1551 2216 1810 2264 curavimus,
1853 2223 1897 2257 ut

133 2286 185 2328 ab
218 2285 377 2329 Orellio
407 2286 607 2328 secundis
638 2287 750 2329 curis
782 2292 1005 2339 retractata
1037 2285 1292 2327 invenimus.
1318 2285 1363 2326 ln
1386 2285 1555 2327 Timaeo
1578 2291 1718 2326 tamen
1740 2286 1894 2328 nostris

136 2355 270 2410 copiis
306 2354 370 2396 usi
412 2368 580 2404 sumus;
620 2369 714 2396 nam
756 2354 791 2396 is
828 2354 956 2403 liber,
991 2367 1087 2397 cum
1119 2354 1210 2395 eius
1242 2360 1383 2409 partes
1415 2353 1605 2410 reliquae
1638 2368 1720 2395 non
1753 2367 1804 2395 ex
1835 2354 1897 2396 di-

137 2424 271 2466 versis
307 2423 585 2479 scriptoribus
627 2423 769 2479 ops-ris
809 2422 993 2464 tesselati
1031 2422 1159 2463 instar
1199 2422 1472 2464 concinnatae
1510 2422 1607 2467 sint,
1642 2422 1812 2464 omnino
1845 2436 1896 2465 ex

137 2493 376 2547 fragmentis
408 2492 658 2535 eximendus
690 2500 730 2535 et
761 2493 865 2534 inter
896 2491 1079 2548 reliquas
1107 2491 1358 2546 scriptiones
1382 2489 1654 2546 philosophas
1685 2491 1896 2547 recipien-

138 2562 218 2603 dus
250 2568 349 2604 erat.
397 2562 440 2602 In
463 2561 573 2603 Arati
597 2574 770 2617 quoque
787 2559 1098 2602 Phaenomenis
1121 2559 1313 2601 codicum
1336 2560 1668 2601 Britannicorum
1690 2557 1915 2602 lectiones'

138 2630 293 2673 Ottleio
332 2630 441 2672 duce
486 2630 700 2686 aliquanto
748 2629 986 2671 accuratius
1031 2627 1308 2669 indicavimus
1354 2641 1480 2683 quam
1527 2628 1578 2669 ab
1610 2628 1702 2684 ipso
1734 2628 1893 2671 Orellio

137 2699 289 2742 sactum
321 2705 384 2740 est
413 2699 454 2740 in
484 2699 798 2754 Programmate
831 2697 1046 2739 Turicensi
1079 2696 1308 2738 autumnali
1340 2697 1434 2738 anni
1468 2697 1843 2740 MDCCCXXXVII.

249 2792 408 2849 Scripsi
436 2791 639 2835 Monachii
671 2792 773 2849 ipsis
804 2790 998 2835 Calendis
1030 2790 1146 2833 Maiis
1176 2804 1212 2833 a.
1251 2790 1371 2832 4862.
1414 2790 1421 2794 ’

1270 2956 1495 3003 Carolus
1524 2957 1782 3005 Halmius.
