2249 3624
511 159 600 199 Lu3.
630 158 680 198 11.
718 157 814 198 Cu».
846 157 1027 197 lx-x,
1063 153 1123 208 §§
1154 152 1200 194 ⁶24
1217 152 1345 194 -Ξὸ,
1726 142 1807 188 259

224 266 498 321 Clepsisse
530 264 651 303 dolo
683 276 978 317 poenasque
1010 263 1124 302 Iovi

221 332 347 370 Fato
379 327 707 380 expendisse
739 339 1002 378 supremo.

55 396 137 435 1135
169 394 292 447 igitur
321 402 474 445 poenas
504 388 713 441 pendens,
744 388 905 428 adlixus
935 389 986 428 ad
1021 387 1272 433 Caucasum,
1304 385 1406 425 dicit
1434 385 1562 425 haec:

219 456 465 494 Titanum
497 450 743 496 suboles,
775 452 923 490 socia
955 450 1130 490 nostri
1164 448 1471 500 sanguinis,

221 518 481 557 Generata
515 512 700 558 Caele,
735 513 970 565 aspicite
1003 512 1285 563 religatum
1317 511 1528 564 asperis
1820 517 1837 543 ⁵

220 580 567 628 Vinctumque
599 575 765 620 saxis,
798 587 966 614 navem
999 580 1051 614 ut
1081 574 1366 613 horrisono
1398 573 1526 612 freto

218 643 423 681 Noctem
457 642 708 689 paventes
739 637 917 676 timidi
949 637 1246 676 adnectunt
1275 636 1497 677 navitae.

220 701 507 743 Saturnius
539 713 612 738 me
644 699 722 738 sic
754 698 944 738 infixit
975 699 1241 752 Iuppiter,

216 763 478 816 Iovisque
509 774 694 801 numen
727 761 1001 800 Mulciberi
1033 761 1263 800 adscivit
1294 773 1486 799 manus.

216 827 320 866 Hos
355 825 454 864 ille
486 837 678 864 cuneos
708 823 916 863 fabrica
948 823 1158 863 crudeli
1190 822 1434 862 inserens
1825 828 1858 857 ⁴0

216 889 456 940 Perrupit
486 893 656 926 artus:
688 898 788 939 qua
819 887 978 926 miser
1009 885 1265 926 sollertia

215 950 701 990 Transverberatus
733 954 958 989 castrum
991 946 1084 987 boc
1115 947 1380 986 Furiarum
1412 946 1609 986 incolo.

115 1012 180 1053 ⁶24.
214 1015 311 1053 Iam
344 1013 510 1053 tertio
543 1026 615 1051 me
648 1024 859 1064 quoque
890 1010 1107 1050 funesto
1141 1009 1224 1048 die

214 1076 387 1115 Tristi
419 1074 675 1114 advolatu
706 1073 929 1113 aduncis
961 1072 1210 1112 lacerans
1242 1071 1508 1125 unguibus

215 1137 358 1178 Iovis
391 1135 615 1176 satelles
649 1140 802 1188 pastu
835 1135 1069 1175 dilaniat
1097 1135 1226 1175 fero.
1822 1144 1859 1172 ⁴5

214 1201 335 1240 Tum
367 1200 543 1239 iecore
576 1198 747 1251 opimo
778 1196 917 1238 farta
949 1204 996 1238 et
1026 1199 1220 1238 satiata
1250 1197 1475 1238 adfatim

216 1262 536 1313 Clangorem
569 1259 747 1299 fundit
777 1266 973 1301 vastum
1006 1267 1057 1301 et
1087 1260 1319 1301 sublime
1350 1260 1574 1300 avolans

213 1324 444 1363 Pinnata
476 1322 645 1362 cauda
675 1327 913 1363 nostrum
944 1324 1124 1364 adulat
1154 1323 1481 1376 sanguinem.

216 1386 333 1426 Cum
366 1398 483 1426 vero
515 1385 728 1425 adesum
758 1383 962 1424 inflatu
993 1392 1313 1426 renovatum
1345 1390 1425 1426 est
1453 1386 1622 1433 iecur,

214 1450 335 1488 Tum
365 1461 566 1488 rursum
598 1453 796 1487 taetros
828 1448 985 1488 avida
1017 1462 1066 1489 se
1096 1448 1155 1488 ad
1187 1454 1372 1501 pastus
1404 1448 1583 1489 refert.
1823 1458 1860 1486 90

216 1511 303 1551 Sic
332 1511 469 1550 hanc
500 1509 781 1550 custodem
812 1511 999 1551 maesti
1031 1511 1299 1552 cruciatus
1331 1511 1434 1559 alo,

215 1573 357 1622 Quae
388 1586 460 1613 me
491 1572 709 1626 perenni
740 1572 912 1613 vivum
945 1573 1129 1614 foedat
1159 1574 1388 1614 miseria.

213 1639 465 1690 Namque,
496 1642 551 1676 ut
583 1635 797 1682 videtis,
830 1636 1032 1677 vinclis
1064 1638 1380 1677 constrictus
1410 1636 1556 1676 lovis

213 1701 403 1740 Arcere
434 1711 642 1752 nequeo
675 1697 839 1738 diram
869 1699 1139 1739 volucrem
1169 1713 1194 1739 a
1223 1705 1455 1753 pectore.

115 1761 182 1803 25.
215 1764 301 1804 Sic
332 1776 406 1803 me
437 1763 552 1817 ipse
583 1763 774 1803 viduus
806 1768 984 1816 pestes
1016 1763 1232 1815 excipio
1264 1763 1471 1811 anxias,
1822 1769 1859 1797 ‘25

212 1828 397 1866 Amore
428 1825 612 1866 mortis
643 1824 928 1865 terminum
958 1825 1262 1878 anquirens
1293 1825 1430 1866 mali.

214 1888 314 1929 Sed
344 1888 500 1941 longe
530 1901 554 1928 a
585 1888 693 1928 leto
725 1887 941 1928 numine
972 1888 1198 1942 aspellor
1228 1889 1374 1929 Iovis.

211 1952 384 2005 Atque
415 1951 548 1991 11300
578 1956 790 1991 vetusta
821 1950 1022 1991 saeclis
1054 1950 1344 2004 glomerata
1373 1951 1610 1993 horridis

212 2013 461 2054 Luctifica
492 2013 663 2054 clades
693 2018 867 2054 nostro
899 2012 1077 2054 infixa
1107 2018 1184 2054 est
1213 2014 1455 2068 corpori,

132 2187 162 2219 1.
189 2187 326 2227 Clepisse
348 2188 373 2219 O
399 2195 480 2219 cum
501 2186 586 2218 God.
615 2187 826 2218 Hermanno.
855 2187 904 2219 Cf.
924 2187 1061 2228 Madvig
1085 2186 1129 2218 ad
1147 2187 1217 2219 Cic.
1237 2186 1281 2218 de
1307 2186 1377 2218 Fin.
1397 2195 1431 2228 p.
1450 2186 1524 2220 748.
1544 2205 1586 2211 —
1607 2196 1711 2227 penas
1726 2197 1810 2228 quae

46 2237 110 2268 GR
135 2254 169 2258 —
197 2238 228 2268 ⁶2.
254 2237 347 2278 Fato]
378 2237 473 2268 Furti
496 2235 674 2269 semlerus
703 2237 736 2268 in
760 2235 902 2268 Miscell.
930 2238 1038 2268 Lectt.
1065 2237 1093 2267 II
1117 2245 1150 2277 p.
1177 2235 1218 2268 53
1244 2238 1278 2268 et
1300 2235 1458 2277 Bentley.
1486 2238 1523 2269 ln
1547 2238 1573 2269 G
1594 2238 1665 2277 fato
1689 2247 1810 2270 corre-

45 2287 140 2317 ctum
163 2286 302 2318 videtur
326 2295 367 2318 ex
390 2286 488 2325 facto.
519 2304 552 2308 —
581 2285 611 2317 3.
637 2286 716 2317 haec
739 2286 817 2317 dicit
841 2286 866 2317 O
894 2303 930 2308 --
956 2285 986 2318 4.
1012 2285 1135 2317 soboles
1158 2286 1195 2317 C.
1223 2285 1272 2317 Cf.
1292 2287 1413 2318 Marini
1436 2288 1505 2318 Atti
1528 2286 1582 2319 de'
1605 2287 1726 2320 fratelli
1744 2290 1809 2320 Ar-

45 2333 111 2366 vali
136 2343 169 2376 p.
188 2335 262 2367 828.
292 2353 327 2359 -
354 2336 385 2367 6.
410 2336 599 2376 uictumque
623 2337 684 2367 GR
712 2335 794 2376 (sed
818 2336 851 2367 in
876 2337 901 2367 R
925 2344 1033 2377 super
1055 2335 1168 2367 littera
1191 2335 1204 2366 i
1225 2334 1351 2367 lineola
1375 2335 1503 2375 deleta)
1530 2355 1564 2359 —
1598 2338 1628 2369 9.
1653 2338 1810 2370 mulcebri

47 2385 130 2422 GR,
155 2385 312 2417 mulcebri
335 2384 379 2417 ab
405 2385 532 2417 eadem
557 2393 602 2416 m.
631 2394 722 2418 corr.
749 2386 782 2417 in
806 2385 958 2417 mulcibri
980 2386 1023 2421 Β;
1055 2385 1211 2417 Mulcibri
1234 2385 1271 2416 O.
1299 2385 1517 2426 «Tregderus
1542 2395 1584 2417 ex
1607 2387 1809 2429 Archetypo

45 2434 221 2473 Mulcebri,
258 2435 368 2466 forma
397 2434 551 2466 inaudita
576 2437 628 2471 et,
660 2435 689 2466 si
716 2435 782 2466 hoc
807 2433 951 2466 Vulcani
976 2443 1172 2475 cognomen
1197 2443 1238 2465 ex
1261 2435 1403 2466 mulcere
1427 2437 1461 2466 et
1481 2436 1609 2475 ferrum
1632 2438 1811 2478 composi-

60 2492 120 2516 um
144 2486 199 2516 est
221 2485 323 2524 (Fest.
351 2493 379 2516 s.
401 2486 469 2523 v.)‚
495 2482 665 2516 anomala.
699 2484 859 2516 Mulciber
875 2483 1050 2516 Vulcanus
1075 2486 1128 2516 est
1147 2484 1279 2522 Ovidio,
1306 2483 1398 2521 Silio,
1424 2485 1570 2524 Donato,
1598 2487 1710 2525 Festo,
1736 2488 1809 2519 Ma-

46 2532 179 2570 crobio.
211 2534 386 2565 Marciano
418 2535 517 2575 Cap.,
552 2534 744 2570 Priscian03
777 2542 886 2574 quare
920 2534 1043 2566 Cicero
1068 2541 1209 2573 quoque
1234 2534 1310 2565 sine
1335 2532 1441 2565 dubio
1465 2535 1603 2575 scripsit
1628 2538 1676 2573 (ut
1699 2538 1754 2568 est
1776 2538 1810 2569 111

47 2581 178 2623 aliquot
209 2582 326 2623 codd.)
357 2583 512 2615 Mulcibri
534 2582 589 2615 vel
618 2585 733 2624 potius
765 2585 815 2623 (ut
839 2583 893 2615 alii
917 2583 1060 2622 habent)
1085 2582 1274 2621 Mulciberi,
1308 2582 1401 2622 quod
1427 2591 1542 2622 neque
1567 2593 1585 2615 3
1611 2588 1722 2617 metro
1747 2585 1812 2618 ab-

47 2631 166 2664 horret
189 2635 224 2664 et
248 2641 328 2664 cum
352 2633 577 2674 inscriptione
602 2633 645 2664 ab
671 2632 795 2665 Orellio
820 2632 960 2665 laudata
984 2642 1018 2664 n.
1038 2632 1121 2664 4382
1143 2633 1189 2672 (111
1206 2640 1275 2672 qua
1291 2631 1416 2672 legitur
1431 2633 1620 2673 Mulcibero)
1639 2636 1812 2667 consentit

49 2681 102 2720 (cf.
128 2681 314 2714 Mulciberis
337 2682 429 2722 apud
455 2683 614 2714 Ovidium
640 2684 674 2714 et
699 2683 959 2722 priscianum.»
984 2683 1040 2715 W.
1063 2700 1097 2705 —
1123 2680 1237 2713 adscivi
1260 2683 1301 2718 R3
1328 2683 1448 2713 arcivic
1464 2691 1585 2723 margo
1603 2683 1658 2715 ed.
1677 2693 1707 2716 a.
1728 2684 1810 2717 ⁴584

48 2731 83 2762 et
106 2730 191 2762 God.
211 2731 432 2764 Hermannus
457 2733 584 2774 Opusc.
603 2732 648 2763 IV
673 2741 706 2773 p.
726 2733 799 2764 270.
822 2750 856 2754 -
884 2733 936 2764 42.
962 2732 1067 2763 incolo
1091 2732 1124 2763 in
1148 2739 1270 2763 rasura
1295 2731 1403 2763 habet
1426 2733 1452 2762 G
1471 2749 1505 2755 —
1533 2733 1585 2763 46.
1613 2733 1691 2765 Tum
1705 2735 1812 2766 iecore

47 2779 154 2819 opimo
175 2779 268 2819 farta
291 2783 320 2812 et
342 2782 466 2812 satiata
489 2781 688 2813 Priscianus
711 2781 757 2820 X,
783 2781 814 2819 9,
840 2780 893 2812 53.
920 2798 955 2803 —
980 2782 1069 2812 iecor
1091 2781 1199 2820 opimo
1224 2781 1301 2812 GR²
1328 2798 1361 2803 —
1390 2781 1441 2812 ⁴7.
1468 2781 1606 2813 avolans
1628 2783 1812 2815 Turnebus

48 2831 83 2861 et
113 2828 267 2861 nonnulli
297 2831 420 2863 codd.:
452 2831 613 2863 aduolans
637 2831 661 2862 C
697 2848 729 2854 —
767 2831 818 2863 18.
844 2833 993 2862 nostrum
1023 2830 1139 2861 adulat
1169 2830 1363 2870 sanquinem
1393 2831 1583 2863 Arusianus
1610 2840 1644 2872 p.
1671 2832 1746 2864 246.
1773 2849 1808 2854 —

47 2880 100 2912 2⁴.
133 2880 388 2920 hane--Quae
417 2879 582 2920 Bentley:
619 2881 848 2920 hunc--Qui
879 2880 955 2912 CO.
1002 2880 1258 2917 «Ciceronem,
1296 2880 1354 2920 qui
1385 2888 1491 2920 supra
1523 2881 1610 2913 Iovis
1640 2882 1814 2914 satelles

48 2927 186 2968 (aquila)
208 2928 330 2968 farta
352 2931 388 2960 et
409 2930 572 2960 satiata
596 2932 630 2961 et
653 2931 810 2971 proximo
835 2930 1017 2970 superiore
1042 2937 1147 2961 versu
1170 2929 1298 2960 avida
1322 2928 1447 2960 dixerit
1471 2929 1524 2969 (cf.
1547 2931 1657 2962 Divin.
1676 2932 1702 2969 1,
1721 2931 1809 2970 406),

49 2977 202 3010 eundem
226 2978 260 3009 h.
287 2976 308 3009 l.
335 2978 518 3019 scripsisse
542 2979 649 3009 hunc
672 2979 835 3010 custodem
850 2995 897 3001 --
914 2978 984 3019 qui
1007 2987 1051 3009 ne
1077 2987 1142 3018 ego
1158 2977 1303 3019 quidem
1327 2977 1475 3011 eredere
1501 2987 1656 3020 possum.
1683 2979 1812 3011 Klotzio

49 3026 186 3058 videtur
211 3028 334 3060 Cicero
359 3029 410 3060 sic
432 3029 631 3059 custodiendi
654 3029 835 3060 notionem
859 3029 999 3068 gravius
1024 3028 1209 3066 extulisse,
1236 3028 1335 3067 quasi
1350 3029 1607 3068 yrammaticum
1624 3038 1733 3069 genus
1750 3028 1813 3061 illis

49 3076 269 3117 temporibus
299 3077 472 3109 eiusmodi
496 3079 566 3109 vim
597 3077 702 3110 ullam
726 3077 890 3109 habuerit
913 3086 954 3110 ac
979 3086 1049 3109 non
1071 3078 1151 3110 haec
1173 3067 1278 3112 οιῆοε
1301 3085 1414 3118 aeque
1440 3079 1559 3110 custos
1583 3078 1685 3110 suerit
1707 3080 1812 3119 atque

48 3124 98 3155 hic
120 3129 236 3157 custos.
273 3127 379 3158 Recte
411 3125 556 3166 Bentley
582 3127 668 3158 hanc
692 3136 754 3168 pro
777 3127 862 3158 hunc
886 3129 920 3158 et
944 3135 1029 3166 quae
1053 3136 1116 3168 pro
1140 3128 1197 3167 qui
1220 3127 1377 3167 scripsit;
1409 3126 1453 3159 cf.
1480 3127 1498 3168 ἓ
1523 3128 1563 3159 33
1586 3128 1687 3160 haec
1708 3131 1814 3158 custos

49 3172 218 3213 dignitatis
240 3173 445 3214 (fortitudo),
472 3175 516 3206 de
540 3179 599 3206 unc
622 3178 657 3207 et
679 3180 738 3207 ant
761 3176 914 3208 confusis
938 3177 963 3214 1,
984 3177 1038 3214 81,
1065 3177 1110 3209 de
1128 3178 1184 3216 qui
1199 3178 1233 3208 et
1249 3184 1334 3216 quae
1349 3175 1368 3217 5
1384 3177 1437 3208 57.
1456 3177 1511 3215 ΙΙΙ,
1530 3177 1582 3208 42.
1603 3177 1642 3215 V,
1661 3177 1737 3208 69.»
1757 3177 1810 3208 W.

53 3239 88 3244 —
112 3223 228 3255 maesti
253 3222 327 3263 (sed
350 3226 429 3264 post
452 3224 464 3255 i
487 3224 598 3256 littera
624 3226 734 3265 erasa)
761 3227 788 3258 G
815 3243 849 3249 -
875 3225 929 3258 24.
954 3226 1088 3258 uoluere
1111 3227 1138 3257 G
1165 3243 1198 3248 —
1224 3225 1277 3258 28.
1303 3225 1411 3265 adque
1435 3227 1474 3258 G¹
1501 3243 1536 3250 —
1561 3225 1613 3258 29.
1640 3225 1759 3266 clades]
1783 3224 1812 3256 cl

50 3273 84 3304 in
106 3279 228 3304 rasura
253 3271 362 3304 habet
385 3273 423 3305 G.
