2249 3624
363 160 443 202 ’196
743 162 812 201 DE
844 161 1050 201 FINIBUS
1081 162 1342 203 BONORUM
1371 164 1440 203 ET
1471 163 1739 204 MALORUM

362 289 487 329 quam
525 274 586 315 rei
625 273 817 329 publicae
849 278 1017 313 nostrae
1048 274 1223 327 profuit,
1264 288 1347 314 non
1380 275 1494 315 odit‘?
1537 276 1629 328 quis
1660 276 1779 314 huius
1807 275 1922 315 urbis
1954 289 2120 315 conser-

361 344 545 379 vatorem
580 336 778 383 Codrum,
821 336 914 389 quis
946 336 1167 375 Erechthei
1200 335 1304 377 filias
1336 350 1421 376 non
1453 338 1632 377 maxime
1664 337 1833 377 laudat?
1872 338 1938 377 cui
1968 338 2121 377 Tubuli

359 414 511 441 nomen
555 399 651 439 odio
682 411 766 438 non
800 400 892 438 est?
934 399 1027 451 quis
1058 399 1282 439 Aristidem
1314 413 1395 439 non
1429 405 1639 439 mortuum
1672 399 1836 451 diligit?
1876 402 1940 439 An
1972 401 2121 440 oblivi-

359 463 530 509 scimur,
563 466 720 514 quanto
753 474 878 514 opere
909 462 950 500 in
979 461 1190 501 audiendo
1213 462 1474 515 legendoque
1498 475 1761 508 moveamur,
1793 476 1884 501 cum
1908 463 1996 515 pie,
2028 476 2119 502 cum

326 525 506 571 &amica
539 537 631 563 cum
662 537 811 576 magno
843 523 981 562 animo
1014 523 1173 576 aliquid
1196 524 1349 564 factum
1373 525 1694 576 cognoscimus?
1745 521 1810 562 63.
1835 524 1946 572 Quid
1973 524 2122 577 loquor

357 588 407 628 de
448 587 589 634 nobis,
632 587 702 640 qui
743 585 793 625 ad
827 585 994 625 laudem
1025 591 1066 625 et
1096 586 1148 625 ad
1179 586 1307 625 decus
1341 587 1447 632 nati,
1491 586 1693 638 suscepti,
1732 587 1907 626 instituti
1947 587 2120 625 sumus?

357 650 438 698 Qui
471 650 670 689 clamores
701 648 813 701 vulgi
854 652 980 701 atque
1019 648 1305 701 imperitorum
1348 649 1583 688 excitantur
1615 648 1656 686 in
1688 648 1882 695 theatris,
1925 662 2017 687 cum
2050 647 2120 686 illa

355 712 570 752 dicuntur:

970 775 1075 827 Ego
1108 787 1213 813 sum
1247 773 1474 813 Orestes.

305 846 339 874 ⁴0
353 840 582 888 contraque
613 835 664 875 ab
696 835 846 883 altero,

577 898 731 938 Immo
764 898 1028 938 enimvero
1063 910 1158 950 ego
1191 911 1321 942 sum,
1354 896 1593 949 inquam,
1626 896 1870 936 Orestes!

354 960 454 1001 Cum
495 964 634 999 autem
676 960 798 1000 etiam
840 960 976 1000 exitus
1016 960 1066 999 ab
1108 964 1285 1012 utroque
1318 957 1438 997 datur
1469 958 1715 998 conturbato
1747 958 1985 1010 errantique
2016 958 2117 1010 regi,

350 1024 510 1064 Ambo
543 1036 670 1076 ergo
700 1036 799 1062 una
830 1022 1083 1061 necarier
1114 1034 1395 1074 precamur,
1429 1020 1622 1073 quotiens
1644 1019 1724 1059 hoc
1745 1021 1902 1072 agitur,
1935 1033 2118 1073 ecquan-

352 1086 459 1126 done
491 1085 571 1137 nisi
602 1085 950 1125 admirationibus
983 1083 1202 1123 maximis?
1234 1084 1364 1122 Nemo
1396 1087 1458 1121 est
1488 1082 1631 1133 igitur,
1664 1082 1764 1134 quin
1795 1083 1903 1121 hanc
1934 1083 2118 1123 affectio-

300 1159 335 1188 45
350 1161 444 1189 nem
480 1149 608 1188 animi
639 1147 789 1200 probet
818 1152 944 1200 atque
976 1145 1136 1192 laudet,
1169 1158 1250 1198 qua
1282 1157 1366 1183 non
1399 1143 1521 1183 modo
1552 1144 1711 1183 utilitas
1743 1144 1857 1183 nulla
1889 1145 2117 1197 quaeritur,

350 1209 423 1250 sed
456 1216 598 1251 contra
628 1210 852 1250 utilitatem
885 1209 1008 1248 etiam
1041 1212 1314 1247 conservatur
1343 1206 1461 1245 fides.
1513 1203 1577 1245 64.
1610 1206 1782 1246 Talibus
1805 1207 2011 1260 exemplis
2032 1220 2116 1246 non

347 1273 468 1314 fictae
512 1273 648 1313 solum
688 1271 873 1318 fabulae,
915 1283 1056 1310 verum
1098 1271 1221 1309 etiam
1262 1268 1462 1308 historiae
1503 1269 1681 1309 refertae
1714 1275 1830 1317 sunt,
1873 1276 1913 1309 et
1944 1270 2115 1324 quidem

348 1336 528 1376 maxime
568 1338 751 1375 nostrae.
810 1334 894 1372 Nos
934 1333 1043 1372 enim
1086 1333 1136 1372 ad
1169 1345 1284 1371 sacra
1316 1331 1438 1371 Idaea
1471 1332 1717 1385 accipienda
1748 1332 1948 1385 optimum
1980 1333 2114 1373 virum

348 1398 602 1451 delegimus,
643 1410 718 1436 nos
758 1401 915 1435 tutores
954 1395 1122 1447 regibus
1160 1394 1368 1440 misimus,
1408 1395 1538 1433 nostri
1570 1394 1841 1447 imperatores
1873 1408 1949 1447 pro
1982 1395 2113 1435 salute

297 1470 333 1500 20
347 1461 504 1515 patriae
536 1473 609 1500 sua
642 1459 778 1512 capita
809 1463 1034 1504 voverunt,
1077 1457 1206 1496 nostri
1239 1456 1433 1495 consules
1464 1448 1603 1508 regem
1636 1456 1968 1496 inimicissimum
2000 1470 2114 1497 moe-

346 1523 469 1563 nibus
500 1523 582 1562 iam
614 1522 1019 1574 appropinquantem
1052 1523 1320 1565 monuerunt,
1352 1531 1375 1557 a
1407 1532 1569 1558 veneno
1601 1524 1646 1558 ut
1677 1524 1866 1566 caveret,
1898 1525 2039 1560 nostra
2069 1521 2111 1560 in

345 1599 390 1625 re
427 1585 595 1638 publica
635 1589 675 1623 et
719 1595 826 1636 quae
868 1595 942 1635 per
978 1581 1061 1621 vim
1101 1581 1284 1620 oblatum
1326 1586 1512 1634 stuprum
1544 1580 1775 1620 voluntaria
1815 1587 1947 1621 morte
1978 1582 2113 1622 lueret

345 1648 514 1687 inventa
544 1650 606 1685 est
638 1651 677 1685 et
708 1645 779 1698 qui
806 1642 931 1683 liliam
954 1643 1226 1690 interficeret,
1259 1656 1310 1682 ne
1333 1648 1614 1695 stupraretur:
1647 1656 1754 1696 quae
1778 1644 1946 1696 quidem
1971 1646 2111 1684 omnia

346 1715 386 1749 et
415 1707 734 1748 innumerabilia
766 1711 981 1759 praeterea
1013 1706 1105 1758 quis
1138 1710 1200 1745 est
1231 1705 1332 1757 quin
1363 1705 1579 1757 intellegat
1609 1710 1649 1744 et
1679 1718 1771 1752 eos,
1816 1707 1888 1758 qui
1919 1706 2107 1753 fecerint,

294 1783 329 1813 25
345 1772 560 1825 dignitatis
591 1770 813 1823 splendore
846 1768 993 1808 ductos
1023 1768 1290 1807 immemores
1320 1766 1449 1806 fuisse
1481 1767 1707 1806 utilitatum
1739 1780 1907 1807 suarum
1933 1782 2108 1822 nosque,

344 1848 437 1875 cum
469 1847 518 1875 ea
547 1833 784 1880 laudemus,
814 1831 929 1871 nulla
959 1830 1037 1870 alia
1068 1843 1111 1869 re
1143 1830 1223 1869 nisi
1256 1829 1473 1868 honestate
1505 1829 1630 1868 duci?

457 1896 611 1937 XXIII.
653 1895 816 1944 Quibus
856 1893 979 1933 rebus
1015 1893 1196 1932 breviter
1240 1891 1441 1944 expositis
1473 1914 1526 1920 —
1557 1904 1632 1930 nec
1665 1892 1775 1931 enim
1808 1906 1899 1932 sum
1932 1894 2109 1945 copiam,

344 1973 468 2016 quam
498 1958 633 2014 potui,
666 1958 764 2012 quia
796 1956 1002 1996 dubitatio
1036 1955 1077 1994 in
1109 1969 1153 1994 re
1185 1954 1299 1994 nulla
1331 1959 1437 2000 erat,
1470 1958 1713 2007 persecutus
1734 1976 1813 2001 —,
1846 1955 1918 1994 sed
1952 1955 2016 1994 his
2046 1968 2111 1994 re-

343 2024 422 2064 bus
453 2020 714 2063 concluditur
751 2019 940 2073 profecto
973 2022 1014 2057 et
1045 2018 1216 2057 virtutes
1249 2030 1392 2056 omnes
1424 2022 1464 2055 et
1495 2016 1713 2055 honestum
1746 2016 1874 2063 illud,
1914 2016 2027 2069 quod
2059 2029 2110 2056 ex

291 2086 558 2127 30iis-oritur
589 2089 629 2125 et
658 2084 701 2123 in
731 2083 816 2122 illis
846 2082 1013 2128 haeret,
1056 2094 1130 2133 per
1166 2093 1208 2119 se
1241 2092 1331 2118 esse
1364 2079 1659 2131 expetendum.
1720 2076 1786 2117 65.
1818 2079 1864 2118 In
1897 2079 2009 2118 omni
2040 2092 2110 2118 au-

343 2155 425 2190 tem
464 2148 664 2194 honesto,
706 2145 756 2185 de
796 2157 878 2198 quo
920 2143 1148 2197 loquimur,
1188 2141 1291 2181 nihil
1322 2147 1384 2181 est
1419 2146 1501 2180 tam
1533 2141 1695 2180 illustre
1727 2154 1803 2180 nec
1837 2141 1952 2194 quod
1985 2141 2110 2180 latius

342 2215 483 2265 pateat
522 2222 646 2264 quam
686 2208 926 2249 coniunctio
967 2207 1072 2245 inter
1111 2205 1302 2245 homines
1334 2204 1547 2244 hominum
1581 2209 1622 2243 et
1654 2204 1773 2256 quasi
1807 2204 2010 2257 quaedam
2044 2217 2110 2243 so-

343 2274 470 2314 cietas
511 2278 550 2313 et
590 2270 914 2312 communicatio
946 2269 1171 2308 utilitatum
1203 2273 1242 2307 et
1272 2268 1363 2319 ipsa
1394 2266 1543 2306 caritas
1574 2267 1737 2319 generis
1768 2266 1960 2313 humani,
1999 2279 2108 2320 quae

342 2341 439 2376 nata
479 2349 502 2376 a
539 2335 673 2388 primo
706 2339 818 2380 satu,
860 2346 942 2386 quo
974 2344 996 2371 a
1027 2329 1361 2384 procreatoribus
1393 2328 1478 2368 nati
1511 2328 1741 2381 diliguntur
1773 2333 1812 2368 et
1842 2333 1929 2368 tota
1960 2328 2108 2369 domus

293 2409 328 2438 35
343 2398 540 2452 coniugio
584 2402 624 2436 et
658 2397 787 2449 stirpe
820 2394 1105 2446 coniungitur,
1148 2393 1278 2446 serpit
1309 2391 1463 2431 sensim
1494 2391 1628 2438 foras,
1669 2390 1991 2443 cognationibus
2023 2391 2110 2444 pri-

342 2474 476 2508 mum,
508 2464 594 2500 tum
625 2456 920 2504 affinitatibus,
952 2455 1104 2495 deinde
1134 2455 1345 2502 amicitiis,
1377 2459 1474 2507 post
1504 2453 1806 2501 vicinitatibus,
1840 2458 1925 2494 tum
1948 2453 2108 2494 civibus

430 2634 459 2664 l.
486 2633 557 2671 quis
581 2640 651 2663 om.
677 2631 702 2662 E
739 2648 772 2653 ——
806 2630 901 2660 huius
931 2628 1122 2669 Madvigius
1151 2629 1194 2666 (in
1220 2628 1455 2667 adnotatione)
1482 2626 1558 2658 coll.
1586 2627 1603 2667 ἓ
1629 2626 1669 2658 54-
1695 2628 1729 2657 et
1753 2626 1812 2658 88:
1847 2635 1915 2658 om,
1943 2626 2046 2658 codd.
2074 2627 2109 2659 et

341 2682 410 2714 ΜΟ
432 2700 464 2704 -
490 2682 578 2713 vrbis
601 2683 683 2722 (non
700 2680 816 2719 uerbis)
844 2680 949 2710 etiam
974 2680 998 2710 E
1020 2697 1052 2701 ---
1080 2679 1111 2709 2.
1139 2678 1252 2709 ereccei
1276 2678 1299 2707 B
1316 2678 1340 2708 E
1361 2695 1395 2699 -
1422 2677 1452 2708 4.
1473 2677 1671 2716 legendoque
1695 2675 1798 2707 codd.
1818 2675 1949 2716 aliquot
1973 2678 2007 2707 et
2024 2676 2105 2708 edd.

341 2732 621 2772 antiquissimae:
648 2732 682 2761 in
706 2730 901 2770 leyendoque
925 2730 948 2760 B
964 2730 1005 2765 Ο;
1037 2728 1092 2768 [in]
1119 2728 1315 2767 legendoque
1340 2727 1371 2758 M
1399 2744 1433 2749 -
1458 2727 1490 2757 5.
1517 2726 1652 2764 aliquod
1675 2726 1699 2756 B
1716 2726 1739 2755 C
1757 2726 1780 2756 E
1808 2743 1843 2748 —
1874 2726 1991 2764 loquor
2013 2726 2107 2758 Mor-

340 2782 560 2821 gensternius
586 2783 620 2812 et
643 2780 866 2811 Matthiaeus:
901 2779 1021 2817 loquar
1045 2777 1148 2809 codd.
1176 2778 1209 2808 et
1234 2778 1258 2808 O
1286 2794 1317 2797 -
1356 2777 1386 2807 6,
1413 2780 1441 2807 et
1465 2776 1519 2815 ad]
1545 2776 1601 2813 qui
1625 2776 1668 2805 ad
1692 2775 1715 2805 B
1743 2792 1776 2797 —
1808 2776 1838 2806 7.
1866 2775 2107 2815 imperatorum

339 2830 402 2861 BE
431 2846 464 2852 —
494 2830 544 2861 1¹3.
571 2831 665 2861 ambo
690 2831 731 2861 B:
758 2833 780 2871 ἦ
797 2829 908 2860 ambos
931 2829 956 2859 Ο
984 2845 1018 2851 -
1044 2837 1114 2858 una
1138 2827 1287 2858 necariet·
1310 2825 1520 2865 Madvigius:
1553 2834 1805 2865 sunaneganum
1829 2826 1902 2864 (sic)
1928 2826 1952 2856 B
1968 2826 2011 2863 E3
2036 2833 2106 2856 una

337 2879 451 2917 vivere
469 2879 494 2910 O
521 2897 554 2901 —
581 2880 650 2919 hoc]
674 2880 725 2910 hic·
748 2880 771 2910 B
801 2895 834 2901 -
870 2879 1081 2917 ecquandone
1103 2877 1279 2908 Davisius:
1311 2879 1340 2907 et
1364 2875 1496 2914 quando
1519 2883 1558 2905 ne
1584 2876 1663 2912 (non
1688 2875 1735 2913 ue)
1762 2875 1785 2904 B
1802 2874 1845 2911 E;
1878 2878 1907 2905 et
1931 2876 2105 2914 quandoue

339 2928 394 2960 alii
419 2929 520 2960 codd.
550 2947 584 2951 -
613 2929 663 2961 44.
691 2930 769 2969 quin
794 2930 874 2969 (non
899 2929 964 2968 qui)
991 2928 1013 2958 B
1031 2928 1073 2959 E:
1101 2927 1157 2966 qui
1180 2936 1243 2958 non
1269 2925 1378 2958 ceteri
1403 2923 1504 2955 codd.
1528 2942 1561 2946 ——
1589 2925 1640 2955 46.
1668 2923 1796 2955 Talibus
1812 2924 2017 2964 --refertae
2032 2925 2105 2955 No-

339 2978 415 3009 nius
447 2987 479 3019 p.
507 2977 580 3009 309.
610 2996 644 2999 —
680 2980 730 3010 Π.
756 2978 880 3018 verum]
911 2978 965 3009 sed
994 2978 1123 3008 Nonius
1155 2993 1189 2997 ——
1223 2975 1362 3015 quidem]
1390 2974 1467 3013 quid
1497 2974 1559 3004 BE
1589 2992 1622 2996 —
1656 2974 1708 3004 ⁴9.
1734 2972 1864 3013 reyibus
1886 2973 2033 3004 misimus
2056 2974 2099 3004 B:

337 3028 484 3059 misimus
506 3027 635 3067 reyibus
659 3028 682 3058 Ο
711 3046 744 3050 -
774 3029 825 3059 20.
852 3030 1015 3058 mouerunt
1038 3026 1061 3057 B
1076 3026 1142 3056 E—
1169 3034 1278 3065 regem
1302 3033 1370 3055 om.
1392 3024 1415 3054 B
1436 3040 1470 3044 —
1498 3023 1550 3053 22.
1578 3026 1607 3053 et
1631 3030 1715 3061 quae
1733 3022 1923 3053 Victorius:
1949 3022 2103 3053 Lucretia

338 3081 367 3109 et
390 3086 475 3116 quae
492 3076 594 3108 codd.
616 3094 650 3099 —-
673 3085 734 3116 per
755 3076 832 3117 vim]
856 3077 949 3116 pium
972 3077 996 3107 B
1016 3092 1050 3097 -
1078 3075 1131 3106 23.
1155 3075 1260 3114 filiam
1282 3074 1475 3114 interficeret
1493 3072 1533 3103 B:
1564 3073 1755 3112 interficeret
1776 3071 1881 3111 filiam
1899 3072 1923 3102 O
1942 3088 1977 3093 —
2005 3070 2100 3112 quae]

336 3135 376 3158 ne
399 3126 423 3157 B
451 3144 485 3148 —
511 3125 564 3157 24.
592 3127 670 3165 quin
695 3125 905 3165 Madvigius:
939 3126 994 3165 qui
1017 3126 1060 3161 B;
1094 3126 1148 3163 qui
1171 3133 1236 3155 non
1261 3124 1285 3154 O
1315 3141 1346 3145 —
1375 3124 1427 3154 20.
1453 3131 1489 3153 re
1513 3131 1581 3154 om.
1609 3123 1633 3153 B
1660 3124 1741 3162 (non
1766 3122 1802 3161 E)
1831 3138 1865 3143 —
1900 3120 1987 3152 ducti
2010 3120 2035 3151 B
2063 3137 2098 3142 —

336 3177 389 3208 27.
416 3176 555 3206 breviter
577 3175 732 3214 eaepositis
754 3176 797 3206 B:
825 3176 980 3215 expositis
1003 3174 1143 3205 breviter
1166 3175 1191 3205 Ο
1211 3191 1245 3195 -
1272 3173 1324 3204 29.
1351 3182 1393 3204 ex
1417 3173 1474 3210 hys
1496 3173 1604 3203 oritur
1627 3175 1656 3203 et
1680 3174 1713 3203 in
1736 3171 1799 3202 illis
1822 3171 1866 3201 B:
1893 3179 1936 3202 ea>
1959 3170 2007 3201 his
2028 3170 2100 3200 vir—

335 3225 456 3258 tutibus
478 3225 630 3257 exoritur
653 3229 682 3256 et
704 3225 738 3255 in
761 3225 808 3255 his
824 3226 848 3256 O
870 3243 904 3248 -—
932 3225 985 3256 30.
1012 3224 1132 3265 autem]
1158 3224 1242 3255 enim
1265 3223 1289 3253 B
1306 3223 1329 3254 C
1351 3240 1385 3244 —
1412 3221 1464 3253 34.
1492 3230 1548 3253 nec
1573 3230 1641 3253 om.
1668 3222 1693 3252 B
1723 3238 1756 3244 —
1783 3219 1834 3252 34.
1863 3220 1937 3261 quo]
1964 3219 2052 3259 quod
2073 3218 2098 3250 B

339 3292 373 3298 -
401 3275 453 3307 36.
479 3274 601 3317 deinde]
627 3275 740 3307 deinde
763 3283 836 3306 cum
861 3273 926 3317 (vel
951 3275 1029 3315 tum)
1055 3274 1092 3305 B.
