2249 3624
289 74 343 144 so
643 107 713 146 DE
744 105 950 146 FINIBUS
981 104 1244 146 BoNossuM
1273 106 1342 146 ET
1373 106 1640 147 MALORUM

290 216 356 258 45.
389 218 492 259 Vide
523 223 746 273 quantum,
787 217 978 271 inquam,
1020 216 1188 265 fallare,
1220 218 1441 273 Torquate.
1494 219 1637 259 Oratio
1670 230 1735 258 me
1765 217 1887 257 istius
1917 218 2056 271 philo-

289 281 411 335 sophi
441 295 526 321 non
557 281 755 328 offendit3
786 293 880 320 nam
913 286 954 320 et
984 281 1276 333 complectitur
1306 283 1443 322 verbis
1474 283 1585 335 quod
1613 281 1699 321 vult
1730 285 1770 319 et
1801 279 1903 320 dicit
1932 280 2054 333 plane

289 345 400 398 quod
432 344 693 395 intellegam:
725 348 766 383 et
795 349 934 382 tamen
957 356 1032 395 ego
1055 356 1078 382 a
1100 343 1376 397 philosopho,
1409 345 1442 385 si
1465 346 1610 384 afferat
1630 343 1935 395 eloquentiam,
1968 356 2055 382 non

288 420 508 461 asperner,
553 407 587 445 si
628 419 713 444 non
752 405 921 451 habeat,
961 419 1045 445 non
1086 405 1308 446 admodum
1349 408 1550 460 flagitem:
1590 420 1634 446 re
1673 406 1773 446 mihi
1806 418 1891 444 non
1923 418 2054 458 aeque

256 470 388 510 issatis
418 469 534 516 facit,
567 473 607 508 et
637 468 805 521 quidem
838 468 939 507 locis
970 468 1174 520 pluribus.
1234 470 1315 509 Sed
1347 476 1446 523 quot
1476 470 1680 516 homines,
1712 473 1772 508 tot
1802 469 2053 516 sententiae3

286 532 373 572 falli
404 532 531 584 igitur
561 544 798 583 possumus.
850 530 983 578 Quam
1016 530 1069 570 ob
1101 544 1188 571 rem
1220 532 1402 579 tandem,
1434 533 1586 585 inquit,
1617 545 1702 571 non
1731 531 1830 570 satis
1851 530 1983 570 facit?
2014 536 2054 571 te

287 595 397 635 enim
428 593 607 633 iudicem
638 606 817 646 aequum
848 598 971 646 puto,
1008 593 1133 633 modo
1164 607 1270 647 (11136
1302 595 1413 635 dicat
1442 595 1512 634 ille
1543 595 1649 634 bene
1680 594 1809 633 noris.
1870 591 1935 632 ¹l6.
1966 593 2053 633 Nisi

286 657 387 697 mihi
420 654 676 703 Phaedrum,
707 656 899 709 inquam,
931 656 1150 696 mentitum
1183 662 1256 697 aut
1277 659 1486 697 Zenonem
1518 663 1658 710 putas,
1691 670 1866 709 quorum
1897 661 2055 696 utrum-

286 733 367 774 que
398 719 561 766 audivi,
603 732 696 758 cum
727 718 829 757 mihi
861 718 966 757 nihil
999 732 1097 758 sane
1129 725 1294 772 praeter
1325 720 1588 760 sedulitatem
1621 720 1865 772 probarent,
1908 730 2053 758 omnes

237 782 386 823 mmihi
416 780 586 834 Epicuri
618 781 850 820 sententiae
882 781 981 821 satis
1011 787 1136 821 notae
1160 788 1273 830 sunt,
1306 789 1430 836 atque
1453 796 1536 829 eos,
1568 796 1672 836 quos
1695 781 1929 828 nominavi,
1961 793 2053 819 cum

284 845 420 884 Attico
460 849 603 884 nostro
643 843 886 896 frequenter
923 844 1087 892 audivi,
1133 858 1224 885 cum
1262 846 1485 885 miraretur
1515 845 1585 884 ille
1617 844 1786 897 quidem
1816 848 2054 897 utrumque,

285 907 518 947 Phaedrum
550 912 687 946 autem
720 905 845 945 etiam
877 912 1054 955 amaret,
1097 907 1332 961 cotidieque
1363 909 1471 948 inter
1500 921 1578 947 nos
1611 921 1680 955 ea,
1722 920 1826 961 quae
1857 906 2055 946 audieba-

285 983 398 1017 mus,
430 968 769 1016 conferebamus,
801 981 938 1023 neque
970 975 1059 1009 erat
1087 983 1285 1024 umquam
1317 970 1620 1018 controversia,
1653 970 1753 1023 quid
1784 982 1860 1022 ego
1891 968 2056 1009 intelle-

284 1045 445 1086 gerem,
477 1032 551 1072 sed
583 1031 686 1085 quid
715 1031 948 1084 probarem.

237 1106 273 1137 ⁴5
398 1095 464 1134 VI.
498 1092 564 1134 47.
597 1093 706 1142 Quid
737 1094 865 1146 igitur
895 1099 980 1142 est,
1011 1095 1175 1148 inquit?
1217 1095 1362 1136 audire
1394 1096 1503 1136 enim
1537 1096 1680 1149 cupio,
1713 1095 1814 1149 quid
1844 1109 1929 1135 non
1959 1109 2055 1149 pro-

283 1159 370 1198 bes.
416 1157 647 1210 Principio,
679 1156 872 1210 inquam,
910 1157 953 1196 in
984 1158 1189 1211 physicis,
1222 1159 1375 1211 quibus
1407 1159 1588 1199 maxime
1620 1158 1839 1211 gloriatur,
1872 1158 2052 1210 primum

283 1226 396 1261 totns
438 1225 502 1260 est
531 1219 706 1259 alienus.
765 1220 1027 1260 Democritea
1065 1220 1186 1268 dicit,
1224 1235 1431 1275 perpauca
1464 1226 1650 1268 mutans,
1693 1221 1765 1261 sed
1798 1221 1874 1269 ita,
1915 1226 1961 1261 ut
1991 1234 2053 1269 ea,

284 1296 391 1338 (11136
423 1283 630 1335 corrigere
662 1282 768 1330 vult,
800 1282 900 1322 mihi
931 1282 1100 1335 quidem
1133 1283 1359 1336 depravare
1391 1284 1594 1324 videatur.
1641 1284 1710 1323 1116
1742 1289 1917 1330 atomos,
1950 1297 2052 1336 quas

284 1345 492 1398 appellat,
522 1345 565 1385 id
597 1350 659 1385 est
690 1358 864 1399 corpora
893 1345 1111 1385 individua
1140 1352 1311 1399 propter
1340 1346 1613 1393 soliditatem,
1646 1352 1788 1386 censet
1817 1347 1858 1385 in
1889 1345 2052 1385 infinito

235 1409 417 1456 20inani‚
448 1409 490 1448 in
522 1421 606 1462 quo
638 1408 741 1447 nihil
772 1421 849 1447 nec
881 1421 1085 1448 summum
1116 1422 1192 1448 nec
1224 1408 1412 1449 infimum
1444 1423 1521 1449 nec
1552 1408 1735 1449 medium
1758 1421 1834 1448 nec
1860 1408 2052 1447 ultimum

284 1485 360 1511 nec
389 1477 623 1511 extremum
654 1470 727 1518 sit,
758 1471 814 1510 ita
844 1469 964 1518 ferri,
996 1477 1043 1510 ut
1073 1472 1414 1512 concursionibus
1446 1473 1554 1511 inter
1585 1485 1628 1511 se
1651 1471 1967 1518 cohaerescant,
2001 1483 2053 1509 ex

284 1548 367 1589 quo
398 1533 635 1574 efficiantur
665 1546 731 1582 ea,
763 1546 870 1586 quae
902 1534 985 1574 sint
1015 1548 1206 1588 quaeque
1229 1540 1467 1582 cernantur,
1501 1534 1658 1581 omnia,
1692 1546 1871 1587 eumque
1895 1537 2051 1572 motum

284 1602 516 1637 atomorum
548 1596 665 1636 nullo
697 1610 721 1636 a
750 1597 983 1649 principio,
1016 1598 1088 1636 sed
1120 1611 1173 1637 ex
1194 1603 1364 1637 aeterno
1387 1603 1576 1650 tempore
1602 1596 1789 1648 intellegi
1812 1595 2052 1635 convenire.

284 1657 349 1699 48.
381 1660 585 1713 Epicurus
617 1665 778 1706 autem,
817 1659 860 1698 in
892 1660 1041 1713 quibus
1073 1660 1260 1714 sequitur
1290 1660 1591 1706 Democritum,
1632 1672 1717 1698 non
1759 1658 1845 1697 fere
1877 1657 2051 1697 labitur:

234 1735 269 1766 25
284 1736 534 1777 quamquam
565 1723 783 1775 utriusque
815 1735 909 1762 cum
940 1722 1070 1762 multa
1099 1736 1182 1762 non
1214 1722 1369 1775 probo,
1399 1728 1486 1762 tum
1518 1722 1622 1761 illud
1653 1722 1697 1762 in
1728 1721 1894 1774 primis,
1926 1719 2051 1775 quod,

284 1799 377 1826 cum
409 1786 451 1825 in
481 1798 620 1825 rerum
651 1790 799 1824 natura
829 1785 911 1825 duo
943 1786 1179 1838 quaerenda
1210 1788 1311 1832 sint,
1350 1799 1501 1832 unum,
1540 1798 1645 1838 quae
1677 1783 1850 1823 materia
1882 1783 1955 1830 sit,
1999 1796 2052 1822 ex

284 1860 366 1900 qua
396 1860 586 1901 quaeque
617 1861 683 1887 res
716 1845 939 1894 efficiatur,
970 1847 1169 1894 alterum,
1202 1861 1307 1900 quae
1338 1848 1400 1886 vis
1432 1848 1503 1894 sit,
1536 1860 1641 1900 quae
1669 1847 1852 1900 quidque
1884 1843 2051 1892 efficiat,

283 1911 334 1950 de
365 1909 538 1949 materia
569 1909 874 1958 disseruerunt,
906 1911 989 1950 vim
1021 1916 1061 1950 et
1091 1923 1257 1949 causam
1289 1908 1496 1949 efficiendi
1526 1910 1798 1964 reliquerunt.
1859 1908 1942 1948 Sed
1971 1908 2052 1947 hoc

282 1985 501 2013 commune
532 1972 702 2012 vitium:
732 1973 827 2013 illae
859 1973 1028 2026 Epicuri
1059 1973 1253 2026 propriae
1283 1973 1453 2019 ruinae3
1486 1977 1628 2012 censet
1659 1972 1771 2012 enim
1804 1971 1949 2012 eadem
1980 1970 2053 2010 illa

231 2047 267 2078 30
281 2034 501 2075 individua
532 2040 572 2074 et
601 2034 737 2074 solida
768 2049 943 2089 corpora
971 2034 1070 2074 ferri
1103 2034 1296 2075 deorsum
1330 2048 1405 2075 suo
1437 2034 1622 2088 pondere
1652 2035 1704 2074 ad
1735 2034 1910 2082 lineam,
1941 2033 2052 2073 hunc

281 2097 515 2138 naturalem
557 2110 649 2137 esse
695 2098 880 2138 omnium
921 2110 1143 2151 corporum
1181 2102 1354 2137 motum.
1422 2094 1488 2137 19.
1527 2096 1688 2137 Deinde
1729 2096 1883 2136 ibidem
1924 2094 2050 2135 homo

281 2165 442 2208 acutus,
473 2173 568 2200 cum
597 2160 703 2200 illud
736 2166 985 2208 occurreret,
1016 2160 1050 2199 si
1078 2160 1216 2200 omnia
1238 2159 1432 2200 deorsum
1456 2173 1477 2200 6
1500 2160 1671 2213 regione
1693 2159 1902 2199 ferrentur
1922 2163 1976 2206 et,
2006 2162 2053 2198 ut

282 2222 389 2270 dixi,
421 2222 472 2262 ad
503 2223 669 2270 lineam,
702 2236 927 2277 numquam
949 2222 1038 2263 fore
1061 2228 1107 2262 ut
1135 2227 1298 2262 atomus
1321 2223 1451 2263 altera
1472 2223 1645 2263 alteram
1666 2227 1810 2276 posset
1832 2221 2050 2274 attingere,

282 2285 311 2337 ³5
341 2286 484 2338 itaque
514 2286 656 2326 attulit
685 2300 772 2325 rem
803 2285 1158 2326 commenticiam:
1199 2285 1408 2325 declinare
1442 2286 1550 2325 dixit
1579 2290 1763 2325 atomum
1791 2283 2051 2338 perpaulum,

232 2362 268 2391 35
283 2361 365 2402 quo
405 2347 511 2387 nihil
547 2354 689 2402 posset
724 2346 813 2388 fieri
843 2349 1006 2397 minus;
1046 2348 1104 2387 ita
1135 2346 1243 2387 effici
1275 2348 1589 2401 complexiones
1620 2353 1661 2387 et
1691 2348 1980 2401 copulationes
2011 2350 2052 2386 et

371 2530 401 2561 l.
426 2529 541 2569 fallere
564 2529 588 2560 B
617 2546 652 2552 -
687 2528 717 2561 3.
745 2537 846 2568 quam
868 2529 926 2560 int.
952 2526 993 2561 Α1
1019 2545 1053 2551 -—
1081 2538 1139 2570 eqo
1163 2528 1247 2560 AB:
1279 2538 1348 2561 om.
1376 2529 1400 2560 Ο
1427 2546 1461 2550 -
1491 2529 1522 2560 5.
1548 2529 1628 2560 satis
1649 2528 1724 2568 fecit
1746 2528 1810 2559 AB
1838 2545 1873 2550 -
1895 2526 2050 2567 plurimis

282 2578 306 2610 B
331 2596 375 2602 —-
398 2579 428 2610 6.
451 2580 614 2618 possimus
637 2581 663 2610 A
689 2596 723 2601 —
751 2579 781 2610 8.
808 2578 1001 2619 Phaedrum]
1027 2579 1069 2610 ai*
1091 2580 1252 2619 plzeclrum
1273 2579 1448 2619 pulchrum
1472 2579 1495 2610 B
1524 2596 1558 2600 —
1586 2578 1616 2609 9.
1639 2581 1777 2617 praeter
1798 2578 1853 2608 sed
1875 2577 2049 2609 utilitatem

281 2629 346 2660 AB
375 2645 410 2651 —
444 2629 496 2659 42.
519 2630 681 2668 phedrum
699 2629 875 2669 pulchrum
899 2633 1008 2660 aulem
1032 2630 1056 2659 B
1086 2647 1120 2653 —-
1157 2630 1335 2669 colidieque
1359 2631 1403 2660 A:
1435 2628 1628 2668 cottidieque
1650 2628 1695 2665 133
1730 2627 1935 2666 quotidieque
1958 2627 1983 2658 O
2011 2643 2046 2650 —-

282 2678 334 2709 47.
360 2678 570 2709 Democritea
593 2679 670 2710 dicit
699 2688 778 2711 nos:
813 2679 987 2710 democrite
1017 2679 1117 2710 adicit
1140 2677 1216 2710 „4¹ss
1233 2680 1275 2715 E;
1307 2679 1483 2710 democrito
1513 2678 1613 2709 adicit
1636 2675 1694 2715 A²;
1725 2677 1912 2708 Democrito
1936 2676 2049 2707 adiicit

282 2728 307 2759 O
333 2728 546 2768 (Democrilia
569 2730 645 2760 (licie
669 2731 724 2769 M).
763 2729 813 2761 Cf.
841 2729 859 2769 g
884 2730 941 2760 ⁶24:
967 2729 1018 2760 Ila
1042 2738 1126 2768 quae
1148 2733 1272 2768 mutat,
1298 2738 1338 2760 ea
1361 2729 1560 2768 corrumpit,
1588 2736 1671 2767 quae
1694 2728 1858 2766 sequitur,
1884 2730 1958 2757 sunt
1981 2730 2050 2758 tota

279 2778 477 2814 Democrit&
515 2777 568 2816 IV,
596 2778 614 2819 g
640 2778 696 2810 43:
732 2779 892 2819 Equidem
921 2779 1020 2810 etiam
1042 2779 1240 2818 Epicurum,
1276 2779 1310 2809 in
1336 2778 1479 2818 physicis
1502 2778 1649 2816 quidem,
1682 2777 1924 2807 Democriteum
1952 2779 2046 2815 puio.

279 2828 393 2859 Pauca
415 2830 522 2858 mutat
545 2830 612 2859 cet.
647 2846 682 2851 —
720 2829 771 2861 48.
799 2829 945 2860 athomos
967 2829 1055 2866 AB;
1087 2824 1258 2870 ἀτόμους
1281 2829 1306 2860 O
1336 2844 1371 2850 —
1410 2828 1461 2859 20.
1489 2827 1592 2866 inani]
1624 2827 1719 2856 inam
1741 2826 1785 2862 B;
1817 2826 1935 2856 innatu
1958 2825 1983 2857 E
2010 2842 2046 2848 —-

280 2878 335 2910 24.
361 2881 546 2910 extremum
568 2880 594 2909 A
608 2878 650 2909 B:
676 2879 823 2910 citimum
840 2879 865 2910 O
886 2897 920 2902 —
947 2879 995 2910 iia
1015 2879 1098 2919 ferri
1119 2882 1156 2909 ut
1179 2887 1249 2909 om.
1268 2875 1307 2909 Αἱ
1332 2893 1367 2900 -
1391 2878 1465 2918 fieri
1488 2877 1512 2907 B
1534 2894 1568 2899 —
1595 2876 1648 2908 23.
1667 2885 1711 2907 ea:
1733 2875 1876 2916 aeterno]
1902 2878 2048 2907 extremo

281 2928 306 2959 B
345 2945 381 2950 —
416 2927 470 2959 25.
500 2929 586 2967 cum]
615 2932 684 2959 lum
707 2929 730 2959 B
766 2947 800 2951 —
832 2928 941 2969 proba
963 2929 987 2959 B
1020 2945 1055 2951 -
1092 2929 1145 2960 26.
1172 2937 1214 2960 ea:
1237 2936 1304 2967 qua
1327 2929 1372 2959 B:
1398 2936 1441 2959 ea:
1464 2936 1527 2966 quo
1550 2926 1616 2959 ΑΕ
1644 2944 1679 2949 -
1710 2926 1763 2957 27.
1790 2926 1930 2966 efficitur
1952 2925 1976 2956 B
2008 2941 2044 2947 —-

281 2979 424 3019 quidque
446 2980 490 3010 A:
519 2979 666 3018 quodque
695 2979 717 3008 B
733 2979 757 3009 O
777 2995 811 3001 —
839 2979 891 3010 28.
918 2980 1129 3010 deseruerunt
1152 2978 1227 3009 A¹B
1249 2995 1284 3000 —
1310 2978 1362 3009 29.
1387 2978 1512 3009 uicium
1528 2979 1553 3009 A
1574 2994 1608 2999 —
1636 2976 1688 3008 30.
1716 2977 1866 3008 deorsum
1888 2985 1946 3007 suo
1963 2976 2046 3008 AB:

280 3037 339 3060 suo
363 3029 512 3060 deorsum
537 3029 562 3059 O
590 3045 624 3049 —
651 3028 695 3059 ad
717 3028 848 3069 lineam]
874 3029 1034 3059 adlimam
1057 3024 1107 3065 A¹,
1134 3028 1167 3058 in
1192 3035 1262 3067 quo
1287 3026 1394 3058 latere
1418 3026 1556 3057 videtur
1580 3026 1623 3057 ad
1646 3026 1772 3057 liniam.
1801 3025 1850 3057 Cf.
1878 3024 1977 3056 Halm
2002 3024 2046 3056 ad

281 3077 357 3110 Vol.
375 3078 422 3118 11,
448 3086 481 3119 p.
501 3078 596 3112 ⁴332,
617 3078 669 3109 42.
695 3096 728 3100 —
755 3079 849 3119 hunc]
874 3078 968 3110 habet
991 3080 1047 3119 (ex
1071 3076 1280 3117 compendio
1304 3078 1337 3108 ht
1361 3086 1423 3118 pro
1447 3078 1494 3116 hc)
1521 3077 1544 3107 B
1569 3093 1605 3100 -—
1633 3076 1685 3107 32.
1712 3077 1845 3107 deorsus
1867 3074 1901 3106 h.
1920 3074 1941 3106 l.
1960 3077 1986 3106 A
2007 3093 2042 3098 —

282 3127 335 3160 33.
359 3127 431 3167 fore
452 3136 634 3166 numquam
656 3131 691 3158 ui
715 3129 739 3159 B
763 3147 805 3151 —
830 3129 977 3160 athomos
998 3128 1080 3164 ΑΒ;
1108 3127 1185 3159 fort.
1211 3123 1356 3168 ἄτομος
1376 3145 1410 3149 -
1437 3126 1489 3158 34.
1515 3128 1626 3166 itaque
1650 3127 1723 3157 iure
1749 3126 1954 3166 suspectum
1971 3125 2045 3156 Ma-

282 3178 396 3216 nutio,
430 3178 569 3216 Ursino,
601 3179 771 3209 Ernestio.
800 3195 833 3201 -
873 3188 942 3210 rem
970 3178 1237 3210 conuenienciam
1264 3178 1287 3208 B
1321 3193 1358 3200 -—
1395 3177 1542 3207 athomos
1565 3179 1610 3215 A3
1644 3176 1708 3208 sed
1735 3176 1778 3208 cf.
1805 3184 1839 3217 p.
1865 3174 1918 3213 8¹,
1945 3172 1976 3206 4.
2005 3190 2040 3195 —

284 3227 338 3259 35.
360 3231 467 3267 posset
487 3228 560 3269 fieri
579 3232 688 3268 posset
708 3229 816 3260 ocinus
841 3228 960 3269 (altero
980 3232 1086 3269 posset
1108 3227 1152 3259 ab
1178 3227 1253 3259 ead.
1281 3236 1327 3259 m.
1354 3225 1483 3267 deleto)
1507 3228 1546 3258 A.
