2249 3624
283 239 365 280 974
1026 235 1309 276 CICERONIS

384 346 420 383 9.
466 341 549 382 Sed
576 346 712 380 tamen
735 340 787 380 ad
816 338 927 378 illum
948 338 1057 377 diem
1078 338 1289 376 Memmius
1311 342 1398 375 erat
1416 336 1641 374 Memmius.
1698 336 1899 387 (Aquila
1929 348 1962 375 c.
1984 337 2044 377 28.

284 419 325 457 p.
354 408 433 445 171.
488 405 764 444 Marcianus
794 401 1006 454 Capella
1044 402 1158 440 Rhet.
1190 413 1229 451 p.
1262 401 1346 438 429.
1377 400 1530 450 Capp.:
1571 398 1654 437 Sed
1688 404 1825 438 tamen
1859 398 1910 438 ad
1938 399 2047 439 illam

286 469 395 507 diem
415 468 640 516 Memmius,
669 467 881 505 Memmius
910 463 962 503 ad
983 463 1082 502 illud
1104 469 1281 513 tempus,
1311 462 1522 500 Memmius
1551 462 1591 499 in
1618 460 1709 499 alio.
1761 459 1895 499 «Idem
1923 461 2047 500 intel-

286 531 419 582 ligitur
446 531 676 579 Memmius,
716 530 784 580 qui
814 526 972 567 Paridis
1000 527 1164 565 nomine
1194 526 1446 576 significatur
1474 523 1527 563 ad
1552 525 1673 563 Attic.
1698 525 1731 574 1,
1759 524 1842 562 18.»
1898 525 2044 563 Nonne.

255 622 274 650 5
737 617 859 658 XVII.
918 615 1176 657 EPISTOLA
1208 614 1275 655 AD
1307 612 1597 655 POMPEIUM.

389 687 446 727 Cf.
485 687 596 726 Orat.
634 698 707 737 pro
744 684 855 724 Sulla
891 697 924 722 c.
970 684 1030 722 24.
1106 682 1373 721 Scholiastam
1416 681 1660 719 Bobiensem
1699 680 1750 720 ad
1790 678 2051 719 Plancianam

287 762 327 801 p.
357 749 442 789 271.
471 748 544 787 Ed.
576 753 756 786 nostrae.

747 810 886 851 XVIII.
948 808 1207 849 EPISTULA
1239 807 1306 848 AD
1341 806 1591 849 TIRONEM.

389 882 484 918 Licet
520 887 638 917 autem
676 883 822 916 omnino
859 882 989 923 sileas,
1020 885 1050 914 te
1078 884 1216 918 tamen,
1253 883 1291 912 ut
1329 877 1449 912 Cicero
1482 879 1520 912 in
1548 878 1701 922 epistola
1734 878 1782 912 ad
1813 877 1981 911 Tironem
2009 877 2052 911 de

238 952 274 980 ⁴0
289 947 405 981 amico
432 946 570 989 scribit,
599 947 719 989 utique
745 949 776 978 et
802 945 841 978 in
868 944 1032 977 omnibus
1061 943 1172 976 liabeo
1200 946 1423 983 accusatum,
1452 951 1598 985 ponens,
1629 941 1661 974 si
1689 941 1834 985 quando
1865 939 2052 973 distuleris

290 1009 334 1044 ab
356 1010 489 1054 officio,
513 1008 579 1042 tibi
599 1008 901 1052 opportunitatem
920 1006 1084 1050 defuisse,
1113 1015 1185 1038 non
1209 1005 1385 1040 animuin.
1443 1001 1637 1043 (Ioanne
1653 1013 1671 1038 S
1701 999 2050 1038 Sarisberien-

290 1070 360 1108 §Is
395 1067 573 1119 Epistola
607 1069 688 1105 181.
719 1068 759 1105 in
788 1068 928 1116 Magna
966 1064 1216 1104 Bibliotheca
1251 1065 1435 1105 Petrum,
1482 1062 1675 1102 Coloniae
1707 1062 1813 1101 1622.
1845 1063 1955 1099 Tom.
1990 1061 2048 1099 15.

322 1163 329 1169 .
362 1132 447 1170 559.

290 1144 315 1182 p
455 1133 471 1175 )
709 1180 814 1221 XIX.
875 1177 1242 1221 EPISTULARUM
1274 1177 1628 1220 ZYNAF-QPH.

240 1266 274 1295 45
910 1247 1027 1296 (Cic.
1058 1245 1110 1285 ad
1138 1249 1217 1285 Att.
1248 1245 1349 1283 XVI.
1381 1244 1440 1292 5.)

934 1511 960 1524 ..
1077 1467 1125 1522 ).
1197 1465 1232 1522 -λ
1282 1465 1345 1522 31

563 1467 974 1595 oerssanlroffllu
1006 1464 1289 1592 fillizbllulil
1309 1463 1786 1590 hliilosopnossnn.

700 1697 730 1738 Ι.
791 1693 1144 1738 OECONOMICA
1178 1693 1245 1734 Ex
1275 1691 1652 1733 XENOPHONTE.

395 1766 714 1817 &Oeconomico
751 1763 915 1814 scripsit
952 1763 1096 1800 Cicero
1132 1774 1167 1800 a.
1200 1773 1239 1812 p.
1273 1773 1311 1798 u.
1338 1772 1372 1798 c.
1405 1760 1478 1799 670
1505 1764 1574 1797 aut
1600 1758 1693 1808 671,
1737 1758 2056 1797 Oeconomicum

244 1841 280 1869 ‘20
296 1829 660 1880 Xenophonteum,
695 1826 726 1864 si
758 1838 839 1863 non
868 1827 1185 1875 interpretatus,
1225 1828 1335 1860 certe
1373 1827 1553 1859 secutus.
1623 1821 1881 1870 Quamquam
1920 1820 1982 1857 his
2018 1821 2059 1858 in

295 1892 532 1943 fragmentis
562 1889 684 1928 multa
713 1889 852 1935 insunt
879 1887 1229 1938 interpretationis
1257 1885 1443 1934 vestigia.
1499 1883 1728 1922 Macrobius
1764 1883 1926 1922 Saturn.
1958 1882 1982 1920 l.
2012 1883 2057 1920 ΙΙ.

297 1968 330 1994 c.
356 1956 412 1994 16.
445 1953 655 1993 Ciceronis
685 1951 987 1990 Oeconomicou
1017 1948 1166 1987 librum
1196 1949 1359 1986 tertium
1389 1952 1598 1984 memorat.
1657 1949 1713 1984 Ac
1738 1946 1853 1984 Serv.
1876 1944 1928 1984 ad
1949 1945 2055 1994 Virg.

295 2019 366 2057 Ge.
388 2018 416 2064 l,
446 2018 506 2055 43.
538 2016 702 2054 omnino
724 2020 807 2052 tres
829 2014 952 2052 fuisse
972 2013 1098 2051 llbros
1128 2017 1278 2050 narrat.
1344 2011 1426 2060 Ego
1456 2011 1702 2060 fragmenta,
1733 2009 1947 2060 quoniam,
1979 2020 2060 2059 quo

296 2092 486 2132 quaeque
507 2092 527 2117 e
548 2079 651 2117 libro
681 2083 842 2128 sumpta
873 2077 965 2124 sint,
998 2088 1077 2114 non
1106 2075 1246 2126 liquet,
1271 2073 1322 2113 ad
1342 2073 1628 2125 Xenophontei
1650 2071 1914 2111 Oeconomici
1943 2069 2057 2109 ordi—

245 2157 282 2185 25
296 2141 393 2182 nem
419 2142 606 2191 redigere
635 2140 797 2179 malui».
853 2140 1014 2189 Nonne.)

401 2208 533 2245 Vilicus
560 2207 706 2252 proprie
740 2207 850 2241 villae
886 2206 1106 2250 quoernator
1142 2209 1210 2244 est,
1251 2203 1343 2238 unde
1370 2207 1401 2237 et
1429 2214 1451 2236 a
1477 2202 1565 2236 villa
1597 2201 1725 2235 vilicus
1752 2211 1879 2234 nomen
1907 2200 2056 2244 accepit.

300 2268 564 2320 ()1,'xo1r0,za.m‘›;
592 2275 709 2304 autent
738 2274 811 2303 tam
837 2270 1009 2313 pecuniae
1037 2279 1145 2313 quam
1172 2268 1319 2313 sruyuin
1348 2271 1378 2300 et
1406 2267 1584 2304 onmium,
1623 2275 1714 2309 quae
1748 2264 1913 2298 dominus
1945 2263 2060 2308 possi-

298 2335 367 2379 det,
398 2335 624 2379 dispensator
651 2336 712 2367 est.
782 2330 879 2366 Unde
907 2336 937 2365 et
969 2327 1232 2379 (zz’xorosamlg
1268 2325 1551 2376 Xenophontis
1583 2327 1850 2372 pulcherrimus
1879 2325 1969 2359 liber
1995 2329 2057 2367 est,

299 2398 362 2442 qui
387 2408 459 2431 non
486 2396 779 2442 yubernationem
816 2395 941 2434 villae,
980 2395 1040 2428 sed
1077 2394 1377 2438 dispensationem
1413 2392 1601 2425 universae
1635 2391 1761 2424 domus
1799 2388 1916 2422 Tullio
1946 2389 2058 2422 inter-

250 2464 460 2505 3opretante
496 2459 688 2504 siqnilicat.
757 2455 1112 2505 (Hieronymus
1150 2453 1202 2492 ad
1239 2451 1459 2501 Algasiam.
1501 2451 1667 2496 Quaest.
1698 2449 1759 2488 VI.
1804 2448 1910 2499 Opp.
1948 2448 1991 2486 T.
2021 2448 2057 2485 4.

301 2521 341 2558 Ρ.
367 2522 399 2558 1.
431 2532 470 2571 p.
497 2519 579 2557 196.
610 2517 785 2567 Bened.)

387 2660 439 2689 ⁵29.
480 2658 581 2688 Tullio
611 2655 857 2696 interpretante]
884 2656 904 2686 i.
932 2664 961 2686 e.
995 2655 1183 2694 «quantum
1217 2652 1327 2691 colligi
1358 2651 1437 2683 licet
1473 2661 1512 2683 ex
1550 2651 1790 2692 Xenophontis
1827 2651 2062 2682 Oeconomico

302 2709 418 2742 Latine
445 2716 616 2739 converso
641 2715 659 2736 a
683 2705 825 2737 Tullion.
874 2703 961 2736 Male
993 2704 1079 2734 haec
1105 2701 1271 2734 intellexit
1295 2702 1456 2733 schottus
1481 2703 1564 2733 Nod.
1592 2701 1657 2732 Cic.
1684 2701 1716 2738 3,
1743 2701 1772 2731 7.
1802 2709 1832 2740 p.
1861 2699 1935 2737 349,
1961 2699 2062 2739 quasi

301 2758 428 2790 Tullius
454 2758 526 2797 ipse
553 2756 788 2796 inscripsisset
813 2755 905 2785 bunc
930 2753 1072 2785 librum:
1118 2753 1292 2783 Universae
1315 2752 1587 2790 dispensationem
1616 2752 1741 2781 domus.
1806 2749 1903 2788 Quod
1929 2751 2060 2787 autem,

302 2810 441 2840 notante
467 2806 681 2837 Schneidero
707 2806 739 2836 in
765 2805 941 2836 comment..
968 2804 1010 2833 acl
1035 2802 1158 2833 Colum.
1181 2802 1214 2832 L.
1236 2802 1286 2831 42.
1306 2801 1414 2840 Praef.
1435 2810 1467 2841 p.
1488 2799 1562 2838 604,
1589 2802 1711 2831 Arator
1728 2800 1761 2830 in
1781 2798 1892 2830 Praei.
1913 2797 1985 2829 Lib.
2005 2797 2059 2829 VI.

301 2857 430 2896 Speculi
461 2856 653 2887 doctrinalis
677 2854 846 2885 vincentii
879 2851 1135 2884 Bellovacensis
1169 2853 1284 2881 narrat
1309 2850 1352 2881 (le
1378 2851 1617 2890 Xenophontis
1650 2849 1883 2881 Oeconomico
1909 2848 1952 2879 ab
1980 2849 2062 2879 Hie-

301 2914 449 2945 ronymo
476 2905 592 2935 Laiine
619 2913 802 2940 converso,
831 2903 861 2934 id
887 2903 984 2933 fluxit
1010 2910 1027 2932 e
1054 2899 1143 2931 male
1171 2899 1344 2930 intellecto
1370 2900 1436 2930 hoc
1462 2901 1536 2940 ipso
1562 2900 1765 2937 Hieronymi
1792 2897 1868 2929 loco
1894 2900 1926 2929 et
1952 2896 2062 2929 altero

302 2955 461 2986 eiusdem
492 2955 534 2984 ad
563 2954 807 2984 Pammachium
831 2954 867 2983 de
891 2952 1011 2990 optimo
1041 2958 1157 2990 yenere
1187 2949 1427 2988 interpretandi
1459 2950 1543 2990 Opp.
1572 2950 1605 2980 T.
1631 2948 1685 2979 IV.
1716 2950 1748 2979 Ρ.
1777 2949 1814 2978 ll.
1842 2956 1875 2987 p.
1902 2947 1965 2977 2250
1995 2946 2062 2977 Be-

304 3004 398 3040 ned..
430 3003 490 3034 ubi
522 3012 641 3034 rursus
672 3002 895 3033 oeconomici
930 2999 1072 3031 Tulliani
1109 3000 1324 3030 mentionem
1361 2999 1451 3030 facit.
1511 3000 1677 3029 Ceterum
1703 2997 1785 3028 mihi
1812 3004 1954 3037 prorsus
1981 3004 2061 3035 per-

303 3061 445 3085 suasum
479 3055 548 3090 est,
585 3053 617 3083 in
644 3051 806 3083 omnibus
837 3051 932 3081 hisce
956 3049 1041 3080 locis
1067 3050 1111 3079 ita
1137 3050 1314 3079 versatum
1339 3056 1416 3078 esse.
1443 3046 1688 3084 Columellam,
1716 3049 1752 3077 ut
1779 3046 1958 3076 Ciceronis
1983 3044 2063 3084 qui-

304 3103 384 3134 dem
421 3102 692 3132 oeconomicum
730 3103 809 3131 ante
847 3099 966 3130 oculos
1002 3098 1167 3135 haberet,
1206 3097 1269 3127 sed
1306 3097 1348 3127 ad
1381 3099 1559 3137 proprium
1594 3105 1697 3127 suum
1732 3095 1848 3126 stilum
1886 3093 2061 3133 quaedam

304 3151 588 3183 accommodaret
613 3150 862 3191 paululumque
889 3150 1100 3179 immutaret.
1152 3148 1269 3178 Insunt
1293 3148 1386 3177 enim
1412 3147 1442 3177 in
1470 3147 1508 3176 iis
1535 3146 1675 3185 vestigia
1704 3144 1834 3184 aliquot
1858 3142 2062 3174 elocutionis

305 3203 361 3232 vix
385 3199 576 3238 Tullianae,
603 3209 634 3231 v.
662 3209 692 3230 (κ
718 3201 828 3230 valere
858 3207 938 3230 cum
969 3198 1136 3228 infinitivo
1167 3197 1426 3232 constructum,
1459 3196 1649 3235 superfieri,
1679 3194 1871 3224 ministrare
1904 3193 2059 3232 aliquem,

305 3260 467 3282 accurare
490 3252 557 3281 cet.
606 3250 692 3280 Cum
724 3249 860 3280 Nobbio
892 3249 1034 3280 secutus
1059 3254 1135 3277 sum
1161 3244 1363 3276 Schneideri
1395 3245 1662 3283 recensionem,
1690 3251 1755 3275 nec
1779 3251 1921 3274 omnem
1948 3241 2061 3274 varie-

307 3302 414 3332 tatem
441 3301 574 3339 Fragm.
600 3299 750 3330 enotavi.
800 3299 857 3330 On.
