2249 3624
629 144 715 183 Lm.
749 145 794 183 V.
835 144 930 184 CAP.
963 143 1144 184 Χ-ΧΙ,
1184 141 1243 195 §ss
1275 139 1469 182 ⁶27—302.
1854 136 1932 177 485

170 259 429 300 consuluisse
471 257 677 303 dicerent;
720 270 861 296 eorum
903 258 1012 296 enim
1045 263 1105 296 est
1142 257 1243 295 haec
1275 255 1484 309 querella,
1516 255 1587 307 qui
1619 254 1695 293 sibi
1728 254 1809 292 cari
1839 259 1935 291 sunt

172 334 349 374 seseque
382 320 570 372 diligunt.
623 322 783 366 Quare,
816 320 1192 372 quotienscumque
1225 318 1385 357 dicetur
1407 318 1510 357 male
1532 317 1624 370 quis
1647 316 1698 354 de
1721 329 1764 354 se.
1787 315 1933 354 mereri

171 384 332 437 sibique
374 382 566 422 inimicus
609 395 700 420 esse
741 388 865 434 atque
905 381 1058 426 hostis,
1101 382 1222 420 vitam
1256 381 1436 433 denique
1467 380 1628 431 sugere,
1669 378 1936 429 intellegatur

170 446 349 498 aliquam
390 445 559 482 subesse
600 444 688 482 eius
729 444 838 482 modi
881 457 1067 487 causum,
1108 449 1152 482 ut
1192 456 1242 481 ex
1275 456 1323 481 eo
1361 442 1451 494 ipso
1484 441 1667 492 intellegi
1699 440 1828 493 possit
1859 439 1935 477 sibi

172 518 382 560 quemque
416 518 506 544 esse
540 520 692 544 rarum.
755 506 820 543 230.
855 508 937 544 Nee
969 519 1066 544 vero
1100 505 1138 544 id
1172 506 1269 543 satis
1292 511 1373 549 est,
1407 504 1615 542 neminem
1638 515 1728 542 esse
1751 502 1824 555 qui
1848 502 1968 555 ipses

168 582 211 607 se
243 567 398 612 oderit,
431 567 502 605 sed
536 568 639 606 illud
673 581 840 619 quoque
874 568 1201 617 intellegendum
1235 572 1316 610 est.
1363 566 1569 605 neminem
1603 578 1695 604 esse
1727 565 1819 617 qui,
1851 577 1934 615 quo

169 628 290 668 modo
334 642 377 667 se
418 628 588 674 habeat,
632 629 733 667 nibil
777 643 850 668 sua
881 636 1049 668 censeat
1094 630 1308 667 interesse.
1369 628 1558 667 'l'olletur
1588 629 1698 667 enim
1729 628 1936 679 appetitus

166 690 312 736 animi,
345 691 400 735 si,
433 696 477 728 ut
509 691 550 728 in
584 691 633 728 iis
664 690 812 736 rebus,
845 691 952 729 inter
984 704 1087 742 quas
1121 691 1224 728 nibil
1258 691 1453 733 interest,
1486 697 1674 730 neutram
1706 691 1747 729 in
1779 694 1935 742 partem

166 754 461 806 propensiores
502 765 666 797 sumus,
709 752 806 790 item
847 753 888 790 in
933 753 1140 791 nobismet
1184 752 1309 804 ipsis,
1354 766 1477 803 quem
1518 751 1569 790 ad
1602 753 1771 792 modum
1803 750 1936 791 affecti

164 816 309 860 simus,
341 814 443 852 nihil
477 819 617 852 nostra
649 812 945 853 arbitrabimur
976 815 1192 853 interesse.
1956 825 1989 854 10

276 875 345 916 Xl.
382 877 518 928 Atque
561 874 683 914 etiam
726 875 852 921 illud,
897 876 930 914 si
974 877 1044 928 qui
1089 875 1226 914 dicere
1271 874 1392 920 velit,
1436 876 1735 927 perabsurdum
1770 878 1842 923 sit,
1885 878 1938 916 ita

164 939 278 991 diligi
310 950 332 977 a
365 950 455 976 sese
490 949 722 989 quemque,
763 943 807 976 ut
838 950 885 976 ea
918 939 978 977 vis
1013 937 1215 990 diligendi
1249 937 1300 975 ad
1333 937 1456 976 aliam
1489 951 1572 977 rem
1606 940 1843 992 quampiam
1876 952 1939 978 re-

163 1001 336 1046 feratur,
378 1012 459 1038 non
501 998 552 1037 ad
593 1011 687 1037 eum
734 999 893 1051 ipsum,
940 1000 1012 1052 qui
1053 1012 1144 1038 sese
1189 998 1346 1050 diligat.
1409 998 1498 1039 Hoc
1529 1013 1621 1039 cum
1654 1001 1696 1039 in
1728 1001 1937 1047 amicitiis,

164 1076 257 1103 cum
289 1061 330 1101 in
363 1058 538 1106 ofliciis,
580 1074 672 1099 cum
705 1060 746 1099 in
779 1062 1002 1100 virtutibus
1034 1061 1210 1107 dicitur,
1243 1061 1639 1114 quomodocumque
1673 1062 1844 1108 dicitur,
1876 1062 1938 1101 in-

162 1125 302 1177 tellegi
335 1129 492 1169 tamen,
525 1122 624 1175 quid
657 1121 836 1169 dicatur,
868 1129 1027 1176 potest,
1058 1124 1100 1162 iu
1133 1122 1344 1161 nobismet
1375 1123 1476 1175 ipsis
1508 1130 1645 1163 autem
1677 1138 1723 1164 ue
1753 1125 1936 1177 intellegi
1956 1137 1988 1164 15

161 1186 354 1240 quidem,
389 1191 427 1222 ut
460 1190 631 1238 propter
662 1184 784 1223 aliam
817 1187 1055 1239 quampiam
1088 1198 1195 1231 rem,
1237 1184 1351 1224 verbi
1385 1187 1516 1237 gratia
1548 1192 1718 1239 propter
1749 1187 1938 1241 volupta-

163 1256 266 1294 tem,
306 1262 381 1288 nos
422 1260 632 1292 amemus3
675 1253 845 1301 propter
883 1261 958 1286 nos
1003 1248 1115 1287 enim
1152 1247 1288 1294 illam,
1335 1261 1419 1287 non
1451 1254 1623 1302 propter
1653 1263 1743 1290 eam
1777 1258 1939 1289 uosmet

161 1314 272 1365 ipsos
316 1310 541 1362 diligimus.
602 1307 670 1348 31.
704 1310 968 1364 Quamquam
1012 1310 1113 1364 quid
1151 1316 1233 1356 est,
1277 1311 1391 1363 quod
1424 1312 1555 1364 magis
1588 1313 1856 1365 perspicuum
1889 1312 1940 1351 sit

161 1387 283 1427 quam
322 1386 404 1412 uon
438 1373 560 1412 modo
594 1386 736 1411 carum
768 1373 848 1412 sibi
880 1387 1116 1427 quemque,
1160 1386 1305 1412 verum
1337 1374 1462 1414 etiam
1495 1374 1764 1414 vehementer
1798 1388 1935 1414 carum

159 1438 275 1477 esse?
307 1436 401 1488 quis
425 1440 487 1474 est
509 1435 619 1474 enim
641 1439 712 1474 aut
735 1441 887 1488 quotus
911 1437 1104 1489 quisque,
1127 1435 1215 1482 cui,
1238 1449 1349 1476 mors
1372 1451 1466 1476 cum
1488 1437 1821 1490 appropinquet,
1855 1450 1936 1476 non
1954 1448 1988 1476 20

305 1497 544 1549 refugiat
576 1496 762 1536 timido
795 1511 1022 1551 sanguen
1055 1505 1215 1552 atque
1248 1501 1571 1541 exalbescat
1605 1505 1770 1542 metu?

162 1563 248 1603 Etsi
290 1561 367 1601 hoc
400 1559 569 1614 quidem
609 1564 672 1599 est
709 1560 750 1598 iu
781 1560 901 1607 viiio,
944 1561 1265 1602 dissolutionem
1297 1568 1469 1602 naturae
1502 1568 1581 1603 tam
1616 1564 1737 1604 valde
1768 1565 1939 1618 perhor-

163 1638 326 1665 rescere
357 1646 409 1652 —
442 1622 554 1677 quod
596 1624 693 1662 item
734 1629 796 1663 est
827 1623 1216 1676 reprehendendum
1252 1626 1293 1664 in
1328 1625 1473 1664 dolore
1504 1647 1577 1673 —,
1618 1627 1691 1665 sed
1724 1627 1822 1680 quia
1853 1627 1938 1667 fere

163 1689 222 1728 sic
254 1687 494 1727 afficiuntur
524 1699 688 1731 omues,
720 1686 817 1725 satis
849 1686 1082 1738 argumenti
1116 1692 1178 1725 est
1208 1687 1258 1726 ab
1290 1687 1461 1727 interitu
1493 1693 1679 1729 naturam
1702 1689 1939 1741 abhorrere,

167 1751 295 1804 idque
329 1762 411 1802 quo
446 1748 577 1800 magis
610 1748 779 1801 quidam
814 1749 869 1787 ita
900 1748 1078 1795 faciunt,
1111 1754 1156 1788 ut
1187 1750 1278 1789 iure
1303 1751 1426 1790 etiam
1450 1751 1827 1804 reprehendantur,
1858 1752 1938 1791 hoc
1955 1762 1989 1789 ἰῶ

165 1813 294 1866 magis
328 1811 658 1863 intellegendum
693 1816 756 1849 est
786 1810 889 1850 haec
921 1813 1010 1863 ipsa
1034 1811 1161 1851 nimia
1189 1813 1231 1851 in
1255 1812 1506 1865 quibusdam
1527 1813 1668 1853 futura
1692 1828 1775 1854 non
1797 1814 1938 1860 fuisse,

162 1876 242 1915 nisi
273 1874 481 1928 quaedam
515 1880 654 1913 esseut
686 1874 850 1912 modica
882 1881 1040 1914 natura.
1089 1876 1171 1914 Nec
1195 1888 1293 1915 vero
1317 1875 1410 1915 dico
1434 1889 1577 1916 eorum
1601 1882 1757 1916 metum
1782 1878 1938 1922 mortis,

159 1938 252 1991 qui,
285 1937 383 1989 quia
416 1936 570 1988 privari
605 1950 648 1975 se
685 1937 791 1975 vitae
825 1936 946 1976 bonis
978 1937 1234 1976 arbitrentur
1264 1942 1336 1977 aut
1367 1939 1464 1991 quia
1488 1938 1689 1991 quasdam
1712 1945 1806 1991 post
1832 1953 1940 1978 mor-

160 2007 241 2040 tem
282 1998 528 2038 formidines
572 1999 849 2038 extimescant
879 2004 950 2038 aut
986 2000 1019 2038 si
1052 2004 1261 2047 metuant,
1304 2013 1355 2038 ne
1389 2013 1481 2039 cum
1516 2000 1661 2040 dolore
1694 2002 1939 2047 moriantur,

157 2063 311 2102 idcirco
344 2067 518 2100 mortem
549 2061 734 2113 fugiant:
767 2061 809 2100 in
841 2063 980 2115 parvis
1014 2063 1124 2101 enim
1158 2075 1304 2114 saepe,
1338 2063 1410 2115 qui
1443 2063 1548 2102 nihil
1572 2076 1718 2102 eorum
1742 2066 1938 2116 cogitant,
1955 2074 1990 2100 30

157 2127 189 2165 si
222 2125 392 2178 quando
436 2125 486 2164 iis
527 2124 719 2164 ludentes
758 2127 961 2165 minamur
1004 2125 1353 2178 praecipitaturos
1385 2125 1601 2172 alicunde,
1643 2114 1956 2166 extimescui‘it.¹

160 2189 271 2236 Quin
305 2189 430 2228 etiam
462 2187 632 2234 ferae,
668 2188 804 2240 inquit
834 2187 1058 2234 Pacuvius,

255 2251 448 2304 quibus
480 2251 633 2290 abest
663 2251 724 2290 ad
757 2251 1192 2302 praecavendum
1226 2250 1595 2303 intellegendi
1628 2252 1846 2299 astutia,

156 2315 310 2354 iniecto
349 2319 506 2353 terrore
547 2314 691 2353 mortis
732 2313 1060 2353 horrescunt.
1120 2311 1187 2352 3⁴2.
1221 2313 1323 2360 Quis
1362 2319 1501 2352 autem
1535 2313 1585 2352 de
1626 2314 1718 2366 ipso
1751 2315 1938 2366 sapiente

157 2377 277 2416 aliter
320 2376 550 2423 existimat,
599 2376 720 2429 quin.
763 2376 889 2415 etiam
929 2389 1020 2415 cum
1067 2374 1300 2415 decreverit
1343 2389 1434 2415 esse
1475 2375 1757 2423 moriendum,
1801 2382 1988 2416 tamen35

245 2563 274 2592 t.
302 2560 434 2599 querela
459 2560 482 2591 B
498 2560 522 2590 O
550 2577 582 2580 ——
612 2560 641 2590 2.
669 2560 741 2598 quis
765 2560 802 2590 (ie
825 2569 855 2591 se
881 2561 924 2591 B:
951 2562 989 2592 (le
1012 2570 1043 2592 se
1067 2561 1140 2601 quis
1163 2562 1188 2591 O
1210 2579 1244 2583 —
1273 2562 1302 2592 3.
1329 2561 1481 2591 inimicus
1504 2569 1569 2592 esse
1588 2563 1631 2592 B:
1658 2569 1723 2592 esse
1747 2562 1898 2593 inimicus
1915 2564 1938 2593 O

159 2631 193 2635 —
214 2612 243 2644 4.
267 2611 391 2650 possint
416 2611 438 2640 B
456 2610 479 2640 E
498 2628 530 2631 —
551 2611 582 2640 5
603 2610 635 2640 id
658 2610 740 2640 salis
765 2613 808 2640 esc
826 2611 1018 2642 Manutius:
1047 2612 1079 2641 id
1103 2611 1184 2642 satis
1208 2611 1249 2646 B3
1276 2611 1356 2641 sacis
1379 2614 1422 2640 esl
1448 2610 1479 2640 id
1497 2611 1521 2639 ί)
1539 2629 1572 2633 κ
1593 2611 1624 2642 8.
1643 2612 1688 2648 si,
1714 2612 1759 2653 ut]
1785 2614 1839 2644 sed
1863 2618 1896 2643 u!
1916 2615 1937 2644 Β

159 2680 190 2683 —
211 2660 352 2700 interest]
378 2663 421 2690 ese
447 2660 469 2690 Β
498 2677 532 2682 —
560 2660 589 2690 9.
609 2669 721 2690 sumus
746 2659 953 2691 Lambinus:
980 2662 1081 2691 simus
1099 2661 1200 2691 codd.
1225 2678 1257 2680 —
1282 2662 1332 2691 tt).
1352 2669 1464 2690 sumus
1490 2661 1512 2691 E
1533 2678 1566 2682 —
1589 2662 1638 2691 tt.
1666 2662 1692 2692 si
1710 2663 1788 2702 quid
1805 2664 1835 2693 d.
1856 2665 1878 2694 Β
1896 2665 1936 2695 ii:

155 2715 180 2745 si
210 2713 283 2752 quis
309 2712 340 2742 cl.
372 2711 439 2741 ΜΟ
471 2729 499 2732 —
535 2711 610 2741 celi!
634 2711 814 2741 absurdum
839 2712 862 2742 B
890 2729 924 2732 —
958 2712 1005 2742 13.
1033 2711 1149 2751 ipsum]
1177 2712 1243 2749 ipse
1267 2712 1290 2741 B
1325 2729 1358 2732 —
1389 2710 1439 2742 tt.
1461 2713 1829 2752 qzeoquomodocmnque
1853 2715 1875 2745 Β
1902 2733 1936 2736 --

157 2765 207 2795 45.
227 2763 306 2801 ipsis
322 2765 432 2792 aulem
450 2761 493 2791 B:
521 2764 629 2791 aulem
649 2762 724 2800 ipsis
742 2764 766 2792 O
790 2779 821 2782 —
844 2771 882 2792 ne
900 2761 1039 2801 intellegi
1056 2762 1198 2799 quidem,
1218 2765 1251 2791 ul
1270 2761 1461 2791 Manutius:
1490 2761 1631 2801 intellegi
1649 2764 1776 2802 quidem
1798 2766 1886 2803 (quid
1905 2766 1937 2796 Β,

157 2812 258 2843 codd.
286 2814 371 2845 (om.
399 2819 437 2841 ne
462 2813 495 2841 et
522 2815 563 2849 ul)
592 2828 625 2832 —
656 2812 705 2842 l7.
734 2814 789 2842 not
813 2812 882 2850 (sic)
905 2815 1042 2850 propter
1066 2812 1090 2842 Ε
1120 2829 1154 2833 —
1184 2812 1234 2842 «19.
1261 2820 1363 2849 (luam
1388 2813 1410 2840 G
1438 2814 1471 2841 et.
1498 2812 1688 2843 Manutius:
1717 2822 1786 2845 om.
1814 2815 1876 2845 Bo

158 2863 212 2892 ³20.
239 2865 356 2899 quotus
380 2861 516 2898 (suisque
540 2864 583 2891 esl
607 2861 660 2891 cui
678 2878 725 2884 -—
742 2861 931 2893 e.1:albes(·ai
954 2865 1041 2892 melu
1067 2861 1197 2892 Nonius
1222 2860 1406 2892 Marcellus
1433 2870 1465 2900 p.
1492 2860 1568 2892 ⁶224.
1599 2880 1631 2884 —
1660 2863 1712 2894 ¹⁴2⁴.
1737 2864 1845 2903 suffia!
1872 2867 1939 2896 No-

157 2912 233 2942 nius
262 2928 295 2932 -
322 2919 467 2949 sanyuen
493 2911 643 2941 Nonius:
671 2912 810 2951 sanquis
835 2911 939 2942 codd.
968 2910 1110 2942 Tulliani
1139 2929 1172 2932 -
1201 2912 1254 2941 22.
1283 2912 1360 2949 quid
1385 2914 1429 2941 esi
1453 2912 1476 2941 B
1504 2929 1539 2934 —-
1567 2911 1618 2942 23.
1648 2914 1733 2944 «Pi-0
1759 2915 1844 2951 quod
1866 2915 1941 2945 ilem

156 2961 265 2992 videri
290 2961 399 3001 possit
423 2959 652 2991 scribendum
679 2962 765 3000 quod
790 2962 874 2991 idem
900 2963 948 2999 (ut
973 2962 1031 2997 ΙΙΙ,
1064 2961 1137 2998 503
1167 2960 1325 2991 eiusdem
1345 2961 1436 2991 enini
1460 2961 1509 2991 rei
1528 2962 1639 3001 magis
1657 2972 1763 3002 quani
1782 2964 1940 2995 eiusdem

158 3011 250 3041 modi
276 3010 590 3050 reprehensionem
617 3010 806 3049 significat,
834 3011 931 3041 nimii
957 3011 1150 3041 horroris.»
1177 3011 1321 3041 qumo.
1352 3027 1383 3032 —
1413 3010 1478 3049 sed]
1503 3011 1548 3041 sic
1572 3012 1596 3042 B
1624 3029 1658 3034 —
1687 3011 1739 3043 024.
1765 3013 1845 3043 satis
1869 3021 1938 3044 om.

156 3061 180 3091 B
201 3077 236 3083 —
263 3061 316 3091 ²25.
344 3060 489 3099 quidam]
516 3060 593 3098 quia
618 3061 641 3090 B
663 3077 695 3082 —-
725 3061 986 3099 reprehendatur
1009 3062 1059 3091 liic
1085 3062 1107 3091 Β
1124 3061 1147 3092 E
1170 3077 1202 3082 —
1236 3061 1287 3090 ³27.
1316 3060 1445 3090 modica
1468 3064 1595 3092 natura
1612 3066 1712 3093 essent
1728 3063 1752 3093 Β
1775 3081 1808 3085 -
1835 3062 1887 3093 30.
1909 3063 1939 3092 in

153 3111 270 3149 parvis
287 3128 335 3133 --
353 3110 578 3149 e.rli1nes(·unt]
605 3123 619 3137 υ
636 3110 702 3141 hoc
728 3112 801 3141 est:
835 3111 866 3141 in
893 3111 1008 3151 parvis
1033 3119 1141 3151 saepe
1173 3111 1207 3141 tit
1243 3112 1277 3140 ut
1310 3111 1576 3141 extimescant.»
1602 3112 1711 3142 MAnv.
1741 3128 1775 3134 —
1810 3112 1862 3142 31.
1890 3112 1938 3150 iis]

157 3160 214 3198 hys
239 3160 280 3196 B,
307 3159 354 3190 ln‘s
379 3160 403 3189 O
432 3177 465 3181 -
494 3159 627 3190 aliunde
652 3159 675 3189 B
704 3177 737 3181 —
765 3163 992 3191 eamne-scutit
1018 3161 1039 3191 B
1059 3161 1083 3191 E
1108 3178 1141 3182 —
1171 3160 1222 3190 33.
1245 3159 1360 3198 quibus
1377 3167 1458 3190 cum
1476 3160 1614 3191 Breinio
1632 3169 1650 3190 a
1668 3170 1773 3192 versu
1792 3162 1938 3192 seiunxit

159 3209 183 3239 O
203 3226 238 3231 —
267 3210 412 3239 astucius
436 3209 553 3239 iniecto
570 3209 612 3246 [33
640 3210 776 3247 astutia,
802 3209 860 3241 sibi
878 3211 996 3241 iniecto
1012 3212 1037 3241 O
1057 3228 1090 3232 —
1121 3209 1172 3241 34.
1193 3210 1378 3241 hori-oscena
1396 3211 1438 3247 ss;
1464 3210 1666 3242 horrescente
1684 3211 1707 3241 E
1727 3229 1761 3232 —
1790 3210 1841 3242 35.
1861 3210 1939 3249 quin

161 3258 243 3289 BC:
270 3258 326 3297 qui
350 3259 374 3290 O
407 3276 438 3280 —
471 3257 591 3299 lamen]
618 3267 693 3290 cum
716 3259 752 3289 B.
