2249 3624
369 147 451 190 390
966 142 1036 184 DE
1068 143 1292 184 DEORUM
1321 143 1538 184 NATURA

367 257 453 304 lus,
491 254 614 295 huius
655 251 840 304 collegae
882 255 922 291 et
960 247 1177 290 familiaris
1208 249 1343 288 nostri
1371 254 1512 302 pater,
1555 249 1707 291 dilexit
1736 252 1991 305 municipem
2021 256 2140 293 tuum

368 318 585 364 Roscium,
617 316 660 355 in
691 327 815 368 quem
848 313 971 353 etiam
1003 312 1108 352 illud
1141 318 1202 351 est
1232 311 1350 352 eius:

513 378 874 420 Constiteram
906 375 1239 415 exorientem
1269 375 1519 415 Auroram
1549 375 1698 416 forte
1729 376 1992 426 salutans,

597 441 716 480 Cum
748 439 921 479 subito
953 451 976 478 a
1006 437 1159 477 laeva
1188 437 1421 476 Roscius
1453 439 1712 478 exoritur.

339 515 359 544 5
510 504 641 544 Pace
671 502 803 542 mihi
834 501 1022 546 liceat,
1056 498 1348 545 caelestes,
1381 499 1561 539 dicere
1592 505 1789 549 vestra,

594 564 843 606 Mortalis
874 563 1050 603 visu'st
1081 561 1351 614 pulchrior
1382 575 1494 602 esse
1527 562 1636 603 deo.

367 629 475 671 Huic
506 629 584 669 deo
615 627 851 682 pulchrior:
882 631 924 665 at
946 630 1052 672 erat,
1086 624 1208 664 sicuti
1229 623 1357 664 hodie
1380 630 1463 672 est,
1495 626 1825 678 perversissimis
1849 627 1995 667 oculis.
2033 627 2146 676 Quid

366 691 512 739 refert,
544 691 578 731 si
608 691 690 730 hoc
721 689 861 742 ipsum
892 687 1049 727 salsum
1081 686 1143 726 illi
1176 691 1216 725 et
1245 691 1465 726 venustum
1487 687 1740 728 videbatur?
1772 690 1914 729 Redeo
1945 689 1996 728 ad
2030 689 2145 729 deos.

479 753 636 793 XXIX.
667 749 733 790 80.
773 751 941 803 Ecquos
982 749 1017 788 si
1055 762 1140 789 non
1172 754 1255 788 tam
1289 749 1525 796 strabones,
1557 756 1599 789 at
1628 751 1820 803 paetulos
1852 764 1944 791 esse
1976 751 2147 791 arbitra-

319 828 353 858 ιο
367 818 491 856 mur?
523 826 679 868 ecquos
700 826 878 852 naevum
899 810 1055 851 habere
1072 812 1099 850 ⁶2<
1122 823 1279 865 ecquos
1302 812 1424 859 silos,
1456 813 1628 860 flaccos,
1660 812 1892 861 frontones,
1914 814 2147 867 capitones,

367 891 476 932 quae
508 883 605 918 sunt
634 876 677 916 in
707 875 861 915 nobis?
904 887 956 914 an
989 874 1130 914 omnia
1161 874 1381 914 emendata
1412 875 1454 914 in
1485 874 1601 914 illis?
1642 875 1773 915 Detur
1803 874 1842 915 id
1876 876 2017 915 vobis:
2049 890 2148 916 num

368 940 492 981 etiam
523 953 606 980 una
637 943 699 978 est
729 938 917 978 omnium
947 936 1110 977 facies?
1149 950 1244 976 nam
1278 937 1312 976 si
1344 937 1507 989 plures,
1540 937 1663 977 aliam
1696 951 1788 978 esse
1820 938 1903 978 alia
1933 938 2150 991 pulchrio-

366 1015 454 1042 rem
485 1015 657 1042 necesse
690 1006 765 1041 est.
816 1000 949 1053 Igitur
979 1000 1132 1053 aliquis
1163 1013 1248 1039 non
1272 1000 1580 1052 pulcherrimus
1613 1000 1726 1040 deus.
1779 1001 1822 1040 Si
1855 1015 1939 1041 una
1961 1002 2147 1041 omnium

367 1064 492 1104 facies
533 1069 612 1112 est,
653 1064 803 1104 florere
843 1063 886 1101 in
919 1062 1035 1102 caelo
1068 1061 1336 1102 Academiam
1368 1075 1540 1101 necesse
1572 1068 1659 1109 est;
1695 1062 1729 1102 si
1762 1064 1872 1103 enim
1904 1063 2011 1103 nihil
2041 1063 2150 1104 inter

317 1140 352 1170 ⁴5
368 1126 491 1166 deum
533 1134 573 1165 et
613 1125 737 1166 deum
779 1125 938 1171 differt,
985 1124 1101 1163 nulla
1143 1130 1205 1164 est
1235 1124 1345 1176 apud
1379 1124 1480 1163 deos
1512 1125 1718 1177 cognitio,
1763 1125 1880 1165 nulla
1918 1126 2149 1179 perceptio.

367 1185 434 1228 84.
467 1188 609 1236 Quid?
642 1190 675 1229 si
706 1189 853 1235 etiam,
886 1187 1042 1233 Vellei,
1075 1186 1227 1226 falsum
1261 1186 1366 1225 illud
1391 1187 1562 1226 omnino
1586 1193 1669 1234 est,
1701 1188 1859 1228 nullam
1881 1188 2006 1228 aliam
2028 1189 2150 1228 nobis

368 1252 419 1291 de
452 1251 530 1291 deo
570 1251 850 1305 cogitantibus
893 1249 1075 1303 speeiem
1120 1249 1200 1288 nisi
1233 1249 1414 1288 hominis
1448 1263 1687 1296 occurrere,
1731 1256 1927 1291 tamenne
1959 1251 2038 1290 ista
2066 1257 2150 1291 tam

367 1313 550 1354 absurda
582 1314 814 1354 defendes?
859 1312 989 1351 Nobis
1019 1311 1199 1350 fortasse
1232 1312 1289 1350 sic
1322 1312 1526 1359 occurrit,
1558 1318 1605 1352 ut
1637 1312 1764 1360 dicis3
1804 1327 1827 1353 a
1863 1314 2002 1368 parvis
2039 1314 2150 1354 enim

367 1376 529 1423 Iovem,
561 1377 785 1422 Iunonem,
818 1374 1067 1421 Minervam,
1100 1375 1358 1426 Neptunum,
1391 1374 1647 1421 Vulcanum,
1679 1375 1917 1428 Apollinem
1942 1377 2152 1430 reliquos-

318 1453 354 1482 ρο
370 1451 452 1492 que
488 1439 589 1479 deos
629 1452 677 1479 ea
715 1438 821 1477 facie
853 1437 1068 1483 novimus,
1111 1449 1195 1489 qua
1225 1437 1404 1490 pictores
1437 1434 1691 1490 fictoresque
1724 1437 1970 1486 voluerunt,
2011 1452 2150 1491 neque

369 1501 505 1541 solum
537 1502 662 1548 facie,
697 1499 771 1540 sed
804 1499 929 1539 etiam
961 1504 1130 1545 ornatu,
1163 1505 1320 1545 aetate,
1354 1499 1530 1539 vestitu:
1562 1506 1603 1539 at
1630 1513 1715 1538 non
1737 1501 1933 1554 Aegyptii
1956 1515 2033 1541 nec
2056 1502 2150 1555 Syri

369 1577 445 1604 nec
474 1564 562 1605 fere
594 1569 743 1604 cuncta
774 1562 987 1609 barbaria3
1018 1561 1228 1601 firmiores
1261 1564 1370 1602 enim
1401 1562 1544 1601 videas
1576 1563 1687 1614 apud
1718 1576 1789 1602 eos
1813 1563 2035 1616 opiniones
2058 1577 2150 1603 esse

369 1626 421 1666 de
452 1626 598 1666 bestiis
630 1625 881 1679 quibusdam
905 1638 1028 1677 quain
1061 1624 1171 1678 apud
1198 1639 1273 1665 nos
1295 1625 1346 1664 de
1372 1625 1644 1664 sanctissimis
1666 1626 1832 1678 templis
1855 1632 1896 1666 et
1915 1626 2150 1666 simulacris

370 1688 560 1729 deorum.
619 1686 685 1728 8⁶2.
718 1687 885 1727 Etenim
922 1687 1019 1726 fana
1056 1687 1184 1726 multa
1215 1688 1396 1740 spoliata
1428 1693 1468 1727 et
1499 1688 1724 1728 simulacra
1754 1689 1929 1728 deorum
1962 1689 2013 1728 de
2045 1689 2149 1728 locis

319 1764 356 1794 25
369 1753 642 1792 sanctissimis
674 1750 813 1791 ablata
844 1749 1035 1789 videmus
1067 1762 1091 1788 a
1122 1751 1297 1798 nostris3
1330 1756 1372 1790 at
1404 1763 1502 1790 vero
1535 1764 1587 1790 ne
1613 1750 1740 1790 fando
1764 1752 1936 1804 quidem
1958 1751 2151 1790 auditum

369 1819 432 1854 est
469 1814 723 1855 crocodilum
755 1817 826 1853 aut
856 1813 956 1852 ibim
989 1817 1059 1851 aut
1094 1811 1245 1852 faelem
1278 1813 1479 1853 violatum
1511 1813 1561 1852 ab
1594 1813 1814 1867 Aegyptio.
1868 1813 1981 1861 Quid
2023 1813 2153 1865 igitur

367 1879 548 1917 censes?
591 1876 715 1929 Apim
745 1876 886 1923 illum,
928 1881 1118 1915 sanctum
1151 1876 1448 1929 Aegyptiorum
1481 1876 1652 1922 bovem,
1685 1889 1825 1915 nonne
1859 1876 1982 1916 deum
2016 1875 2149 1916 videri

365 1939 614 1993 Aegyptiis?
645 1944 727 1978 tam
760 1938 926 1986 hercle,
959 1951 1085 1991 quam
1113 1937 1186 1977 tibi
1208 1938 1319 1977 illam
1343 1944 1522 1978 vestram
1546 1939 1777 1992 Sospitam,
1813 1951 1939 1992 quam
1963 1943 2005 1978 tu
2031 1952 2152 1978 num-

369 2015 494 2056 quam
533 2015 586 2041 ne
627 2001 670 2041 in
709 2002 866 2041 somnis
908 2001 1080 2054 quidem
1120 2001 1234 2040 vides
1273 2001 1352 2041 nisi
1386 2015 1480 2041 cum
1512 2001 1623 2054 pelle
1655 2001 1844 2055 caprina,
1889 2014 1982 2040 cum
2014 2001 2149 2048 hasta,

316 2078 354 2108 30
368 2078 461 2105 cum
493 2063 677 2112 scutulo,
709 2077 804 2103 cum
836 2063 1030 2103 calceolis
1062 2064 1273 2116 repandis.
1322 2066 1373 2104 At
1405 2078 1486 2104 non
1511 2070 1573 2103 est
1600 2064 1694 2103 talis
1717 2063 1842 2116 Argia
1864 2076 1941 2103 nec
1963 2064 2151 2103 Romana

368 2128 486 2168 Iuno.
529 2128 640 2180 Ergo
680 2126 762 2166 alia
793 2127 954 2179 species
987 2127 1158 2166 lunonis
1190 2127 1374 2179 Argivis,
1415 2127 1496 2166 alia
1528 2126 1779 2173 Lanuvinis,
1820 2126 1903 2164 alia
1932 2126 2056 2165 nobis.
2100 2125 2153 2166 Et

369 2190 539 2244 quidem
571 2190 653 2229 alia
684 2189 806 2229 nobis
832 2188 1076 2241 Capitolini,
1110 2190 1191 2229 alia
1213 2189 1322 2229 Afris
1355 2189 1599 2228 Hammonis
1633 2189 1755 2228 lovis.
1811 2189 1944 2227 XXX.
1968 2186 2035 2227 83.
2058 2190 2150 2228 Non

369 2252 499 2305 pudet
536 2253 665 2305 igitur
704 2251 940 2305 physicum,
984 2251 1026 2290 id
1069 2258 1131 2291 est
1167 2252 1470 2305 speculatorem
1508 2257 1829 2304 venatoremque
1862 2256 2057 2298 naturae,
2099 2251 2151 2290 ab

369 2316 517 2355 animis
541 2314 848 2355 consuetudine
870 2314 1026 2353 inbutis
1051 2320 1194 2367 petere
1220 2314 1508 2353 testimonium
1532 2314 1748 2353 veritatis?
1780 2314 1864 2352 Isto
1891 2314 2002 2353 enim
2024 2313 2151 2354 modo

319 2377 510 2418 aedicere
541 2377 681 2417 licebit
711 2378 851 2417 Iovem
883 2390 1049 2430 semper
1077 2377 1312 2423 barbatum,
1348 2377 1587 2429 Apollinem
1610 2389 1777 2429 semper
1799 2376 2027 2423 inberbem,
2060 2389 2152 2415 cae-

370 2439 454 2479 sios
498 2439 643 2480 oculos
685 2440 920 2486 Minervae,
967 2440 1180 2479 caeruleos
1228 2452 1318 2478 esse
1363 2439 1560 2491 Neptuni.
1624 2439 1676 2478 Et
1717 2439 1888 2492 quidem
1931 2438 2150 2478 laudamus

456 2577 487 2608 3.
513 2579 728 2616 eaeurqenlem
758 2575 813 2616 (ur
837 2576 870 2607 in
896 2584 965 2607 ras.
993 2584 1039 2607 m.
1068 2577 1152 2615 sec.)
1183 2578 1227 2613 A;
1265 2576 1436 2607 exoriente
1474 2576 1536 2607 CE
1571 2594 1604 2598 —
1643 2576 1728 2615 forte
1756 2584 1837 2606 corr
1880 2584 1921 2606 ex
1950 2578 2037 2606 sorle
2063 2575 2087 2606 B
2115 2591 2150 2597 —

370 2627 402 2659 6.
425 2627 542 2658 visu’sc
565 2627 728 2659 Ursinus:
754 2627 846 2657 uisus
872 2624 901 2658 Ἣ
932 2643 966 2647 —-
994 2627 1025 2657 7,
1053 2626 1110 2656 deo
1136 2625 1185 2658 ⁸21:
1226 2626 1279 2656 ille
1305 2626 1363 2656 deo
1389 2626 1413 2656 O
1438 2643 1481 2648 —
1513 2629 1548 2656 al
1571 2625 1654 2665 crat]
1681 2626 1798 2655 adcral
1824 2626 1847 2655 A
1863 2625 1886 2655 Β
1902 2625 1926 2656 Ε
1946 2642 1979 2646 -
2007 2625 2103 2656 siculi
2125 2626 2151 2656 A

370 2676 447 2707 BE:
474 2678 556 2708 sicul
580 2678 642 2709 CE
670 2696 706 2702 —
728 2679 896 2718 peruersis
921 2679 1107 2719 (superscr.
1136 2678 1236 2716 simis)
1264 2679 1286 2709 B
1316 2695 1346 2699 ψ
1377 2678 1408 2709 8.
1434 2676 1558 2717 falsum
1584 2676 1606 2707 C
1623 2676 1647 2706 E
1676 2693 1710 2697 —
1739 2674 1768 2706 9.
1797 2683 1915 2713 ecquos
1943 2675 2045 2715 (corr.
2066 2683 2106 2705 ex
2124 2677 2152 2704 el

371 2730 460 2765 quos)
486 2727 508 2758 B
526 2735 531 2756 t
559 2731 588 2758 el
612 2736 693 2766 quos
715 2730 741 2760 A
756 2729 779 2759 C
796 2729 819 2759 E
847 2744 882 2749 -—
912 2728 963 2758 stO.
990 2736 1107 2765 ecquos
1123 2746 1139 2750 -
1154 2745 1170 2750 —
1189 2736 1306 2766 ecquos
1326 2730 1351 2758 A
1366 2725 1426 2757 B‘2:
1453 2729 1565 2765 ecquos
1581 2743 1598 2747 —
1614 2728 1729 2764 elquos
1755 2724 1789 2754 Β1
1805 2725 1828 2755 C
1847 2724 1870 2755 E
1892 2741 1925 2746 —
1955 2725 2005 2756 212.
2025 2728 2070 2756 es!
2085 2732 2153 2754 una

372 2777 396 2808 O
429 2793 462 2797 —
496 2785 575 2807 nam
599 2781 628 2808 et
651 2778 677 2809 si
702 2779 725 2809 B
754 2796 787 2801 —-
820 2778 871 2809 ⁴8.
902 2779 975 2809 deos
999 2787 1091 2809 corr.
1119 2778 1152 2809 in
1178 2779 1255 2808 (leus
1280 2779 1302 2808 B
1331 2795 1364 2798 -
1395 2777 1447 2807 46.
1475 2776 1552 2815 quid
1576 2776 1603 2805 si
1628 2775 1676 2806 E:
1703 2775 1790 2814 quod
1812 2776 1838 2805 si
1866 2775 1954 2812 AC;
1983 2776 2052 2814 Ouo
2075 2776 2102 2805 si
2126 2774 2148 2805 B

374 2842 409 2848 —
437 2826 528 2857 uobis
551 2827 575 2858 C
605 2845 639 2850 —
665 2828 717 2859 ⁴8.
744 2828 916 2867 defendens
940 2826 969 2859 Qt
990 2845 1024 2849 —
1051 2828 1096 2858 sic
1120 2829 1168 2858 B:
1195 2829 1222 2858 si
1246 2829 1268 2858 A
1288 2828 1310 2857 C
1330 2828 1354 2858 E
1374 2844 1409 2848 —
1436 2836 1457 2857 α
1482 2826 1600 2865 parvis
1623 2826 1708 2856 enim
1728 2824 1880 2856 Klotzius
1903 2826 1936 2855 et
1958 2824 2150 2863 Madvigius

374 2875 463 2915 (coll.
481 2878 583 2917 Legg.
603 2879 628 2908 11
654 2877 671 2917 ἓ
690 2878 742 2917 SD:
770 2878 969 2917 apparuisse
987 2876 1015 2909 *21
1033 2887 1039 2909 :
1068 2885 1138 2908 om.
1159 2878 1183 2907 O
1205 2895 1239 2899 —
1266 2877 1315 2907 ⁴9.
1338 2878 1488 2907 iunonem
1506 2884 1575 2906 om.
1598 2876 1621 2907 C
1644 2893 1676 2896 —
1699 2875 1898 2913 appollinem
1916 2878 1960 2911 A3
1988 2873 2152 2913 appolline

372 2928 397 2959 E
417 2944 454 2950 —
472 2928 679 2968 reliquosque
701 2929 727 2959 A
741 2928 788 2959 B:
815 2928 958 2967 reliquos
983 2928 1006 2958 C
1023 2928 1046 2958 E
1062 2928 1097 2959 O.
1126 2927 1211 2958 Vide
1231 2927 1273 2957 ad
1292 2936 1324 2967 p.
1345 2927 1418 2963 335,
1439 2926 1469 2957 3.
1494 2944 1529 2948 -
1550 2926 1601 2956 22.
1620 2926 1781 2965 firmioris
1805 2922 1843 2955 Α1
1859 2925 1882 2955 C
1900 2924 1922 2954 E
1943 2941 1977 2945 —
2004 2931 2056 2954 eos
2079 2922 2151 2961 opi-

369 2978 663 3015 m'ones--quam
693 2978 783 3017 apud
813 2985 884 3008 om.
912 2978 935 3008 C
965 2994 1000 2999 -
1034 2985 1089 3007 eas
1126 2977 1149 3007 B
1178 2995 1214 3001 --
1240 2976 1293 3008 24.
1319 2977 1425 3006 mulla
1457 2976 1643 3014 eaespolz‘ala
1674 2975 1698 3004 O
1736 2991 1769 2995 —
1799 2974 1851 3004 ς25.
1879 2970 2025 3013 nefanda
2053 2967 2092 3010 (ἆ
2115 2971 2149 3002 in

374 3036 442 3058 ras.
469 3035 515 3058 m.
542 3035 612 3057 sec.
640 3028 725 3066 rec.)
750 3029 777 3058 A
805 3045 839 3049 —-
867 3027 985 3057 auditu
1008 3029 1033 3057 A
1050 3027 1072 3057 B
1100 3043 1136 3048 -
1163 3026 1217 3056 ⁶26.
1244 3026 1444 3057 crocodilum
1469 3028 1491 3056 A
1509 3026 1532 3055 B
1549 3026 1572 3056 C
1601 3024 1675 3063 (sed
1702 3025 1734 3054 in
1759 3023 1782 3054 B
1810 3021 1944 3053 litterae
1968 3030 2006 3051 ro
2030 3029 2048 3050 a
2077 3027 2148 3052 sec,

374 3086 421 3109 m.
442 3078 486 3108 ita
504 3078 657 3108 mutatae
676 3078 768 3115 sunt,
794 3076 931 3117 utquid
951 3075 1098 3107 voluerit
1114 3074 1276 3107 librarius
1295 3076 1449 3115 dignosci
1471 3076 1643 3114 nequeat,
1679 3075 1711 3104 et
1736 3074 1816 3113 post
1839 3073 1859 3102 d
1883 3078 2058 3111 superscr.
2085 3068 2147 3108 rl):

375 3127 588 3159 crocodillum
611 3127 635 3157 E
660 3144 695 3148 —
717 3126 784 3157 ibin
807 3129 834 3158 A
854 3144 889 3149 —
915 3127 1009 3166 felem
1033 3127 1057 3157 Ο
1076 3143 1111 3148 -
1133 3129 1270 3164 aeqypto
1297 3126 1318 3155 B
1335 3127 1377 3162 (j,
1404 3128 1520 3163 egyysplo
1547 3126 1588 3161 A,
1616 3123 1723 3163 eyiplo
1749 3122 1771 3153 E
1792 3138 1827 3143 —
1855 3122 1908 3152 27.
1935 3128 2042 3151 censes
2065 3117 2152 3158 apud

376 3178 503 3209 nullum
521 3177 544 3208 C
566 3194 601 3199 -—
624 3176 676 3208 30.
696 3180 730 3207 al
747 3186 836 3208 corr.
857 3186 898 3208 ex
916 3178 959 3207 ad
976 3178 999 3208 B
1021 3194 1054 3198 —-
1073 3176 1197 3216 Argiva
1214 3176 1251 3206 O.
1280 3176 1329 3207 Cf.
1350 3184 1382 3215 p.
1403 3174 1477 3211 0248,
1499 3175 1549 3205 ⁴0.
1572 3191 1606 3195 -—
1633 3174 1683 3204 34.
1705 3172 1850 3203 lanuinis
1866 3172 1892 3202 A
1906 3171 1930 3202 B
1946 3168 2005 3206 C¹;
2031 3168 2152 3200 lauinis

377 3228 425 3264 E;
451 3227 566 3258 latinis
583 3225 622 3257 C2
639 3243 673 3248 -
693 3227 762 3258 alia
784 3227 875 3258 nobis
898 3228 1061 3260 Ursinus:
1090 3234 1158 3257 om.
1180 3225 1206 3258 <21
1222 3226 1246 3257 Ο
1266 3243 1300 3247 -
1329 3225 1380 3256 32.
1408 3224 1575 3256 Ammonis
1600 3225 1622 3254 B
1638 3224 1662 3254 O
1684 3241 1717 3244 -
1745 3222 1797 3254 33.
1817 3224 2111 3259 uenerator-amque
2125 3217 2149 3249 B

382 3295 417 3301 —
443 3276 495 3309 35.
522 3276 721 3316 appollinem
743 3278 770 3308 A
784 3277 809 3309 E
827 3294 862 3300 —
890 3277 942 3309 36.
969 3280 997 3308 el
1020 3276 1054 3308 in
1078 3284 1148 3308 ras.
1166 3277 1194 3307 A
1215 3293 1248 3297 —-
1268 3275 1443 3306 laudamus
1466 3283 1532 3306 csse
1548 3274 1673 3305 athenis
1689 3271 1739 3310 ⁵213
1769 3272 1899 3304 Athenis
1915 3271 2091 3302 laudamus
2105 3269 2143 3300 Ο.
