2249 3624
292 157 374 199 734
1013 156 1085 195 DE
1117 155 1343 196 OFFICIIS

292 266 489 307 videntur
519 276 633 310 esse,
673 260 932 314 temporibus
973 258 1078 300 fiunt
1116 274 1201 301 non
1239 260 1430 300 honesta.
1499 260 1654 299 Facere
1684 258 1910 312 promissa,
1952 263 2061 301 stare

293 327 536 373 conventis,
575 325 751 365 reddere
783 323 972 376 deposita
1003 327 1257 363 commutata
1286 321 1467 361 utilitate
1498 321 1604 360 fiunt
1635 333 1720 360 non
1751 320 1942 362 honesta.
2001 324 2061 364 Ac

293 392 345 431 de
375 390 426 430 iis
458 388 643 442 quidem,
676 399 783 439 quae
815 385 1011 426 videntur
1042 399 1135 426 esse
1165 385 1367 424 utilitates
1400 388 1545 424 contra
1570 383 1772 424 iustitiam
1795 385 2062 425 simulatione

292 451 556 507 prudentiae,
587 449 687 489 satis
719 447 897 487 arbitror
928 447 1098 487 dictum.

259 526 279 554 5
405 512 471 552 96.
512 513 594 552 Sed
630 512 831 565 quoniam
863 524 886 550 a
917 516 1116 564 quattuor
1146 508 1333 551 fontibus
1365 508 1599 549 honestatis
1621 509 1755 562 primo
1787 509 1892 550 libro
1925 507 2063 550 officia

292 578 507 623 duximus,
538 575 581 614 in
613 574 772 615 eisdem
804 586 1040 620 versemur,
1073 587 1167 613 cum
1201 573 1444 614 docebimus
1477 585 1547 618 ea,
1579 585 1688 624 quae
1720 572 1941 612 videantur
1971 585 2062 612 esse

289 642 409 682 utilia
438 650 576 691 neque
609 637 705 683 sint,
739 649 863 690 quam
897 636 980 675 sint
1012 636 1177 676 virtutis
1209 636 1392 675 inimica.
1441 632 1515 688 [Ac
1547 634 1599 674 de
1631 633 1855 687 prudentia
1876 634 2063 688 quidem,

289 716 414 758 quam
445 701 536 742 vult
564 700 719 740 imitari
750 698 928 738 malitia.
974 698 1157 750 itemque
1197 698 1248 738 de
1279 698 1461 745 iustitia,
1503 710 1610 751 quae
1644 710 1811 749 semper
1841 701 1905 736 est
1935 695 2064 743 utilis,

288 768 547 820 disputatum
580 767 656 802 est.
716 762 920 814 Reliquae
962 766 1058 800 sunt
1100 760 1208 800 duae
1246 765 1385 813 partes
1426 758 1683 806 honestatis,
1724 772 1903 812 quarum
1934 758 2066 798 altera

235 830 327 870 toin
358 827 487 869 animi
519 825 768 865 excellentis
800 823 1089 876 magnitudine
1122 829 1162 863 et
1193 822 1447 875 praestantia
1479 821 1687 868 cernitur,
1730 821 1861 862 altera
1892 822 1935 861 in
1967 834 2066 861 con-

284 891 534 932 formatione
567 893 608 928 et
638 887 932 928 moderatione
964 886 1246 926 continentiae
1279 891 1320 925 et
1350 881 1684 938 temperantiae]

396 951 549 993 XXVI.
594 949 661 990 97.
702 950 812 990 Utile
843 949 1066 988 videbatur
1097 949 1231 996 Ulixi,
1273 953 1319 987 ut
1349 947 1519 1002 quidem
1550 951 1703 999 poetae
1734 946 1880 998 tragici
1923 946 2066 999 prodi-

285 1018 435 1057 derunt
464 1039 519 1046 —-
549 1027 645 1054 nam
676 1011 789 1065 apud
820 1012 1050 1050 Homerum
1084 1017 1302 1064 optumum
1334 1015 1549 1049 auctorem
1581 1009 1677 1049 talis
1710 1010 1761 1049 de
1793 1009 1915 1049 Ulixe
1947 1009 2064 1050 nulla

286 1079 465 1133 suspitio
498 1082 574 1124 est,
606 1075 679 1116 sed
711 1074 955 1114 insimulant
986 1087 1082 1113 eum
1104 1074 1345 1125 tragoediae
1370 1072 1639 1112 simulatione
1661 1071 1851 1112 insaniae
1872 1071 2065 1111 militiam

236 1141 578 1193 45subterfugere
616 1138 824 1177 voluisse:
873 1149 957 1175 non
1001 1136 1223 1175 honestum
1264 1136 1498 1176 consilium.
1569 1136 1647 1175 «At
1676 1135 1782 1175 utile
1815 1131 1877 1189 [ut
1907 1134 2063 1188 aliquis

284 1205 461 1245 fortasse
493 1197 663 1253 dixerit]
706 1212 880 1252 regnare
921 1204 961 1237 et
999 1199 1163 1237 Ithacae
1196 1197 1337 1238 vivere
1370 1198 1506 1237 otiose
1538 1211 1632 1238 cum
1664 1198 1931 1250 parentibus,
1971 1211 2065 1237 cum

286 1280 444 1315 uxore,
485 1278 581 1304 cum
612 1263 715 1303 filio.
775 1261 914 1301 Ullum
957 1266 1001 1300 tu
1041 1259 1170 1299 decus
1210 1260 1253 1299 in
1285 1260 1510 1300 cotidianis
1541 1260 1754 1300 laboribus
1787 1265 1828 1299 et
1858 1260 2061 1313 periculis

288 1344 382 1370 cum
418 1329 497 1369 hac
537 1324 844 1379 tranquillitate
888 1322 1190 1362 conferendum
1234 1326 1409 1376 putas‘l»
1474 1324 1562 1376 Ego
1594 1336 1691 1363 vero
1723 1323 1845 1362 istam
1877 1326 2066 1362 contem-

287 1390 468 1433 nendam
500 1396 541 1431 et
571 1389 856 1434 abiciendam,
899 1388 1100 1440 quoniam
1141 1400 1248 1439 quae
1291 1386 1467 1426 honesta
1504 1399 1589 1426 non
1629 1386 1683 1425 sit
1713 1399 1765 1425 ne
1797 1385 1943 1425 utilem
1975 1385 2068 1438 qui-

237 1469 274 1499 20
289 1455 383 1496 dem
415 1468 506 1495 esse
538 1454 730 1493 arbitror.
802 1449 868 1489 98.
911 1450 1025 1499 Quid
1066 1450 1176 1489 enim
1217 1450 1458 1489 auditurum
1491 1454 1612 1502 putas
1642 1448 1774 1488 fuisse
1807 1448 1991 1495 Ulixem,
2034 1446 2067 1486 si

288 1519 332 1558 in
363 1518 435 1558 illa
466 1516 733 1557 simulatione
764 1512 1149 1568 perseveravisset?
1195 1512 1289 1565 qui,
1330 1525 1422 1551 cum
1465 1512 1669 1551 maximas
1708 1525 1775 1551 res
1817 1510 1993 1563 gesserit
2023 1509 2066 1548 in

289 1581 426 1629 bello,
457 1584 597 1620 tamen
627 1578 730 1617 haec
762 1575 905 1615 audiat
934 1574 985 1614 ab
1015 1574 1165 1614 Aiace:

520 1640 675 1680 Cuius
708 1639 817 1692 ipse
849 1638 1091 1691 princeps
1125 1636 1250 1676 iuris
1281 1636 1485 1677 iurandi
1515 1635 1637 1683 fuit,

520 1701 665 1752 Quod
698 1715 870 1741 omnes
903 1700 1075 1746 scitis,
1108 1699 1245 1739 solus
1277 1699 1510 1752 neglexit
1540 1699 1707 1738 fidem.

239 1784 276 1813 ‘25
515 1767 703 1806 Furere
735 1763 1070 1809 adsimulare,
1104 1776 1159 1801 ne
1191 1762 1374 1809 coiret,
1406 1762 1616 1802 institit.

518 1827 661 1877 Quod
693 1827 742 1866 ni
776 1826 1026 1866 Palamedi
1060 1825 1332 1878 perspicax
1362 1825 1636 1877 prudentia

516 1891 673 1931 Istius
706 1893 977 1942 percepset
1009 1887 1312 1927 malitiosam
1345 1887 1631 1934 audaciam,

518 1952 639 1992 Fide
672 1956 900 1992 sacratae
933 1951 1009 1989 ius
1042 1955 1292 2003 perpetuo
1324 1947 1547 1990 falleret.

293 2017 360 2059 99.
400 2017 466 2057 Illi
498 2030 597 2056 vero
629 2028 713 2054 non
745 2014 871 2053 modo
905 2026 998 2053 cum
1029 2013 1244 2060 hostibus,
1288 2026 1431 2052 verum
1476 2013 1599 2052 etiam
1643 2025 1735 2051 cum
1768 2011 1984 2058 fluctibus,
2025 2010 2069 2051 id

241 2096 279 2125 3ο
294 2081 405 2136 quod
438 2080 549 2127 fecit,
582 2078 780 2117 dimicare
812 2076 960 2116 melius
991 2075 1069 2115 fuit
1101 2088 1225 2128 quam
1257 2075 1452 2115 deserere
1485 2074 1819 2114 consentientem
1853 2074 2069 2113 Graeciam

292 2146 344 2185 ad
383 2143 541 2184 bellum
579 2141 770 2181 barbaris
802 2139 1082 2179 inferendum.
1145 2138 1226 2177 Sed
1259 2138 1497 2177 omittamus
1530 2142 1571 2176 et
1600 2136 1762 2176 fabulas
1794 2142 1834 2176 et
1866 2142 2066 2176 externa:

292 2207 345 2248 ad
377 2220 463 2246 rem
494 2205 646 2244 factam
677 2207 946 2255 nostramque
978 2201 1208 2241 veniamus.
1277 2202 1331 2241 M.
1363 2200 1518 2239 Atilius
1550 2198 1757 2252 Regulus,
1798 2212 1892 2238 cum
1924 2197 2070 2238 consul

293 2271 444 2310 iterum
476 2269 519 2307 in
551 2267 688 2307 Africa
719 2279 770 2305 ex
804 2265 966 2304 insidiis
999 2269 1145 2316 captus
1178 2268 1289 2303 esset
1320 2263 1426 2302 duce
1454 2262 1699 2314 Xanthippo
1722 2261 2069 2307 Lacedaemonio,

292 2334 544 2386 imperatore
585 2335 722 2370 autem
764 2333 880 2381 patre
924 2327 1169 2366 Hannibalis
1210 2326 1471 2371 Hamilcare,
1517 2325 1678 2364 iuratus
1720 2323 1873 2364 missus
1915 2328 1979 2363 est
2017 2322 2069 2363 ad

243 2408 281 2438 35
296 2399 511 2441 senatum,
555 2397 620 2439 ut,
652 2391 732 2431 nisi
766 2390 919 2430 redditi
952 2394 1092 2429 essent
1124 2389 1274 2428 Poenis
1306 2386 1458 2439 captivi
1490 2387 1652 2427 nobiles
1684 2386 1880 2440 quidam,
1913 2385 2070 2426 rediret

295 2458 388 2511 ipse
418 2455 732 2508 Karthaginem.
792 2454 830 2492 Is
863 2466 955 2492 cum
990 2453 1163 2491 Romam
1195 2451 1404 2498 venisset,
1442 2450 1632 2491 utilitatis
1673 2449 1856 2503 speciem
1887 2448 2068 2496 videbat,

384 2598 414 2630 A.
438 2596 533 2637 fiunt]
559 2598 633 2627 sunt
657 2603 675 2626 c
713 2611 747 2616 —
785 2593 896 2634 facere
917 2592 1095 2632 promissa,
1121 2596 1234 2624 astare
1257 2593 1437 2631 conventis,
1462 2592 1598 2623 reddere
1621 2591 1766 2630 deposita
1789 2590 1920 2622 Nonius
1944 2598 1977 2630 p.
1994 2588 2069 2620 394.

299 2664 333 2670 -—
361 2647 392 2679 3.
418 2648 458 2678 iis
482 2648 505 2678 B
521 2646 560 2677 b:
587 2646 636 2677 his
660 2645 734 2682 Ha,
761 2644 824 2682 lu'J's
848 2651 866 2674 c
893 2660 927 2664 —
955 2643 986 2674 5.
1013 2652 1035 2673 α
1059 2646 1285 2682 quattuor--
1301 2643 1461 2674 duximus
1484 2643 1615 2673 Nonius
1641 2650 1674 2681 p.
1690 2641 1766 2672 283.
1793 2657 1828 2661 -
1861 2639 1902 2670 ab
1926 2641 2072 2678 quatuor

297 2705 315 2728 c
343 2716 377 2720 —
404 2697 434 2728 6.
453 2697 487 2727 in
504 2696 618 2735 iJ‘sdcm
641 2702 659 2725 c
683 2712 727 2717 —-
749 2702 921 2725 uersentur
946 2693 992 2724 C:
1019 2692 1228 2724 versabimur
1252 2701 1271 2724 o
1301 2710 1334 2714 —
1361 2693 1540 2723 uideantur
1562 2693 1588 2723 A
1604 2691 1628 2721 B
1644 2692 1669 2722 H
1685 2691 1756 2722 ab:
1782 2689 1939 2720 uidentur
1962 2695 2010 2719 co
2032 2706 2067 2711 —

295 2748 327 2778 7.
352 2756 456 2786 neque
478 2747 541 2777 sint
566 2747 611 2777 C:
637 2753 741 2783 neque
763 2747 837 2775 sunt
862 2751 880 2774 o
920 2760 954 2764 —
993 2751 1094 2781 quam
1118 2743 1181 2773 sint
1206 2751 1276 2774 om.
1296 2750 1314 2772 c
1343 2760 1377 2764 —
1404 2740 1583 2772 uirtutibus
1606 2739 1688 2777 Ab3
1714 2739 1834 2770 uirtuti
1858 2746 1876 2770 c
1902 2755 1937 2760 —
1965 2739 2010 2770 Ac
2033 2738 2072 2769 de

292 2798 531 2837 prudentiam
548 2799 578 2827 et
601 2795 838 2833 temperantiae
862 2793 979 2833 spuria
1006 2801 1084 2823 esse
1110 2792 1228 2823 docuit
1253 2793 1377 2831 Unger.
1408 2809 1443 2813 —
1471 2791 1502 2822 8.
1527 2791 1618 2821 utilis
1641 2794 1686 2821 esc
1711 2790 1737 2821 H
1765 2807 1799 2811 —
1828 2789 1858 2820 9.
1885 2792 1930 2821 est
1954 2797 2024 2820 om.
2042 2787 2071 2819 H

298 2864 334 2870 —
364 2848 415 2878 ⁴0.
442 2845 690 2887 confirmatione
714 2845 771 2875 Ac
800 2861 834 2866 —
863 2843 915 2874 Μ.
936 2842 1071 2881 suspitio
1098 2842 1121 2872 Η
1137 2850 1173 2872 a:
1200 2842 1341 2880 suspicio
1364 2842 1390 2872 Α
1405 2841 1428 2872 Β
1443 2841 1463 2872 b
1480 2848 1498 2871 c
1513 2848 1531 2871 o
1560 2858 1594 2861 —
1623 2840 1675 2870 115.
1702 2841 1738 2870 at
1761 2847 1852 2870 corr.
1873 2847 1915 2869 ex
1940 2841 1998 2869 auc
2021 2838 2067 2874 Ας

296 2900 355 2928 aut
378 2895 400 2926 b
437 2913 472 2917 —
510 2898 545 2926 uc
569 2895 691 2935 aliquis
714 2894 855 2933 fortasse
879 2893 1000 2923 dixerit
1031 2892 1099 2922 inni
1133 2892 1338 2922 lleumanno
1372 2892 1406 2921 et
1430 2892 1476 2921 10.
1496 2891 1540 2921 M.
1560 2890 1778 2928 Heusingero
1810 2889 1973 2929 suspecta
2004 2894 2070 2926 ego

297 2945 444 2981 seclusi;
470 2948 517 2981 ut,
544 2944 638 2985 quod
662 2944 801 2984 punctis
828 2944 985 2973 notatum
1011 2943 1064 2972 cst
1089 2941 1119 2971 in
1146 2943 1190 2977 Α,
1219 2940 1410 2971 delendum
1436 2940 1574 2971 censuit
1600 2939 1790 2975 Ernestius,
1817 2936 1880 2968 sed
1904 2937 1954 2968 sic
1979 2944 2071 2975 quo-

298 3004 366 3035 que
392 2993 551 3034 displicet
576 2993 769 3024 verborum
794 2992 893 3023 ordo.
937 3010 964 3014 —
1009 2991 1059 3021 1¹7.
1087 2994 1115 3021 el
1138 2990 1295 3029 periculis
1319 2998 1389 3020 orn.
1411 2990 1437 3020 ll
1476 3007 1510 3011 —
1550 2989 1601 3020 48.
1629 2987 1862 3027 conferendum
1885 2995 1955 3017 om.
1977 2985 2004 3016 H
2032 3001 2066 3007 —-

297 3045 350 3076 20.
377 3044 502 3075 ulioeem
523 3043 621 3082 fuisse
645 3051 663 3073 c
702 3060 736 3064 —
777 3043 829 3073 ⁶2¹.
853 3043 1097 3080 perseuerasset
1122 3048 1140 3070 c
1178 3057 1213 3061 ——
1250 3040 1303 3071 ⁶23.
1331 3040 1383 3070 cui
1406 3041 1475 3079 ipse
1499 3047 1520 3070 a
1547 3056 1582 3061 —
1614 3037 1667 3069 24.
1693 3038 1875 3078 neyleoeerit
1899 3037 1923 3067 B
1951 3053 1986 3058 --
2013 3035 2066 3066 25.

298 3093 493 3124 assimulare
517 3100 552 3122 e:
580 3092 784 3123 aclsimilauit
810 3092 845 3129 Β,
872 3091 1091 3122 αάεὶνηηίαῑιὶι
1116 3090 1154 3127 ll,
1183 3089 1390 3120 assimulauic
1413 3087 1509 3119 Aah
1535 3105 1577 3110 ——
1601 3087 1654 3119 26.
1675 3087 1846 3126 palamcdi
1870 3086 1949 3117 BH:
1972 3084 2070 3123 pala-

298 3143 399 3174 medis
421 3143 515 3174 Aah
531 3150 580 3173 co
610 3160 644 3163 —
672 3142 725 3173 ⁶27.
750 3142 943 3181 percepisset
969 3141 992 3171 C
1020 3140 1063 3179 (in
1089 3140 1112 3170 Β
1140 3140 1257 3170 tamen
1282 3138 1394 3169 littera
1420 3138 1432 3168 i
1456 3146 1555 3169 crasa
1583 3136 1730 3175 videtur)
1760 3154 1795 3158 —
1823 3134 2001 3166 audaciam
2019 3134 2063 3164 C:

299 3193 458 3224 astutiam
480 3191 546 3222 alii.
585 3208 619 3212 —
659 3192 712 3222 ⁶28.
737 3192 800 3230 fide
824 3192 850 3222 Α
866 3192 887 3221 Β
904 3191 929 3221 ΙΙ
946 3198 982 3220 c:
1019 3190 1047 3220 οἱ
1071 3189 1108 3220 de
1131 3189 1183 3219 ab
1223 3205 1258 3210 ——
1296 3191 1434 3218 sat-raia
1456 3188 1483 3217 A
1498 3187 1521 3217 B
1536 3187 1564 3217 H
1579 3186 1651 3224 ab;
1685 3188 1856 3216 sacratum
1880 3192 1899 3215 c
1938 3201 1971 3206 -
2009 3182 2063 3212 32.

298 3246 513 3280 nostramque
537 3243 580 3271 C:
608 3244 785 3279 nostraque
809 3248 827 3272 0
866 3258 900 3263 —-
938 3239 991 3270 33.
1017 3239 1182 3277 xantippo
1206 3238 1273 3269 BH
1298 3255 1333 3261 —-
1362 3238 1415 3271 34.
1441 3238 1604 3270 hanibalis
1627 3245 1657 3278 e,
1683 3236 1855 3269 Annibalis
1878 3243 1897 3268 o
1936 3251 1971 3257 —
2008 3232 2063 3267 36.

300 3291 530 3332 ΙεανιΙιαῃίηοηι
554 3299 590 3321 ο;
625 3291 853 3332 carthaqinem
876 3291 941 3322 AB
957 3290 984 3322 11
999 3290 1070 3329 ab;
1103 3290 1189 3321 item
1212 3288 1411 3330 p.735,114.
