2249 3624
467 157 554 197 Lm.
587 156 617 196 Ι.
661 154 758 195 ΟΑΡ.
789 151 1183 193 XXXI—XXXII.
1221 150 1280 205 §§
1312 149 1504 192 74—78.
1820 143 1901 189 233

130 264 223 305 lesti
255 264 362 304 vitae
395 263 552 310 simile,
584 267 623 302 et
655 275 746 302 cum
779 261 877 300 illue
909 274 961 300 ex
992 259 1057 299 his
1089 259 1238 299 vinclis
1271 259 1409 299 emissi
1430 259 1633 307 feremur,
1664 258 1800 298 minus
1823 263 1903 297 tar-

131 327 297 367 dabitur
327 339 472 365 cursus
503 325 752 364 animorum.
805 324 906 362 Nam
939 324 1007 376 qui
1040 322 1081 361 in
1115 321 1388 374 compedibus
1421 322 1607 375 corporis
1629 334 1796 374 semper
1816 320 1904 359 sue-

130 395 246 436 runt,
280 389 402 428 etiarn
435 402 527 427 cum
561 387 686 426 soluti
720 391 837 431 sunt,
871 386 1029 425 tardius
1052 384 1366 436 ingrediuntur,
1399 390 1442 424 ut
1473 384 1520 431 ii,
1552 385 1622 438 qui
1644 384 1753 423 ferro
1777 383 1901 423 vincti

131 451 284 491 multos
315 463 446 490 annos
477 450 657 489 fuerunt.
700 451 793 496 Quo
826 462 919 487 cum
953 449 1206 494 venerimus,
1240 453 1323 486 tum
1356 448 1539 501 denique
1565 448 1776 494 vivemus;
1811 459 1901 485 nam

129 514 230 553 haec
261 512 429 565 quidem
464 513 544 550 vita
579 525 687 550 mors
719 516 802 556 est,
834 524 959 563 quani
993 511 1208 550 lamentari
1243 524 1434 562 possein,
1466 512 1498 550 si
1532 510 1691 550 liberet.
1915 512 1934 539 5

242 573 308 613 76.
349 575 394 613 A.
429 573 537 612 Satis
579 578 620 612 tu
655 573 824 625 quidem
858 573 897 611 in
933 573 1230 612 Consolatione
1263 586 1305 611 es
1340 572 1611 620 lamentatus,
1651 585 1775 626 quam
1809 584 1900 610 cum

129 637 241 688 lego,
274 636 379 675 nihil
412 635 519 674 malo
554 647 678 687 quam
711 634 785 673 has
818 648 882 673 res
916 635 1176 688 relinquere,
1208 634 1272 673 his
1298 648 1398 674 vero
1432 635 1554 674 modo
1588 636 1738 675 auditis
1771 634 1901 674 multo

129 698 273 751 magiS.
323 699 376 737 M.
410 697 557 735 Veniet
592 703 755 748 tempus
788 702 827 734 et
859 696 1030 748 quidem
1063 697 1277 744 celeriter,
1310 698 1397 736 sive
1429 698 1674 737 retractabis
1697 698 1783 737 sive
1806 709 1902 749 pro-

128 760 316 814 perabis3
348 759 461 799 volat
493 759 602 798 enim
635 764 761 798 aetas.
813 760 991 798 Tantum
1024 764 1160 798 autem
1194 760 1312 798 abest
1343 760 1393 799 ab
1426 775 1496 808 ee,
1530 767 1574 800 ut
1607 761 1760 801 malum
1793 772 1903 799 mors

128 824 201 870 sit,
235 821 348 876 quod
381 821 455 860 tibi
487 820 642 860 dudum
677 820 916 868 videbatur,
959 826 1002 860 ut
1034 835 1178 860 verear
1211 835 1261 860 ne
1293 822 1451 862 homini
1486 824 1587 863 nihil
1622 825 1675 863 sit
1706 836 1786 862 non
1819 824 1954 861 nia-⁴0

127 885 212 924 lum
253 882 391 935 aliud,
434 889 544 922 certe
591 883 642 922 sit
680 882 782 922 nihil
816 883 970 922 bonum
1004 882 1119 922 aliud
1151 885 1314 936 potius,
1363 886 1394 924 si
1430 886 1598 939 quidem
1634 886 1698 925 vel
1740 885 1779 924 di
1823 883 1903 936 ipsi

127 947 193 988 vel
232 960 325 987 cum
367 946 429 985 dis
470 945 596 985 futuri
640 959 795 986 sumus.
848 946 894 985 Α.
929 945 1041 994 Quid
1074 944 1232 986 refert?
1279 948 1333 985 M.
1366 948 1529 988 Adsunt
1559 949 1667 988 enim
1701 948 1772 1001 qui
1801 947 1905 986 haec

126 1023 209 1050 non
253 1009 445 1062 probent.
503 1009 592 1059 Ego
635 1014 773 1048 autem
816 1021 1044 1062 numquam
1088 1008 1143 1047 ita
1183 1014 1222 1047 te
1266 1008 1307 1047 in
1350 1008 1431 1049 hoc
1463 1023 1654 1049 sermone
1687 1009 1904 1055 dimittam,

129 1073 215 1114 ulla
247 1073 305 1112 uti
338 1071 500 1111 ratione
533 1084 643 1110 niors
675 1071 747 1110 tibi
779 1071 912 1110 videri
946 1070 1098 1110 malum
1131 1071 1277 1123 possit.
1328 1069 1393 1110 77.
1426 1072 1473 1112 A.
1507 1072 1586 1120 Qui
1619 1078 1774 1126 potest,
1810 1085 1903 1111 cum

126 1137 203 1177 ista
234 1135 532 1188 cognoverim?
584 1135 638 1173 M.
671 1133 753 1181 Qui
787 1134 918 1187 possit
948 1134 1099 1185 rogas?
1146 1133 1343 1174 Catervae
1376 1136 1549 1174 veniunt
1588 1141 1733 1175 contra
1764 1134 1905 1174 dicen-
1920 1138 1955 1166 15

126 1199 228 1238 tium
268 1210 344 1237 nec
385 1197 520 1236 solum
554 1197 880 1249 Epicureorum,
925 1209 1031 1249 quos
1064 1195 1259 1248 equidem
1292 1209 1375 1236 non
1409 1197 1619 1250 despicio,
1660 1197 1731 1237 sed
1763 1197 1905 1236 nescio

126 1273 211 1315 quo
244 1259 369 1299 modo
402 1258 670 1299 doctissimus
700 1259 902 1312 quisque,
935 1271 1149 1298 acerrume
1181 1264 1319 1298 autem
1355 1259 1530 1300 deliciae
1566 1274 1680 1300 meae
1710 1261 1906 1300 Dicaear-

126 1325 227 1364 chus
266 1328 411 1363 contra
450 1322 557 1362 hanc
590 1322 943 1362 immortalitatem
977 1321 1188 1361 disseruit.
1239 1322 1277 1362 Is
1319 1323 1428 1362 enim
1462 1324 1535 1363 tris
1566 1324 1696 1363 libros
1728 1323 1906 1376 scripsit,

126 1387 198 1440 qui
239 1385 427 1425 Lesbiaci
467 1390 688 1432 vocantur,
731 1384 842 1438 quod
885 1384 1098 1438 Mytilenis
1140 1397 1276 1424 sermo
1319 1385 1520 1433 habetur,
1562 1386 1605 1426 in
1636 1386 1789 1440 quibus
1821 1385 1907 1424 volt

127 1447 293 1489 efficere
325 1448 486 1487 animos
519 1461 610 1487 esse
642 1447 839 1487 mortalis.
881 1446 1010 1486 Stoici
1035 1453 1173 1486 autem
1205 1460 1374 1487 usuram
1398 1448 1519 1488 nobis
1548 1449 1783 1502 largiuntur
1804 1454 1906 1488 tam·
1920 1453 1956 1481 20

125 1525 250 1566 quam
284 1510 544 1551 cornicibus:
577 1509 645 1549 diu
679 1523 897 1549 mansuros
928 1510 1048 1549 aiunt
1075 1510 1259 1557 animos,
1291 1524 1458 1563 semper
1487 1516 1652 1564 negant.

239 1574 413 1613 XXXII.
445 1575 552 1613 Num
584 1587 666 1613 non
700 1573 761 1612 vis
793 1573 921 1626 igitur
948 1571 1093 1611 audire
1117 1585 1212 1618 cur,
1246 1572 1367 1612 etiam
1392 1573 1426 1612 si
1450 1573 1507 1613 ita
1528 1574 1601 1621 sit,
1635 1586 1746 1613 mors
1767 1579 1906 1613 tamen

129 1650 214 1676 non
246 1637 299 1676 sit
329 1636 371 1675 in
404 1635 553 1675 malis?
595 1636 642 1674 A.
676 1635 727 1675 Ut
753 1635 939 1681 videtur,
971 1634 1045 1674 sed
1068 1648 1133 1674 1110
1165 1647 1287 1674 00010
1311 1635 1361 1674 (10
1392 1636 1688 1676 inmortalitate
1710 1635 1906 1689 depellet.

129 1697 197 1739 78.
226 1700 283 1739 M.
313 1698 460 1738 Laudo
501 1698 543 1738 id
582 1697 772 1752 quidem,
813 1697 891 1738 etsi
922 1697 1027 1737 nihil
1057 1697 1183 1737 nimis
1215 1702 1383 1751 oportet
1414 1698 1651 1748 confidere;
1692 1712 1909 1739 movemur

212 1873 244 1905 3.
270 1873 302 1904 hi
335 1874 400 1904 GR
426 1873 540 1913 (etiam
563 1881 671 1903 cum-
688 1890 705 1894 -
723 1880 827 1903 annos
849 1872 984 1913 fuerunt
1008 1881 1077 1904 om.
1104 1872 1141 1912 B)
1169 1890 1204 1894 —
1233 1873 1264 1904 5.
1291 1872 1447 1904 liberetur
1471 1873 1495 1905 C
1522 1890 1557 1895 —
1585 1873 1617 1906 8.
1642 1874 1790 1905 celeriter
1812 1873 1910 1905 Kiih-

130 1933 212 1956 ner:
241 1923 389 1955 celeriter
413 1926 442 1954 et
467 1924 491 1954 C
507 1923 532 1953 O
558 1939 592 1944 -
622 1923 674 1955 lt.
702 1923 794 1954 aliud
817 1927 914 1961 certe,
941 1924 995 1954 sed
1019 1923 1098 1954 nillil
1123 1922 1196 1954 CO.
1226 1923 1372 1955 «Utrum
1398 1923 1541 1955 tandem
1566 1924 1683 1956 minus
1703 1926 1756 1956 est
1772 1925 1807 1955 et
1823 1933 1910 1956 con-

127 1974 291 2006 fidentius
323 1973 442 2005 dicere
477 1973 660 2010 convenit,
693 1973 819 2004 nihilne
856 1973 948 2004 aliud
978 1973 1097 2004 bonum
1122 1981 1200 2004 0550
1229 1974 1356 2012 polius,
1390 1982 1434 2005 an
1465 1974 1556 2005 mala
1591 1976 1734 2015 praeter
1757 1976 1908 2006 mortem

129 2025 244 2056 omnia
269 2024 374 2055 esse‘?
399 2032 609 2054 summumne
634 2022 769 2054 bonum
795 2032 873 2054 esse
899 2025 1064 2060 mortem,
1093 2032 1136 2054 an
1160 2023 1289 2054 solum?
1313 2024 1412 2055 Prius
1436 2024 1553 2056 minus
1575 2033 1654 2057 esse
1671 2024 1757 2056 vidit
1774 2025 1910 2056 Hottin-

129 2082 234 2115 gerus
259 2082 325 2104 nec
350 2075 485 2104 temere
511 2073 699 2113 quisquam
727 2073 907 2113 negaverit
931 2073 996 2105 nisi
1021 2074 1079 2113 qui
1104 2073 1148 2104 sit
1172 2074 1409 2114 praeiudicata
1436 2075 1600 2116 opinione
1626 2077 1801 2107 caecatus.
1838 2074 1908 2107 Tali
1953 2109 1957 2117 ¹

127 2125 244 2155 autem
271 2124 305 2154 in
330 2122 532 2163 gradatione
563 2123 647 2163 quid
671 2126 758 2154 certe
781 2123 978 2163 significare
1012 2125 1144 2164 potest,
1178 2125 1242 2156 nisi
1273 2134 1331 2163 ea,
1364 2126 1419 2157 0111
1452 2125 1611 2157 additum
1643 2126 1703 2163 511,
1736 2125 1909 2157 sententia

128 2175 243 2206 minus
269 2172 400 2214 aliquid
426 2172 492 2204 dici
519 2174 553 2204 01
577 2173 671 2213 quod
697 2174 826 2205 certius
852 2173 1029 2205 affirmare
1054 2173 1180 2205 liceat?
1216 2175 1337 2214 ltaque
1363 2175 1391 2206 si
1416 2173 1527 2206 lenius
1552 2175 1751 2206 remedium
1777 2174 1909 2206 nullum

126 2225 239 2262 esset,
267 2232 309 2254 ex
334 2223 525 2263 Hottingeri
551 2223 770 2261 coniectura,
798 2225 834 2254 ut
859 2223 939 2254 fecit
964 2223 1132 2263 Wolfius,
1159 2223 1390 2256 scribendum
1416 2227 1491 2256 erat
1518 2241 1552 2247 -
1581 2225 1694 2264 aliud,
1723 2229 1808 2257 certe
1830 2225 1912 2260 nihil

127 2274 258 2306 omisso
282 2272 455 2304 vocabulo
480 2273 546 2304 sed.
585 2273 674 2311 Quid
700 2274 831 2314 igitur?
857 2273 1091 2305 Scribendum
1117 2275 1189 2306 est:
1218 2275 1329 2314 aliud,
1355 2279 1442 2307 certe
1463 2276 1505 2306 sit
1528 2275 1610 2307 nihil
1627 2277 1694 2308 001.
1725 2275 1774 2307 Cf.
1794 2276 1849 2313 ΙΙΙ,
1868 2275 1910 2306 36

127 2323 228 2365 (quae
251 2327 281 2355 te
301 2323 441 2362 forsilan
464 2324 609 2363 potuerit
626 2332 793 2363 pungere,
820 2332 884 2354 non
904 2325 1014 2364 potuit
1036 2328 1121 2356 certe
1144 2326 1231 2356 vires
1251 2325 1435 2366 frangere).
1462 2325 1515 2357 73.
1555 2326 1604 2357 De
1632 2327 1756 2358 iterato
1771 2327 1812 2358 sit
1828 2326 1908 2357 vide

128 2375 175 2406 sis
199 2373 253 2411 IV,
279 2373 331 2404 50.
360 2374 398 2404 N.
425 2374 464 2404 D.
493 2374 517 2411 Ι,
544 2373 624 2404 020.»
648 2374 706 2405 W.
734 2391 769 2394 -<
805 2374 856 2405 42.
887 2374 1125 2414 «Tregderus,
1163 2376 1201 2405 ut
1233 2374 1288 2406 alii
1313 2375 1494 2415 A(uditor1)
1526 2374 1647 2407 tribuit
1671 2377 1776 2408 etiam
1802 2375 1905 2407 illud:

126 2424 251 2456 Adsunt
273 2424 377 2462 enim,
404 2423 462 2464 qui
485 2423 564 2454 haec
589 2432 653 2454 non
673 2422 823 2462 probent.
853 2424 958 2455 Recte
983 2424 1143 2463 wolfius,
1171 2424 1245 2456 alii:
1271 2426 1309 2457 Α.
1337 2425 1422 2465 Quid
1446 2425 1570 2465 referl?
1593 2426 1640 2457 Μ.
1661 2426 1812 2465 (Refert.)
1837 2426 1910 2457 Ad-

127 2477 223 2505 sunt
251 2473 336 2505 enim
371 2472 423 2513 (cs.
452 2473 470 2513 S
496 2472 547 2512 ll)
580 2473 636 2511 qui
669 2473 748 2504 haec
774 2473 828 2513 (de
854 2473 1127 2514 immortalitate)
1153 2485 1218 2506 non
1239 2475 1377 2515 probent
1403 2475 1508 2516 (quod
1533 2476 1576 2506 M.
1603 2476 1678 2516 ipse
1702 2474 1806 2516 paulo
1831 2477 1912 2517 post

128 2524 272 2564 repetit:
301 2523 461 2554 Catervae
483 2523 619 2555 veniunt
643 2527 759 2554 contra
783 2524 985 2564 dicentium).
1024 2524 1093 2564 Eyo
1118 2526 1186 2556 cet.
1224 2525 1273 2556 Cf.
1302 2525 1319 2565 S
1345 2525 1397 2563 77,
1423 2525 1484 2555 ubi
1508 2525 1602 2560 idem
1627 2524 1701 2557 aliis
1725 2524 1844 2557 verbis
1867 2527 1907 2557 A.

129 2575 164 2606 et
187 2574 230 2605 M.
257 2573 412 2605 dicunt.»
438 2573 493 2604 W.
523 2591 558 2596 -
587 2573 639 2605 44.
665 2573 736 2604 ulla
760 2574 810 2604 uti
834 2575 964 2605 ratione
989 2574 1198 2607 Lambinus:
1231 2575 1301 2606 ulla
1324 2576 1372 2606 uti
1396 2576 1526 2607 ratione
1549 2579 1585 2606 ut
1609 2576 1652 2609 C:
1684 2575 1754 2606 ulla
1779 2576 1911 2607 ratione

127 2626 165 2654 ut
186 2623 396 2663 Tregderus.
427 2641 459 2645 —
500 2624 546 2654 15.
572 2632 674 2664 rogas
705 2622 772 2655 del.
800 2624 891 2655 Bake
917 2622 937 2654 l.
965 2623 985 2656 l.
1013 2633 1046 2665 p.
1074 2625 1127 2655 79.
1154 2643 1196 2647 —
1222 2626 1274 2657 16.
1300 2625 1438 2664 respicio
1464 2625 1625 2656 Bouhier.
1653 2625 1827 2665 Equidem
1852 2625 1910 2656 de-

127 2674 229 2713 spicio
258 2671 459 2718 εἰρωνικῶς
489 2674 640 2714 accipio,
674 2675 711 2705 ut
747 2676 800 2706 est
825 2674 896 2705 sere
922 2675 949 2705 11
976 2674 994 2714 ἓ
1020 2675 1050 2705 7.
1083 2676 1214 2707 Sensus
1249 2677 1318 2706 est:
1355 2684 1442 2706 «nec
1467 2674 1581 2707 solum
1607 2675 1780 2716 Epicurei,
1807 2684 1907 2716 quos,

130 2723 270 2755 tametsi
295 2732 362 2754 non
389 2723 634 2762 doctissimos,
669 2733 738 2755 non
765 2726 883 2755 tamen
910 2724 1066 2765 despicio
1092 2726 1185 2764 (sunt
1209 2724 1375 2756 videlicet
1397 2725 1460 2756 viri
1485 2724 1586 2763 boni,
1618 2724 1805 2766 simplices)
1831 2724 1907 2764 sed,

130 2773 224 2814 quod
250 2774 349 2814 peius
376 2775 449 2812 est,
479 2774 584 2805 etiam
611 2774 805 2806 doctissimi
828 2774 1048 2814 Peripatetici
1074 2777 1195 2806 contra
1220 2775 1373 2806 dicunt.»
1400 2776 1457 2806 On.
1486 2792 1520 2796 —
1550 2775 1601 2806 47.
1628 2776 1764 2815 quisque
1788 2776 1911 2807 Manu-

130 2824 215 2854 tius:
243 2824 380 2862 quisque
399 2824 575 2854 contemnit
591 2824 634 2861 R,
662 2832 692 2863 q.
712 2825 909 2864 contempnit
927 2826 973 2861 G;
1001 2826 1137 2866 quisque
1153 2827 1389 2858 contemnimus
1404 2826 1441 2856 B.
1471 2826 1667 2856 «contemnit
1683 2833 1764 2856 cum
1781 2824 1911 2856 Klotzio

131 2873 330 2914 Tregder-us
354 2874 455 2905 uncis
480 2872 652 2904 liberavit.
691 2874 771 2905 Mihi
804 2874 949 2914 quidem
982 2884 1050 2907 non
1077 2884 1287 2916 persuasum
1313 2877 1366 2906 051
1392 2875 1600 2906 Ciceronem
1625 2876 1704 2916 post
1726 2883 1785 2906 nec
1807 2875 1912 2906 solum

130 2923 371 2963 Epicureorum
395 2924 576 2954 interiecta
602 2923 702 2955 brevi
727 2923 780 2954 illa
805 2925 978 2956 sententia
1003 2925 1053 2956 510
1077 2933 1227 2966 pergere
1246 2925 1414 2966 potuisse,
1441 2926 1479 2955 ut
1498 2933 1562 2966 pro
1584 2925 1654 2957 sed
1677 2926 1802 2956 etiam
1825 2925 1912 2956 alio-

131 2983 207 3005 rum
228 2974 493 3013 philosophorum
517 2972 584 3013 (vel
610 2974 668 3004 alii
686 2974 880 3014 philosophi)
907 2974 1059 3006 diceret:
1094 2976 1320 3007 Dicaearchus
1349 2978 1470 3006 aulem.
1508 2975 1622 3013 Quare
1648 2983 1712 3016 ego
1737 2975 1912 3006 contemnit

132 3023 231 3054 uncis
263 3021 423 3061 includo,
461 3031 530 3063 quo
559 3022 671 3054 verbo
703 3025 835 3056 omisso
864 3026 962 3056 recte
995 3025 1174 3066 Epicureis
1206 3033 1331 3066 parum
1357 3023 1468 3055 doctis
1493 3023 1686 3056 doctissimi
1714 3023 1910 3065 philosophi

135 3072 399 3114 (Peripatetici),
432 3073 466 3104 in
492 3072 619 3112 quibus
643 3073 898 3111 Dicaearchus,
932 3073 1203 3114 adiunguntur.»
1231 3074 1285 3105 W.
1314 3090 1349 3095 —
1380 3082 1552 3105 accerume
1576 3075 1641 3106 GR
1666 3091 1701 3096 —
1730 3073 1781 3105 ⁴9.
1807 3073 1911 3111 Myli-

134 3122 214 3153 lenis
237 3123 283 3153 B:
306 3122 470 3160 mitylenis
493 3124 537 3162 G,
562 3123 716 3154 mitilenis
740 3125 763 3155 R
791 3140 826 3145 —
853 3124 906 3155 ⁶22.
932 3125 1021 3156 Num
1043 3134 1109 3156 non
1132 3125 1182 3154 ris
1206 3124 1271 3154 GR
1298 3122 1342 3162 (10
1361 3123 1385 3153 G
1411 3124 1494 3163 post
1515 3123 1603 3154 Num
1626 3123 1659 3154 in
1681 3132 1804 3155 rasura
1821 3122 1906 3154 dua-

135 3186 214 3209 rum
238 3177 312 3210 fere
337 3177 530 3210 litterarum
558 3180 753 3210 atramento
778 3178 971 3220 pallidiore,
998 3180 1062 3213 sed
1087 3188 1194 3211 manu
1218 3179 1373 3218 antiqua,
1400 3179 1571 3220 scriptum
1596 3181 1650 3211 est
1672 3171 1739 3212 Ji.
1760 3189 1790 3211 0.
1810 3179 1906 3217 non):

135 3227 223 3258 Num
244 3225 267 3259 ἢ
288 3229 340 3259 uis
365 3229 457 3269 (ante
482 3229 532 3259 uis
555 3229 794 3271 superscripta
818 3228 931 3262 littera
956 3230 987 3270 a)
1013 3231 1058 3268 B;
1084 3230 1213 3262 Numae
1236 3230 1287 3260 vis
1311 3229 1336 3260 Ο
1363 3246 1398 3251 -
1425 3229 1453 3261 si
1475 3231 1541 3262 ista
1563 3230 1604 3262 sit
1621 3230 1645 3262 C
1667 3247 1700 3254 «-
1727 3229 1780 3262 24.
1800 3228 1907 3269 nimis]

137 3277 256 3309 animis
279 3277 317 3309 C.
