2249 3624
269 155 351 197 702
989 154 1058 194 DE
1091 153 1317 195 OFFICIIS

266 263 337 311 ita,
368 267 416 302 ut
445 260 753 302 inliberalitatis
785 259 1068 313 avaritiaeque
1099 260 1211 300 absit
1241 259 1436 313 suspitio.
1483 261 1612 301 Posse
1643 261 1755 302 enim
1784 261 2037 303 liberalitate

266 326 327 366 uti
365 339 451 365 non
490 323 742 377 spoliantem
781 335 825 362 se
865 322 1120 374 patrimonio
1158 323 1355 362 nimirum
1386 327 1449 362 est
1478 323 1683 375 pecuniae
1714 323 1874 364 fructus
1906 324 2038 364 maxi-

267 404 373 431 mus.
424 389 548 426 Recte
580 385 705 425 etiam
735 397 759 424 a
788 383 1080 436 Theophrasto
1112 390 1175 424 est
1204 385 1373 425 laudata
1403 385 1679 438 hospitalitas.
1730 386 1806 425 Est
1836 386 1962 434 enim,
1991 391 2039 426 ut

265 453 367 495 mihi
401 449 572 504 quidem
602 447 786 495 videtur,
820 446 941 486 valde
973 445 1170 486 decorum
1202 452 1346 500 patere
1377 447 1527 488 domus
1557 448 1774 488 hominum
1796 448 2037 488 inlustrium

233 511 502 568 5hospitibus
534 509 778 550 inlustribus
809 508 939 562 idque
971 509 1097 549 etiam
1129 509 1189 549 rei
1221 509 1415 562 publicae
1448 515 1511 550 est
1542 515 1812 556 ornamento,
1845 509 2038 550 homines

266 583 462 618 externos
500 574 581 613 hoc
619 571 881 611 liberalitatis
912 584 1065 624 genere
1096 572 1140 611 in
1171 571 1274 610 urbe
1306 577 1448 611 nostra
1480 585 1565 612 non
1596 585 1734 625 egere.
1792 573 1867 612 Est
1897 577 2037 612 autem

265 640 390 681 etiam
421 636 691 676 vehementer
720 634 823 674 utile
852 633 926 680 iis,
968 634 1042 687 qui
1074 633 1252 673 honeste
1283 647 1406 686 posse
1437 634 1612 674 multum
1643 634 1816 682 volunt,
1857 648 1933 687 per
1963 636 2039 674 ho-

265 702 392 756 spites
431 698 542 752 apud
585 702 780 736 externos
822 695 1004 749 populos
1045 694 1183 735 valere
1226 696 1376 748 opibus
1422 702 1463 736 et
1505 697 1650 749 gratia.
1721 696 2038 750 Theophrastus

267 765 436 819 quidem
476 760 641 806 scribit,
687 758 903 798 Cimonem
949 754 1155 811 [Athenis]
1198 758 1323 797 etiam
1364 759 1406 798 in
1448 772 1547 798 suos
1589 759 1756 799 curialis
1801 756 2036 812 [Laciadas]

215 840 250 868 10
263 824 513 880 hospitalem
550 821 702 862 fuisse:
744 821 803 860 ita
841 820 950 860 enim
981 820 1214 860 instituisse
1246 825 1287 859 et
1316 818 1451 860 vilicis
1481 821 1779 874 imperavisse,
1821 827 1868 861 ut
1899 821 2039 861 omnia

263 889 564 943 praeberentur
595 884 850 938 quicumque
882 882 1081 922 Laciades
1113 883 1154 922 in
1187 882 1329 922 villam
1362 896 1478 922 suam
1511 883 1771 924 devertisset.

376 950 490 990 XIX.
529 946 595 987 65.
629 946 746 994 Quae
776 950 915 985 autem
946 958 1097 998 opera,
1129 958 1215 984 non
1247 943 1465 996 largitione
1497 943 1701 985 beneficia
1733 945 1906 993 dantur,
1935 945 2040 987 haec

263 1020 351 1056 tum
396 1013 439 1052 in
484 1010 722 1051 universam
768 1021 855 1047 rem
900 1007 1110 1060 publicam
1153 1012 1239 1046 tum
1281 1006 1323 1045 in
1362 1007 1552 1059 singulos
1596 1008 1708 1048 cives
1752 1008 2038 1049 conferuntur.

262 1079 367 1117 Nam
397 1076 441 1115 in
471 1074 562 1113 iure
595 1083 754 1117 cavere,
786 1069 964 1109 consilio
995 1069 1139 1108 iuvare
1171 1074 1297 1121 atque
1328 1068 1408 1109 1100
1436 1069 1636 1110 scientiae
1659 1083 1812 1123 genere
1833 1072 2038 1125 prodesse

215 1151 250 1180 ⁴5
265 1152 389 1193 quam
421 1135 614 1190 plurimis
648 1133 919 1173 vehementer
949 1137 988 1171 et
1017 1131 1069 1171 ad
1102 1144 1203 1184 opes
1235 1130 1448 1182 augendas
1480 1131 1662 1184 pertinet
1693 1138 1735 1172 et
1764 1134 1814 1174 ad
1847 1135 2036 1187 gratiam.

261 1202 407 1253 Itaque
440 1212 533 1239 cum
565 1196 694 1237 multa
725 1195 937 1249 praeclara
969 1194 1173 1233 maiorum
1215 1198 1302 1232 tum
1345 1193 1455 1245 quod
1496 1193 1654 1246 optime
1686 1196 1902 1236 constituti
1934 1196 2037 1237 iuris

264 1263 398 1304 civilis
430 1273 592 1301 summo
625 1271 792 1311 semper
821 1259 864 1298 in
895 1257 1057 1296 honore
1088 1255 1167 1295 fuit
1199 1255 1380 1308 cognitio
1413 1261 1540 1309 atque
1572 1257 1880 1310 interpretatio:
1912 1272 2037 1312 quam

264 1325 435 1379 quidem
477 1328 572 1363 ante
611 1321 719 1361 hanc
762 1319 1052 1360 confusionem
1084 1324 1318 1372 temporum
1349 1318 1391 1356 in
1422 1318 1692 1371 possessione
1725 1333 1800 1360 5113
1830 1321 2037 1374 principes

262 1388 548 1432 retinuerunt,
588 1397 721 1430 nunc,
761 1388 807 1422 ut
846 1383 1049 1428 honores,
1091 1387 1136 1421 ut
1175 1393 1318 1421 omnes
1359 1379 1573 1432 dignitatis
1606 1382 1782 1433 gradus,
1824 1383 1881 1422 sic
1913 1383 2037 1423 huius

213 1464 249 1493 ‘20
263 1450 463 1491 scientiae
497 1445 698 1500 splendor
729 1444 891 1484 deletus
924 1449 1004 1491 est,
1035 1443 1164 1497 idque
1197 1456 1246 1482 eo
1277 1441 1512 1495 indignius,
1536 1443 1651 1496 quod
1674 1457 1723 1483 eo
1747 1449 1934 1498 tempore
1955 1445 2038 1485 hoc

263 1512 457 1565 contigit,
501 1523 594 1550 cum
625 1509 659 1548 is
691 1513 823 1554 esset,
856 1507 928 1560 qui
960 1520 1104 1546 omnes
1137 1505 1398 1558 superiores,
1431 1505 1583 1557 quibus
1615 1506 1775 1546 honore
1808 1520 1884 1560 par
1914 1512 2037 1555 esset,

263 1575 438 1616 50100113
479 1573 602 1612 facile
644 1571 824 1610 vicisset.
886 1569 999 1608 Haec
1030 1569 1155 1621 igitur
1186 1580 1313 1620 opera
1345 1573 1462 1619 grata
1493 1568 1636 1607 multis
1668 1574 1709 1608 et
1738 1569 1789 1608 ad
1819 1570 2038 1610 beneficiis

263 1634 585 1689 obstringendos
616 1633 810 1673 homines
842 1631 1169 1671 accommodata.
1238 1628 1304 1668 ssss.
1345 1631 1483 1682 Atque
1513 1630 1613 1669 huic
1644 1631 1723 1670 arti
1755 1629 1944 1672 finituma
1976 1637 2038 1672 est

263 1700 430 1740 dicendi
465 1693 659 1752 [gravior]
693 1695 867 1734 facultas
900 1701 940 1733 et
970 1693 1127 1745 gratior
1158 1698 1198 1732 et
1229 1692 1430 1731 ornatior.
1499 1692 1611 1740 Quid
1645 1693 1756 1732 enim
1788 1694 2034 1747 eloquentia

211 1776 247 1805 25
261 1761 554 1817 praestabilius
586 1758 650 1797 vel
682 1757 959 1797 admiratione
991 1754 1251 1795 audientium
1282 1754 1347 1794 vel
1380 1767 1453 1806 spe
1485 1754 1765 1806 indigentium
1787 1755 1853 1796 vel
1876 1768 2035 1803 eorum,

262 1824 333 1878 qui
366 1822 528 1863 defensi
561 1825 676 1866 sunt,
709 1820 870 1872 gratia?
920 1819 1028 1857 Huic
1062 1830 1235 1871 quoque
1267 1830 1364 1868 ergo
1397 1830 1419 1856 a
1452 1817 1679 1856 maioribus
1711 1819 1867 1858 nostris
1900 1824 1963 1858 est
1993 1819 2035 1858 in

260 1892 357 1939 toga
389 1885 600 1938 dignitatis
631 1882 887 1936 principatus
920 1881 1054 1920 datus.
1114 1880 1266 1919 Diserti
1307 1879 1434 1931 igitur
1471 1878 1656 1918 hominis
1696 1884 1736 1918 et
1766 1880 1889 1920 facile
1920 1881 2037 1921 labo-

260 1949 389 1988 rantis
429 1945 628 2000 quodque
671 1945 710 1983 in
752 1944 894 1997 patriis
927 1949 989 1982 est
1021 1942 1207 1982 moribus
1239 1941 1468 1981 multorum
1501 1954 1648 1981 causas
1681 1948 1721 1981 et
1752 1955 1837 1981 non
1868 1948 2035 1995 gravate

261 2017 302 2051 et
332 2009 514 2062 gratuito
547 2006 811 2047 defendentis
843 2005 1046 2045 beneficia
1077 2010 1118 2044 et
1148 2003 1382 2057 patrocinia
1406 2003 1486 2042 late
1512 2008 1666 2056 patent.
1726 2002 1793 2043 67.
1825 2003 2036 2045 Admone—

210 2088 246 2118 30
260 2074 330 2114 bat
369 2085 435 2111 me
476 2084 542 2110 res
580 2075 626 2109 ut
656 2070 732 2108 hoc
766 2081 937 2122 quoque
969 2068 1061 2107 loco
1094 2066 1444 2106 intermissionem
1477 2066 1772 2119 eloquentiae,
1813 2080 1865 2106 ne
1898 2066 2034 2107 dicam

259 2135 495 2180 interitum,
528 2132 813 2184 deplorarem,
854 2132 896 2169 ni
928 2143 1094 2170 vererer
1124 2143 1176 2169 ne
1209 2128 1259 2168 de
1291 2142 1356 2167 me
1390 2129 1479 2182 ipso
1511 2128 1671 2181 aliquid
1704 2129 1871 2169 viderer
1902 2131 2036 2183 queri.

263 2198 344 2238 Sed
376 2203 515 2238 tamen
548 2194 757 2240 videmus,
798 2193 953 2246 quibus
987 2192 1205 2232 exstinctis
1238 2191 1474 2231 oratoribus
1516 2204 1641 2243 quam
1673 2192 1716 2230 in
1748 2191 1892 2243 paucis
1924 2206 2036 2245 spes,

264 2265 423 2315 quanto
457 2259 499 2298 in
530 2255 802 2310 paucioribus
834 2254 1026 2302 facultas,
1058 2267 1183 2307 quam
1215 2254 1257 2292 in
1290 2253 1431 2293 multis
1464 2252 1517 2292 sit
1537 2253 1723 2292 audacia.
1771 2253 1874 2293 Cum
1895 2259 2036 2293 autem

263 2336 409 2364 omnes
441 2333 525 2361 non
556 2319 743 2372 possint,
786 2331 837 2357 ne
870 2316 988 2356 multi
1020 2316 1217 2370 quidem,
1259 2321 1332 2355 aut
1362 2314 1465 2355 iuris
1496 2314 1620 2368 periti
1652 2329 1743 2355 esse
1775 2320 1845 2355 aut
1876 2315 2035 2364 diserti,

211 2400 249 2430 35
263 2386 362 2425 licet
392 2389 532 2424 tamen
564 2394 691 2434 opera
722 2379 922 2434 prodesse
954 2379 1116 2425 multis,
1156 2375 1361 2417 beneficia
1398 2382 1631 2430 petentem,
1672 2379 2036 2419 commendantem

262 2446 493 2492 iudicibus,
525 2442 859 2496 magistratibus,
890 2440 1132 2493 vigilantem
1163 2453 1239 2493 pro
1270 2453 1314 2480 re
1345 2439 1545 2488 alterius,
1576 2453 1647 2480 eos
1678 2440 1816 2493 ipsos,
1859 2442 1932 2494 qui
1963 2444 2036 2481 aut

353 2597 381 2627 i.
408 2591 697 2626 inliberalitatibus
720 2598 741 2630 p
769 2607 804 2612 —
831 2589 973 2628 suspicio
998 2589 1021 2619 B
1037 2590 1162 2620 Hbco
1200 2605 1234 2610 —
1274 2589 1305 2618 ⁹2.
1332 2588 1493 2628 spoliante
1515 2597 1536 2628 p
1563 2605 1598 2611 -
1626 2589 1786 2620 nimirum
1809 2592 1855 2620 est,
1875 2589 2036 2628 pecuniae

264 2648 288 2678 B
303 2647 356 2678 ab
371 2653 413 2677 c:
446 2644 603 2675 nimirum
624 2642 784 2682 pecuniae
806 2644 852 2672 est
877 2640 921 2675 }1;
955 2640 1111 2670 nimirum
1135 2638 1163 2668 is
1187 2641 1232 2669 est
1252 2639 1412 2676 pecuniae
1435 2646 1484 2677 po
1524 2655 1558 2660 -
1596 2637 1628 2669 3.
1655 2639 1749 2669 Recte
1771 2647 1793 2668 a
1818 2638 2035 2678 Theophrasto

264 2714 282 2719 —
297 2699 441 2735 -patere
464 2694 575 2724 domos
597 2693 764 2723 hominum
789 2691 969 2721 illustrium
992 2688 1170 2728 hospitibus
1194 2688 1374 2719 illustribus
1404 2687 1603 2719 Lactantius
1628 2688 1710 2719 Inst.
1738 2686 1807 2718 div.
1834 2688 1894 2727 VI,
1915 2689 1967 2720 42.
1995 2705 2031 2711 -

263 2744 295 2777 11.
323 2747 431 2776 domos
455 2752 472 2774 0
500 2760 536 2765 -
562 2744 591 2774 5.
619 2740 800 2772 illustribus
823 2739 1000 2779 hospitibus
1024 2746 1042 2769 o
1071 2756 1106 2759 —
1134 2737 1163 2767 6.
1192 2741 1305 2767 nostra
1330 2746 1387 2768 nos
1409 2747 1475 2768 non
1499 2737 1587 2777 09ονί
1609 2745 1630 2776 p
1658 2754 1693 2758 —
1719 2736 1750 2767 7.
1777 2738 1877 2768 ctiam
1900 2745 2034 2777 0111.ορ

267 2813 302 2818 -
329 2795 407 2825 utile
429 2795 503 2825 iis-
519 2811 536 2816 -
553 2793 690 2831 hospites
714 2791 804 2830 apud
829 2798 897 2821 om.
918 2790 939 2821 b
975 2807 1018 2811 —
1051 2788 1100 2818 his
1122 2787 1146 2818 B
1162 2787 1188 2817 H
1204 2794 1277 2826 ap,
1309 2787 1371 2826 hijs
1396 2795 1414 2817 0
1453 2804 1488 2809 -
1527 2787 1557 2817 9.
1583 2794 1750 2824 symonem
1774 2794 1792 2817 0
1832 2805 1866 2809 -
1902 2787 2036 2818 Athenis

265 2844 349 2877 secl.
377 2845 498 2875 lleine.
526 2861 562 2865 —
588 2841 724 2873 curialis
748 2849 785 2880 p:
813 2840 954 2871 curiales
979 2839 1033 2869 Co
1061 2855 1094 2859 —
1123 2837 1287 2867 Lac-cattas
1312 2835 1379 2867 dcl.
1400 2845 1464 2866 van
1484 2834 1552 2866 den
1569 2836 1625 2866 Es.
1654 2853 1689 2857 —
1723 2835 1775 2866 slO.
1802 2836 1925 2867 uillicis
1948 2843 2032 2867 aco

268 2913 303 2918 —
331 2894 417 2925 omni
440 2894 460 2924 b
494 2910 527 2914 —
568 2893 621 2923 41.
646 2892 761 2922 uillam
785 2899 880 2922 suam
905 2891 949 2921 C:
977 2888 1078 2920 uillas
1100 2895 1178 2917 suas
1202 2886 1268 2917 alii.
1299 2903 1334 2909 —
1369 2886 1550 2916 diuertissct
1574 2893 1622 2925 cp
1647 2903 1690 2907 —
1723 2884 1774 2917 44.
1801 2887 1835 2917 in
1860 2895 1929 2917 om.
1947 2886 1968 2917 b
1995 2902 2031 2908 —

265 2948 363 2983 atque
387 2951 455 2973 om.
476 2951 496 2981 p
524 2960 558 2964 —
588 2942 639 2973 48.
667 2941 897 2980 confessionem
920 2939 940 2970 b
965 2956 1006 2961 -—
1037 2938 1090 2969 24.
1117 2945 1191 2968 cum
1214 2937 1262 2966 liis
1285 2939 1363 2967 esset
1388 2944 1426 2970 a:
1454 2945 1528 2967 cum
1552 2937 1580 2967 is
1604 2939 1649 2967 est
1671 2936 1691 2966 b
1721 2953 1749 2958 -
1783 2936 1838 2974 qui
1862 2943 2034 2966 omnes-—

260 3002 329 3034 par
351 2995 429 3023 esset
453 3000 522 3022 om.
547 2992 568 3022 b
606 3008 640 3012 —
684 2991 735 3022 23.
762 2989 990 3030 astringendos
1013 2997 1033 3027 p
1075 3004 1109 3010 -—
1152 2986 1204 3018 ¹¹24.
1231 2986 1358 3017 dicendi
1388 2993 1458 3017 om.
1487 2993 1535 3025 cp
1576 3002 1610 3007 —
1651 2985 1796 3025 facultas
1821 2984 2029 3016 Lambinus:

265 3042 406 3084 yrauior
428 3041 570 3080 facultas
595 3042 677 3080 Cpo
709 3058 752 3063 —
783 3040 914 3081 9ναίιῖον
939 3047 1027 3069 corr¹
1055 3036 1132 3068 cad.
1160 3044 1206 3067 m.
1234 3044 1275 3066 ex
1299 3036 1441 3075 9101ιὶον
1464 3036 1488 3066 Β
1523 3053 1556 3057 κ
1591 3035 1644 3065 ΞΘ,
1671 3042 1800 3073 quoque
1824 3034 1894 3072 Cp:
1923 3040 1993 3064 om.
2012 3041 2031 3064 ο

268 3111 304 3117 —-
331 3101 409 3132 erqo
433 3099 540 3129 01n.p
580 3109 613 3111 —
651 3091 683 3120 in
709 3094 787 3130 [090
811 3089 981 3129 dignitatis
1005 3095 1071 3126 cp:
1110 3086 1143 3116 in
1166 3089 1235 3116 tota
1259 3085 1430 3125 cliynitatis
1454 3084 1564 3121 BHb;
1601 3085 1633 3114 in
1659 3087 1728 3115 tota
1751 3084 1911 3123 diynitate
1940 3090 1961 3113 a
1992 3098 2028 3103 —

265 3143 320 3175 27.
346 3141 473 3173 Deserit
498 3140 524 3170 H
558 3157 591 3160 —
624 3140 810 3170 laborantes
835 3139 861 3169 11
898 3156 930 3160 -
964 3137 1017 3169 028.
1043 3136 1129 3175 quod
1153 3136 1209 3174 qui
1234 3135 1265 3166 in
1291 3144 1308 3166 0
1344 3153 1377 3157 -
1412 3138 1457 3166 est
1481 3143 1551 3165 001.
1572 3135 1598 3165 Η
1634 3149 1667 3155 -
1701 3134 1830 3173 gruunt
1854 3132 1880 3162 11
1907 3148 1942 3153 —
1974 3130 2028 3162 30.

264 3191 503 3225 intermissione
525 3189 545 3220 b
580 3207 613 3211 —
644 3190 774 3220 interm.
801 3197 875 3219 cum
898 3186 1083 3226 eloquentia
1108 3186 1247 3216 dicerem
1271 3194 1292 3224 p
1331 3203 1364 3208 -
1403 3185 1455 3216 31.
1482 3193 1522 3215 ize
1544 3193 1595 3215 me
1618 3185 1657 3215 de
1679 3185 1749 3224 ipso
1776 3183 1819 3218 H;
1845 3190 1896 3212 me
1919 3181 1956 3211 de
1978 3188 2030 3210 me

264 3244 334 3282 ipso
355 3242 377 3272 b
408 3257 442 3261 —
476 3239 588 3269 uidere
612 3239 729 3278 quaeri
751 3239 771 3269 b
805 3255 838 3259 —
876 3237 927 3269 34.
956 3244 1066 3267 omnes
1091 3235 1250 3274 (homines
1267 3235 1312 3274 H)
1337 3244 1403 3266 non
1422 3235 1551 3274 possint
1575 3234 1649 3273 Cp:
1684 3242 1750 3264 non
1772 3232 1897 3272 possint
1920 3237 2029 3262 omnes

267 3291 333 3323 alii.
362 3308 397 3314 -
429 3297 487 3321 nec
508 3288 603 3319 multi
625 3296 646 3327 p
673 3305 707 3310 -
735 3288 851 3320 deserti
874 3288 902 3318 H
928 3303 963 3309 —
990 3286 1043 3318 35.
1064 3288 1175 3326 petere
1198 3293 1231 3324 p.
