2249 3624
347 227 429 270 962
1085 223 1367 265 CICERONIS

350 330 571 371 Sardorum
590 333 629 369 et
648 329 925 368 coniuratione
952 328 1143 376 recitata,
1174 326 1322 365 deinde
1348 325 1415 365 illa
1444 325 1660 378 cupiditas,
1690 337 1795 376 quae
1824 329 2017 376 suscepta
2041 329 2103 365 est

351 407 423 446 spe
452 399 491 432 et
518 392 787 444 promissione
820 391 1116 442 praemiorum,
1154 394 1361 440 postremo
1397 389 1487 439 ipsa
1515 389 1638 437 natio,
1669 389 1783 427 cuius
1809 393 1919 427 tanta
1946 389 2103 428 vanitas

351 462 427 505 est,
457 460 500 495 ut
526 455 755 494 libertatem
785 467 806 493 a
835 453 1030 492 servitute
1070 451 1178 490 nulla
1207 464 1251 490 re
1280 451 1356 490 alia
1391 451 1468 489 nisi
1504 450 1728 489 mentiendi
1762 450 1923 489 licentia
1958 449 2105 490 distin-

350 517 554 569 guendam
582 522 740 568 putent.
795 518 855 555 39.
885 516 1027 565 Neque
1056 526 1130 564 ego
1158 518 1238 552 dico
1259 513 1481 552 Sardorum
1502 512 1681 564 querelis
1708 513 1860 551 moveri
1886 524 1962 551 nos
1985 525 2107 552 num-

317 584 472 632 5quam
511 584 713 631 oportere.
777 579 865 617 Non
905 589 995 616 sum
1024 582 1094 616 aut
1120 582 1200 616 tam
1230 576 1475 614 inhumanus
1510 580 1579 614 aut
1605 581 1687 615 tam
1714 574 1872 614 alienus
1900 588 1921 614 a
1951 575 2107 626 Sardis,

350 643 591 696 praesertim
621 654 712 680 cum
739 642 863 680 frater
881 652 998 678 meus
1025 652 1159 691 nuper
1186 639 1236 678 ab
1265 638 1327 677 his
1349 638 1589 687 decesserit,
1620 650 1711 676 cum
1735 638 1794 677 rei
1821 638 2110 678 frumentariae

351 707 424 746 Cn.
444 704 622 755 Pompeii
650 707 777 742 missu
802 702 1071 754 praefuisset:
1103 702 1172 753 qui
1201 707 1241 740 et
1267 701 1356 752 ipse
1383 700 1460 739 illis
1488 713 1562 752 pro
1592 712 1664 740 sua
1693 699 1773 739 fide
1802 706 1842 739 et
1860 701 2110 741 humanitate

351 767 569 816 consuluit,
600 771 640 805 et
667 766 726 804 eis
753 765 931 804 vicissim
970 776 1167 817 percarus
1197 770 1237 802 et
1262 764 1465 802 iucundus
1496 763 1579 802 fult.
1644 765 1704 802 40.
1744 764 1885 802 Pateat
1911 775 2007 802 vero
2035 763 2112 803 hoc

349 831 577 882 perfugium
618 827 765 876 dolori,
806 832 945 879 pateat
983 827 1099 866 iustis
1141 826 1344 877 querelis,
1389 826 1653 864 coniurationi
1693 828 1757 864 via
1798 824 2110 876 intercludatur,

300 897 337 925 ⁴0
353 892 618 943 obsaepiatur
643 889 822 938 insidiis,
860 901 996 940 neque
1024 889 1101 928 hoc
1128 890 1168 927 in
1197 888 1337 928 Sardis
1364 888 1492 938 magis
1531 900 1654 939 quam
1678 888 1720 926 in
1748 887 1894 937 Gallis,
1923 888 1964 927 in
1990 889 2110 936 Afris,

350 955 390 994 in
418 955 620 1005 Hispanis.
675 955 898 992 Damnatus
927 958 990 991 est
1016 954 1059 991 T.
1090 951 1310 997 Albucius,
1341 953 1384 991 C.
1415 951 1685 1001 Megaboccus
1713 964 1764 990 ex
1793 951 1979 991 Sardinia
2006 964 2113 990 non-

350 1017 471 1056 nullis
501 1018 620 1056 etiam
648 1016 911 1056 laudantibus
941 1015 1094 1055 Sardis.
1149 1017 1206 1054 lta
1234 1015 1356 1054 fidem
1384 1016 1577 1054 maiorem
1604 1015 1778 1054 varietas
1805 1015 1896 1066 ipsa
1924 1013 2109 1053 faciebat.

351 1079 541 1118 Testibus
570 1080 676 1117 enim
709 1079 874 1129 aequis,
912 1078 1063 1117 tabulis
1098 1078 1345 1129 incorruptis
1384 1077 1643 1116 tenebantur.
1709 1078 1771 1116 41.
1801 1078 1917 1115 Nunc
1945 1081 2008 1114 est
2034 1087 2115 1114 una

350 1155 446 1192 vox,
476 1155 555 1181 una
584 1153 722 1189 mens,
752 1153 833 1178 non
863 1152 1060 1191 expressa
1089 1139 1244 1188 dolore,
1288 1139 1362 1178 sed
1390 1138 1592 1186 simulata,
1621 1151 1757 1190 neque
1794 1138 1914 1176 huius
1941 1137 2113 1186 iniuriis,

303 1208 339 1237 ⁴5
354 1203 428 1243 sed
463 1204 675 1255 promissis
713 1202 883 1242 aliorum
912 1209 951 1242 et
977 1203 1170 1254 praemiis
1206 1203 1392 1242 excitata.
1426 1224 1470 1230 —
1499 1203 1549 1240 At
1577 1201 1776 1240 creditum
1804 1206 1867 1239 est
1894 1197 2113 1251 aliquando

355 1266 506 1306 Sardis.
527 1289 573 1294 -—
593 1267 642 1305 Et
668 1267 841 1305 fortasse
869 1266 1062 1305 credetur
1089 1265 1323 1316 aliquando,
1354 1266 1385 1303 si
1413 1265 1558 1315 integri
1583 1265 1784 1314 venerint,
1815 1264 1847 1303 si
1874 1263 2114 1313 incorrupti,

355 1330 388 1369 si
417 1342 490 1369 sua
519 1335 678 1381 sponte,
709 1330 742 1367 si
770 1341 851 1367 non
879 1329 1049 1368 alicuius
1075 1328 1270 1379 impulsu,
1301 1329 1333 1367 si
1362 1327 1496 1376 soluti,
1527 1328 1559 1366 si
1587 1327 1719 1366 liberi.
1776 1328 1889 1374 Quae
1918 1325 1951 1365 si
1982 1329 2116 1373 erunt,

355 1397 492 1431 tamen
521 1390 597 1429 sibi
625 1390 737 1429 credi
775 1390 981 1439 gaudeant
1010 1397 1048 1429 et
1075 1391 1285 1429 mirentur.
1351 1391 1453 1429 Cum
1491 1402 1588 1428 vero
1619 1390 1753 1428 omnia
1787 1388 1945 1438 absint,
1982 1393 2119 1427 tamen

357 1466 402 1493 se
429 1466 511 1492 non
538 1453 790 1504 respicient?
818 1466 901 1492 non
929 1453 1061 1503 gentis
1091 1465 1190 1491 suae
1217 1453 1364 1491 famam
1393 1451 1740 1503 perhorrescent?

306 1522 343 1550 90
457 1516 517 1554 42.
548 1515 868 1554 Fallacissimum
897 1528 1026 1566 genus
1056 1527 1149 1554 esse
1174 1515 1420 1553 Phoenicum
1451 1514 1584 1553 omnia
1613 1518 1878 1552 monumenta
1905 1511 2120 1551 vetustatis

359 1584 482 1630 atque
510 1590 652 1616 omnes
678 1577 870 1617 historiae
898 1577 1016 1616 nobis
1044 1576 1329 1628 prodiderunt.
1383 1577 1445 1616 Ab
1467 1577 1528 1615 his
1547 1576 1621 1614 orti
1641 1576 1764 1615 Poeni
1791 1575 1926 1614 multis
1946 1573 2120 1613 Kartha—

359 1641 602 1692 giniensium
631 1639 948 1690 rebellionibus,
977 1639 1115 1678 multis
1142 1639 1302 1678 violatis
1330 1639 1548 1690 fractisque
1581 1637 1815 1677 foederibus
1844 1636 1940 1675 nihil
1970 1649 2014 1675 se
2043 1635 2120 1674 de-

361 1715 581 1754 generasse
611 1702 853 1743 docuerunt.
908 1704 940 1742 A
960 1703 1106 1742 Poenis
1135 1701 1314 1742 admixto
1332 1703 1518 1741 Afrorum
1546 1714 1697 1753 genere
1719 1700 1836 1741 Sardi
1855 1713 1936 1739 non
1956 1699 2122 1738 deducti

360 1767 400 1805 in
431 1765 657 1805 Sardiniam
688 1771 810 1816 atque
838 1765 894 1804 ibi
923 1765 1143 1813 constituti,
1174 1764 1249 1804 sed
1277 1764 1481 1803 amandati
1511 1771 1551 1803 et
1576 1763 1781 1815 repudiati
1808 1762 1953 1802 coloni.

312 1834 350 1864 25
463 1830 523 1867 43.
565 1830 723 1876 Quare,
765 1840 856 1866 cum
893 1827 1038 1878 integri
1074 1826 1171 1865 nihil
1205 1828 1388 1865 fueritin
1417 1827 1491 1865 hac
1529 1832 1649 1877 gente
1677 1825 1821 1876 plena,
1852 1837 1973 1876 quam
2002 1823 2122 1863 valde

366 1904 455 1931 eam
481 1897 673 1942 putamus
702 1895 759 1928 tot
785 1890 1128 1930 transfusionibus
1157 1890 1398 1929 coacuisset
1451 1890 1522 1928 Hic
1547 1889 1641 1927 mihi
1668 1889 1853 1938 ignoscet
1880 1888 1954 1927 Cn.
1983 1886 2124 1926 Domi-

366 1955 445 1994 tius
465 1953 664 2003 Sincaius,
693 1954 754 1991 vir
773 1954 1070 2003 ornatissimus,
1094 1953 1244 2004 hospes
1265 1959 1305 1991 et
1322 1952 1528 1992 familiaris
1548 1964 1683 2001 meus,
1713 1952 1929 2002 ignoscent
1947 1950 2125 2000 denique

368 2028 509 2055 omnes
548 2015 598 2054 ab
635 2015 781 2054 eodem
810 2017 882 2055 Cn.
913 2016 1103 2067 Pompeio
1146 2016 1306 2054 civitate
1350 2015 1509 2064 donati,
1555 2027 1728 2066 quorum
1770 2019 1907 2053 tamen
1947 2012 2125 2051 omnium

368 2078 600 2118 laudatione
637 2079 804 2127 utimur,
842 2079 1056 2129 ignoscent
1093 2077 1158 2117 alii
1186 2078 1259 2117 viri
1286 2078 1382 2116 boni
1412 2090 1463 2116 ex
1491 2077 1699 2125 Sardinia,
1738 2074 1861 2114 credo
1899 2075 2004 2113 enim
2034 2085 2126 2112 esse

318 2146 355 2175 30
371 2140 585 2192 quosdam.
647 2141 708 2179 44.
746 2141 888 2191 Neque
916 2152 1006 2190 ego,
1037 2153 1129 2179 cum
1157 2139 1207 2178 de
1234 2140 1340 2178 vitiis
1368 2140 1500 2190 gentis
1528 2138 1687 2190 loquor,
1721 2137 1925 2176 neminem
1954 2136 2124 2188 excipio.

371 2203 454 2242 Sed
481 2215 503 2242 a
532 2214 596 2240 me
624 2207 686 2241 est
714 2202 764 2240 de
793 2203 983 2241 universo
1019 2214 1171 2252 genere
1208 2201 1452 2251 dicendum,
1488 2202 1529 2239 in
1557 2213 1637 2251 quo
1675 2201 1847 2239 fortasse
1881 2198 2004 2249 aliqui
2043 2198 2127 2237 suis

372 2265 554 2304 moribus
591 2270 629 2303 et
667 2265 917 2303 humanitate
956 2265 1093 2315 stirpis
1134 2265 1263 2316 ipsius
1302 2270 1341 2303 ct
1377 2264 1508 2315 gentis
1548 2264 1641 2301 vitia
1681 2265 1866 2301 vicerunt
1944 2263 2128 2311 Magnam

373 2328 538 2380 quidem
568 2340 659 2366 esse
678 2334 836 2379 partem
857 2328 942 2366 sine
971 2327 1065 2378 fide,
1096 2329 1183 2366 sine
1212 2329 1407 2367 societate
1428 2334 1468 2365 et
1487 2326 1769 2365 coniunctione
1791 2324 1964 2363 nominis
1984 2323 2127 2371 nostri,

374 2404 441 2430 res
468 2392 556 2442 ipsa
587 2389 781 2429 declarat.
836 2392 949 2437 Quae
978 2396 1041 2428 est
1069 2392 1174 2428 enim
1202 2395 1368 2441 praeter
1396 2389 1624 2428 Sardiniam
1652 2387 1874 2439 provincia,
1904 2397 2009 2437 quae
2034 2383 2129 2423 nul-

321 2457 360 2487 35
373 2453 453 2492 lam
480 2453 628 2492 habeat
663 2453 833 2492 amicam
868 2453 1020 2505 populo
1056 2454 1235 2492 Romano
1269 2466 1315 2492 ac
1344 2452 1514 2491 liberam
1544 2450 1776 2490 civitatem‘.>
1837 2450 1898 2489 45.
1931 2461 1968 2488 a.
1997 2447 2130 2486 Africa

374 2519 462 2569 ipsa
489 2528 640 2568 parens
675 2515 741 2555 illa
779 2515 1014 2565 Sardiniae,
1056 2528 1161 2566 quae
1198 2515 1371 2566 plurima
1408 2520 1447 2554 et
1476 2514 1742 2554 acerbissima
1779 2525 1871 2551 cum
1907 2509 2131 2549 maioribus

375 2579 524 2618 nostris
551 2577 659 2617 bella
686 2579 825 2628 gessit,
856 2591 935 2616 non
966 2577 1096 2616 solum
1124 2577 1371 2615 fidelissimis
1400 2577 1556 2626 regnis,
1596 2574 1670 2614 sed
1698 2575 1818 2613 etiam
1848 2574 1889 2612 in
1916 2574 2004 2624 ipsa
2031 2583 2131 2623 pro-

376 2641 506 2679 vincia
534 2652 578 2678 se
606 2652 627 2678 a
656 2640 850 2678 societate
886 2640 1128 2678 Punicorum
1165 2638 1367 2677 bellorum
1402 2639 1514 2677 Utica
1542 2643 1646 2677 teste
1679 2635 1873 2680 defendit.
1939 2632 2132 2684 Hispania

376 2702 544 2741 ulterior
570 2702 805 2753 Scipionum
831 2699 1003 2755 int[eritu
1030 2709 1060 2739 et
1087 2705 1169 2749 fidei
1197 2702 1420 2750 saguntinae
1446 2714 1534 2749 royo
1557 2703 1754 2738 nobilitata
1782 2701 1887 2735 habet
1908 2697 2132 2735 Gaditanam

328 2768 365 2798 40
379 2768 558 2803 civitatem
586 2768 728 2818 officiis,
755 2768 939 2815 periculis,
969 2768 1108 2811 foedere
1133 2767 1318 2802 nobiscum
1346 2768 1587 2802 coniunctam.
1657 2763 1800 2807 Quaero
1827 2764 1922 2806 iam,
1952 2770 2132 2807 quaenam

377 2898 442 2927 lale
464 2897 553 2935 saeta
570 2913 587 2919 —
603 2913 621 2918 —
637 2897 792 2936 regnata,
819 2896 943 2928 edidit:
970 2897 1034 2927 late
1056 2897 1146 2935 facta
1163 2914 1211 2919 --
1228 2897 1385 2937 royilala.
1441 2896 1616 2936 (labefacta
1636 2911 1654 2917 -
1670 2911 1687 2916 —
1709 2893 1857 2933 royitata
1881 2891 1992 2923 Beieri
2019 2897 2131 2930 susp„

378 2946 443 2977 late
464 2946 554 2985 facta
569 2963 586 2968 -
602 2963 620 2967 -
637 2948 784 2985 cogn'lala
806 2947 994 2986 Kreyssigii
1011 2947 1119 2987 susp.)
1148 2963 1182 2967 ——
1211 2945 1239 2977 4.
1272 2946 1326 2976 aio
1351 2947 1393 2977 M.
1421 2947 1501 2977 ante
1526 2955 1558 2977 v,
1585 2947 1732 2984 oportere
1755 2942 1916 2975 inseruit:
1942 2941 2054 2979 Neque
2077 2940 2132 2970 aio

379 2996 477 3025 Sard.
498 2996 612 3025 llcinr.
633 3003 730 3036 susp.
751 3012 785 3018 —
806 2997 836 3026 9.
862 2997 1083 3026 coniurationi
1099 2997 1156 3026 via
1172 2995 1287 3026 Beier:
1314 2996 1500 3026 coniuratio
1516 2995 1549 3025 vi
1566 2996 1603 3026 A.
1626 3010 1659 3016 —-
1682 2993 1734 3024 40.
1753 2992 1939 3023 obsediatur
1957 2992 2011 3028 A..
2036 2988 2131 3021 unde

379 3045 587 3083 obsaepialur
621 3046 667 3075 Pu
701 3047 777 3076 coni
824 3046 1010 3085 (obsidiatur
1034 3046 1090 3085 M.)
1125 3062 1160 3067 —
1193 3046 1245 3076 Μ.
1286 3044 1333 3083 T.]
1363 3044 1480 3074 Beier:
1519 3044 1554 3076 L.
1581 3044 1619 3074 Α.
1652 3042 1691 3080 (et
1715 3041 1749 3073 C.
1775 3042 1860 3081 Mey.
1887 3040 1930 3071 M.
1957 3038 2060 3078 coni)
2093 3054 2129 3060 —

381 3094 432 3125 48.
456 3097 563 3124 tamen
579 3094 648 3135 sibi]
673 3098 741 3125 tum
764 3095 823 3125 siti
848 3096 964 3126 lrteinr.
984 3104 1079 3135 susp.
1110 3113 1143 3117 —
1169 3094 1222 3125 ⁶20.
1249 3094 1423 3125 Foenz'rum
1440 3096 1476 3125 Α,
1508 3112 1541 3116 -
1568 3092 1620 3124 24.
1652 3091 1818 3122 amendati
1836 3093 1873 3122 Α.
1892 3098 1961 3120 non
1980 3086 2131 3129 improb.

382 3143 589 3174 lleinrichio.
621 3161 652 3166 -
680 3145 732 3174 255.
761 3145 870 3185 pleno]
895 3154 984 3183 pura
1008 3146 1123 3176 lleinr.
1155 3152 1251 3184 susp.
1282 3161 1310 3166 -
1342 3144 1395 3175 ⁶27.
1429 3143 1585 3182 Sinyaius
1609 3142 1651 3174 M.
1672 3159 1702 3162 —
1726 3140 1861 3179 denique
1885 3147 1993 3171 omnes
2016 3138 2131 3169 Beier:

381 3193 511 3223 incerta
545 3194 599 3224 cst
627 3194 797 3233 scriptura
827 3194 976 3232 codicis3
1014 3201 1206 3225 DELETONES
1226 3189 1287 3231 M,
1312 3200 1504 3223 1)12·1.1;c·o.w·i:.5
1529 3193 1564 3224 P.
1602 3208 1636 3213 —
1674 3190 1727 3221 3¹.
1764 3189 1818 3220 sed
1842 3198 1864 3220 a
1885 3189 1946 3229 me]
1978 3193 2134 3219 SEDAMEN

381 3242 421 3273 Α.
446 3250 464 3272 a
491 3250 542 3282 pr.
569 3250 635 3282 m.,
669 3243 760 3274 unde
794 3244 901 3275 Maius
934 3252 1030 3284 susp.
1060 3244 1114 3275 sed
1137 3246 1256 3274 tamen.
1326 3242 1395 3273 Sed
1418 3241 1497 3273 vide
1522 3249 1556 3282 p.
1583 3239 1719 3275 Cluent,
1744 3238 1774 3279 S.
1801 3238 1881 3269 ⁴48:
1910 3238 1936 3270 A
1958 3245 2009 3268 me
2026 3259 2034 3268 .
2055 3259 2063 3268 .
2080 3235 2133 3266 di-

381 3295 505 3322 Cfflllur.
