2249 3624
393 178 482 219 Lm.
514 178 564 218 ΙΙ.
606 177 701 220 ΟΑΡ.
734 174 1158 219 XXVII—XXVIII.
1196 172 1256 228 §5
1288 171 1482 214 86-89,
1762 167 1814 210 33

57 306 160 333 rum.
213 290 305 340 Quo
336 292 491 332 modo?
523 292 640 346 quia,
673 304 765 331 cum
797 293 1066 344 experrectus
1098 293 1209 328 esset
1230 287 1413 335 Ennius,
1444 298 1527 326 non
1557 283 1713 326 diceret
1745 297 1814 325 «se

57 354 212 395 vidisse
243 354 517 402 Homerum»,
549 354 621 394 sed
657 355 815 394 «visum
847 366 987 393 essen:
1018 352 1212 393 Alcmaeo
1243 356 1403 399 autem,

338 418 439 456 Sed
471 417 597 456 mihi
630 430 688 456 ne
721 417 959 469 utiquam
991 428 1079 455 cor
1111 414 1453 455 consentit..
1477 442 1488 452 .

58 478 216 520 Similia
246 478 296 518 de
327 479 564 519 vinolentis.
617 478 746 526 Quasi
779 479 1001 532 quisquam
1024 483 1148 530 neget
1169 482 1210 517 et
1231 478 1303 530 qui
1327 479 1595 529 experrectus
1621 474 1690 521 sit,
1722 486 1814 512 eum

57 541 86 592 ἦ·
109 541 335 587 somniare,
368 546 429 588 et,
461 542 576 580 cuius
606 540 720 580 furor
751 540 1006 587 consederit,
1038 545 1184 592 putare
1215 552 1300 579 non
1331 539 1460 579 fuisse
1491 551 1540 579 ea
1569 550 1678 583 vera,
1710 545 1847 589 quaes

58 607 195 642 essent
237 602 316 642 sibi
357 603 443 642 visa
481 603 523 641 in
564 601 717 641 furore.
777 602 859 641 Sed
892 615 975 642 non
1008 603 1048 641 id
1080 602 1239 655 agitur:
1282 607 1390 650 tum,
1431 615 1523 641 cum
1555 598 1815 644 videbantur,

57 678 139 718 quo
170 665 294 703 modo
326 665 591 711 viderentur,
623 663 664 702 id
697 664 923 717 quaeritur.
974 664 1061 704 Nisi
1094 678 1191 705 vcro
1222 664 1401 705 Ennium
1432 677 1516 705 non
1545 667 1737 716 putamus
1759 660 1815 700 ita

57 730 187 766 totum
218 725 321 766 illud
352 726 586 774 audivisse,

627 788 660 827 Ο
693 788 860 841 pietas
892 788 1095 828 animi.
1118 818 1128 827 .
1151 817 1183 835 .,

55 851 89 890 si
130 850 253 890 modo
291 850 333 891 id
372 850 609 897 somniavit,
647 855 694 890 ut
724 850 757 890 si
788 850 966 902 vigilans
998 850 1174 890 audiret.
1230 850 1511 903 Experrectus
1542 850 1652 890 enim
1684 849 1864 902 potuitto

53 912 125 952 illa
154 913 242 953 visa
272 918 435 966 putare,
468 918 512 952 ut
542 917 678 960 erant,
710 912 890 952 somnia:
922 912 1144 953 dormienti
1165 925 1264 953 vero
1286 925 1421 966 aeque
1443 925 1490 952 ac
1511 911 1701 965 vigilanti
1721 924 1815 965 pro-

54 974 268 1016 babantur.
320 975 461 1024 Quid?
503 975 637 1015 Iliona
667 987 813 1015 somno
845 974 918 1014 illo

614 1039 792 1085 Mater,
826 1042 872 1077 te
903 1038 1112 1090 appello
1143 1059 1197 1068 -·

56 1112 196 1140 nonne
228 1101 283 1141 ita
305 1099 435 1140 credit
456 1098 586 1140 filium
607 1099 814 1148 locutum,
845 1105 890 1140 ut
911 1105 1156 1153 experrecta
1177 1100 1303 1141 etiam
1325 1099 1539 1140 crederet?
1570 1098 1682 1139 unde
1704 1098 1814 1139 enim

56 1161 154 1202 illa:
1830 1172 1864 1200 45

140 1255 149 1264 .
172 1254 182 1265 .
204 1238 292 1278 age
323 1224 483 1265 adsta:
514 1238 676 1273 mane,
707 1224 848 1265 audi:
879 1224 1010 1265 itera
1041 1225 1153 1266 dum
1186 1226 1357 1267 eadem
1389 1225 1548 1266 istaec
1579 1223 1729 1265 mihi:

56 1300 154 1327 num
186 1288 349 1328 videtur
378 1288 580 1328 minorem
610 1287 766 1327 habere
798 1287 897 1327 visis
929 1300 1053 1341 quam
1084 1289 1306 1342 vigilantes
1337 1286 1494 1329 fidem?

166 1349 355 1391 XXVIII.
386 1347 453 1389 89.
491 1349 602 1397 Quid
643 1350 792 1403 loquar
829 1348 880 1390 de
916 1349 1107 1391 insanis?
1161 1351 1307 1400 Qualis
1352 1351 1520 1392 tandem
1554 1350 1634 1391 fuit
1668 1348 1815 1391 adfinis

56 1417 168 1459 tuus,
217 1411 378 1460 Catule,
422 1411 687 1453 Tuditanus?
732 1412 958 1466 quisquam
996 1413 1241 1454 sanissimus
1284 1419 1367 1454 tam
1407 1418 1517 1455 certa
1554 1419 1672 1468 putat
1707 1426 1816 1468 quae

55 1473 168 1514 videt
197 1487 322 1528 quam
352 1475 386 1514 is
417 1475 589 1527 putabat
620 1487 727 1529 quae
758 1474 1038 1515 videbantur?
1085 1475 1197 1524 Quid
1227 1476 1322 1524 ille,
1353 1477 1424 1530 qui
1829 1484 1866 1513 ΞΟ

349 1537 525 1585 Video,
556 1538 700 1578 video
732 1542 799 1577 te:
829 1537 960 1585 vive,
992 1537 1182 1587 Ulixes,
1215 1539 1325 1579 dum
1355 1539 1492 1587 licet,

54 1611 194 1638 nonne
226 1599 349 1639 etiam
379 1599 443 1640 bis
475 1600 724 1640 exclamavit
754 1613 797 1640 se
828 1600 992 1647 videre,
1025 1614 1118 1641 cum
1149 1602 1318 1641 omnino
1348 1615 1432 1642 non
1453 1601 1646 1643 videret?
1678 1600 1817 1650 Quid?

53 1661 166 1715 apud
197 1662 435 1716 Euripidem
467 1663 690 1712 Hercules,
727 1676 840 1710 cum,
876 1667 924 1702 ut
953 1663 1178 1716 Eurysthei
1209 1661 1337 1712 filios,
1373 1664 1431 1704 ita
1461 1677 1558 1706 suos
1589 1662 1819 1718 configebat

55 1724 231 1777 sagittis,
277 1738 370 1765 cum
408 1739 582 1766 uxorem
618 1725 910 1773 interemehat,
954 1738 1045 1765 cum
1084 1726 1313 1767 conabatur
1355 1727 1478 1767 etiam
1507 1732 1687 1781 patrem,
1732 1740 1818 1767 non

54 1788 226 1840 perinde
257 1788 503 1829 movebatur
531 1789 666 1837 falsis,
696 1793 742 1829 ut
761 1788 871 1828 veris
893 1791 1158 1829 moveretur?
1203 1788 1346 1837 Quid?
1377 1790 1469 1842 ipse
1489 1790 1686 1830 Alcmaeo
1705 1794 1817 1837 tuus,
1830 1797 1867 1827 25

55 1851 126 1903 qui
156 1857 280 1905 negat
312 1866 407 1893 «cor
434 1853 514 1894 sibi
537 1867 630 1894 cum
652 1853 786 1893 oculis
808 1852 1090 1899 consentire»,
1120 1865 1262 1892 nonne
1292 1851 1448 1893 ibidem
1468 1852 1639 1894 incitato
1659 1852 1818 1894 furore:

532 1945 542 1956 .
564 1945 574 1956 .
605 1915 735 1956 unde
766 1915 886 1957 haec
916 1914 1116 1956 flamma
1146 1914 1341 1955 oritur?

58 1979 99 2015 et
127 1974 200 2016 illa
230 1975 448 2031 deinceps,

333 2040 594 2090 Incedunt,
625 2041 890 2082 incedunt:
922 2041 1124 2089 adsunt,
1155 2053 1227 2081 me
1258 2044 1513 2094 expetunt.

144 2200 174 2231 4.
200 2199 335 2240 diceret,
361 2201 459 2233 cuius
482 2200 559 2234 loco
584 2201 708 2235 Davies
733 2203 806 2235 sine
832 2211 936 2235 causa
962 2201 1084 2234 maluit
1107 2202 1253 2241 disserit,
1279 2210 1348 2234 om.
1375 2201 1440 2233 EO
1466 2218 1502 2223 —
1528 2201 1560 2233 2.
1586 2201 1709 2234 alcmeo
1731 2203 1759 2233 A
1782 2219 1817 2226 —-

57 2246 88 2279 3.
113 2250 304 2290 neutiquam
328 2251 353 2283 O
380 2269 414 2274 —
441 2251 471 2284 4.
497 2252 673 2283 uinulenlis
695 2250 816 2284 A¹BV
835 2270 868 2275 -—
897 2254 928 2284 5.
954 2253 1119 2284 somniare
1137 2252 1182 2290 C,
1210 2250 1275 2284 sed
1298 2252 1331 2282 in
1348 2251 1428 2282 Vre
1444 2252 1669 2292 punctatum:
1694 2252 1821 2284 somnia

57 2297 99 2336 Ο,
125 2300 160 2330 at
182 2302 278 2332 recte
302 2302 370 2333 iam
395 2302 520 2333 Davies
544 2302 680 2333 monuit
703 2303 753 2334 sic
776 2302 968 2335 verborum
999 2304 1211 2335 structuram
1242 2301 1435 2334 admodum
1459 2301 1583 2333 duram
1608 2301 1698 2339 sore3
1732 2311 1821 2334 som-

56 2348 162 2381 niasse
195 2350 337 2389 Lamb.;
375 2351 476 2384 nobis
507 2353 541 2384 in
576 2351 630 2384 illa
661 2351 795 2394 syllaba
824 2363 860 2385 re
888 2353 1086 2385 terminatio
1110 2352 1211 2385 verbi
1241 2352 1424 2384 cuiusdam
1453 2360 1642 2393 superesse
1666 2351 1819 2391 videtur,

57 2396 153 2430 velut
174 2401 302 2432 somnia
322 2401 501 2440 reprobare
525 2401 665 2442 (somnia
687 2411 748 2433 sua
770 2403 842 2434 visa
860 2402 994 2442 putare)
1019 2401 1074 2433 vel
1098 2401 1212 2433 simile
1236 2401 1379 2443 aliquid.
1406 2401 1493 2442 (eum
1516 2402 1573 2441 qui
1587 2410 1720 2442 eaeperr.
1737 2403 1779 2433 sit
1793 2405 1823 2434 et

57 2449 149 2480 cuius
168 2449 266 2489 furor
287 2451 484 2490 consederit,
506 2455 627 2491 putare
649 2461 713 2483 non
736 2452 835 2492 fuisse
857 2461 898 2484 ea
920 2460 1021 2490 vera,
1049 2460 1132 2491 quae
1155 2455 1258 2483 esse-nt
1282 2451 1343 2483 sibi
1364 2451 1436 2482 visa
1458 2451 1493 2482 in
1516 2451 1638 2482 somnis
1659 2455 1689 2483 et
1710 2452 1745 2482 in
1766 2451 1822 2492 fu-

56 2506 133 2530 rore
155 2500 247 2532 coni.
272 2500 410 2540 Davies)
430 2518 465 2523 —
493 2501 524 2533 6.
550 2501 746 2533 videbantur
769 2502 912 2534 Davies:
940 2502 1120 2533 uideantur
1144 2502 1168 2533 C
1188 2519 1223 2524 —
1252 2502 1305 2533 40.
1331 2501 1359 2532 si
1381 2501 1460 2542 post
1481 2504 1517 2532 ut
1534 2500 1673 2533 inclusit
1696 2502 1822 2533 Davies

59 2564 95 2571 —
124 2549 176 2581 Μ.
200 2553 237 2581 uc
258 2554 354 2582 erant
375 2551 503 2583 somnia
526 2551 663 2591 Madvig
687 2552 729 2591 (Ι,
757 2552 851 2592 482):
878 2554 914 2583 ut
936 2554 1032 2584 erant
1055 2554 1085 2583 et
1105 2551 1234 2582 somnia
1258 2551 1302 2590 C,
1326 2554 1363 2582 ut
1386 2554 1482 2583 erant
1503 2559 1570 2583 esse
1591 2560 1615 2583 s.
1638 2552 1765 2584 Davies
1783 2568 1820 2574 —

56 2596 225 2638 vigilantis
246 2600 373 2633 Davies
399 2618 435 2623 -—
462 2601 513 2632 42.
536 2600 723 2640 probantur
747 2602 772 2632 G
800 2619 834 2623 —
861 2610 977 2633 somna
998 2597 1037 2632 B¹
1055 2618 1089 2623 —
1119 2601 1171 2633 43.
1198 2601 1303 2641 apello
1327 2602 1355 2633 A
1378 2618 1421 2623 —
1445 2600 1498 2633 ⁴4.
1524 2602 1573 2633 ita
1596 2602 1739 2634 Davies:
1766 2601 1825 2633 illa

60 2647 85 2678 C
112 2665 147 2671 -
172 2649 222 2680 ica
243 2650 380 2682 credidit
402 2649 520 2682 malim
539 2668 574 2673 -—
602 2650 654 2681 ⁴6.
681 2654 755 2682 asta
778 2651 845 2682 AV
865 2669 900 2674 —
925 2659 1022 2682 mane
1044 2652 1071 2682 A
1097 2659 1143 2682 m.
1163 2651 1183 2682 2
1208 2651 1242 2682 in
1267 2659 1335 2683 ras.
1354 2650 1461 2682 habet
1484 2669 1520 2673 -
1546 2651 1627 2682 audi
1650 2660 1720 2683 om.
1739 2651 1768 2683 V
1785 2668 1821 2674 —

59 2696 144 2729 itera
167 2699 245 2732 dum
267 2700 313 2731 V:
340 2701 503 2732 iteradum
527 2701 552 2732 O
579 2718 615 2722 —
640 2702 740 2733 istaec
763 2701 953 2734 Manutius:
979 2704 1008 2732 et
1032 2700 1097 2731 ista
1121 2701 1166 2738 C;
1192 2702 1256 2732 ista
1280 2700 1383 2732 codd.
1410 2701 1444 2731 in
1462 2700 1534 2732 Cic.
1553 2701 1654 2733 Tusc.
1673 2702 1719 2739 11,
1745 2701 1766 2741 §
1783 2699 1824 2732 44

62 2748 96 2778 et
127 2748 163 2780 in
193 2759 249 2792 ep.
277 2750 322 2782 ad
349 2752 450 2783 Attio.
475 2751 561 2789 XIV,
587 2751 644 2789 44,
671 2752 703 2783 4.
738 2768 774 2773 -
812 2750 862 2781 47.
887 2750 1057 2790 uigilantis
1086 2748 1219 2787 ABV¹;
1257 2749 1299 2782 cf.
1326 2749 1539 2781 Lachmanni
1573 2751 1764 2782 comment.
1791 2750 1824 2780 in

62 2796 162 2830 Lucr.
187 2808 222 2841 p.
247 2801 301 2833 56.
321 2817 357 2823 —
382 2802 436 2833 20.
461 2800 594 2832 uidebat
616 2800 656 2831 V¹
676 2819 712 2825 --
738 2801 793 2833 24.
817 2800 910 2832 video
933 2803 981 2839 te,
1005 2800 1098 2831 video
1123 2799 1279 2831 Ribbeck
1296 2800 1406 2840 (Trag.
1423 2800 1497 2831 Lat.
1516 2798 1579 2831 rel.
1598 2809 1632 2841 p.
1649 2799 1724 2838 205)
1743 2806 1825 2830 cum

61 2846 194 2881 Botheo
225 2868 268 2874 —
295 2851 368 2883 vive
398 2852 555 2883 Goerenz
580 2852 633 2892 (ex
659 2851 730 2883 Cic.
757 2850 801 2882 de
825 2852 912 2882 orat.
939 2851 999 2888 111,
1025 2851 1045 2891 5
1071 2849 1163 2889 462):
1197 2850 1313 2880 uiuum
1337 2849 1383 2885 C,
1419 2847 1483 2880 sed
1506 2849 1540 2880 in
1564 2849 1593 2880 V
1616 2847 1725 2880 verba
1749 2847 1827 2887 quid

62 2896 178 2928 ille--
192 2899 308 2932 uiuum
331 2901 365 2932 in
388 2899 464 2933 loco
489 2910 590 2933 eraso
615 2902 745 2943 scripta
768 2902 850 2933 sunt
867 2918 903 2923 —
931 2901 1012 2931 dicet
1038 2900 1064 2930 V
1082 2916 1116 2920 —
1143 2899 1196 2930 22.
1216 2907 1248 2930 se
1264 2897 1463 2930 exclamavit
1481 2899 1545 2930 GO
1563 2916 1599 2921 —
1625 2897 1679 2930 23.
1705 2896 1829 2929 ercules

62 2945 105 2978 V¹
130 2963 166 2971 -
192 2950 352 2989 eurystehi
374 2950 399 2982 B
427 2969 462 2974 —
487 2951 536 2982 ita
559 2951 626 2984 del.
653 2951 845 2990 Victorius,
870 2951 905 2982 at
927 2959 960 2982 v.
987 2947 1229 2988 Naegelsbach
1253 2949 1326 2980 Lat.
1351 2948 1489 2979 Stilisiik
1511 2957 1546 2988 p.
1566 2946 1629 2979 440
1655 2946 1711 2978 ed.
1730 2947 1770 2978 11.
1788 2963 1823 2968 —

63 2996 116 3029 24.
142 2997 348 3031 interimebat
370 2997 447 3032 C2O
472 3018 508 3024 -
534 3002 588 3033 25.
614 3001 737 3033 alcmeo
760 3003 788 3033 A
813 3018 848 3022 —
875 3000 930 3031 26.
955 2998 1015 3030 sibi
1037 3006 1102 3030 esse
1125 3006 1200 3029 cum
1215 2998 1255 3028 V1
1276 3015 1310 3020 —
1336 2998 1491 3029 incitatus
1507 2998 1653 3032 Davies:
1680 2997 1714 3027 at
1730 2996 1826 3026 recte

64 3045 212 3088 explicat
234 3048 456 3091 Wesenberg
477 3052 513 3082 in
537 3051 688 3083 Observa.
709 3051 797 3082 crite.
816 3051 860 3082 ad
882 3059 931 3081 or.
947 3058 982 3089 p.
1000 3049 1102 3081 Sestio
1118 3057 1152 3089 p.
1171 3048 1207 3079 51
1226 3056 1233 3077 :
1261 3055 1342 3078 cum
1366 3047 1461 3079 furor
1484 3048 1559 3079 eius
1583 3046 1678 3077 initio
1701 3045 1828 3076 remis—

63 3096 135 3128 sior
157 3095 336 3138 paullatim
359 3099 532 3132 incitatior
555 3102 591 3132 et
606 3100 850 3132 vehementior
866 3099 977 3131 factus
994 3099 1108 3135 esset3
1135 3096 1177 3129 cs.
1198 3097 1303 3128 etiam
1319 3097 1499 3138 Wopkens
1518 3096 1611 3128 lectt.
1630 3093 1715 3126 Tull.
1734 3103 1768 3135 p.
1787 3094 1828 3125 55

65 3145 120 3178 ed.
146 3146 258 3179 Hand.
287 3165 322 3170 -—
348 3148 402 3181 29.
426 3150 536 3183 incede
558 3150 667 3182 incede
691 3150 793 3182 codd.
821 3150 914 3188 eto,
941 3148 1005 3181 sed
1022 3149 1050 3180 V
1072 3148 1107 3179 in
1131 3147 1227 3178 caede
1250 3147 1285 3178 in
1307 3147 1422 3184 caede;
1450 3145 1687 3178 necessariam
1705 3151 1829 3175 emen-

64 3194 243 3229 dationem
265 3197 435 3238 incedunt,
460 3207 509 3231 sc.
534 3199 676 3239 Furiae,
703 3200 773 3231 iam
795 3198 918 3230 Lamb.
944 3197 1052 3229 habet
1075 3198 1109 3228 in
1133 3205 1244 3236 marg.
1265 3214 1301 3219 -—
1327 3197 1448 3228 adsunt
1469 3205 1520 3228 me
1537 3197 1582 3227 C:
1609 3194 1741 3231 adsunt,
1767 3193 1831 3224 ad-

63 3248 157 3277 sunt:
180 3254 248 3286 me,
272 3255 325 3280 me
347 3247 392 3287 Ο;
418 3248 538 3281 adsunt
560 3249 678 3281 adsunt
701 3249 836 3288 adsunt,
861 3257 912 3280 me
934 3250 1090 3287 eaepetunt
1112 3246 1253 3287 scripsit
1268 3245 1426 3279 Ribbeck
1448 3244 1471 3278 l.
1490 3254 1521 3277 c.
1546 3254 1581 3286 p.
1601 3244 1660 3283 46;
1687 3242 1766 3275 vide
1784 3250 1827 3273 ne

64 3293 215 3328 sufficiat
237 3295 376 3338 adsunt,
401 3297 536 3339 adsunt,
560 3306 612 3332 me
635 3307 727 3340 exp„
751 3299 791 3331 ut
813 3306 938 3331 versus
960 3305 1031 3330 non
1055 3296 1100 3329 sit
1121 3297 1266 3336 integer.

132 3355 251 3391 Cietae
272 3356 308 3391 Τ.
322 3356 373 3392 Π.
1490 3355 1516 3396 3
