2249 3624
497 194 586 234 Lm.
616 193 667 233 11.
707 191 803 232 cst.
834 189 1121 230 xia—xiv.
1159 186 1219 241 §5
1250 184 1446 226 39-45.
1802 179 1853 222 47

89 310 139 349 Ut
171 308 281 349 enim
314 308 364 347 de
397 307 588 347 sensibus
619 306 815 346 hesterno
848 316 1037 344 sermone
1068 301 1249 348 vidistis,
1283 301 1381 340 item
1411 298 1568 338 faciunt
1589 296 1640 337 de
1665 297 1851 351 reliquis,

88 372 130 412 in
173 370 433 424 singulisque
477 370 617 415 rebus,
665 382 767 422 quas
810 368 852 407 in
898 367 1068 406 minima
1108 364 1380 417 dispertiunt,
1427 362 1572 402 volunt
1602 360 1768 400 efficere
1800 360 1850 399 iis

88 435 303 481 omnibus,
344 446 451 487 quae
491 433 577 472 visa
614 433 717 478 sint,
757 431 863 471 veris
895 430 1091 469 adiuncta
1123 441 1214 466 esse
1246 426 1372 474 falsa,
1416 438 1524 479 quae
1556 437 1579 464 a
1608 424 1715 465 veris
1747 422 1851 462 nihil

89 496 302 537 differant:
335 509 382 535 ea
415 509 505 534 cum
541 495 636 534 talia
667 494 770 541 sint,
804 507 887 533 non
921 504 1042 545 posse
1075 490 1318 544 conprendi.

198 560 306 598 xlv.
339 556 404 596 -4-3.
448 558 563 596 llanc
606 570 682 608 ego
724 556 996 595 subtilitatem
1044 553 1309 607 philosophia
1354 551 1524 606 quidem
1566 549 1883 604 dignissimam5

87 620 246 667 iudico,
278 620 350 660 sed
382 620 432 659 ab
464 632 607 658 eorum
641 631 785 664 causa,
818 618 888 670 qui
920 617 975 656 ita
997 616 1228 663 disserunt,
1261 616 1598 655 remotissimam.
1636 612 1853 653 Definitio-

86 697 160 723 nes
191 683 300 722 enim
334 688 374 722 et
405 682 649 735 partitiones
681 686 721 719 et
752 680 899 719 horum
931 679 1159 718 luminibus
1198 684 1319 718 utens
1351 678 1504 725 oratio,
1544 682 1630 717 tum
1663 675 1853 715 similitu-

86 745 204 785 dines
246 743 694 796 dissimilitudinesque
735 748 775 781 et
816 755 957 782 earum
996 741 1134 780 tenuis
1166 746 1205 780 et
1235 746 1355 780 acuta
1388 739 1602 780 distinctio
1633 738 1851 778 fidentium

85 813 147 848 est
175 807 415 853 hominum,
458 806 530 844 illa
561 818 657 845 vera
689 810 730 844 et
760 802 875 843 lirma
908 809 948 842 et
979 808 1091 842 certa
1123 817 1233 850 esse,
1277 817 1385 857 quae
1417 808 1624 849 tutentur,
1664 815 1750 842 non
1782 815 1852 841 eo-

83 884 197 917 rum,
240 870 311 924 qui
349 869 525 909 clament
566 868 697 907 nihilo
742 868 870 919 magis
902 879 1000 906 vera
1032 866 1102 905 illa
1133 879 1223 905 esse
1256 878 1378 918 quam
1410 865 1527 905 falsa.
1591 865 1704 913 Quid
1741 864 1900 905 enimio

83 939 226 986 agant,
259 933 312 979 si,
344 945 436 971 cum
469 930 630 984 aliquid
664 930 919 976 definierint,
952 935 1071 981 roget
1094 942 1165 967 eos
1190 928 1420 981 quispiam,
1453 941 1549 966 num
1572 927 1643 967 illa
1666 925 1851 966 delinitio

84 995 213 1049 possit
244 995 285 1034 in
316 994 439 1034 aliam
472 1007 557 1032 rem
584 993 796 1033 transferri
821 991 1093 1045 quamlubct?
1137 991 1178 1029 Si
1203 1003 1327 1042 posse
1351 990 1554 1036 dixerint,
1588 989 1688 1043 quid
1712 989 1851 1028 dicere

84 1057 287 1104 habeant,
319 1070 392 1096 cur
423 1056 491 1095 illa
523 1069 619 1095 vera
643 1054 827 1095 delinitio
851 1055 932 1093 sit?
965 1054 998 1093 si
1020 1053 1279 1106 negaverint,
1311 1053 1524 1092 fatendum
1548 1053 1620 1100 sit,
1652 1051 1851 1106 quoniam

86 1117 181 1174 [vel]
224 1120 296 1159 illa
326 1132 423 1158 vera
455 1116 639 1158 delinitio
672 1118 885 1158 transferri
918 1131 1001 1157 non
1035 1119 1167 1170 possit
1198 1118 1240 1157 in
1271 1116 1442 1164 falsum,
1481 1115 1593 1170 quod
1627 1128 1676 1154 ea
1707 1111 1853 1153 defini-

84 1182 198 1222 tione
229 1182 472 1235 explicetur,
504 1182 545 1220 id
579 1182 736 1235 percipi
769 1195 915 1235 posse:
949 1181 1060 1235 quod
1094 1180 1263 1220 minime
1295 1180 1355 1219 illi
1379 1180 1542 1219 volunt.
1589 1176 1746 1217 Eadem
1770 1175 1851 1214 dici
1870 1182 1900 1211 15

84 1250 282 1298 poterunt
313 1246 354 1285 iu
386 1244 579 1284 omnibus
612 1244 810 1298 partibus.
871 1241 936 1283 44.
971 1244 1013 1283 Si
1047 1244 1156 1284 enim
1189 1243 1329 1283 dicent
1360 1256 1420 1291 ea,
1453 1243 1504 1282 de
1537 1241 1689 1295 quibus
1721 1239 1852 1279 disse-

84 1314 195 1356 rent,
241 1321 284 1347 se
329 1307 509 1347 dilucide
554 1307 792 1360 perspicere
837 1321 915 1347 nec
958 1307 1042 1346 ulla
1083 1307 1378 1346 communione
1409 1306 1594 1346 visorum
1631 1302 1851 1356 impediri,

83 1369 370 1424 conprendere
412 1383 460 1410 ea
499 1383 542 1409 se
582 1369 836 1409 fatebuntur.
898 1370 969 1410 Sin
1010 1375 1150 1409 autem
1190 1369 1405 1422 negabunt
1433 1382 1533 1409 vera
1563 1368 1652 1408 visa
1683 1380 1704 1407 a
1736 1366 1851 1406 falsis

83 1445 207 1486 posse
238 1431 456 1485 distingui,
488 1431 561 1485 qui
592 1437 787 1485 poterunt
817 1432 982 1485 longius
1014 1432 1245 1485 progredi?
1298 1433 1551 1472 Occurretur
1580 1430 1712 1477 enim,
1745 1429 1853 1469 sicut

83 1508 300 1535 occursum
333 1500 408 1535 est.
459 1495 562 1534 Nam
595 1494 790 1534 concludi
821 1501 1112 1548 argumentum
1145 1509 1227 1535 non
1267 1500 1408 1549 potest
1437 1495 1518 1535 nisi
1548 1494 1621 1541 iis,
1660 1505 1766 1547 quae
1798 1491 1849 1531 ad
1865 1496 1900 1525 20

83 1557 416 1598 concludendum
448 1563 611 1611 sumpta
643 1563 787 1605 erunt,
828 1558 883 1597 ita
913 1558 1118 1610 probatis,
1159 1564 1204 1598 ut
1233 1558 1338 1598 falsa
1370 1558 1555 1598 eiusdem
1588 1555 1702 1596 modi
1734 1554 1851 1594 nulla

80 1620 240 1672 possint
279 1633 384 1660 esse.
443 1619 553 1672 Ergo
595 1620 627 1660 si
671 1620 795 1660 rebus
836 1621 1082 1673 conprensis
1121 1627 1162 1661 ct
1202 1621 1408 1675 perceptis
1439 1621 1530 1661 nisa
1561 1624 1602 1659 et
1631 1631 1851 1672 progressa

80 1682 184 1722 ratio
215 1682 294 1722 hoc
316 1681 487 1730 efficiet,
518 1682 623 1722 nihil
645 1696 770 1736 posse
793 1683 1042 1735 conprendi,
1073 1684 1175 1737 quid
1197 1690 1336 1738 potest
1356 1683 1549 1738 reperiri,
1577 1682 1689 1736 quod
1712 1684 1849 1735 ipsum

81 1745 159 1785 sibi
190 1752 394 1799 repugnet
425 1746 585 1798 magis?
618 1759 796 1799 cumque
827 1745 919 1798 ipsa
950 1750 1098 1784 natura
1128 1751 1346 1786 accuratae
1379 1744 1581 1786 orationis
1611 1744 1693 1784 hoc
1723 1740 1850 1796 profi-

80 1812 232 1856 teatur,
276 1822 320 1848 se
358 1807 519 1861 aliquid
558 1807 860 1861 patefacturam
892 1808 1006 1861 quod
1047 1821 1132 1848 non
1164 1814 1362 1862 appareat
1392 1813 1452 1857 et,
1494 1821 1577 1862 quo
1609 1808 1651 1847 id
1682 1807 1894 1847 facilius-25

79 1868 351 1923 adsequatur,
383 1871 661 1911 adhibituram
693 1876 734 1911 et
764 1884 911 1911 sensus
944 1876 984 1910 et
1015 1884 1063 1911 ea
1095 1885 1202 1925 quae
1232 1871 1455 1926 perspicua
1486 1871 1588 1918 sint,
1619 1870 1755 1926 qualis
1788 1874 1851 1909 est

80 1931 254 1972 istorum
286 1934 443 1982 oratio,
480 1934 553 1987 qui
585 1934 725 1973 omnia
756 1947 840 1974 non
872 1939 954 1973 tam
986 1947 1077 1974 esse
1110 1948 1235 1988 quam
1266 1934 1396 1975 videri
1427 1934 1608 1974 volunt?
1667 1933 1849 1974 Maxime

81 1999 220 2034 autem
251 1997 576 2044 convincuntur,
608 2010 701 2036 cum
731 1996 835 2036 haec
867 1997 948 2037 duo
980 2011 1053 2051 pro
1085 1996 1413 2050 congruentibus
1444 2001 1634 2044 sumunt,
1664 2002 1749 2037 tam
1779 2009 1850 2036 ve-

80 2055 298 2097 hementer
328 2059 625 2112 repugnantia:
656 2060 836 2112 primum
869 2073 960 2100 esse
992 2060 1198 2113 quaedam
1229 2059 1334 2099 falsa
1364 2059 1473 2099 visa:
1506 2059 1621 2113 quod
1653 2073 1746 2099 cum
1777 2071 1850 2099 vo-

81 2118 194 2168 lunt,
233 2121 446 2161 declarant
485 2122 692 2175 quaedam
730 2135 821 2162 esse
853 2135 973 2163 vera:
1018 2122 1170 2162 deinde
1202 2121 1379 2169 ibidem,
1416 2121 1526 2161 inter
1554 2120 1659 2162 falsa
1689 2122 1778 2162 visa
1810 2126 1898 2161 et30

80 2195 177 2223 vera
222 2182 326 2223 nihil
363 2183 579 2224 interesse.
638 2184 691 2224 At
729 2185 908 2238 primum
947 2198 1208 2238 sumpseras,
1252 2189 1464 2237 tamquam
1506 2184 1749 2224 interesset:
1792 2183 1850 2223 ita

80 2245 211 2297 priori
240 2246 468 2300 posterius,
500 2246 723 2300 posteriori
753 2248 944 2301 superius
975 2261 1060 2287 non
1082 2248 1279 2301 iungitur.
1339 2244 1405 2286 45.
1429 2247 1511 2287 Sed
1532 2246 1850 2301 progrediamur

81 2306 245 2361 longius
276 2314 318 2349 et
346 2309 403 2349 ita
432 2323 624 2363 agamus,
655 2315 702 2351 ut
731 2310 836 2350 nihil
867 2311 989 2351 nobis
1021 2311 1229 2351 adsentati
1263 2324 1355 2351 esse
1383 2310 1620 2358 videamur,
1653 2321 1847 2364 quaeque

167 2511 198 2543 2.
225 2511 424 2552 disper-ciunt
446 2510 476 2542 V
503 2528 537 2533 —
568 2511 630 2542 hiis
653 2512 677 2542 Α
691 2510 733 2542 V¹
758 2528 793 2533 —
826 2512 857 2543 3.
883 2512 946 2543 sint
968 2512 993 2543 B
1019 2512 1051 2543 in
1075 2520 1144 2543 ras.
1171 2510 1278 2543 habet
1305 2526 1340 2533 -—
1373 2511 1487 2542 aiucta
1511 2510 1567 2548 Αἱ,
1601 2510 1718 2542 aiunla
1741 2506 1782 2540 V¹
1805 2527 1848 2533 -—-

80 2558 112 2592 4.
129 2569 196 2592 non
212 2561 255 2593 C:
282 2561 362 2592 nihil
378 2562 414 2599 Ο,
436 2563 473 2592 ut
488 2569 608 2602 margo
627 2561 681 2592 ed.
698 2562 835 2593 Crat.—
856 2562 885 2593 6.
907 2571 990 2602 quae
1006 2562 1053 2593 ita
1066 2563 1148 2593 B1—
1169 2562 1199 2592 7.
1219 2561 1340 2592 harum
1359 2559 1480 2592 Lamb.
1501 2560 1578 2592 sort.
1596 2561 1765 2592 rhetorum
1783 2559 1848 2600 (vel

80 2611 264 2651 oratorum)
284 2629 319 2635 —
346 2612 377 2643 8.
395 2611 684 2651 similitudinesque
702 2612 782 2651 (om.
802 2612 938 2652 dissim.)
956 2615 983 2644 A
1001 2630 1034 2634 —
1063 2616 1091 2643 et
1112 2619 1180 2642 om.
1198 2612 1225 2642 V
1237 2628 1271 2633 -—
1299 2614 1408 2642 tenues
1423 2610 1500 2642 A¹V
1518 2611 1679 2649 (tenuisset
1695 2614 1795 2641 acula
1811 2610 1845 2649 B)

83 2678 118 2683 --
142 2661 198 2702 fid.
223 2664 299 2693 sunt
320 2662 488 2693 hominum
512 2660 631 2693 malim
658 2680 692 2684 -
719 2662 750 2693 9.
777 2665 936 2701 putentur
960 2662 1133 2694 Manutius
1154 2679 1189 2684 —
1217 2662 1268 2692 41.
1296 2661 1447 2702 definient
1470 2661 1494 2691 B
1516 2678 1550 2683 —
1578 2661 1630 2692 42.
1656 2660 1726 2691 alia
1749 2660 1789 2691 V¹
1805 2676 1848 2681 —-

81 2718 181 2749 quam
203 2710 289 2743 lubet
310 2712 359 2744 A:
387 2720 488 2751 quam
510 2711 597 2743 iubet
620 2712 685 2743 BV
713 2729 748 2734 —
776 2713 854 2751 quid
877 2713 963 2744 enim
986 2714 1093 2743 dicere
1118 2712 1162 2749 C?
1193 2711 1351 2750 quidnam
1375 2711 1437 2742 dic.
1463 2711 1652 2748 Manutius;
1679 2710 1758 2748 quid
1780 2712 1850 2740 tum

82 2759 144 2791 dic.
177 2760 299 2793 Lamb.
327 2778 363 2783 —
400 2761 452 2793 43.
485 2762 535 2792 sin
565 2770 636 2802 neq.
669 2762 758 2793 coni.
784 2763 911 2794 Davies
945 2763 987 2802 (G
1012 2770 1171 2803 quoque,
1209 2761 1251 2791 de
1277 2769 1346 2801 quo
1372 2762 1528 2792 Goerenz
1556 2762 1616 2791 aut
1640 2759 1768 2791 erravit
1791 2761 1851 2790 aut

82 2810 246 2842 mentitus
271 2811 342 2849 est,
367 2811 394 2842 si
418 2811 534 2851 habet)
563 2829 598 2834 —
630 2812 707 2843 sort.
732 2812 902 2851 fatendum
925 2816 970 2843 esc
997 2830 1030 2834 —
1065 2810 1116 2842 114.
1141 2811 1191 2842 vel
1221 2811 1381 2842 Davisius
1405 2808 1532 2850 aliique
1556 2809 1613 2841 hic
1636 2809 1754 2842 locum
1779 2818 1849 2840 non

82 2856 215 2890 habere
239 2858 482 2892 intellexerunt
505 2878 541 2883 ——
577 2862 628 2892 ⁴5.
655 2861 714 2892 illa
736 2870 819 2893 uera
842 2864 868 2893 A
885 2863 925 2893 B:
957 2862 1016 2893 illa
1042 2870 1122 2892 uero
1154 2863 1191 2900 (a
1219 2870 1298 2892 uero
1323 2861 1426 2900 corr.)
1452 2860 1495 2895 V;
1524 2860 1584 2890 illa
1609 2860 1651 2896 O;
1682 2859 1850 2900 equidem

82 2906 219 2939 malim:
246 2911 403 2947 quoniam
425 2911 484 2942 illa
507 2912 668 2951 definitio;
696 2920 776 2943 nam
797 2911 985 2943 verisimile
1011 2914 1063 2943 est
1088 2911 1137 2942 vel
1158 2920 1238 2942 vera
1261 2909 1304 2941 ab
1330 2909 1445 2950 aliquo
1469 2908 1611 2941 librario
1636 2909 1680 2941 ad
1703 2910 1762 2941 illa
1785 2909 1851 2940 ad-

83 2956 253 2998 scriptum
277 2967 368 2992 esse.
396 2978 431 2983 —
459 2961 510 2992 ⁴6.
533 2962 701 3000 potuerint
723 2964 768 2999 A,
795 2962 940 3001 poterint
968 2962 1010 2999 B;
1045 2961 1088 2992 ct'.
1115 2960 1159 2991 ad
1185 2969 1234 2992 or.
1262 2969 1295 3001 p.
1323 2961 1409 2992 Sest.
1437 2968 1472 2999 p.
1499 2959 1577 2998 934,
1607 2961 1657 2992 Μ.
1685 2978 1720 2983 -
1747 2968 1851 2999 par.-

82 3018 166 3050 tibus
188 3021 234 3059 A;
265 3023 396 3062 pariter
423 3022 518 3055 rebus
548 3023 788 3061 Hermannus;
821 3017 975 3062 partibus
998 3023 1022 3054 Ο
1047 3024 1189 3053 auctore
1216 3021 1407 3053 Goerenzio
1438 3019 1589 3052 inclusit.
1620 3040 1653 3044 —
1692 3023 1852 3053 disserant

84 3067 219 3101 Ernesti
247 3088 282 3095 —
309 3072 362 3104 48.
387 3081 419 3104 se
437 3082 530 3113 posse
552 3073 613 3113 fat.
634 3075 658 3103 G
680 3091 711 3097 —
743 3074 794 3105 49.
821 3076 876 3104 tur
898 3073 984 3104 enim
1000 3073 1028 3103 V
1053 3080 1158 3113 supra
1184 3079 1343 3103 rasuram
1362 3088 1397 3093 —
1425 3071 1478 3102 20.
1501 3074 1592 3111 poles
1616 3069 1653 3103 B¹
1672 3089 1706 3093 —
1733 3072 1773 3102 iis
1789 3072 1850 3102 AB

84 3124 173 3150 corr.
192 3128 234 3152 ex
257 3121 302 3159 is,
327 3121 376 3153 his
397 3122 426 3153 V
444 3140 479 3145 —
506 3124 559 3155 22.
584 3124 657 3155 nisa
681 3124 871 3155 Manutius:
898 3124 973 3154 uisa
990 3124 1014 3154 C
1035 3140 1070 3144 —
1098 3122 1150 3153 23.
1170 3121 1334 3161 repperiri
1350 3122 1374 3152 A
1397 3138 1429 3143 —
1458 3121 1512 3152 24.
1539 3121 1679 3152 rationis
1696 3122 1729 3152 et
1746 3130 1777 3152 v.
1798 3121 1850 3151 27.

82 3167 170 3198 ratio
192 3169 245 3200 vir
269 3170 393 3203 doctus
417 3173 535 3204 nescio
560 3173 657 3213 quis;
684 3174 718 3204 at
743 3174 793 3204 est
818 3172 925 3202 oratio
950 3172 984 3202 h.
1004 3170 1025 3202 l.
1052 3170 1147 3202 idem
1173 3170 1267 3211 quod
1284 3169 1526 3210 syllogismus,
1553 3172 1591 3201 ut
1607 3170 1725 3201 docuit
1743 3169 1854 3201 Faber

84 3212 161 3246 90Ῑί-
186 3219 224 3251 A.
252 3220 337 3253 Gell.
361 3221 433 3260 XV,
458 3222 511 3253 26.
540 3239 576 3245 ——
610 3223 664 3254 25.
691 3221 877 3262 apparebat
901 3222 942 3252 V2
968 3239 1003 3245 —
1036 3222 1089 3253 26.
1116 3225 1145 3253 ec
1175 3230 1255 3262 eque
1277 3220 1319 3251 V¹
1346 3238 1382 3259 7-
1417 3221 1470 3252 30.
1498 3224 1556 3252 ant
1581 3221 1743 3259 quaedam
1768 3220 1795 3249 V
1820 3220 1853 3249 in

84 3272 153 3296 ras.
177 3265 286 3321 habet
311 3288 347 3294 —
372 3271 491 3303 ibidem
514 3280 584 3303 om.
603 3272 628 3302 E
651 3289 686 3294 —
714 3272 767 3304 34.
793 3276 827 3304 at
852 3273 876 3304 C
903 3281 994 3304 corr.
1021 3281 1063 3304 ex
1088 3273 1133 3303 ad
1158 3289 1193 3296 —-
1221 3272 1274 3303 32.
1297 3272 1412 3311 priore
1435 3272 1473 3302 B¹
1494 3289 1528 3294 -
1551 3271 1733 3312 posteriore
1758 3270 1796 3300 C¹
1816 3285 1852 3290 —

82 3322 149 3346 '‘⁰'‘
171 3317 321 3358 ‘uneitur
343 3320 402 3353 V2:
428 3322 641 3364 coniungitur
664 3322 703 3354 C.

154 3375 272 3409 Cietae
293 3378 329 3410 Τ.
349 3379 402 3413 tv.
1531 3383 1557 3425 2
