2249 3624
343 147 424 188 308
777 147 1204 189 TUSCULANARUM
1233 148 1669 190 DISPUTATIONUM

344 253 450 295 nitio
481 258 561 302 est,
591 257 637 293 ut
665 252 882 306 aegritudo
915 254 966 294 sit
996 254 1121 295 animi
1152 255 1396 296 adversante
1418 256 1580 295 ratione
1602 256 1843 295 contractio.
1891 255 1959 295 Sic
1981 260 2099 309 quat-

344 321 438 356 tuor
475 315 807 368 perturbationes
846 321 965 363 sunt,
1011 321 1094 357 tres
1134 317 1408 365 constantiae,
1454 318 1649 370 quoniam
1695 317 1946 370 aegritudini
1986 318 2102 358 nulla

343 377 579 419 constantia
607 378 843 431 opponitur.

455 441 544 480 VII.
576 440 657 480 Sed
689 452 833 479 omnes
864 441 1196 494 perturbationes
1227 440 1381 480 iudicio
1415 448 1585 482 censent
1605 442 1696 482 fieri
1719 447 1758 482 et
1780 442 1993 495 opinione.
2024 442 2104 482 Ita·
2133 455 2147 472 ·

312 511 427 557 5que
459 516 528 543 eas
560 500 764 542 definiunt
794 503 998 556 pressius,
1030 509 1075 544 ut
1104 503 1368 555 intellegatur
1398 517 1479 543 non
1514 504 1635 544 modo
1667 518 1791 558 quam
1814 505 2000 551 vitiosae,
2032 503 2105 543 sed

344 566 467 606 etiam
508 578 631 618 quam
672 564 715 603 in
746 569 889 604 nostra
919 565 1002 605 sint
1032 570 1253 619 potestate.
1301 566 1374 604 Est
1405 579 1503 618 ergo
1535 566 1754 619 aegritudo
1787 566 1929 619 opinio
1962 579 2106 606 recens

343 627 440 667 mali
470 627 722 680 praesentiS,
753 626 795 666 in
828 640 913 680 quo
937 626 1098 667 demitti
1128 627 1407 680 contrahique
1435 628 1572 669 animo
1594 633 1752 669 rectum
1774 642 1867 668 esse
1889 627 2104 675 videatur;

342 689 500 730 laetitia
531 689 674 742 opinio
706 701 851 729 recens
882 688 982 728 boni
1015 690 1266 743 praesentis,
1297 689 1340 728 in
1373 704 1458 743 quo
1491 690 1638 730 ecferri
1670 696 1827 731 rectum
1855 704 1945 730 esse
1967 689 2108 731 videa-

341 756 428 799 tur;
468 756 600 791 metus
645 750 786 804 opinio
827 750 1108 804 impendentis
1147 752 1260 799 mali,
1303 752 1416 804 quod
1457 752 1719 793 intolerabile
1759 767 1849 793 esse
1892 753 2105 800 videatur;

292 811 484 852 aolubido
522 812 661 866 opinio
701 812 864 853 venturi
904 813 1027 861 boni,
1073 814 1184 868 quod
1224 814 1277 854 sit
1319 828 1370 854 ex
1403 828 1478 855 usu
1519 816 1599 855 iam
1632 829 1830 869 praesens
1861 829 1951 856 esse
1982 820 2108 869 atque

340 875 500 915 adesse.
547 871 612 914 45.
645 875 725 915 Sed
750 888 857 928 quae
878 876 1032 916 iudicia
1055 889 1246 930 quasque
1269 876 1490 930 opiniones
1511 878 1869 930 perturbationum
1893 891 1984 917 esse
2007 876 2108 924 dixi,

340 951 423 978 non
458 938 500 977 in
541 937 600 978 eis
642 937 980 990 perturbationes
1012 939 1146 979 solum
1179 939 1336 991 positas
1369 952 1460 978 esse
1493 938 1660 987 dicunt,
1693 953 1835 980 verum
1866 940 1939 980 illa
1969 939 2108 986 etiam,

341 1013 449 1054 quae
489 997 728 1039 efficiuntur
764 1000 1166 1053 perturbationibus,
1205 1006 1252 1040 ut
1291 1001 1508 1054 aegritudo
1552 1002 1672 1055 quasi
1710 1015 1893 1042 morsum
1925 1001 2107 1055 aliquem

340 1061 499 1102 doloris
531 1061 708 1110 efficiat,
748 1067 883 1103 metus
914 1076 1125 1103 recessum
1159 1064 1368 1116 quendam
1399 1063 1526 1102 animi
1559 1069 1598 1104 et
1628 1063 1788 1117 fugam,
1824 1063 1984 1104 laetitia
2014 1077 2109 1117 pro-

289 1133 324 1161 45
338 1125 472 1166 fusam
512 1125 785 1173 hilaritatem,
827 1125 971 1166 lubido
1003 1126 1243 1166 effrenatam
1275 1125 1573 1178 adpetentiam.
1629 1126 1922 1179 Opinationem
1955 1131 2110 1173 autem,

341 1201 466 1241 quam
498 1187 542 1227 in
574 1189 710 1228 omnis
742 1186 1005 1228 definitiones
1029 1188 1267 1240 superiores
1290 1188 1559 1236 inclusimus,
1590 1189 1735 1229 volunt
1758 1202 1849 1229 esse
1870 1188 2110 1229 inbecillam

338 1249 646 1290 adsensionem.
697 1247 763 1289 l16.
797 1250 880 1290 Sed
923 1250 1097 1303 singulis
1137 1250 1520 1302 perturbationibus
1557 1257 1697 1304 partes
1729 1252 1915 1292 eiusdem
1948 1252 2111 1305 generis

338 1313 480 1366 plures
512 1312 788 1359 subiciuntur,
821 1318 865 1351 ut
895 1312 1144 1365 aegritudini
1164 1313 1394 1353 invidentia
1416 1336 1467 1342 —
1489 1314 1690 1354 utendum
1715 1319 1777 1354 est
1798 1315 1908 1354 enim
1931 1313 2110 1354 docendi

339 1388 465 1415 causa
497 1374 623 1415 verbo
654 1374 793 1414 minus
824 1375 993 1421 usitato,
1027 1375 1225 1427 quoniam
1256 1375 1415 1415 invidia
1446 1389 1528 1415 non
1561 1376 1697 1424 ineo,
1731 1377 1800 1430 qui
1833 1376 2013 1423 invidet,
2045 1389 2111 1415 so-

287 1437 425 1477 2olum
466 1436 643 1485 dicitur,
681 1436 754 1477 sed
798 1436 921 1476 etiam
953 1437 994 1476 in
1028 1451 1096 1484 eo,
1138 1437 1204 1476 cui
1242 1437 1451 1477 invidetur
1473 1461 1544 1486 —‚
1576 1439 1814 1487 aemulatio,
1846 1439 2110 1486 obtrectatio,

338 1499 645 1547 misericordia,
676 1512 819 1553 angor,
850 1499 1007 1546 luctus,
1040 1512 1217 1547 maeror,
1250 1513 1469 1548 aerumna,
1502 1501 1634 1548 dolor,
1666 1501 1924 1549 lamentatio,
1957 1501 2110 1541 sollici-

337 1561 460 1609 tudo,
492 1562 705 1609 molestia,
736 1561 979 1609 adflictatio,
1011 1561 1249 1614 desperatio
1281 1567 1321 1602 et
1352 1564 1386 1603 si
1418 1577 1526 1617 quae
1559 1569 1654 1604 sunt
1686 1564 1736 1604 de
1767 1577 1918 1617 genere
1949 1564 2108 1604 eodem.

338 1624 423 1664 Sub
445 1629 599 1664 metum
621 1628 759 1664 autem
782 1620 969 1663 subiecta
990 1630 1085 1663 sunt
1105 1625 1283 1677 pigritia,
1315 1625 1463 1679 pudor,
1494 1632 1640 1674 terror,
1672 1627 1810 1674 timor,
1843 1639 1986 1679 pavor,
2009 1638 2107 1665 exa-

337 1685 524 1733 nimatio,
546 1685 826 1732 conturbatio,
842 1685 1041 1733 formid03
1066 1686 1266 1739 voluptati
1288 1688 1582 1728 malevolentia
1607 1687 1780 1741 [laetans
1804 1688 1913 1728 malo
1935 1684 2107 1739 alieno],

286 1758 322 1787 25
338 1747 573 1795 delectatio,
604 1747 771 1787 iactatio
803 1753 844 1787 et
873 1747 1043 1795 similia;
1075 1748 1253 1787 lubidini
1275 1749 1347 1797 ira,
1380 1751 1748 1798 excandescentia,
1781 1750 1937 1797 odium,
1968 1749 2107 1789 inimi-

338 1811 450 1859 citia,
482 1808 712 1857 discordia,
743 1810 995 1863 indigentia,
1029 1810 1283 1850 desiderium
1315 1817 1355 1851 et
1386 1818 1525 1852 cetera
1556 1813 1645 1853 eius
1678 1813 1803 1853 modi.

453 1873 555 1913 VI11.
587 1869 654 1913 117.
685 1872 796 1912 Haec
827 1877 966 1912 autem
998 1871 1204 1912 definiunt
1232 1873 1313 1913 hoc
1345 1875 1483 1915 modo.
1532 1875 1809 1916 Invidentiam
1842 1889 1935 1916 esse
1966 1873 2109 1915 dicunt

337 1935 640 1988 aegritudinem
670 1939 907 1988 susceptam
939 1940 1109 1988 propter
1130 1935 1302 1976 alterius
1324 1951 1390 1977 res
1413 1939 1640 1986 secundas,
1673 1951 1780 1992 quae
1803 1937 1908 1977 nihil
1929 1941 2110 1977 noceant

338 1997 554 2038 invidenti.
599 1998 702 2037 Nam
742 1997 775 2037 si
808 1997 881 2050 qui
915 1996 1055 2037 doleat
1086 1998 1174 2038 eius
1206 1999 1329 2039 rebus
1361 2000 1576 2048 secundis,
1612 2015 1634 2040 a
1667 2014 1753 2054 quo
1784 2002 1874 2054 ipse
1906 2000 2111 2047 laedatur,

289 2070 325 2100 30
341 2073 425 2100 non
461 2064 574 2100 recte
615 2058 779 2099 dicatur
818 2059 1028 2107 invidere,
1068 2066 1112 2100 ut
1152 2061 1185 2101 si
1224 2061 1395 2102 Hectori
1425 2065 1703 2115 Agamemno:
1747 2063 1818 2116 qui
1849 2067 2009 2110 autem,
2045 2061 2112 2101 cui

339 2122 510 2163 alterius
542 2121 760 2162 commoda
790 2121 895 2161 nihil
926 2128 1123 2170 noceant,
1166 2129 1304 2163 tamen
1336 2138 1428 2164 eum
1462 2125 1602 2165 doleat
1632 2125 1696 2165 his
1728 2123 1831 2172 frui,
1863 2125 1898 2164 is
1930 2123 2115 2165 invideat

339 2184 542 2238 profecto.
586 2184 821 2224 Aemulatio
854 2190 994 2225 autem
1027 2185 1250 2239 dupliciter
1280 2187 1351 2226 illa
1384 2187 1553 2240 quidem
1584 2187 1750 2235 dicitur,
1782 2192 1827 2227 ut
1857 2192 1898 2227 et
1924 2187 1967 2226 in
1990 2185 2113 2226 laude

341 2251 382 2286 et
412 2246 455 2286 in
487 2246 587 2287 vitio
620 2260 774 2287 nomen
804 2247 884 2287 hoc
916 2248 993 2295 sit;
1025 2261 1119 2288 nam
1152 2254 1192 2288 et
1222 2249 1401 2289 imitatio
1433 2249 1598 2289 virtutis
1631 2249 1856 2289 aemulatio
1889 2249 2112 2289 dicitur—

341 2307 415 2348 sed
447 2321 495 2348 ea
526 2309 629 2348 nihil
659 2309 739 2349 hoc
770 2309 863 2349 loco
896 2310 1073 2357 utimur;
1116 2316 1179 2350 est
1210 2311 1320 2351 enim
1352 2311 1487 2351 laudis
1518 2334 1592 2359 —,
1624 2317 1665 2352 et
1695 2317 1759 2351 est
1788 2311 2013 2351 aemulatio
2045 2324 2113 2351 ae-

292 2383 326 2411 35
342 2370 529 2424 gritudo,
562 2371 596 2411 si
628 2384 690 2419 eo,
723 2370 835 2425 quod
868 2372 1147 2425 concupierit,
1179 2373 1286 2413 alius
1318 2374 1522 2427 potiatur,
1555 2375 1644 2427 ipse
1667 2378 1819 2414 careat.
1866 2370 1932 2412 48.
1967 2372 2114 2413 Obtre-

343 2433 467 2473 ctatio
509 2437 647 2473 autem
687 2438 770 2481 est,
813 2447 860 2473 ea
902 2447 1027 2487 quam
1060 2435 1246 2488 intellegi
1277 2440 1531 2486 ζηλοτυπίαν
1563 2437 1680 2484 volo,
1713 2435 1932 2489 aegritudo
1966 2448 2019 2475 ex
2049 2449 2113 2484 eo,

344 2494 458 2547 quod
489 2495 593 2536 alter
622 2509 793 2550 quoque
824 2496 1007 2549 potiatur
1039 2510 1101 2545 e0,
1135 2497 1247 2550 quod
1278 2499 1368 2552 ipse
1399 2498 1700 2552 concupiverit.
1745 2497 2032 2539 Misericordia
2053 2501 2115 2536 est

431 2667 462 2700 4.
488 2669 662 2708 oppinione
685 2669 711 2699 G
739 2684 772 2691 -
803 2669 834 2700 6.
860 2677 937 2709 erqo
963 2669 1006 2700 C:
1035 2669 1137 2709 igitur
1162 2670 1186 2701 O
1215 2687 1249 2691 —-
1276 2672 1449 2710 acyritudo
1474 2679 1543 2702 om.
1572 2671 1609 2701 G¹
1636 2687 1670 2691 —
1698 2670 1729 2701 8.
1756 2669 2115 2700 laetitia--videatur

344 2715 504 2757 suppleta
529 2719 610 2749 sunt
634 2719 668 2749 in
693 2719 717 2749 G
744 2727 789 2750 m.
817 2727 889 2750 sec.
917 2719 950 2749 in
976 2726 1084 2758 marg.
1112 2719 1287 2750 inferiore.
1318 2738 1351 2741 —
1380 2721 1432 2751 45.
1458 2722 1621 2760 effi-enata
1646 2721 1672 2750 G
1698 2736 1730 2741 —
1760 2720 1811 2750 217.
1837 2719 1901 2750 Sed
1923 2719 1958 2750 vin
1979 2719 2117 2760 sinyulis

344 2766 613 2807 (praepositione
637 2768 671 2799 in
695 2768 834 2809 punctis
859 2768 986 2807 notata)
1013 2769 1039 2799 G
1067 2786 1101 2792 —
1130 2769 1181 2800 218.
1209 2769 1425 2809 subiciuntur]
1451 2768 1528 2800 vide
1552 2768 1596 2799 ad
1620 2768 1708 2809 32¹.
1732 2786 1766 2789 —
1792 2771 1829 2799 ut
1853 2768 2114 2809 &yatadini--

342 2816 396 2846 cui
420 2815 586 2848 invidetur
608 2818 738 2849 Nonius
764 2828 796 2859 p.
822 2817 898 2850 443.
927 2836 962 2840 ——
989 2818 1042 2849 22.
1070 2819 1256 2859 adflectatio
1285 2827 1375 2850 corr.
1402 2819 1435 2849 in
1459 2818 1640 2859 adflictatio
1664 2819 1689 2849 R
1717 2836 1750 2840 --
1778 2817 1830 2850 23.
1858 2817 2065 2850 eoeaminatio
2089 2818 2115 2848 G

347 2883 382 2888 —
412 2866 464 2898 24.
490 2867 670 2907 uoluptatis
694 2867 718 2899 C
742 2885 776 2890 —
802 2866 856 2898 24.
882 2866 1107 2898 malivolentia
1130 2868 1257 2898 lactans
1273 2885 1321 2890 —-
1337 2871 1368 2899 et
1390 2867 1512 2898 similla
1529 2867 1659 2898 Nonius
1676 2876 1710 2907 p.
1733 2867 1784 2898 46.
1807 2885 1842 2889 —-
1863 2867 1989 2898 «Recte
2006 2867 2114 2906 Treg—

344 2915 451 2948 derus
477 2925 518 2948 ex
542 2915 687 2948 Bentleii
711 2917 914 2948 coniectura
938 2916 1047 2948 verba
1072 2917 1200 2948 lactans
1221 2918 1309 2949 malo
1334 2918 1440 2950 alieno
1465 2917 1563 2948 uncis
1589 2915 1738 2949 inclusit.
1772 2917 1860 2948 Cum
1885 2917 1979 2948 enim
1998 2926 2040 2948 ex
2056 2917 2111 2955 111,

344 2966 385 2997 60
409 2966 492 2998 satis
516 2965 784 3006 intelligebatur,
812 2966 896 3007 quid
921 2968 1016 2998 esset
1038 2967 1282 3005 malevolentia,
1308 2969 1381 2999 tum
1407 2966 1450 2997 ab
1477 2974 1518 2997 eo
1543 2964 1632 3004 loco,
1659 2974 1728 3006 quo
1746 2967 1910 3006 quattuor
1926 2965 2114 3007 perturba-

345 3016 478 3047 tionum
509 3018 627 3056 partes
658 3017 792 3047 tantum
818 3016 1052 3055 nominantur,
1080 3017 1181 3049 unius
1204 3017 1453 3049 malevolentiae
1476 3016 1631 3047 definitio
1657 3015 1766 3047 aliena
1791 3018 1882 3055 erat,
1914 3024 2004 3056 quae
2029 3015 2047 3055 g
2071 3015 2113 3046 20

344 3064 488 3096 demum
515 3066 593 3106 post
615 3065 773 3106 priorum
799 3065 1038 3098 definitionem
1063 3069 1158 3099 recte
1184 3068 1445 3108 consequitur.»
1470 3067 1547 3098 W.»
1577 3084 1610 3088 —
1641 3066 1694 3097 ⁶25.
1721 3067 1846 3098 ludisne
1867 3066 1984 3097 ira--
2000 3065 2114 3096 inimi-

343 3115 452 3154 citiae,
478 3115 644 3146 discordia
668 3116 800 3148 Nonius
824 3125 856 3157 p.
886 3116 959 3148 ⁴03.
990 3135 1023 3139 —
1056 3117 1148 3148 libini
1173 3118 1197 3147 G
1227 3135 1259 3139 —
1292 3117 1346 3148 ⁶29.
1372 3117 1399 3147 si
1424 3116 1480 3154 qui
1505 3117 1529 3147 G
1545 3116 1588 3146 B:
1622 3116 1649 3146 si
1674 3116 1753 3154 quid
1776 3116 1800 3146 R
1829 3133 1863 3138 —
1891 3115 1943 3147 30.
1968 3114 2114 3146 haectori

345 3164 408 3195 GR
434 3179 469 3185 -
497 3163 549 3195 31.
575 3165 713 3195 comoda
738 3166 802 3197 GR
830 3184 863 3188 —
896 3166 965 3207 frui
989 3166 1027 3207 is]
1051 3167 1120 3207 frui
1143 3175 1175 3198 se
1199 3168 1224 3198 G
1240 3167 1326 3197 R¹B¹
1355 3166 1399 3206 (in
1426 3167 1449 3197 R
1474 3174 1505 3197 se
1536 3166 1569 3196 in
1592 3166 1620 3196 is
1644 3174 1734 3196 corr.
1761 3174 1808 3196 m.
1836 3165 2029 3197 admodum
2054 3172 2113 3194 re—

346 3214 458 3251 centi,
485 3214 516 3245 in
542 3214 566 3245 B
591 3223 623 3246 se
647 3213 801 3246 deletum
828 3216 891 3255 est)
921 3234 954 3238 —
982 3217 1105 3248 invidet
1128 3217 1153 3248 O
1174 3233 1207 3238 —
1235 3215 1287 3248 34.
1315 3219 1343 3247 et
1367 3224 1436 3246 om.
1457 3216 1483 3245 G
1503 3232 1537 3237 —-
1565 3215 1740 3255 aegritudo
1767 3214 1946 3246 aemulatio
1973 3215 2024 3251 G¹3
2056 3221 2114 3244 ae-

343 3263 482 3295 mulatio
506 3262 680 3303 glossema
705 3263 865 3297 redolere
891 3266 1030 3299 videtur
1054 3265 1199 3299 llalmio.
1231 3284 1264 3288 —
1292 3265 1345 3298 36.
1371 3265 1558 3305 zelotypian
1585 3266 1630 3297 C.
