2249 3624
412 175 496 213 Lm.
528 173 558 212 1.
599 172 693 211 cst.
725 169 1053 210 xmv—XLV.
1091 166 1150 221 §5
1183 164 1431 207 tot-ios.
1717 164 1796 205 24³3

43 283 244 329 inferant,
283 278 578 327 concinuntur,
611 276 778 318 difficile
810 283 871 317 est
902 289 986 316 non
1020 289 1112 323 θος,
1153 276 1223 329 qui
1256 274 1457 314 inhumati
1490 274 1593 321 sint,
1626 274 1799 312 miseros

45 346 228 387 iudicare
257 363 310 372 -

1298 401 1446 453 prius
1479 411 1626 452 quam
1659 398 1802 437 serae

102 469 463 518 Volucresque
487 496 494 502 .
519 495 528 503 .
552 494 561 504 .

49 557 99 563 -
132 529 274 572 metuit
302 540 353 566 ne
384 526 572 566 laceratis
605 527 799 566 membris
832 528 966 567 minus
1000 526 1104 565 bene
1137 531 1298 573 utatur;
1341 539 1393 564 ne
1425 522 1677 570 combustis,
1719 530 1838 561 non5

49 591 278 637 extimescit
306 611 360 617 —

102 658 201 696 Neu
232 650 592 703 reliquias
626 663 764 689 meas
796 651 959 691 sieris
992 650 1281 691 denudatis
1314 650 1530 689 ossibus

103 720 192 758 Per
223 720 410 754 terram
443 713 593 752 sanie
626 712 896 753 delibutas
927 714 1086 753 foede
1119 714 1440 753 divexarier.

48 779 139 821 407.
169 779 258 817 Non
299 774 497 826 intellego
530 774 630 827 quid
663 780 841 821 metuat,
882 790 971 815 rum
1006 782 1085 815 tam
1118 777 1250 815 bonos
1284 775 1543 828 septenarios
1574 772 1722 812 fundat
1751 771 1804 811 ad

47 843 198 883 tibiam.
248 836 492 878 Tenendum
532 842 594 877 est
630 837 773 889 igitur,
817 838 917 877 nihil
960 839 1191 878 curandum
1232 852 1322 878 esse
1356 829 1449 891 post
1481 843 1671 882 mortem,
1712 848 1804 874 cum
1822 844 1855 872 10

46 903 162 944 multi
206 901 394 940 inimicos
435 899 558 938 etiam
600 905 784 939 mortuos
828 901 1093 953 poeniuntur.
1153 902 1406 940 Exsecratur
1449 899 1673 940 luculentis
1705 911 1805 937 sane

46 964 231 1006 versibus
269 962 379 1015 apud
421 962 600 1001 Ennium
642 962 866 1016 Thyestes,
908 964 1085 1016 primum
1126 969 1168 1003 ut
1210 964 1424 1016 naufragio
1471 968 1612 1016 pereat
1642 963 1806 1001 Atreus.

45 1030 201 1068 Durum
227 1026 304 1065 hoc
326 1038 447 1071 sane3
480 1024 574 1064 talis
597 1025 706 1064 enim
730 1026 920 1066 interitus
942 1040 1025 1066 non
1049 1032 1111 1066 est
1133 1027 1222 1065 sine
1246 1027 1357 1076 gravi
1381 1039 1528 1064 sensu:
1563 1024 1632 1064 illa
1654 1023 1806 1070 inania,

100 1091 218 1143 Ipse
250 1089 462 1129 summis
494 1088 636 1127 saxis
668 1087 806 1127 fixus
837 1089 1068 1142 asperis,
1101 1088 1471 1135 evisceratus,

103 1155 281 1193 Latere
304 1151 565 1205 pendens,
596 1164 718 1190 saxa
741 1163 991 1204 spargens
1014 1152 1151 1199 tabo,
1175 1151 1319 1191 sanie
1345 1157 1390 1190 et
1412 1149 1661 1202 sanguine
1683 1154 1806 1188 atro.
1825 1157 1859 1186 45

47 1219 135 1258 Non
166 1216 256 1268 ipsa
287 1227 386 1254 saxa
418 1213 547 1266 magis
580 1227 704 1253 sensu
737 1213 848 1252 omni
872 1213 1079 1253 vacabunt
1100 1227 1222 1267 quam
1259 1214 1330 1253 ille
1362 1214 1532 1252 latere
1566 1212 1810 1265 pendens,

49 1279 112 1320 cui
144 1291 187 1318 se
218 1277 285 1316 hic
316 1277 540 1316 cruciatum
573 1282 715 1315 censet
746 1281 902 1328 optare.
943 1276 1059 1324 Quae
1083 1281 1223 1315 essent
1254 1275 1382 1323 dura,
1415 1275 1449 1315 si
1471 1275 1664 1322 sentiret,
1698 1274 1811 1314 nulla

48 1347 134 1380 sum
164 1339 254 1379 sine
285 1352 423 1378 sensu.
479 1338 586 1377 Illud
620 1351 715 1377 vero
747 1352 947 1392 perquam
980 1340 1126 1379 inane:

102 1404 278 1455 Neque
310 1400 645 1453 sepulchrum
678 1413 775 1455 quo
807 1401 1034 1454 recipiat
1063 1401 1278 1448 habeat,
1311 1406 1519 1454 portum
1553 1401 1813 1454 corporis,

104 1465 195 1506 Ubi
230 1465 450 1504 remissa
480 1463 701 1503 humana
733 1465 838 1504 vita
870 1477 1071 1517 corpus
1103 1465 1420 1519 requieseat
1451 1463 1613 1503 malis.
1829 1470 1864 1498 ΞΟ

50 1528 173 1568 Vides
205 1533 358 1581 quanto
391 1527 493 1566 haec
524 1527 566 1565 in
599 1540 738 1566 errore
770 1532 1009 1567 versentur:
1041 1533 1207 1580 portum
1241 1541 1332 1567 esse
1359 1527 1546 1580 eorporis
1579 1530 1618 1566 et
1648 1525 1816 1579 requie—

51 1603 161 1631 scere
192 1590 234 1629 in
257 1589 473 1643 sepulchro
497 1595 611 1642 putat
637 1595 861 1637 mortuum,
895 1604 1041 1642 magna
1062 1591 1184 1643 culpa
1207 1590 1390 1643 Pelopis,
1417 1589 1489 1643 qui
1514 1602 1594 1628 non
1617 1588 1817 1628 erudierit

51 1652 177 1693 filium
209 1665 285 1691 nec
316 1652 505 1691 docuerit
535 1658 739 1705 quatenus
773 1658 882 1692 esset
914 1653 1100 1706 quidque
1133 1652 1375 1692 curandum.

162 1715 284 1753 XLV.
324 1711 411 1753 108.
445 1714 525 1753 Sed
559 1714 659 1767 quid
692 1714 953 1767 singulorum
986 1716 1203 1768 opiniones
1223 1714 1570 1760 animadvertam,
1602 1713 1818 1753 nationum

53 1778 187 1819 varios
219 1790 378 1817 errores
410 1778 646 1830 perspicere
679 1791 770 1817 eum
804 1776 958 1818 liceat?
991 1778 1203 1817 Condinnt
1232 1777 1429 1830 Aegyptii
1460 1780 1645 1816 mortuos
1678 1781 1718 1816 et
1748 1788 1819 1814 eos
1834 1784 1870 1812 25

52 1845 216 1882 servant
245 1839 381 1886 domi;
413 1841 562 1879 Persae
594 1841 719 1881 etiam
751 1854 844 1880 cera
877 1841 1129 1881 circumlitos
1162 1840 1366 1887 condunt,
1406 1845 1452 1879 ut
1484 1853 1609 1893 quam
1640 1838 1820 1878 maxime

52 1907 322 1958 permaneant
362 1902 559 1943 diuturna
600 1916 790 1956 corpora.
844 1904 1059 1955 Magorum
1099 1917 1187 1942 mos
1226 1907 1288 1942 est
1327 1916 1408 1941 non
1442 1902 1615 1941 humare
1647 1913 1822 1954 corpora

53 1980 242 2014 suorum,
285 1965 364 2005 nisi
406 1978 428 2004 a
465 1965 564 2005 feris
596 1967 679 2006 sint
711 1971 805 2006 ante
837 1966 1004 2005 laniata.
1060 1966 1107 2004 In
1138 1965 1348 2019 Hyrcania
1378 1964 1498 2017 plebs
1530 1963 1719 2017 publicos
1751 1962 1823 2001 alit

54 2042 198 2076 canes,
240 2034 477 2081 optumates
510 2029 774 2069 domesticos.
832 2029 982 2068 Nobile
1018 2033 1157 2068 autem
1189 2041 1319 2081 genus
1353 2041 1501 2067 canum
1532 2025 1636 2066 illud
1668 2025 1821 2064 scimus

55 2105 166 2140 esse,
212 2091 285 2132 sed
326 2105 402 2144 pro
444 2105 519 2131 sua
560 2092 738 2146 quisque
776 2091 973 2132 facultate
1015 2096 1134 2145 parat
1164 2104 1187 2131 a
1218 2091 1369 2144 quibus
1401 2090 1599 2136 lanietur,
1645 2098 1872 2141 eamque30

58 2159 271 2208 optumam
302 2154 364 2194 illi
396 2168 487 2194 esse
520 2160 693 2194 censent
723 2155 994 2208 sepulturam.
1044 2153 1252 2194 Permulta
1273 2153 1354 2194 alia
1376 2153 1534 2206 colligit
1557 2151 1822 2205 Chrysippus,

145 2347 173 2378 l.
200 2350 274 2378 sunt
298 2347 322 2378 Ο
351 2364 383 2368 —-
412 2346 440 2378 3.
467 2347 561 2386 prius
584 2347 690 2386 Quam
712 2347 803 2386 ferae
826 2345 986 2387 Bentley,
1012 2347 1037 2377 O
1055 2365 1096 2368 —
1120 2346 1150 2377 7.
1179 2355 1241 2376 neu
1263 2345 1421 2385 reliquias
1444 2344 1591 2375 semiassi
1614 2343 1678 2374 reis
1694 2344 1735 2380 G3
1762 2351 1827 2374 neu

57 2397 216 2436 reliquias
239 2397 316 2427 semi
340 2396 405 2427 assi
429 2397 493 2427 reis
511 2397 552 2431 R3
579 2405 618 2427 ne
643 2397 802 2436 reliquias
825 2397 986 2427 semiassis
1009 2396 1073 2427 reis
1092 2397 1133 2432 [ἐς
1160 2396 1233 2426 ,Neu
1257 2396 1415 2436 reliquias
1438 2395 1483 2425 sic
1506 2402 1596 2425 meas
1619 2393 1694 2423 siris
1719 2393 1826 2423 Bent-

58 2446 125 2487 ley,
153 2446 194 2483 Ο;
229 2446 300 2477 Neu
331 2449 367 2476 tu
397 2446 556 2484 reliquias
587 2446 632 2476 sie
662 2455 751 2477 meas
791 2447 885 2477 saeris
918 2445 1138 2478 Fleckeisen:
1176 2446 1247 2476 Neu
1277 2446 1436 2484 reliquias
1468 2453 1588 2484 quaeso
1618 2451 1709 2474 meas
1735 2443 1828 2473 sieris

59 2495 224 2527 Ribbeck.
255 2513 289 2518 —
325 2495 354 2527 8.
379 2504 439 2535 per
463 2500 587 2528 terram
613 2497 656 2527 C:
691 2499 777 2526 tetra
805 2495 962 2535 Bentley,
990 2496 1014 2526 O
1043 2514 1084 2518 —
1116 2496 1167 2527 40.
1198 2496 1438 2527 Tenendum--
1458 2494 1606 2526 inimicos
1629 2495 1658 2523 el
1681 2494 1827 2522 mortuos

53 2547 241 2586 puniuntur
270 2546 401 2577 Nonius
434 2555 466 2586 p.
493 2545 571 2582 4793
606 2554 669 2585 quo
697 2546 790 2576 multi
819 2547 968 2577 ‘inimicos
999 2546 1097 2576 eliam
1126 2549 1273 2576 mortuos
1297 2545 1485 2584 puniuntur
1509 2543 1602 2574 idem
1627 2551 1660 2582 p.
1685 2541 1759 2573 471.
1789 2558 1824 2564 -

57 2598 257 2636 poeniuntur
279 2594 401 2627 litteris
426 2604 462 2626 oe
487 2604 663 2636 superscr.
683 2605 705 2626 u
724 2598 746 2626 G
762 2596 804 2634 Β,
827 2596 1032 2634 poeniuntur
1049 2596 1091 2633 113
1115 2595 1314 2634 poeniantur
1331 2593 1398 2625 alii.
1427 2596 1584 2632 (mortem.
1614 2593 1719 2630 Quam
1735 2590 1830 2621 multi

61 2662 105 2669 —-
123 2647 342 2686 poeniuntur!
373 2645 464 2677 Bake
497 2645 517 2677 Ι.
546 2644 567 2676 l.
594 2654 627 2686 p.
648 2646 714 2685 81.)
739 2664 780 2668 ——
813 2647 863 2677 46.
891 2647 1003 2677 omnia
1027 2646 1050 2677 C
1080 2663 1122 2667 —
1153 2645 1203 2675 ΙΠ.
1233 2644 1334 2685 Quae]
1368 2652 1469 2682 quam
1494 2644 1531 2674 C.
1561 2641 1663 2673 «Mihi
1688 2649 1827 2681 quoque

62 2695 233 2726 eiusmodi
259 2694 464 2727 exclamatio
490 2695 603 2736 (quam
620 2713 667 2718 —-
683 2697 814 2727 sentiret
829 2696 852 2737 .')
879 2696 999 2736 frigida
1025 2704 1103 2727 esse
1128 2694 1278 2734 videtur,
1306 2702 1373 2734 qua
1400 2694 1502 2725 nimis
1527 2693 1674 2732 augetur
1698 2691 1830 2722 crucia-

62 2747 116 2777 tus
140 2744 228 2777 illius
253 2745 390 2777 duritia.
427 2747 634 2778 Ciceronem
664 2747 723 2777 illa
752 2747 869 2777 inania
901 2754 979 2778 esse
1006 2746 1054 2778 sic
1080 2744 1276 2776 ostendisse
1302 2744 1443 2784 opinor:
1473 2744 1547 2774 Non
1570 2743 1643 2782 ipsa
1661 2758 1710 2766 --
1727 2743 1831 2772 censet

62 2797 177 2833 optare
202 2795 337 2835 (Atreus
363 2797 436 2827 tum
462 2804 568 2827 sensu
593 2797 686 2827 omni
712 2795 884 2835 vacabat).
925 2796 1015 2835 Quae
1042 2795 1100 2836 (sic
1125 2797 1205 2826 ante
1223 2793 1393 2825 Klotziuni
1413 2792 1512 2834 rulgo
1530 2802 1570 2824 ex
1589 2794 1731 2832 antiqua
1750 2799 1831 2821 cor-

63 2844 217 2875 rectione
242 2843 433 2885 legebntur)
460 2847 578 2877 autem
602 2849 702 2877 essent
726 2847 825 2885 dura,
857 2846 884 2876 si
907 2846 1055 2884 sentiret,
1085 2854 1126 2876 ea
1150 2845 1242 2875 nulla
1265 2847 1339 2875 sunt
1362 2845 1430 2874 sine
1453 2851 1558 2874 sensu.
1586 2840 1687 2882 (Nihil
1712 2842 1830 2871 autem

63 2893 191 2924 durum
215 2895 286 2931 est,
320 2895 415 2934 quod
441 2904 508 2926 non
533 2896 698 2927 sentitur:
732 2904 815 2936 ergo
846 2895 899 2927 illa
932 2894 1023 2927 nulla
1054 2894 1217 2933 suerunt.)
1254 2894 1308 2924 Sie
1333 2893 1503 2924 remotius
1528 2891 1609 2923 illud
1632 2892 1692 2922 illa
1716 2899 1830 2930 neque

63 2943 98 2974 in
121 2947 221 2974 essent
245 2942 436 2984 intelligere
461 2954 549 2986 opus
574 2948 627 2977 est
651 2954 766 2986 neque
791 2946 824 2977 id
851 2947 922 2985 est,
949 2954 1018 2986 quo
1043 2954 1127 2985 quae
1151 2944 1300 2976 refertur
1317 2943 1425 2983 (quod
1450 2944 1567 2974 tamen
1591 2942 1666 2974 fieri
1691 2941 1830 2978 licebat,

64 2994 271 3034 praesertim
302 3002 383 3025 cum
414 2995 473 3026 illa
505 2996 536 3027 in
561 2997 747 3027 cruciatum
772 2997 870 3036 insit,
898 2996 940 3028 cf.
968 2996 1011 3027 ad
1036 2997 1056 3037 ὅ
1082 2996 1124 3034 3).
1162 2995 1240 3025 Sive
1266 2996 1383 3024 autem
1407 2991 1550 3033 legitur:
1578 2993 1832 3032 Quam—-sen-

65 3043 162 3074 tirel!
192 3044 286 3074 nulla
317 3046 398 3082 cet.‚
431 3046 522 3084 sive,
556 3048 594 3077 ut
617 3045 718 3087 vulgo
752 3056 791 3078 ea
824 3047 996 3087 scriptura
1021 3045 1260 3085 distinguitur:
1289 3044 1608 3083 Quae--sentiret;
1632 3043 1725 3074 nulla
1748 3043 1830 3080 eet„

67 3093 233 3134 equidem
256 3097 336 3125 ante
360 3094 453 3125 nulla
477 3094 639 3127 desidero
662 3105 766 3133 nunc;
793 3096 836 3128 cf.
862 3096 997 3128 Verrin.
1026 3097 1064 3134 ΙΙ,
1088 3095 1162 3127 476.
1189 3094 1300 3126 Divin.
1321 3095 1344 3131 Ι,
1365 3093 1417 3124 60.
1436 3093 1471 3124 T.
1491 3094 1530 3125 D.
1550 3094 1604 3132 ΙΙΙ,
1623 3094 1652 3124 ⁶2.
1681 3093 1730 3124 De
1748 3100 1833 3132 quae

69 3145 104 3174 et
127 3142 193 3183 qua
215 3144 258 3182 (h.
287 3143 307 3175 l.
336 3144 480 3176 sortasse
506 3147 649 3186 propter
672 3146 890 3186 praecedens
916 3146 1026 3186 quam)
1053 3144 1204 3176 confusis
1231 3144 1272 3175 cs.
1291 3144 1311 3183 ὃ
1337 3143 1397 3173 409
1423 3142 1469 3184 [et
1487 3143 1595 3184 4401»
1623 3144 1676 3174 W.
1697 3160 1731 3164 —
1759 3151 1833 3174 sen-

70 3195 169 3225 tirent
193 3195 236 3226 C:
263 3195 462 3225 sentirentur
485 3194 553 3226 alii.
575 3213 609 3217 —
639 3196 689 3227 48.
717 3199 792 3227 sunt
815 3204 884 3228 om.
905 3197 950 3229 C:
976 3197 1044 3227 hoc
1068 3194 1144 3226 loco
1169 3194 1282 3234 posuit
1303 3192 1511 3232 Tregderus‚
1539 3196 1617 3234 post
1640 3202 1733 3224 sensu
1750 3193 1775 3224 O
1796 3209 1830 3213 —

70 3243 122 3276 24.
150 3245 310 3284 opinionis
333 3246 356 3276 G
371 3244 397 3275 R
424 3262 458 3267 —-
486 3244 537 3277 ⁶28.
564 3245 719 3278 hircania
742 3246 768 3277 R
794 3263 829 3268 —
863 3246 1025 3286 supplicos
1049 3246 1072 3276 G
1087 3246 1113 3276 R
1137 3243 1313 3285 (publicos,
1339 3242 1402 3275 sed
1422 3242 1490 3284 pub
1514 3243 1547 3275 in
1570 3251 1704 3282 rasura,
1730 3242 1766 3283 B)
1794 3259 1829 3267 —

72 3292 125 3326 34.
149 3294 318 3334 crysippus
342 3295 367 3325 G
381 3295 418 3327 R.
