2249 3624
501 133 588 172 Lm.
620 133 670 171 ΙΙ.
712 131 809 172 Cn).
841 130 1197 170 XXIV—XXVI.
1238 127 1297 181 §§
1329 126 1519 167 55—602.
1811 123 1884 164 “2711

141 240 312 295 perpeti.
360 239 424 278 Ex
454 237 532 277 hoc
563 252 685 277 cursu
719 243 842 291 atque
873 238 1030 290 impetu
1062 236 1293 276 animorum
1327 236 1377 275 ad
1401 248 1539 274 veram
1572 232 1735 272 laudem
1768 237 1892 285 atque

139 305 395 344 honestatem
428 299 498 338 illa
530 300 711 351 pericula
743 300 947 339 adeuntur
977 300 1017 337 in
1051 298 1240 351 proeliis:
1273 311 1356 336 non
1389 298 1571 337 sentiunt
1592 295 1668 334 viri
1700 294 1828 333 fortes
1851 293 1893 332 in

139 368 222 407 acie
264 365 450 407 volnera,
493 362 557 400 vel
600 363 805 408 sentiunt,
852 361 923 400 sed
965 363 1068 400 mori
1110 361 1268 399 malunt
1311 374 1436 414 quam
1481 364 1637 398 tantum
1680 356 1803 395 modo
1843 356 1893 394 de

139 427 349 481 dignitatis
379 424 507 477 gradu
539 424 764 462 demoveri.
815 423 879 461 359.
915 424 1126 473 Fulgentis
1156 423 1316 473 gladios
1344 423 1520 461 hostium
1546 420 1743 459 videbant
1765 418 1894 463 Decii,

137 504 228 529 cum
268 489 309 527 in
346 487 477 527 aciem
516 499 658 525 eorum
691 486 925 524 inruebant.
978 486 1049 523 llis
1091 486 1251 524 levabat
1293 499 1458 524 omnem
1493 484 1707 522 volnerum
1741 486 1926 520 metum-²3

136 551 328 591 nobilitas
368 548 512 587 mortis
554 554 593 586 et
634 548 777 598 gloria
842 549 944 585 Num
988 554 1071 586 tum
1105 548 1358 598 ingemuisse
1391 545 1720 599 Epaminondam
1754 551 1895 597 putas,

135 627 227 652 cum
265 624 347 650 una
387 624 481 649 cum
521 610 723 661 sanguine
762 611 885 648 vitam
921 606 1091 647 eslluere
1123 610 1326 648 stutiret?
1375 611 1650 661 imperantem
1683 608 1793 646 enim
1827 622 1896 660 pa-

136 674 251 714 triam
282 672 628 712 Lacedaemoniis
660 671 940 723 relinquebat,
973 684 1095 722 quam
1118 678 1335 724 acceperat
1356 673 1621 710 servientem.
1667 670 1777 709 llaec
1801 676 1897 710 sunt

135 736 304 780 solacia,
337 735 438 774 haec
470 733 651 773 fomenta
683 746 939 771 summorum
972 733 1175 772 dolorum.

245 798 376 836 XXV.
412 796 476 835 tit).
509 796 651 839 Dices,
683 794 786 846 quid
818 795 858 832 in
892 808 1011 846 pace,
1044 795 1143 846 quid
1167 795 1299 843 domi,
1331 796 1431 848 quid
1456 796 1496 834 in
1520 796 1701 835 lectulo?
1732 796 1782 834 ad
1807 795 1897 847 phi·
1912 799 1946 827 ¹¹0

134 859 330 912 losophos
365 873 429 898 me
461 870 647 903 revocas,
680 857 751 909 qui
785 857 826 895 in
858 857 986 895 aciem
1021 871 1100 896 non
1126 871 1250 909 saepe
1283 859 1507 910 prodeunt,
1541 872 1561 897 e
1592 859 1743 912 quibus
1773 859 1896 898 homo

133 935 231 961 sane
263 922 389 967 levis,
431 921 698 959 Heracleotes
732 919 976 974 Dionysius,
1016 932 1106 957 cum
1140 932 1161 957 a
1195 921 1362 957 Zenone
1395 919 1510 959 fortis
1543 934 1633 960 esse
1666 920 1896 966 didicisset,

132 996 154 1023 a
187 983 331 1023 dolore
363 983 566 1022 dedoctus
599 988 677 1021 est.
732 983 832 1020 Nam
865 995 958 1020 cum
991 994 1043 1020 ex
1075 981 1246 1020 renibus
1279 982 1505 1029 laboraret,
1547 983 1636 1035 ipso
1669 984 1709 1022 in
1741 982 1896 1021 eiulatu

132 1046 366 1085 clamitabat
407 1045 511 1084 falsa
550 1058 641 1084 esse
684 1044 776 1090 illa,
817 1057 925 1097 quae
966 1050 1087 1083 antea
1119 1043 1169 1082 de
1202 1043 1345 1083 dolore
1378 1045 1466 1095 ipse
1498 1046 1710 1084 sensisset.
1762 1045 1896 1092 Quem

132 1120 225 1146 cum
269 1107 490 1147 Cleanthes
534 1106 847 1158 condiscipulus
889 1111 1075 1157 rogaret,
1109 1118 1314 1158 quaenam
1346 1107 1450 1145 ratio
1483 1120 1577 1145 eum
1610 1107 1660 1146 de
1692 1107 1898 1147 sententia
1913 1111 1947 1139 ⁴5

133 1169 399 1214 deduxisset,
443 1168 684 1221 respondit:
731 1168 864 1215 «Quia
904 1168 959 1213 si,
1002 1181 1094 1206 cum
1128 1174 1287 1208 tantum
1320 1181 1472 1220 operae
1505 1169 1795 1222 philosophiae
1827 1170 1898 1209 de—

132 1231 309 1278 dissem,
342 1232 525 1271 dolorem
559 1237 697 1270 tamen
729 1230 835 1269 ferre
867 1244 949 1269 non
985 1243 1168 1282 possem,
1209 1231 1309 1270 satis
1341 1236 1450 1269 esset
1479 1233 1712 1283 argumenti
1745 1232 1896 1272 malum

131 1307 222 1334 esse
256 1293 466 1340 dolorem3
499 1293 700 1346 plurimos
731 1298 869 1331 autem
891 1305 1024 1331 annos
1055 1293 1096 1331 in
1126 1292 1391 1346 philosophia
1413 1295 1653 1346 consumpsi
1685 1307 1761 1333 nec
1791 1293 1896 1332 ferre

131 1369 323 1409 possum:
369 1356 523 1395 malum
557 1362 619 1394 est
648 1355 774 1407 igitur
805 1355 962 1394 dolor.»
1019 1356 1123 1393 Tum
1158 1354 1420 1402 Cleanthem,
1462 1369 1554 1395 cum
1599 1356 1705 1409 pede
1746 1362 1896 1396 terram

132 1418 431 1471 percussisset,
463 1431 625 1457 versum
659 1431 709 1456 ex
740 1417 944 1469 Epigonis
974 1417 1114 1456 ferunt
1144 1416 1326 1456 dixisse:
1912 1424 1947 1452 20

332 1481 572 1520 Audisne
604 1480 751 1526 haec,
782 1480 1120 1531 Amphiarae,
1152 1479 1249 1518 sub
1280 1485 1477 1519 terram
1509 1480 1727 1520 abdite?

132 1546 344 1583 Zenonem
376 1540 652 1595 significabat,
684 1555 707 1581 a
729 1555 813 1594 quo
845 1542 960 1581 illum
986 1542 1240 1595 degenerare
1263 1542 1443 1582 dolebat.
1487 1540 1553 1581 (il.
1575 1544 1628 1583 At
1649 1557 1734 1583 non
1756 1549 1898 1584 noster

130 1604 401 1651 Posidonius,
435 1618 558 1658 quem
592 1611 632 1644 et
662 1605 751 1657 ipse
783 1618 909 1656 saepe
941 1605 1024 1644 vidi
1058 1611 1096 1644 et
1126 1604 1166 1643 id
1201 1605 1356 1652 dicam,
1395 1606 1507 1658 quod
1539 1606 1700 1646 solebat
1729 1620 1896 1646 narrare

133 1668 374 1720 Pompeius,
407 1681 470 1714 se,
503 1681 595 1706 cum
627 1666 818 1706 Rhodum
852 1668 1033 1707 venisset
1065 1668 1274 1707 decedens
1298 1682 1351 1707 ex
1374 1668 1512 1722 Syria,
1544 1668 1690 1708 audire
1713 1669 1897 1709 voluisse

130 1731 426 1776 Posidonium3
469 1729 541 1769 sed
584 1743 677 1768 cum
716 1730 903 1769 audisset
935 1744 1028 1769 eum
1061 1731 1240 1783 graviter
1270 1744 1361 1770 esse
1393 1744 1585 1784 aegrum,
1627 1732 1740 1785 quod
1772 1733 1897 1771 vehe-
1911 1738 1948 1766 25

130 1798 291 1832 menter
321 1793 411 1832 eius
443 1799 555 1831 artus
594 1792 848 1837 laborarent,
882 1793 1066 1832 voluisse
1098 1799 1235 1832 tamen
1266 1793 1571 1834 nobilissimum
1600 1795 1896 1848 philosophum

130 1855 286 1894 visere:
319 1868 444 1907 quem
476 1860 522 1893 ut
553 1854 725 1893 vidisset
756 1860 797 1893 et
828 1854 1095 1894 salutavisset
1124 1855 1456 1908 honorificisque
1488 1856 1623 1896 verbis
1654 1864 1896 1910 prosecutus

130 1923 240 1957 esset
271 1917 528 1970 molesteque
561 1930 604 1956 se
636 1916 813 1955 dixisset
843 1915 972 1963 ferre,
1005 1918 1116 1970 quod
1149 1931 1243 1956 eum
1276 1931 1357 1957 non
1393 1924 1535 1971 posset
1565 1919 1727 1967 audire,
1759 1926 1800 1960 at
1826 1921 1896 1960 ille

133 1980 224 2018 «Tu
254 1991 384 2018 vero»
419 1979 555 2032 inquit
589 1984 766 2030 «potes3
806 1991 881 2017 nec
918 1980 1170 2019 committam
1202 1986 1247 2019 ut
1278 1980 1397 2020 dolor
1427 1982 1612 2034 corporis
1645 1982 1820 2031 efficiat,
1851 1990 1897 2024 ut

127 2041 279 2081 frustra
302 2047 440 2081 tantus
462 2043 522 2081 vir
542 2041 591 2081 ad
616 2054 680 2080 me
704 2041 901 2080 venerit.»
936 2042 1083 2094 Itaque
1116 2042 1306 2082 narrabat
1337 2056 1431 2082 eum
1463 2045 1643 2096 graviter
1663 2050 1702 2084 et
1723 2046 1895 2098 copiose
1909 2054 1946 2083 30
2003 2093 2007 2100 Ι

129 2104 180 2143 de
204 2104 282 2143 hoc
302 2104 409 2156 ipso,
442 2104 545 2143 nihil
571 2117 662 2143 esse
684 2103 840 2142 bonum
873 2103 952 2143 nisi
978 2104 1091 2156 quod
1115 2110 1224 2143 esset
1245 2104 1480 2153 honestum,
1513 2107 1731 2147 cubantem
1754 2108 1896 2161 dispu-

129 2167 294 2213 tavisse,
317 2180 498 2219 cumque
521 2165 641 2219 quasi
667 2163 776 2204 faces
800 2165 837 2204 ei
860 2166 1016 2205 doloris
1039 2166 1373 2214 admoverentur,
1397 2181 1522 2221 saepe
1547 2168 1724 2209 dixisse:
1760 2171 1896 2210 «Nihil

128 2229 235 2281 agis,
267 2229 409 2268 dolor!
445 2228 631 2282 quamvis
665 2227 721 2266 sis
753 2229 966 2275 molestus,
1000 2242 1229 2281 numquam
1260 2235 1300 2268 te
1328 2242 1419 2269 esse
1441 2228 1670 2271 confitebor
1700 2232 1892 2272 malum.»

129 2291 277 2330 XXVI.
317 2289 383 2329 62.
426 2290 693 2343 Omninoque
740 2303 885 2329 omnes
931 2290 1032 2329 clari
1074 2296 1114 2329 et
1153 2291 1360 2331 nobilitati
1400 2292 1564 2332 labores
1602 2294 1895 2334 contendendo

129 2351 234 2393 flunt
263 2354 386 2393 etiam
417 2352 668 2392 tolerabiles.
723 2352 977 2392 Videmusne
1009 2352 1122 2404 apud
1154 2366 1261 2405 quos
1293 2366 1437 2394 eorum
1470 2354 1684 2403 ludorum,
1717 2356 1789 2410 qui
1823 2370 1895 2411 gy·
1909 2366 1947 2395 35

219 2557 247 2588 =l.
275 2557 382 2596 adque
405 2565 495 2588 corr.
522 2557 554 2587 in
579 2559 678 2596 atque
702 2557 728 2587 G
748 2572 780 2578 -
809 2556 839 2586 3.
865 2556 916 2587 vel
939 2556 966 2586 si
988 2557 1146 2595 sentiunt,
1171 2566 1203 2588 se
1225 2558 1310 2588 mori
1335 2559 1359 2589 O
1381 2576 1412 2581 -
1441 2562 1569 2590 tantum
1593 2560 1637 2590 C:
1666 2561 1830 2592 tantillum
1855 2563 1893 2601 Ο,

132 2607 178 2638 «i.
207 2615 238 2638 e.
264 2606 318 2637 vel
345 2607 540 2644 minimum,
568 2615 657 2646 quae
683 2606 793 2637 forma
818 2615 886 2637 non
906 2606 1133 2637 Ciceroniana
1158 2609 1221 2638 est.
1259 2607 1491 2640 scribendum
1509 2607 1684 2641 levissima
1704 2613 1894 2646 mutatione

130 2658 303 2688 tantulum.
343 2657 391 2688 Cf.
420 2657 437 2696 g
463 2656 514 2687 66.
549 2657 592 2687 de
619 2657 722 2696 Legg.
750 2658 760 2687 Ι
787 2656 805 2695 g
830 2657 889 2687 32:
921 2656 948 2686 si
978 2658 1130 2687 interesse
1160 2658 1329 2696 quippiam
1360 2659 1568 2689 tantulum
1598 2661 1712 2691 modo
1738 2664 1894 2701 potuerit.

131 2716 164 2748 p,
190 2708 291 2738 3050,
320 2709 394 2737 Am,
422 2706 440 2745 g
469 2706 542 2736 «118.
569 2706 669 2736 verr.
697 2707 736 2741 ΙΙ,
765 2706 837 2737 424,
867 2706 903 2740 V,
932 2706 1004 2736 476.
1033 2706 1130 2737 481.»
1158 2707 1211 2736 W.
1238 2706 1333 2738 Nulla
1360 2708 1551 2739 mutatione
1576 2717 1664 2749 opus
1689 2719 1766 2743 esse
1792 2713 1896 2745 docet

132 2756 205 2796 ipse
230 2755 451 2795 Wesenberg
476 2755 519 2786 ad
546 2755 564 2795 g
591 2756 642 2786 67.
667 2773 700 2776 -
729 2756 779 2786 427„
807 2756 965 2786 dionisius
989 2756 1053 2786 GR
1081 2772 1115 2776 —
1149 2755 1199 2786 13.
1227 2757 1357 2787 adolere
1381 2765 1471 2788 corr.
1492 2758 1524 2788 in
1549 2766 1570 2788 a
1593 2758 1704 2791 dolore
1726 2762 1752 2793 R
1777 2779 1811 2783 —
1839 2764 1897 2794 de-

131 2806 243 2836 doctus
265 2804 429 2844 Bentley:
458 2805 612 2836 deductas
637 2806 660 2837 (j
689 2823 723 2827 —
752 2806 802 2836 ⁴5.
830 2809 899 2836 cum
922 2806 948 2835 G
973 2806 1007 2836 et
1032 2807 1163 2836 mutata
1187 2805 1247 2837 litt.
1274 2809 1286 2836 t
1309 2807 1341 2836 in
1367 2815 1383 2837 c
1407 2807 1513 2846 antiq.
1540 2816 1586 2838 m.
1607 2809 1632 2839 R
1651 2826 1686 2831 -—
1713 2811 1853 2843 cleantes
1869 2814 1893 2845 C

134 2871 169 2876 —
196 2855 248 2886 46.
277 2856 364 2893 Quia
393 2856 420 2886 si
449 2863 524 2885 cum
554 2854 689 2894 Madvig
723 2855 777 2890 (ad
804 2856 874 2886 Cic.
902 2854 946 2885 de
973 2855 1041 2885 fin.
1068 2863 1101 2895 p.
1129 2856 1222 2893 789):
1256 2856 1408 2894 quicum
1433 2857 1478 2893 (33
1512 2857 1598 2896 Quia
1620 2867 1720 2898 quum
1744 2862 1769 2892 Ο
1794 2861 1896 2902 (Quia

132 2912 205 2934 cum
221 2921 272 2927 --
288 2904 441 2941 dedisset,
467 2908 635 2942 --posset
658 2904 863 2941 Ktflmerus,
889 2904 924 2934 Si
948 2905 1020 2942 quis
1045 2904 1141 2944 [qui],
1167 2913 1239 2935 eum
1256 2922 1305 2929 --
1322 2906 1475 2944 dedisset,
1501 2912 1666 2946 --posset
1690 2910 1893 2951 Ernestius.)

134 2970 168 2975 —
195 2957 286 2984 tanto
309 2962 405 2992 opere
429 2954 512 2989 GR;
539 2956 633 2984 tanea
656 2963 751 2993 opere
775 2954 798 2984 B
827 2971 861 2975 —
893 2953 945 2984 49.
972 2957 1048 2984 tunc
1072 2952 1218 2985 clehante
1242 2956 1267 2985 G
1294 2972 1327 2976 —
1359 2955 1412 2986 ΞΟ.
1439 2956 1604 2996 epigoneis
1627 2958 1650 2988 C
1678 2975 1712 2980 -—
1740 2960 1792 2992 ΞΛ.
1820 2970 1895 2992 am-

129 3002 246 3041 phiare
270 3004 334 3034 GR
360 3019 393 3024 —
422 3002 474 3032 23.
498 3003 705 3040 possidonius
729 3005 753 3034 G
769 3004 812 3034 R:
840 3004 922 3034 item
947 3012 979 3033 v.
1006 3004 1058 3034 025.
1084 3020 1127 3024 —-
1158 3004 1209 3034 25.
1237 3005 1413 3035 audivisset
1437 3005 1462 3035 Ο
1489 3023 1522 3028 —-
1550 3006 1603 3037 26.
1628 3008 1894 3048 philosophorum

132 3049 253 3082 litteris
277 3061 315 3083 or
338 3050 415 3082 ead.
442 3058 489 3080 m.
517 3050 640 3082 deletis
665 3052 689 3083 R
718 3070 751 3074 —
786 3053 837 3084 28.
865 3052 1015 3083 diaes-isset
1040 3054 1085 3089 ῦς
1112 3053 1194 3083 item
1220 3061 1251 3082 v.
1279 3053 1331 3084 32.
1360 3070 1395 3076 --
1430 3055 1483 3085 29.
1510 3055 1625 3094 inquid
1649 3055 1687 3088 G¹
1715 3075 1748 3079 —
1776 3067 1814 3090 ne
1837 3068 1893 3090 co-

132 3101 248 3131 ‘mitam
270 3108 447 3141 superscr.
473 3103 484 3130 t
508 3101 551 3136 G,
579 3102 772 3132 necomitam
795 3110 971 3142 superscr.
999 3105 1010 3132 t
1035 3103 1075 3138 R,
1101 3111 1158 3133 nec
1174 3103 1323 3133 omittam
1347 3103 1370 3133 B
1391 3119 1424 3124 —
1453 3104 1505 3135 34.
1524 3105 1692 3136 honestum
1714 3110 1794 3138 esset
1810 3107 1835 3138 O
1854 3125 1888 3130 —

135 3147 187 3179 34.
213 3150 432 3180 contendendo
456 3148 622 3188 Bentley:
649 3154 840 3190 contempno
865 3153 942 3189 GR;
968 3154 1151 3191 contemptu
1173 3152 1216 3183 B:
1243 3153 1395 3183 continuo
1411 3152 1573 3186 Klotzius.
1593 3172 1627 3176 —
1647 3155 1699 3186 35.
1716 3157 1817 3196 ficunt
1833 3158 1890 3189 GR

138 3214 173 3219 —
198 3198 386 3229 uidemusne
415 3201 452 3229 ut
482 3199 572 3238 apud
595 3200 619 3230 C
645 3202 680 3230 et
703 3200 918 3240 Tregderus;
952 3204 1007 3231 «uc
1038 3203 1114 3239 aut,
1146 3203 1183 3232 ut
1210 3200 1308 3239 alibi,
1343 3210 1383 3232 ex
1407 3210 1464 3241 ne,
1498 3204 1556 3234 aut
1580 3212 1622 3234 ex
1645 3205 1679 3235 ui
1702 3207 1890 3245 repetitum

137 3253 215 3277 esse
238 3249 372 3287 potest;
399 3247 440 3278 ct.
467 3247 485 3288 g
510 3247 562 3279 67.
588 3247 628 3287 V,
653 3248 706 3280 76.
739 3249 904 3290 Tregderi
927 3250 1028 3282 lectio
1053 3249 1286 3282 anacoluthon
1310 3250 1424 3283 minus
1448 3252 1524 3284 veri
1546 3251 1657 3284 simile
1681 3253 1800 3295 habet,
1826 3256 1890 3287 etsi
