2249 3624
262 117 316 159 90
640 123 710 164 DE
740 122 947 163 FINIBUS
977 123 1240 166 BONORUM
1268 124 1337 166 ET
1368 125 1633 168 MALORUM

261 233 411 274 iniuste
441 234 550 276 facta
580 235 842 284 conducunt,
875 237 947 290 qui
976 249 1054 276 nec
1075 235 1197 277 facile
1220 234 1384 277 efficere
1405 238 1556 292 possit,
1589 238 1704 292 quod
1726 244 1914 288 conetur,
1946 255 2022 281 nec

261 295 472 345 obtinere,
513 299 547 338 si
579 299 783 344 effecerit,
816 303 857 338 et
887 311 989 352 opes
1020 299 1086 339 vel
1116 298 1308 339 fortunae
1339 300 1404 340 vel
1437 301 1593 354 ingenii
1625 301 1863 342 liberalitati
1893 304 2025 356 magis

259 359 534 407 conveniunt,
579 373 662 414 qua
703 360 775 414 qui
815 366 1010 409 utuntur,
1057 362 1393 402 benevolentiam
1436 364 1515 402 sibi
1547 364 1774 404 conciliant
1804 370 1863 412 et,
1911 367 2024 420 quod

258 420 521 473 aptissimum
553 427 616 462 est
644 422 697 461 ad
729 422 871 475 quiete
901 423 1146 471 vivendum,
1188 424 1419 472 caritatem,
1458 426 1701 478 praesertim
1733 439 1826 467 cum
1857 430 2025 468 omnino

226 482 374 522 &nulla
414 483 470 523 sit
505 496 631 523 causa
659 483 873 537 peccandi.
933 482 1000 524 53.
1033 485 1151 534 Quae
1183 486 1295 526 enim
1325 488 1574 541 cupiditates
1605 501 1629 527 a
1660 493 1808 529 natura
1838 489 2028 543 proficis-

259 549 424 592 cuntur,
462 544 585 585 facile
629 546 855 599 explentur
888 547 976 587 sine
1006 548 1093 589 ulla
1123 549 1299 588 iniuria:
1342 563 1450 603 quae
1482 554 1617 589 autem
1650 550 1796 591 inanes
1828 558 1943 601 sunt,
1975 554 2026 593 iis

256 607 488 659 parendum
527 621 614 647 non
657 613 734 648 est.
786 609 901 649 Nihil
943 610 1054 651 enim
1095 610 1374 651 desiderabile
1406 611 1732 664 concupiscunt,
1772 613 1952 668 plusque
1983 616 2027 655 in

255 667 347 720 ipsa
376 668 530 710 iniuria
560 670 799 711 detrimenti
831 676 893 712 est
914 686 1039 726 quam
1071 673 1114 713 in
1135 675 1187 714 iis
1208 674 1331 713 rebus
1354 674 1646 721 emolumenti,
1680 687 1788 728 quae
1810 677 2028 728 pariuntur

255 729 422 770 iniuria.
470 731 617 786 Itaque
648 746 701 772 ne
733 733 932 774 iustitiam
966 736 1137 789 quidem
1167 742 1280 776 recte
1303 737 1398 790 quis
1421 737 1575 776 dixerit
1595 750 1671 789 per
1691 750 1735 777 se
1757 737 1890 790 ipsam
1913 745 2029 793 opta-

208 792 405 841 lobilem,
437 794 511 835 sed
544 795 644 849 quia
674 796 946 838 iucunditatis
978 799 1043 838 vel
1074 798 1297 851 plurimum
1329 800 1486 838 afferat.
1536 800 1639 839 Nam
1673 799 1791 852 diligi
1824 805 1865 839 et
1885 813 2027 840 carum

255 868 348 894 esse
377 855 602 897 iucundum
634 863 697 899 est
726 864 970 913 propterea,
1002 861 1102 914 quia
1133 861 1328 901 tutiorem
1362 862 1487 900 vitam
1517 865 1557 900 et
1578 861 1833 915 voluptatem
1865 862 2028 915 plenio-

255 929 340 956 rem
373 916 513 958 efficit.
571 921 718 974 Itaque
748 935 834 961 non
866 923 918 962 ob
950 936 999 963 ea
1029 923 1166 963 solum
1197 924 1485 969 incommoda,
1518 936 1626 976 quae
1650 923 1849 963 eveniunt
1873 924 2028 978 impro-

253 978 337 1027 bis,
376 979 618 1033 fugiendam
654 984 963 1036 improbitatem
1002 991 1220 1039 putamus,
1262 986 1335 1026 sed
1376 986 1508 1026 multo
1549 986 1672 1025 etiam
1703 987 1854 1039 magis,
1898 988 2026 1040 quod,

254 1041 374 1081 cuius
404 1043 446 1082 in
476 1044 617 1085 animo
650 1052 863 1095 versatur,
903 1062 1133 1103 numquam
1175 1049 1275 1088 sinit
1306 1062 1402 1088 eum
1434 1048 1661 1100 respirare,
1699 1063 1928 1103 numquam
1961 1063 2028 1090 ac-

207 1111 242 1141 45
255 1103 487 1156 quiescere.
547 1105 613 1147 54.
646 1108 771 1157 Quod
803 1110 837 1150 si
867 1124 920 1150 ne
951 1111 1134 1165 ipsarum
1167 1110 1336 1164 quidem
1369 1111 1566 1150 virtutum
1600 1111 1714 1159 laus,
1754 1112 1797 1151 in
1829 1125 1912 1166 qua
1942 1126 2028 1153 ma-

255 1166 367 1206 xime
405 1173 638 1211 ceterorum
678 1171 1028 1227 philosophorum
1061 1174 1244 1214 exsultat
1274 1173 1427 1219 oratio,
1471 1173 1656 1225 reperire
1687 1173 1846 1214 exitum
1877 1180 2028 1228 potest,

254 1229 336 1269 nisi
378 1229 580 1284 dirigatur
609 1234 662 1274 ad
693 1235 975 1288 voluptatem,
1014 1236 1206 1289 voluptas
1243 1241 1382 1276 autem
1417 1241 1478 1275 est
1509 1235 1616 1283 sola,
1659 1250 1768 1289 quae
1798 1251 1875 1277 nos
1907 1244 2030 1279 vocet

255 1291 305 1331 ad
347 1306 392 1333 se
432 1299 472 1334 et
510 1296 669 1337 alliciat
710 1304 857 1352 suapte
896 1305 1062 1347 natura,
1108 1312 1194 1338 non
1238 1304 1375 1351 potest
1406 1311 1497 1338 esse
1529 1298 1722 1347 dubium,
1767 1301 1871 1353 quin
1902 1301 1943 1340 id
1976 1301 2030 1341 sit

255 1369 462 1397 summum
492 1364 619 1413 atque
651 1366 882 1401 extremum
913 1362 1120 1402 bonorum
1153 1361 1339 1402 omnium
1368 1361 1576 1415 beateque
1607 1362 1748 1402 vivere
1779 1363 1885 1402 nibil
1916 1364 2027 1404 aliud

205 1425 242 1454 20
255 1418 309 1459 sit
338 1419 419 1459 nisi
452 1434 545 1460 cum
577 1421 791 1475 voluptate
822 1423 975 1464 vivere.

367 1483 497 1523 XVII.
537 1482 604 1524 55.
646 1485 755 1525 Huic
801 1490 939 1526 certae
980 1487 1205 1540 stabilique
1250 1486 1481 1526 sententiae
1523 1499 1631 1539 quae
1671 1487 1754 1527 sint
1794 1488 2028 1536 coniuncta,

254 1544 473 1597 explicabo
504 1546 637 1587 brevi.
684 1548 835 1588 Nullus
866 1549 910 1588 in
941 1550 1042 1603 ipsis
1077 1563 1192 1590 error
1225 1555 1288 1590 est
1318 1547 1470 1589 finibus
1500 1549 1707 1589 bonorum
1740 1554 1780 1589 et
1810 1550 2028 1598 malorum,

254 1606 296 1646 id
329 1613 392 1648 est
422 1608 465 1648 in
495 1610 708 1664 voluptate
739 1616 811 1651 aut
840 1611 882 1650 in
915 1612 1074 1659 dolore,
1111 1611 1185 1651 sed
1216 1612 1257 1652 in
1292 1611 1343 1651 iis
1373 1611 1496 1651 rebus
1519 1616 1716 1664 peccant,
1749 1626 1859 1660 cum,
1893 1626 1915 1653 e
1937 1615 2031 1667 qui-

254 1669 332 1709 bus
362 1670 466 1711 haec
497 1670 747 1721 efficiantur,
778 1675 986 1727 ignorant.
1044 1675 1182 1714 Animi
1214 1678 1354 1714 autem
1392 1674 1626 1727 voluptates
1659 1679 1700 1714 et
1730 1674 1894 1716 dolores
1914 1677 2029 1717 nasci

204 1738 241 1767 25
255 1733 431 1774 fatemur
462 1748 483 1775 e
515 1736 701 1789 corporis
725 1738 1011 1790 voluptatibus
1034 1743 1074 1777 et
1098 1737 1328 1777 doloribus.
1370 1737 1516 1789 Itaque
1540 1736 1739 1785 concedo,
1771 1738 1882 1792 quod
1904 1740 2028 1779 modo

255 1796 445 1845 dicebas,
485 1798 633 1838 cadere
672 1812 817 1847 causa,
862 1800 895 1839 si
929 1800 1000 1853 qui
1034 1813 1055 1839 e
1088 1800 1240 1839 nostris
1272 1798 1395 1838 aliter
1425 1798 1687 1847 existimant,
1721 1814 1826 1853 quos
1859 1800 2029 1854 quidem

254 1858 377 1899 video
409 1873 500 1900 esse
533 1861 707 1909 multos,
747 1863 821 1902 sed
867 1862 1106 1915 imperit0s3
1151 1875 1405 1915 quamquam
1436 1867 1574 1901 autem
1607 1868 1647 1902 et
1677 1863 1877 1905 laetitiam
1908 1865 2030 1905 nobis

255 1920 446 1975 voluptas
487 1924 614 1963 animi
655 1928 696 1964 et
735 1924 969 1965 molestiam
1008 1925 1128 1964 dolor
1170 1925 1335 1972 afferat,
1377 1938 1518 1964 eorum
1560 1929 1699 1964 tamen
1732 1932 1958 1981 utrumque
1991 1933 2032 1968 et

256 1988 391 2024 ortum
425 1998 516 2025 esse
548 1999 570 2026 e
602 2000 774 2039 corpore
806 1992 846 2027 et
869 1987 921 2027 ad
944 2000 1094 2039 corpus
1118 1986 1281 2034 referri,
1314 2000 1391 2026 nec
1414 1987 1466 2026 ob
1491 2001 1579 2027 eam
1603 2001 1768 2027 causam
1791 2002 1875 2028 non
1900 1990 2029 2030 multo

206 2059 242 2090 30
257 2047 435 2086 maiores
479 2061 570 2088 esse
612 2054 653 2089 et
684 2049 922 2102 voluptates
954 2056 995 2089 et
1026 2050 1194 2089 dolores
1236 2050 1363 2089 animi
1396 2064 1519 2103 quam
1553 2051 1752 2103 corporis.
1804 2052 1907 2091 Nam
1939 2065 2030 2091 eor-

256 2121 358 2161 pore
402 2109 508 2149 nihil
540 2110 620 2151 nisi
655 2125 852 2164 praesens
884 2116 925 2151 et
955 2112 1067 2165 quod
1100 2112 1217 2151 adest
1248 2112 1401 2151 sentire
1433 2126 1677 2165 possumus,
1720 2113 1858 2153 animo
1890 2119 2028 2154 autem

257 2175 298 2210 et
327 2172 552 2224 praeterita
583 2178 624 2213 et
652 2173 805 2213 futura.
857 2175 908 2214 Ut
939 2175 1049 2213 enim
1081 2188 1215 2228 aeque
1238 2175 1477 2222 doleamus,
1510 2189 1603 2215 cum
1626 2189 1800 2228 corpore
1824 2176 2028 2224 dolemus,

255 2232 346 2274 fieri
385 2240 525 2275 tamen
556 2250 780 2290 permagna
815 2237 1000 2277 accessio
1033 2242 1192 2290 potest,
1231 2237 1265 2277 si
1297 2238 1468 2290 aliquod
1500 2244 1715 2277 aeternum
1748 2242 1789 2277 et
1816 2236 2028 2279 infinitum

255 2298 497 2351 impendere
536 2299 691 2338 malum
732 2299 854 2339 nobis
893 2300 1141 2352 opinemur:
1179 2300 1291 2352 quod
1324 2300 1422 2339 item
1454 2300 1552 2339 licet
1582 2299 1807 2339 transferre
1838 2300 1879 2339 in
1911 2300 2029 2340 volu-

207 2372 243 2400 35
257 2365 433 2413 ptatem,
465 2366 511 2401 ut
541 2374 590 2401 ea
620 2361 754 2401 maior
784 2362 857 2409 sit,
889 2362 922 2401 si
954 2362 1060 2401 nihil
1092 2362 1172 2401 tale
1205 2366 1454 2401 metuamus.
1514 2360 1580 2401 56.
1612 2363 1698 2401 Iam
1730 2362 1833 2401 illud
1857 2363 2028 2416 quidem

256 2424 524 2476 perspicuum
558 2428 639 2471 est,
671 2423 800 2463 animi
832 2424 1053 2464 maximam
1085 2428 1155 2464 aut
1176 2424 1435 2477 voluptatem
1467 2430 1538 2464 aut
1567 2425 1801 2464 molestiam
1833 2425 1928 2477 plus
1959 2431 2029 2465 aut

257 2486 309 2525 ad
340 2486 504 2526 beatam
535 2491 605 2526 aut
635 2486 686 2526 ad
718 2486 913 2526 miseram
945 2487 1069 2526 vitam
1100 2488 1247 2525 afferre
1280 2488 1499 2533 momenti,
1536 2500 1662 2540 quam
1695 2500 1839 2527 eorum
1870 2493 2029 2527 utrum-

257 2548 341 2595 vis,
380 2548 413 2587 si
442 2561 576 2602 aeque
607 2548 679 2588 diu
711 2550 764 2590 sit
793 2549 837 2588 in
868 2561 1054 2602 corpore.
1115 2550 1206 2588 Non
1244 2548 1381 2601 placet
1410 2554 1551 2588 autem
1591 2549 1774 2588 detracta
1814 2549 2028 2602 voluptate

257 2609 560 2663 aegritudinem
600 2610 739 2651 statim
770 2610 996 2664 consequi,
1035 2611 1114 2651 nisi
1144 2611 1189 2650 in
1219 2611 1443 2664 voluptatis
1474 2612 1611 2651 locum
1646 2610 1767 2650 dolor
1795 2610 1902 2651 forte
1934 2624 2028 2650 suc-

346 2803 357 2834 4
402 2802 498 2844 quod]
525 2803 581 2842 qui
603 2804 627 2834 B
649 2820 681 2826 -
710 2804 742 2834 2.
767 2803 905 2843 fortuna
927 2803 980 2835 uel
997 2803 1076 2842 (non
1092 2802 1138 2841 ut)
1155 2801 1224 2842 inq.
1244 2801 1268 2832 E
1350 2801 1485 2841 inqenia
1508 2802 1533 2832 A
1548 2802 1572 2832 B
1588 2801 1611 2833 C
1627 2802 1654 2832 D
1675 2817 1709 2823 -
1737 2800 1768 2832 3.
1790 2804 1929 2833 utantur
1945 2801 1971 2833 A

256 2853 509 2885 beniuolentiam
532 2854 596 2884 AB
617 2870 651 2874 -
679 2853 709 2883 6.
736 2853 806 2884 ulla
828 2853 955 2884 iniuria
978 2855 1022 2884 A:
1049 2853 1176 2883 iniuria
1198 2852 1268 2882 ulla
1447 2851 1495 2882 his
1518 2852 1544 2883 A
1559 2852 1604 2887 O
1629 2852 1688 2891 hys
1711 2853 1734 2883 B
1818 2853 1849 2885 7.
1875 2863 1940 2884 non
1957 2862 2027 2884 om.

257 2899 297 2935 1
323 2920 357 2924 -
385 2903 525 2942 plusque
554 2902 680 2933 iniuria
708 2903 781 2942 ipsa
811 2905 837 2935 A
939 2904 970 2934 9.
997 2903 1139 2942 quidem]
1171 2902 1248 2941 quid
1277 2902 1320 2938 B}
1354 2901 1441 2939 quod
1474 2901 1498 2931 E
1525 2918 1559 2922 -
1594 2902 1646 2932 41.
1672 2902 1875 2940 voluptatem
1900 2903 2030 2942 plenio-

256 2961 327 2983 rem
357 2952 454 2992 efficit
481 2954 524 2983 A:
554 2953 733 2991 pleniorem
761 2954 964 2993 uoluptatem
998 2953 1094 2993 efficit
1118 2953 1207 2988 BM
1239 2951 1438 2989 voluptatem
1462 2950 1558 2989 efficit
1579 2950 1759 2989 pleniorem
1783 2953 1808 2983 O
1898 2953 1951 2983 42.
1976 2952 2026 2992 ea]

257 3010 332 3034 eam
355 2998 393 3032 1
419 3018 454 3022 -
491 3010 575 3040 quae
604 3004 633 3032 el
662 3002 797 3033 ueniunt
821 3004 847 3034 A
874 3020 909 3025 -
938 3003 990 3034 45
1018 3000 1158 3041 quidem]
1187 3001 1265 3039 quid
1297 3000 1358 3031 BE
1458 3000 1509 3031 46.
1536 3001 1662 3031 exilum
1683 3004 1786 3040 polest
1809 3004 1832 3033 A
1850 3003 1894 3033 B:
1926 3005 2029 3041 potest

257 3051 384 3083 emitum
408 3051 477 3082 Mo
558 3052 611 3082 .
630 3060 705 3081 cum
722 3060 791 3083 om.
811 3050 851 3083 Al
933 3052 985 3083 23.
1012 3052 1060 3082 his
1185 3051 1243 3088 hys
1311 3067 1345 3071 -
1372 3049 1401 3080 ei
1425 3049 1541 3087 quibus
1565 3050 1624 3081 BE
1641 3068 1683 3073 -
1707 3052 1760 3081 26.
1787 3052 1904 3082 cadere
1927 3059 2029 3081 causa

259 3101 451 3132 Victorius:
478 3101 589 3132 cedere
611 3109 732 3131 causae
756 3101 857 3132 codd.
943 3101 1072 3141 quidem
1097 3109 1165 3131 orn.
1186 3101 1209 3130 B
1296 3099 1348 3129 027.
1376 3101 1405 3129 et
1429 3107 1498 3128 om.
1525 3099 1548 3129 B
1636 3100 1689 3130 28.
1715 3103 1745 3130 cl
1767 3100 1858 3138 mol]
1883 3102 1912 3130 et
1936 3099 2029 3129 lole-

258 3159 311 3182 res
341 3150 418 3181 mol,
446 3149 469 3180 E
495 3167 530 3171 -
566 3151 680 3189 asseret
704 3146 780 3181 AB
870 3151 922 3182 32.
950 3151 1118 3182 doleamus
1142 3158 1222 3180 uos:
1252 3149 1418 3180 doleamus
1440 3149 1551 3179 animo
1583 3149 1685 3180 codd.
1720 3151 1754 3181 ct
1782 3151 1824 3187 03
1864 3149 2030 3180 doleamus

262 3199 396 3240 [animo]
422 3200 454 3231 M
542 3208 679 3238 corpore
707 3208 772 3230 non
796 3200 939 3231 dolemus
962 3201 985 3231 B
1015 3217 1048 3221 -
1076 3200 1128 3232 33.
1155 3199 1281 3236 aliquid
1306 3197 1409 3229 codd.
1440 3215 1473 3220 -
1500 3199 1680 3239 aeternum]
1706 3203 1880 3231 externum
1904 3200 1963 3230 BE
1991 3216 2026 3221 -

261 3250 313 3281 35.
341 3249 480 3291 quidem]
500 3250 586 3289 quod
608 3250 632 3282 B
707 3249 759 3281 36.
779 3251 883 3282 animi
898 3251 1085 3282 maximam
1101 3252 1145 3282 A:
1172 3249 1360 3281 onam-imam
1384 3248 1487 3280 animi
1504 3249 1527 3280 B
1541 3250 1573 3280 M
1587 3250 1612 3280 O
1633 3267 1667 3272 -
1694 3250 1746 3282 37.
1767 3249 1810 3281 ad
1826 3248 1880 3280 bis
1898 3256 1968 3280 om.
1988 3248 2025 3281 E.
