2249 3624
230 82 283 139 64
691 103 1118 146 ACADEMICORUM
1147 105 1528 148 PosTEmonUM

228 216 345 256 teria.
395 215 506 256 Nihil
537 221 599 256 est
630 217 737 256 enim
769 216 881 270 quod
913 230 997 257 non
1028 217 1178 257 alicubi
1212 232 1303 259 esse
1336 224 1519 272 cogatur.
1567 219 1647 258 Sed
1670 218 1781 272 quod
1804 232 1856 258 ex
1876 225 1991 260 utro-

229 292 334 332 que,
365 277 407 318 id
438 280 520 318 iam
551 292 702 331 corpus
735 284 776 318 et
797 279 916 331 quasi
950 279 1266 332 qualitatem
1290 281 1496 334 quandam
1519 281 1809 321 nominabant:
1842 281 1990 321 dabitis

228 341 340 380 enim
369 340 579 394 profecto,
609 346 656 380 ut
686 341 727 380 in
758 341 883 380 rebus
914 341 1144 389 inusitatis,
1177 344 1290 396 quod
1314 343 1457 383 Graeci
1487 344 1566 397 ipsi
1589 343 1763 391 faciunt,
1795 357 1818 383 a
1840 344 1990 397 quibus

226 402 330 443 haec
360 403 443 442 iam
475 403 544 442 diu
574 407 822 450 tractantur,
854 409 1021 443 utamur
1049 405 1187 444 verbis
1218 406 1428 445 interdum
1460 405 1674 445 inauditis.

195 478 212 506 5
339 467 426 505 VlI.
458 464 525 504 ⁶25.
556 466 640 504 Nos
671 478 791 512 vero,
824 465 961 518 inquit
989 466 1172 515 Atticus;
1205 469 1308 521 quin
1340 469 1464 508 etiam
1491 468 1659 508 Graecis
1690 468 1832 507 licebit
1860 472 1990 515 utare,

227 543 320 569 cum
350 529 492 576 voles,
532 528 565 568 si
597 533 637 567 te
669 528 814 567 Latina
844 527 951 567 forte
983 528 1191 568 deficient.
1237 532 1348 570 Bene
1381 544 1479 570 sane
1510 531 1635 570 facis:
1677 530 1750 570 sed
1782 532 1917 571 enitar
1946 536 1992 571 ut

224 592 370 631 Latine
400 591 570 644 loquar,
600 590 681 629 nisi
713 590 756 629 in
787 590 959 630 huiusce
993 592 1103 631 modi
1137 592 1294 639 verbis,
1335 598 1381 633 ut
1411 593 1720 647 philosophiam
1751 599 1823 633 aut
1854 593 1992 633 rheto-

223 654 352 693 ricam
393 659 462 693 aut
500 652 717 706 physicam
757 657 828 692 aut
866 652 1125 693 dialecticam
1158 655 1384 708 appellem,
1423 656 1597 708 quibus,
1638 661 1683 695 ut
1713 656 1805 695 aliis
1836 656 1990 702 multis,

224 714 485 755 consuetudo
531 715 611 754 iam
656 714 789 754 utitur
830 727 905 767 pro
947 715 1119 755 Latinis.
1179 716 1412 764 Qualitates
1453 717 1578 770 igitur
1613 718 1843 770 appellavi,
1887 731 1990 771 quas

175 791 208 820 ⁴0
224 774 461 829 ποιότητας
493 778 639 817 Graeci
670 783 840 817 vocant:
879 778 993 830 quod
1024 778 1160 830 ipsum
1192 779 1300 831 apud
1333 779 1515 818 Graecos
1547 793 1630 819 non
1663 786 1725 819 est
1754 780 1868 832 vulgi
1899 793 1990 818 ver-

220 841 341 889 bum,
374 840 447 880 sed
478 840 846 893 philosophorum,
879 845 1004 893 atque
1035 840 1078 879 id
1109 841 1150 879 in
1182 841 1336 880 multis.
1381 841 1703 881 Dialecticorum
1735 855 1832 881 vero
1863 842 1988 881 verba

220 905 335 945 nulla
367 910 464 945 sunt
492 904 680 958 publica:
714 904 800 943 suis
833 909 1016 943 utuntur.
1075 903 1127 942 Et
1156 903 1198 942 id
1231 902 1400 956 quidem
1434 916 1653 942 commune
1685 904 1870 943 omnium
1902 903 1988 942 fere

221 974 285 1008 est
315 969 486 1008 artium:
519 972 590 1006 aut
622 968 733 1006 enim
764 979 870 1006 nova
902 972 997 1006 sunt
1026 979 1165 1004 rerum
1197 978 1399 1003 novarum
1431 964 1620 1004 facienda
1650 966 1819 1004 nomina
1844 971 1914 1004 aut
1935 979 1988 1004 ex

219 1032 312 1071 aliis
358 1028 662 1071 transferenda.
721 1028 844 1077 Quod
885 1029 917 1068 si
959 1028 1105 1067 Graeci
1141 1027 1320 1074 faciunt,
1367 1026 1439 1079 qui
1478 1027 1520 1065 in
1561 1027 1626 1066 his
1656 1027 1783 1066 rebus
1814 1032 1876 1066 tot
1906 1027 1987 1066 iam

169 1094 384 1134 45saecula
422 1098 663 1139 versantur,
705 1096 862 1144 quanto
900 1090 942 1130 id
982 1090 1105 1130 nobis
1146 1090 1277 1141 magis
1310 1088 1625 1128 concedendum
1657 1094 1740 1136 est,
1783 1089 1855 1142 qui
1885 1089 1988 1128 haec

217 1170 329 1196 nunc
366 1155 547 1209 primum
587 1158 763 1193 tractare
803 1154 1030 1193 conamur?
1091 1150 1157 1191 26.
1190 1153 1252 1190 Tu
1293 1164 1411 1198 vero,
1452 1151 1643 1204 inquam,
1689 1152 1842 1199 Varro,
1882 1151 1988 1191 bene

218 1220 343 1259 etiam
385 1218 604 1257 meriturus
645 1216 747 1255 mihi
788 1215 943 1255 videris
985 1215 1036 1254 de
1072 1215 1155 1254 tuis
1197 1214 1378 1260 civibus,
1421 1214 1454 1253 si
1494 1227 1566 1253 eos
1598 1227 1680 1253 non
1714 1213 1837 1253 modo
1870 1214 1988 1266 copia

216 1296 355 1322 rerum
387 1279 576 1326 auxeris,
620 1284 665 1318 ut
697 1278 891 1326 effecisti,
934 1278 1005 1318 sed
1042 1281 1167 1317 etiam
1198 1276 1432 1316 verborum.
1485 1275 1742 1316 Audebimus
1775 1289 1895 1330 ergo,
1925 1277 1989 1316 in-

218 1344 330 1398 quit,
362 1343 482 1383 novis
515 1341 651 1381 verbis
681 1341 741 1380 uti
774 1346 814 1379 te
846 1346 1033 1387 auctore,
1067 1340 1099 1379 si
1131 1352 1301 1378 necesse
1335 1339 1424 1377 erit.
1472 1338 1623 1377 Earum
1656 1339 1781 1391 igitur
1812 1339 1988 1392 qualita-

165 1416 201 1445 ΞΟ
217 1412 303 1446 tum
335 1411 430 1447 sunt
460 1405 566 1444 aliae
597 1403 833 1457 principes,
868 1402 974 1442 aliae
1006 1415 1058 1442 ex
1088 1402 1137 1442 iis
1172 1408 1298 1441 ortae.
1350 1400 1564 1454 Principes
1597 1407 1691 1440 sunt
1720 1401 1843 1440 unius
1876 1400 1986 1440 modi

216 1475 257 1509 et
288 1469 521 1522 simplices,
554 1481 605 1507 ex
637 1467 688 1506 iis
719 1471 857 1505 autem
890 1470 1005 1504 ortae
1029 1464 1166 1504 variae
1190 1469 1286 1503 sunt
1309 1469 1346 1502 et
1370 1463 1489 1516 quasi
1512 1462 1800 1503 multiformes.
1842 1464 1986 1516 ltaque

215 1545 287 1572 aer
316 1553 369 1560 —
399 1531 478 1570 hoc
511 1542 680 1582 quoque
710 1529 868 1567 utimur
897 1527 978 1567 iam
1010 1541 1085 1579 pro
1119 1527 1266 1566 Latino
1300 1549 1350 1552 —
1385 1531 1425 1564 et
1454 1525 1562 1577 ignis
1595 1531 1634 1564 et
1664 1538 1774 1578 aqua
1807 1530 1847 1565 et
1877 1531 1985 1564 terra

215 1595 372 1648 primae
414 1598 533 1640 sunt,
576 1605 628 1631 ex
668 1591 717 1630 iis
756 1596 892 1630 autem
933 1593 1046 1628 ortae
1078 1588 1350 1627 animantium
1382 1587 1541 1626 formae
1575 1600 1802 1641 earumque
1834 1601 1984 1634 rerum,

217 1670 323 1711 quae
365 1656 590 1709 gignuntur
621 1667 642 1693 e
682 1659 803 1692 terra.
862 1653 972 1704 Ergo
1009 1651 1080 1690 illa
1111 1651 1228 1689 initia
1261 1657 1319 1698 et,
1361 1656 1405 1689 ut
1437 1664 1457 1689 e
1491 1650 1648 1689 Graeco
1680 1655 1860 1697 vertam,
1903 1649 1985 1688 ele-

163 1729 201 1759 25
217 1726 356 1760 menta
390 1719 609 1758 dicuntur:
642 1730 663 1755 e
697 1715 848 1768 quibus
879 1718 950 1753 aer
981 1718 1023 1753 et
1052 1713 1162 1765 ignis
1194 1713 1388 1751 movendi
1420 1713 1501 1751 vim
1523 1712 1677 1751 habent
1700 1717 1739 1750 et
1761 1710 1983 1758 efficiendi,

214 1783 402 1836 reliquae
447 1785 587 1834 partes
634 1776 869 1830 accipiendi
917 1782 957 1815 et
998 1775 1117 1829 quasi
1165 1775 1373 1827 patiendi,
1413 1788 1564 1828 aquam
1607 1774 1700 1814 dico
1741 1779 1781 1813 et
1817 1779 1983 1813 terram.

215 1845 417 1893 Quintum
449 1855 599 1896 genus,
631 1854 652 1880 e
686 1853 769 1893 quo
793 1844 933 1879 essent
953 1844 1062 1877 astra
1084 1844 1349 1890 mentesque,
1383 1837 1591 1889 singulare
1614 1849 1843 1890 eorumque
1866 1841 1985 1889 quat-

212 1913 328 1955 tuor,
373 1919 480 1960 quae
534 1917 660 1957 supra
707 1902 813 1948 dixi,
863 1900 1066 1940 dissimile
1113 1900 1357 1939 Aristoteles
1401 1899 1612 1952 quoddam
1659 1912 1749 1938 esse
1802 1899 1982 1939 rebatur.

213 1968 280 2009 27.
315 1969 397 2009 Sed
430 1968 657 2008 subiectam
688 1969 834 2019 putant
864 1963 1056 2004 omnibus
1089 1963 1178 2001 sine
1210 1962 1296 2001 ulla
1328 1962 1468 2015 specie
1490 1967 1616 2015 atque
1639 1967 1845 2002 carentem
1870 1962 1983 2001 omni

163 2041 199 2070 30
214 2033 284 2073 illa
308 2031 509 2085 qualitate
540 2052 595 2057 ——
615 2028 814 2068 faciamus
838 2027 947 2065 enim
970 2026 1184 2065 tractando
1207 2025 1399 2064 usitatius
1420 2024 1499 2064 hoc
1517 2024 1689 2064 verbum
1712 2030 1751 2063 et
1773 2024 1906 2063 tritius
1929 2045 1982 2052 —

212 2095 426 2135 materiam
458 2091 686 2147 quandam,
721 2105 742 2130 e
776 2103 858 2143 qua
889 2089 1028 2128 omnia
1051 2100 1248 2141 expressa
1271 2093 1394 2140 atque
1419 2086 1558 2126 efficta
1579 2087 1682 2126 sint:
1715 2099 1821 2139 quae
1844 2087 1871 2137 ἦ*
1894 2090 1981 2125 tota

213 2156 352 2198 omnia
391 2156 580 2208 accipere
624 2154 757 2207 possit
793 2151 1073 2202 omnibusque
1106 2148 1239 2189 modis
1271 2150 1419 2189 mutari
1451 2155 1576 2202 atque
1608 2162 1660 2188 ex
1692 2149 1805 2188 omni
1837 2152 1978 2201 parte:

299 2339 329 2369 ⁴.
355 2336 436 2368 nihil
459 2337 503 2367 esi
518 2351 566 2356 —-
582 2334 722 2373 cogatur
745 2329 913 2362 Lambino
939 2330 1101 2370 suspecta
1126 2336 1316 2369 perperam
1337 2327 1548 2358 xidebantur
1567 2345 1601 2350 —
1628 2327 1659 2358 2.
1688 2327 1719 2357 id
1741 2326 1820 2367 iam]
1846 2326 1946 2358 etiam
1962 2335 1979 2357 r

214 2408 249 2412 —-
276 2389 370 2429 quasi
395 2395 464 2419 om.
493 2383 594 2416 codd.
623 2381 733 2415 Ursini
761 2396 794 2402 —
823 2380 853 2411 3.
880 2383 916 2410 ut
940 2380 972 2410 in
998 2388 1067 2410 om.
1094 2387 1112 2409 r
1138 2396 1169 2400 —
1200 2377 1231 2410 4.
1259 2378 1313 2408 diu
1338 2386 1407 2408 om.
1426 2386 1444 2407 r
1471 2395 1502 2399 —
1532 2386 1595 2408 non
1621 2377 1742 2408 auditis
1764 2385 1781 2407 r
1808 2395 1843 2400 —-
1868 2378 1899 2409 5.
1924 2377 1979 2408 ui-

209 2444 282 2472 tare
304 2439 334 2470 V
359 2455 393 2460 —
423 2437 453 2468 6.
481 2435 546 2474 secl]
570 2436 605 2464 ui
629 2441 646 2463 r
671 2449 706 2454 —
735 2431 861 2468 enitar,
889 2430 994 2468 inquit
1017 2428 1159 2460 Durand
1186 2444 1219 2449 —-
1248 2428 1279 2458 7.
1305 2427 1498 2458 eiuscemodi
1523 2428 1567 2465 G,
1593 2427 1778 2458 huiusmodi
1800 2435 1818 2457 r
1843 2443 1877 2447 —
1902 2426 1979 2465 phi-

209 2490 389 2529 losophiam
413 2489 472 2517 aui
495 2484 634 2516 ethicam
658 2485 716 2513 aut
737 2481 906 2521 physicam
932 2477 1185 2515 Huelsemann;
1224 2480 1258 2508 at
1282 2486 1314 2508 v,
1342 2478 1412 2508 Cic.
1440 2476 1483 2508 de
1510 2476 1592 2507 finn.
1619 2476 1654 2508 b.
1683 2479 1715 2507 et
1740 2484 1787 2507 m.
1814 2477 1873 2514 111,
1901 2476 1919 2516 ἓ
1944 2477 1976 2514 5,

209 2550 252 2572 ex
276 2548 345 2580 quo
369 2537 447 2570 loco
472 2533 642 2576 suspicari
666 2532 798 2573 possis:
825 2533 860 2561 ut
880 2528 1136 2569 philosophiam,
1163 2531 1198 2558 ui
1221 2528 1417 2559 rhetoricam
1442 2530 1500 2557 aui
1519 2527 1589 2566 ph„
1615 2529 1653 2557 ut
1670 2528 1724 2558 est
1746 2527 1780 2558 in
1798 2527 1822 2559 U
1840 2543 1874 2548 ——
1902 2527 1978 2557 rhe-

207 2591 342 2622 toricem
372 2590 430 2618 aut
457 2586 623 2625 physicem
652 2585 710 2613 aut
735 2581 933 2612 dialecticem
962 2583 1008 2615 A,
1041 2579 1237 2610 rhetoricam
1270 2581 1328 2608 aut
1356 2577 1509 2616 physicen
1535 2579 1593 2607 aut
1616 2577 1806 2608 dialecticen
1829 2577 1854 2609 U
1881 2592 1915 2598 —
1943 2576 1975 2608 8.

206 2640 317 2671 multis
340 2638 408 2669 iam
424 2636 549 2667 utimur
567 2643 583 2665 r
598 2650 640 2656 --
666 2632 716 2663 40.
740 2634 906 2671 poeoielas
921 2632 959 2667 A,
982 2630 1147 2669 poiolecas
1164 2630 1200 2660 G.
1225 2628 1409 2667 poeothetas
1432 2629 1468 2666 P,
1490 2627 1656 2666 poellzeias
1672 2626 1729 2657 Vr
1749 2643 1784 2648 —
1810 2625 1978 2665 appellant

208 2691 234 2721 G
260 2706 295 2711 —
331 2689 382 2719 Η.
408 2694 485 2717 vero
510 2692 579 2715 om.
606 2683 635 2712 V
660 2683 694 2713 et
717 2681 810 2717 Bas„
846 2688 909 2710 non
933 2687 950 2709 r
976 2695 1010 2701 —
1047 2678 1098 2709 44.
1126 2679 1158 2709 in
1184 2679 1221 2708 iis
1245 2687 1262 2708 r
1289 2696 1322 2699 —
1362 2678 1413 2708 115.
1439 2677 1522 2707 secla
1549 2676 1654 2708 APV
1680 2692 1716 2698 -—
1749 2675 1840 2707 nobis
1870 2676 1977 2716 magis

207 2740 250 2770 G:
277 2738 384 2778 magis
406 2735 497 2766 nobis
520 2732 694 2765 APVOr
720 2749 755 2753 -
789 2729 839 2761 46.
866 2737 953 2760 nunc
977 2737 1045 2759 om.
1072 2737 1089 2758 r
1116 2746 1150 2750 -
1187 2731 1255 2759 tum
1278 2736 1354 2758 vero
1378 2727 1407 2757 V
1434 2745 1468 2749 —
1504 2727 1554 2757 Ι17.
1580 2726 1717 2757 meritus
1740 2726 1766 2756 G
1791 2742 1826 2746 —
1863 2725 1914 2756 48.
1940 2728 1976 2756 ut

205 2790 308 2830 fecisti
332 2786 472 2823 Lamb.;
504 2788 538 2815 ut
563 2786 591 2814 et
613 2782 715 2822 fecisti
738 2779 901 2820 Bentley;
934 2779 982 2809 uli
1006 2778 1096 2818 (ulei)
1120 2779 1223 2818 fecisti
1248 2777 1341 2808 Klotz
1370 2793 1403 2798 ——
1431 2777 1529 2807 eliam
1554 2785 1622 2807 om.
1651 2785 1667 2806 r
1695 2793 1728 2797 —
1762 2775 1810 2806 19.
1834 2774 1936 2814 fuerit
1959 2783 1976 2805 r

208 2856 243 2861 —-
270 2839 324 2870 20.
351 2846 393 2868 ex
424 2836 461 2866 iis
490 2835 564 2875 (bis)
596 2842 625 2863 r:
664 2841 706 2862 ea:
737 2832 785 2861 his
809 2831 873 2862 CO
910 2847 943 2851 ——
978 2830 1029 2860 2¹.
1056 2829 1172 2859 variae
1195 2831 1288 2858 ortae
1313 2828 1338 2858 G
1366 2842 1400 2847 -
1429 2827 1480 2857 22.
1508 2835 1568 2857 aer
1596 2826 1654 2856 hoc
1687 2833 1813 2864 quoque
1838 2826 1882 2855 G:
1916 2834 1976 2856 aer

206 2897 332 2929 quoque
355 2886 507 2921 APVr;
535 2892 593 2914 aer
617 2882 745 2921 quidem
769 2879 924 2917 Ernesti,
951 2887 1010 2910 aer
1034 2878 1058 2908 O
1086 2895 1120 2899 -
1148 2878 1215 2908 iam
1239 2877 1384 2916 scripsi:
1414 2884 1483 2907 om.
1511 2885 1546 2911 r;
1577 2877 1662 2906 enim
1687 2876 1711 2907 C
1727 2876 1770 2911 Ο;
1799 2874 1841 2906 cf.
1868 2883 1973 2915 supra

204 2948 238 2971 V.
265 2939 296 2970 9.
321 2955 364 2960 —
395 2939 424 2967 ec
448 2935 531 2975 iqnis
556 2933 581 2963 G
607 2934 656 2969 et,
684 2934 720 2962 ut
743 2930 898 2967 videtur,
925 2930 969 2960 A:
1001 2928 1084 2968 ignis
1108 2927 1204 2959 PVr
1231 2943 1265 2948 —
1302 2926 1354 2956 23.
1378 2926 1510 2965 primae
1532 2924 1691 2957 Walker:
1721 2926 1835 2964 prima
1862 2925 1917 2956 Cr
1935 2941 1970 2946 -

204 2997 247 3020 ea:
270 2988 318 3018 his
344 2987 367 3018 C
384 2986 408 3017 O
430 3002 464 3007 -
492 2983 544 3015 ⁴24.
571 2985 600 3013 et
624 2990 693 3012 om.
721 2981 894 3011 Manutius
912 2996 946 3000 —
973 2978 1026 3009 25.
1054 2985 1113 3008 aer
1135 2976 1284 3007 movendi
1307 2980 1335 3008 el
1358 2976 1444 3017 ignis
1467 2985 1483 3007 r
1508 2994 1541 2997 —
1569 2976 1621 3007 26.
1642 2975 1720 3007 fort.
1738 2976 1867 3015 reliqua
1885 2984 1972 3014 par-

207 3041 269 3075 tes;
297 3044 378 3068 nam
402 3033 540 3065 videtur
559 3034 672 3070 partes
696 3031 917 3061 accusativus
936 3044 971 3049 —
998 3027 1050 3057 27.
1078 3029 1179 3057 essent
1202 3034 1271 3056 om.
1288 3034 1304 3056 r
1330 3043 1356 3047 —
1383 3026 1569 3065 singulares
1592 3027 1617 3056 A
1633 3026 1688 3056 Gr
1708 3043 1743 3048 —
1770 3033 1883 3056 eorum
1898 3033 1915 3055 r
1934 3042 1968 3047 —-

206 3091 351 3127 quatuor
366 3085 394 3115 V
413 3101 447 3106 —
474 3082 527 3114 28.
548 3080 712 3120 quoddam
737 3080 762 3109 G
778 3081 799 3110 Ρ
814 3079 838 3109 Ε
853 3080 877 3111 U
890 3087 925 3108 r:
953 3077 1096 3115 quodam
1112 3077 1155 3112 A}
1183 3076 1422 3114 quodammodo
1440 3075 1482 3106 V:
1510 3076 1667 3113 quiddam
1685 3076 1709 3107 O
1730 3094 1765 3098 —-
1784 3076 1837 3107 ⁵29.
1853 3078 1971 3115 putant

206 3145 240 3174 r:
264 3134 429 3175 puiabant
452 3134 496 3170 G,
526 3134 623 3171 putat
647 3132 671 3161 A
688 3131 710 3161 Ρ
726 3129 829 3161 VEU
857 3146 890 3151 -
925 3128 977 3159 30.
1003 3126 1137 3158 verbum
1160 3126 1332 3157 conti-ilius
1356 3127 1381 3156 G
1409 3144 1442 3148 -—
1471 3125 1522 3157 3¹.
1550 3135 1565 3156 e
1589 3135 1655 3165 qua
1680 3128 1723 3156 G:
1751 3134 1794 3156 eac
1817 3134 1883 3165 qua
1906 3126 1970 3156 ΑΡ

207 3187 275 3217 VO
290 3194 306 3217 r
332 3202 366 3208 —
392 3184 500 3225 efficia
523 3179 724 3213 Turnebus:
751 3180 863 3218 effecta
888 3180 943 3210 Cr
964 3193 996 3200 -
1025 3177 1137 3208 omnia
1159 3179 1227 3206 tota
1246 3177 1292 3213 A;
1318 3179 1363 3206 tot
1384 3175 1511 3215 sch-mas
1525 3174 1691 3216 Bentley:
1716 3176 1844 3215 formas
1865 3175 1970 3205 omnis

209 3232 425 3276 probabilius
448 3232 574 3264 Davies
594 3248 629 3254 —
655 3230 706 3261 32.
729 3230 888 3269 possitA,
914 3230 953 3259 ut
968 3226 1125 3266 videtur,
1152 3227 1185 3257 et
1210 3224 1287 3257 cod.
1307 3224 1468 3257 Eliensis:
1490 3225 1616 3264 possint
1633 3225 1694 3256 GP
1710 3225 1766 3256 Vr
1783 3241 1817 3247 —-
1844 3223 1971 3255 mutari
