2249 3624
196 112 251 154 42
724 106 1149 150 ACADEMICORUM
1178 103 1416 145 PRIORUM

311 225 482 264 XXXV.
514 221 530 262 ’1
544 221 607 262 12.
638 223 696 262 Ac
726 220 825 260 mihi
856 219 1001 259 videor
1029 217 1153 257 nimis
1185 215 1308 255 etiam
1339 226 1450 253 nunc
1480 224 1601 265 agere
1632 211 1787 252 ieiune.
1848 213 1949 254 Cum

198 287 251 326 sit
280 287 390 327 enim
422 299 590 338 campus
628 285 670 323 in
701 296 782 335 quo
815 280 1024 320 exsultare
1061 278 1192 330 possit
1223 276 1375 322 oratio,
1416 287 1489 314 cur
1519 287 1608 313 eam
1639 279 1774 314 tantas
1803 275 1848 314 in
1879 288 1951 315 an-

198 349 353 401 gustias
385 354 426 388 et
457 347 687 387 Stoicorum
726 344 768 382 in
799 342 967 381 dumeta
998 339 1318 392 compellimus?
1369 337 1411 376 Si
1442 336 1553 375 enim
1584 335 1684 375 mihi
1717 349 1810 376 cum
1841 338 1952 377 Peri-

196 410 377 463 patetico
408 423 475 450 res
505 412 633 453 esset,
665 405 736 458 qui
768 405 807 444 id
839 402 999 455 percipi
1031 413 1155 454 posse
1182 400 1361 446 diceret,
1396 398 1534 452 «quod
1566 399 1813 450 impressum
1845 405 1956 439 esset

165 482 219 513 ὅθ
250 485 394 519 vero,»
428 483 564 524 neque
595 468 767 508 adderet
796 465 907 504 illam
939 476 1129 515 magnam
1153 462 1458 507 accessionem,
1494 473 1604 513 «quo
1628 461 1754 500 modo
1784 461 1955 514 inprimi

197 548 278 574 non
311 538 454 586 posset
483 545 506 572 a
535 530 688 576 falso,»
722 541 813 566 cum
846 525 1026 578 simplici
1056 524 1225 564 homine
1256 523 1499 576 simpliciter
1518 535 1684 574 agerem
1707 535 1783 563 nec
1805 537 1955 576 magno

196 608 321 648 opere
352 593 665 637 contenderem,
696 595 824 642 atque
855 588 998 633 etiam,
1031 586 1088 632 si,
1121 599 1212 624 cum
1246 597 1322 636 ego
1354 584 1459 623 nihil
1487 583 1669 624 dicerem
1699 598 1823 638 posse
1855 599 1957 625 con-

196 657 366 710 prendi,
397 656 551 694 diceret
579 653 648 692 ille
680 652 911 704 sapientem
941 648 1151 688 interdum
1174 647 1359 700 opinari,
1390 660 1471 686 non
1504 659 1804 699 repugnarem,
1835 660 1957 700 prae-

198 718 339 759 sertim
370 730 420 756 ne
445 715 657 756 Carneade
679 713 850 767 quidem
876 712 974 752 huic
995 711 1088 750 loco
1111 710 1233 750 valde
1254 714 1536 762 repugnante:
1568 722 1678 748 nunc
1699 710 1799 761 quid
1819 709 1957 749 facere

155 791 184 819 ιο
199 780 400 834 possum?
454 775 542 816 ¹113.
575 776 741 825 Quaero
775 775 885 815 enim
907 773 1008 827 quid
1040 774 1111 819 sit,
1143 771 1255 824 quod
1277 770 1507 823 conprendi
1527 771 1672 823 possit.
1717 771 1959 823 Respondet

200 841 299 881 mihi
329 853 412 880 non
442 838 688 878 Aristoteles
728 842 798 877 aut
828 835 1161 889 TheophrastuS,
1198 846 1250 872 ne
1289 833 1549 872 Xenocrates
1582 832 1750 886 quidem
1781 838 1851 872 aut
1883 833 1958 871 Po-

199 904 330 948 lemo,
361 902 433 941 sed
464 901 536 954 qui
566 900 631 940 his
663 900 800 939 minor
830 904 916 939 est:
948 897 1029 937 tale
1058 910 1225 942 verum,
1259 895 1382 948 quale
1412 894 1565 934 falsum
1587 909 1678 934 esse
1700 908 1786 934 non
1811 895 1957 947 possit.

199 965 310 1005 Nihil
349 965 437 1004 eius
477 963 591 1002 modi
630 961 811 1002 invenio.
871 961 1017 1013 Itaque
1055 958 1268 1010 incognito
1305 957 1503 996 nimirum
1534 957 1766 1004 adsentiar,
1811 957 1853 995 id
1885 962 1959 1004 est,

200 1026 412 1080 opinabor.
470 1025 561 1064 Hoc
602 1023 704 1063 mihi
745 1028 785 1063 et
826 1022 1089 1075 Peripatetici
1134 1026 1173 1059 et
1212 1024 1329 1059 vetus
1360 1018 1584 1059 Academia
1625 1019 1842 1059 concedit:
1888 1033 1960 1059 vos

151 1101 185 1130 ⁴5
199 1089 381 1142 negatis,
411 1086 642 1127 Antiochus
672 1087 716 1126 in
748 1086 917 1139 primis,
950 1085 1022 1138 qui
1053 1097 1118 1122 me
1150 1081 1270 1122 valde
1301 1086 1461 1128 movet,
1492 1081 1559 1121 vel
1581 1082 1693 1134 quod
1720 1082 1856 1121 amavi
1886 1081 1962 1121 ho-

198 1151 375 1197 minem,
407 1150 514 1189 sicut
543 1149 614 1189 ille
646 1161 732 1196 me,
764 1148 829 1188 vel
861 1148 974 1201 quod
1006 1147 1063 1186 ita
1091 1146 1251 1192 iudico,
1282 1143 1578 1197 politissimum
1608 1149 1648 1183 et
1674 1144 1961 1183 acutissimum

199 1213 385 1254 omnium
416 1218 584 1252 nostrae
614 1211 840 1251 memoriae
871 1208 1232 1262 philosophorum.
1282 1207 1316 1245 A
1349 1220 1431 1259 quo
1462 1205 1643 1258 primum
1671 1219 1844 1259 quaero,
1878 1221 1962 1260 quo

199 1275 366 1316 tandem
399 1274 522 1314 modo
554 1274 607 1314 sit
637 1274 727 1313 eius
756 1272 1028 1319 Academiae,
1059 1272 1176 1310 cuius
1209 1283 1299 1309 esse
1330 1282 1374 1308 se
1396 1266 1669 1321 profiteatur?
1702 1269 1752 1307 Ut
1773 1269 1962 1308 omittam

199 1338 301 1385 alia,
341 1337 443 1377 haec
474 1336 576 1384 duo,
617 1335 670 1376 de
702 1336 853 1389 quibus
884 1334 1038 1387 agitur,
1083 1333 1177 1386 quis
1208 1344 1407 1385 umquam
1439 1331 1544 1370 dixit
1575 1335 1647 1370 aut
1676 1331 1828 1370 veteris
1859 1332 1964 1370 Aca-

151 1400 358 1442 eodemiae
403 1404 474 1439 aut
516 1398 912 1452 Peripateticorum,
957 1396 1025 1436 vel
1065 1395 1108 1434 id
1145 1395 1280 1435 solum
1319 1394 1475 1446 percipi
1516 1406 1663 1446 posse,
1709 1393 1823 1445 quod
1854 1397 1965 1432 esset

200 1476 344 1503 verum
374 1462 478 1509 tale,
510 1462 633 1515 quale
663 1460 813 1500 falsum
845 1472 937 1499 esse
969 1472 1055 1498 non
1088 1462 1248 1510 posset,
1280 1457 1346 1496 vel
1378 1456 1607 1508 sapientem
1640 1455 1745 1495 nihil
1774 1456 1963 1508 opinari?

202 1526 320 1565 Certe
352 1537 487 1564 nemo.
538 1524 699 1563 Horum
729 1527 925 1562 neutrum
957 1527 1053 1561 ante
1076 1523 1289 1560 Zenonem
1320 1532 1469 1571 magno
1494 1531 1620 1571 opere
1647 1517 1865 1557 defensum
1889 1522 1963 1557 est.

199 1588 286 1640 Ego
317 1592 454 1626 tamen
483 1592 710 1640 utrumque
732 1599 874 1625 verum
902 1589 1025 1637 puto,
1057 1597 1134 1623 nec
1156 1583 1249 1622 dico
1271 1581 1468 1635 temporis
1492 1594 1636 1628 causa,
1669 1580 1740 1619 sed
1761 1580 1819 1619 ita
1841 1579 1965 1632 plane

200 1649 341 1704 probo.
402 1649 593 1689 XXXVI.
626 1646 641 1688 ll
655 1646 719 1688 1¹14.
751 1647 859 1687 Illud
896 1646 1004 1686 ferre
1035 1659 1120 1685 non
1151 1658 1334 1699 possum.
1392 1645 1475 1690 Tu,
1515 1657 1607 1682 cum
1645 1655 1710 1682 me
1747 1642 1963 1693 incognito

152 1726 189 1754 25
202 1711 401 1752 adsentiri
432 1718 546 1752 vetes
577 1711 705 1764 idque
736 1709 1023 1762 turpissimum
1055 1721 1145 1748 esse
1178 1708 1290 1746 dicas
1323 1712 1364 1746 et
1390 1706 1681 1759 plenissimum
1703 1704 1966 1752 temeritatis,

201 1780 360 1814 tantum
392 1774 466 1814 tibi
498 1775 696 1826 adroges,
734 1778 779 1812 ut
810 1785 994 1824 exponas
1027 1770 1290 1823 disciplinam
1324 1767 1574 1821 sapientiae,
1606 1772 1796 1806 naturam
1828 1779 1965 1804 rerum

202 1838 386 1877 omnium
428 1837 615 1884 evolvas,
654 1848 790 1875 mores
828 1834 985 1886 fingaS,
1026 1830 1128 1871 fines
1167 1832 1371 1871 bonorum
1404 1831 1692 1882 malorumque
1726 1829 1968 1874 constituas,

202 1899 339 1939 officia
369 1899 604 1945 describas,
649 1911 772 1951 quam
805 1897 929 1936 vitam
964 1894 1175 1947 ingrediar
1206 1892 1400 1940 definias,
1441 1893 1638 1944 idemque
1672 1891 1796 1930 etiam
1828 1890 1967 1943 dispu-

202 1961 318 2000 tandi
350 1966 391 2000 et
420 1960 691 2012 intellegendi
724 1959 926 1998 iudicium
948 1957 1061 1996 dicas
1093 1961 1132 1996 te
1165 1962 1205 1995 et
1231 1956 1449 1995 artificium
1473 1955 1744 2000 traditurum,
1775 1953 1969 2006 perficies

152 2029 246 2064 30ut
290 2036 367 2076 ego
412 2023 494 2062 ista
537 2021 859 2062 innumerabilia
902 2019 1170 2072 conplectens
1214 2031 1422 2071 nusquam
1463 2017 1597 2063 labar,
1644 2015 1750 2055 nihil
1794 2015 1968 2068 opiner?

203 2086 321 2134 Quae
353 2085 520 2124 tandem
553 2098 602 2124 ea
634 2089 697 2124 est
727 2082 970 2135 disciplina,
1002 2081 1053 2120 ad
1086 2094 1209 2133 quam
1243 2094 1308 2119 me
1332 2079 1536 2125 deducas,
1568 2079 1603 2118 si
1634 2079 1684 2117 ab
1715 2078 1792 2117 hac
1811 2078 1969 2117 abstra-

203 2147 342 2187 xeris?
387 2147 548 2186 Vereor
577 2159 628 2185 ne
662 2145 992 2197 subadroganter
1021 2143 1171 2190 facias,
1204 2143 1236 2181 si
1260 2142 1419 2181 dixeris
1450 2147 1576 2180 tuam.
1622 2140 1748 2193 Atqui
1778 2141 1834 2179 ita
1855 2139 1970 2178 dicas

203 2223 374 2250 necesse
406 2214 482 2249 est.
531 2209 678 2261 Neque
701 2220 798 2247 vero
822 2212 863 2246 tu
887 2206 1014 2253 solus,
1046 2205 1117 2244 sed
1141 2204 1192 2244 ad
1215 2217 1331 2244 suam
1355 2204 1534 2257 quisque
1556 2204 1702 2255 rapiet.
1754 2200 1769 2240 ¹1
1790 2199 1847 2241 15.
1869 2201 1970 2253 Age,

202 2272 395 2313 restitero
436 2270 741 2323 Peripateticis,
787 2269 859 2323 qui
898 2268 975 2307 sibi
1017 2281 1110 2307 cum
1148 2267 1383 2306 oratoribus
1416 2266 1707 2318 cognationem
1739 2278 1856 2311 esse,
1898 2264 1971 2317 qui

154 2346 191 2374 35
205 2335 338 2374 claros
368 2334 476 2373 viros
508 2346 532 2372 a
553 2346 597 2372 se
619 2333 846 2372 instructos
871 2331 1009 2370 dicant
1029 2344 1116 2370 rem
1138 2329 1349 2382 publicam
1372 2341 1497 2381 saepe
1519 2327 1700 2374 rexisse3
1732 2328 1970 2366 sustinuero

204 2398 451 2450 Epicureos,
483 2400 544 2435 tot
573 2408 689 2435 meos
720 2394 968 2441 familiares,
1000 2398 1083 2432 tam
1114 2392 1266 2438 bonos,
1298 2396 1379 2430 tam
1412 2391 1520 2430 inter
1551 2403 1595 2430 se
1625 2394 1811 2429 amantes
1839 2389 1972 2428 viros:

211 2527 362 2534 *—

294 2621 323 2651 4.
349 2619 388 2650 At
413 2620 437 2649 G
464 2634 498 2639 —
526 2618 556 2648 Ξ.
583 2617 734 2648 exultare
757 2618 782 2647 A
810 2633 843 2637 —
873 2615 903 2647 3.
930 2619 959 2646 ec
983 2616 1015 2645 in
1039 2615 1129 2646 scote.
1157 2616 1181 2645 G
1201 2630 1236 2636 —
1263 2614 1297 2644 in
1322 2621 1405 2644 nos:
1432 2621 1501 2644 oni.
1529 2611 1631 2643 codd.
1659 2612 1693 2642 et
1717 2611 1742 2642 O
1764 2628 1794 2634 —
1826 2611 1976 2642 ‹lumecta

207 2668 242 2702 13¹
272 2687 304 2691 -
333 2668 361 2700 4.
389 2668 421 2698 id
445 2675 514 2698 om.
533 2666 571 2698 B¹
592 2685 626 2688 —
653 2667 684 2697 5.
711 2674 726 2697 e
749 2675 828 2697 uero
852 2667 877 2697 A
904 2674 949 2696 m.
969 2666 987 2696 2
1012 2666 1045 2696 in
1071 2674 1138 2695 ras.
1165 2663 1289 2701 habet;
1317 2673 1338 2694 α
1360 2672 1438 2693 vero
1464 2662 1584 2694 Lamb.
1673 2662 1805 2692 addere!
1829 2661 1972 2701 scripsi:

206 2721 340 2752 adorere
363 2717 416 2755 B1,
444 2718 622 2748 adhaerere
645 2718 670 2747 A
684 2715 738 2753 132,
773 2717 929 2747 adherere
955 2717 1034 2751 Gv,
1067 2714 1185 2744 adhere
1209 2722 1241 2751 r,
1275 2712 1426 2744 adhibere
1450 2712 1492 2749 E,
1519 2711 1683 2742 adhiberet
1708 2710 1769 2741 bO
1800 2729 1834 2733 —
1870 2711 1900 2741 9.
1920 2720 1977 2741 nec

206 2770 376 2801 arneadae
399 2770 440 2806 A,
467 2776 506 2798 rnc
529 2767 725 2798 carneadem
748 2766 785 2797 B¹
813 2783 847 2788 —
873 2766 947 2796 huic
971 2766 994 2795 B
1020 2765 1052 2795 in
1077 2773 1145 2795 ras.
1175 2781 1209 2785 —
1239 2763 1289 2793 40.
1315 2762 1481 2800 respondit
1504 2760 1541 2792 Β1
1568 2778 1602 2782 -
1632 2761 1684 2791 Η.
1712 2760 1760 2800 ne]
1786 2769 1843 2791 nec
1868 2761 1974 2792 codd.

208 2821 242 2850 et
272 2818 351 2850 edd.
377 2819 475 2853 vett„
507 2816 549 2848 cf.
576 2816 619 2847 ad
651 2816 668 2855 g
694 2816 745 2847 82.
772 2833 814 2838 -
845 2815 896 2846 112.
931 2815 985 2845 sed
1013 2814 1068 2853 qui
1102 2814 1150 2844 his
1178 2813 1286 2843 minor·
1316 2815 1360 2842 est
1391 2812 1438 2842 10.
1467 2809 1622 2841 Clericus
1649 2810 1748 2848 (teste
1775 2810 1973 2849 Durando):

207 2870 261 2900 sed
284 2867 362 2898 mihi
385 2867 541 2901 minores*
566 2868 611 2903 A,
642 2866 696 2896 sed
720 2866 797 2895 mihi
820 2865 947 2895 minore
972 2865 1014 2901 B,
1045 2864 1099 2894 secl
1123 2863 1218 2893 michi
1242 2862 1383 2892 minores
1406 2861 1451 2896 E,
1479 2860 1533 2890 sed
1557 2859 1635 2889 mihi
1660 2860 1768 2890 minor
1791 2863 1835 2890 est
1858 2861 1912 2890 secl
1937 2862 1974 2897 G,

209 2919 263 2950 sed
292 2918 347 2957 qui
377 2917 485 2947 minor
507 2917 605 2948 etiam
629 2916 653 2946 O
679 2924 758 2946 cum
784 2913 992 2949 Goerenzi03
1025 2913 1080 2943 sed
1109 2913 1157 2942 his
1188 2911 1328 2942 minores
1353 2910 1511 2945 Guietus,
1545 2909 1598 2939 scd
1630 2909 1787 2939 minutior
1814 2909 1974 2946 Durand3

211 2976 275 3006 ego
299 2964 437 2996 malim:
463 2967 516 2997 sed
538 2965 729 2996 minutiores
756 2982 788 2986 —
822 2964 868 2995 13.
894 2963 1058 3002 incognito
1082 2962 1239 2992 nimirum
1265 2960 1471 2991 Lambinus:
1502 2959 1666 2997 incofflzito
1691 2959 1853 2989 nemirum
1876 2960 1902 2990 A
1928 2960 1978 2997 (ne

211 3025 301 3048 corr.
329 3017 361 3047 in
384 3017 471 3054 nec),
499 3017 531 3046 ἱη
554 3015 735 3055 coqnilione
758 3015 880 3044 mirum
904 3014 927 3044 B
943 3014 966 3043 E
982 3014 1007 3043 G
1032 3013 1071 3050 (G
1094 3011 1338 3051 cofflzilionemr,
1368 3010 1399 3039 in
1425 3009 1606 3048 cognitione
1630 3008 1786 3038 nimirum
1811 3017 1826 3038 r
1852 3024 1887 3029 —-
1915 3008 1976 3038 ad-

211 3067 338 3097 senciat·
361 3067 387 3096 A
407 3082 440 3087 —
471 3066 521 3097 ⁴¹6.
548 3066 606 3104 ica]
633 3065 723 3094 illum
743 3064 886 3099 Daries3
912 3062 1050 3093 videtur
1074 3062 1188 3100 potius
1212 3070 1284 3090 cum
1307 3068 1372 3091 esse
1393 3061 1469 3099 post
1485 3058 1709 3088 oculissimum
1727 3057 1920 3089 desiderari
1939 3075 1971 3078 —

211 3117 265 3147 Ἣ.
291 3124 370 3145 uero
394 3113 431 3146 A¹
458 3132 492 3137 —
520 3115 598 3146 nihil
622 3115 645 3145 B
672 3123 760 3145 corr.
789 3123 829 3144 ex
854 3113 932 3143 mihi
958 3130 991 3133 —
1028 3111 1080 3141 ⁶22.
1107 3119 1305 3149 maffliopcre
1330 3111 1352 3140 A
1370 3110 1392 3139 B
1419 3117 1508 3139 corr.
1537 3117 1578 3139 ex
1602 3117 1724 3147 magyno
1749 3117 1845 3147 opere
1870 3124 1904 3128 —
1932 3110 1976 3137 est

215 3167 239 3196 A
264 3173 340 3205 sup.
361 3163 418 3195 lin.
440 3181 474 3186 ——
501 3164 554 3195 23.
580 3164 644 3194 ista
668 3163 757 3194 coni.
784 3163 908 3193 Dax‘ics
928 3179 961 3183 -—
989 3160 1041 3192 ⁵28.
1062 3168 1160 3198 quam
1187 3161 1273 3190 viam
1291 3158 1432 3190 Durand
1453 3176 1486 3180 —
1515 3162 1612 3196 atque
1628 3160 1727 3189 eliam
1744 3160 1769 3189 G
1791 3175 1823 3179 —
1851 3157 1902 3188 30.
1924 3157 1976 3187 in-

215 3214 390 3246 merabilia
413 3214 436 3246 B
465 3232 499 3237 -—
526 3214 578 3245 31.
605 3213 793 3244 ablron-eris
816 3213 840 3244 B
869 3230 902 3233 ——
930 3212 982 3243 32.
1009 3214 1106 3250 atque
1130 3211 1155 3240 A
1188 3227 1222 3231 —
1251 3209 1302 3241 33.
1327 3210 1381 3240 scd
1404 3217 1454 3240 me
1478 3209 1521 3239 ad
1545 3208 1569 3239 E
1602 3226 1633 3230 —
1663 3208 1714 3239 35.
1741 3207 1834 3238 claro
1857 3207 1894 3238 B.
