<?xml version="1.0" encoding="UTF-8"?>
<!DOCTYPE html PUBLIC "-//W3C//DTD XHTML 1.0 Transitional//EN"
    "http://www.w3.org/TR/xhtml1/DTD/xhtml1-transitional.dtd">
<html xmlns="http://www.w3.org/1999/xhtml" xml:lang="en" lang="en">
 <head>
  <title>
</title>
<meta http-equiv="Content-Type" content="text/html;charset=utf-8" />
  <meta name='ocr-system' content='tesseract 3.04.00' />
  <meta name='ocr-capabilities' content='ocr_page ocr_carea ocr_par ocr_line ocrx_word'/>
</head>
<body>
  <div class='ocr_page' id='page_1' title='image "./operaquaesupersu04ciceuoft_0530.png"; bbox 0 0 2249 3624; ppageno 0'>
   <div class='ocr_carea' id='block_1_1' title="bbox 244 135 1418 183">
    <p class='ocr_par' dir='ltr' id='par_1_1' title="bbox 244 135 1418 183">
     <span class='ocr_line' id='line_1_1' title="bbox 244 135 1418 183; baseline -0.005 -1"><span class='ocrx_word' id='word_1_1' title='bbox 244 139 326 183; x_wconf 79' lang='lat'>470</span> <span class='ocrx_word' id='word_1_2' title='bbox 849 138 918 179; x_wconf 95' lang='lat' dir='ltr'>DE</span> <span class='ocrx_word' id='word_1_3' title='bbox 950 137 1172 178; x_wconf 89' lang='lat' dir='ltr'>DEORUM</span> <span class='ocrx_word' id='word_1_4' title='bbox 1201 135 1418 176; x_wconf 89' lang='lat' dir='ltr'><strong>NATURA</strong></span> 
     </span>
    </p>
   </div>
   <div class='ocr_carea' id='block_1_2' title="bbox 188 241 2025 2493">
    <p class='ocr_par' dir='ltr' id='par_1_2' title="bbox 188 241 2025 2493">
     <span class='ocr_line' id='line_1_2' title="bbox 246 241 2022 302; baseline -0.003 -12"><span class='ocrx_word' id='word_1_5' title='bbox 246 261 338 290; x_wconf 87' lang='lat' dir='ltr'>esse</span> <span class='ocrx_word' id='word_1_6' title='bbox 378 259 625 302; x_wconf 87' lang='lat' dir='ltr'>perpaucos.</span> <span class='ocrx_word' id='word_1_7' title='bbox 674 246 769 285; x_wconf 93' lang='lat' dir='ltr'>Non</span> <span class='ocrx_word' id='word_1_8' title='bbox 805 244 941 298; x_wconf 88' lang='lat' dir='ltr'>placet</span> <span class='ocrx_word' id='word_1_9' title='bbox 981 247 1120 283; x_wconf 91' lang='lat' dir='ltr'>autem</span> <span class='ocrx_word' id='word_1_10' title='bbox 1151 242 1294 296; x_wconf 87' lang='lat' dir='ltr'>paucis</span> <span class='ocrx_word' id='word_1_11' title='bbox 1326 254 1350 282; x_wconf 88' lang='lat' dir='ltr'>a</span> <span class='ocrx_word' id='word_1_12' title='bbox 1381 241 1445 281; x_wconf 87' lang='lat' dir='ltr'>dis</span> <span class='ocrx_word' id='word_1_13' title='bbox 1476 241 1769 283; x_wconf 84' lang='lat' dir='ltr'>inmortalibus</span> <span class='ocrx_word' id='word_1_14' title='bbox 1800 255 1892 284; x_wconf 90' lang='lat' dir='ltr'>esse</span> <span class='ocrx_word' id='word_1_15' title='bbox 1924 257 2022 285; x_wconf 88' lang='lat' dir='ltr'>con·</span> 
     </span>
     <span class='ocr_line' id='line_1_3' title="bbox 245 303 1411 362; baseline -0.009 -9"><span class='ocrx_word' id='word_1_16' title='bbox 245 313 422 359; x_wconf 81' lang='lat' dir='ltr'>sultum3</span> <span class='ocrx_word' id='word_1_17' title='bbox 454 309 646 362; x_wconf 90' lang='lat' dir='ltr'>sequitur</span> <span class='ocrx_word' id='word_1_18' title='bbox 676 320 775 360; x_wconf 83' lang='lat' dir='ltr'>ergo</span> <span class='ocrx_word' id='word_1_19' title='bbox 807 311 853 346; x_wconf 90' lang='lat' dir='ltr'>ut</span> <span class='ocrx_word' id='word_1_20' title='bbox 882 305 1041 344; x_wconf 85' lang='lat' dir='ltr'>nemini</span> <span class='ocrx_word' id='word_1_21' title='bbox 1073 304 1312 345; x_wconf 90' lang='lat' dir='ltr'>consultum</span> <span class='ocrx_word' id='word_1_22' title='bbox 1343 303 1411 344; x_wconf 89' lang='lat' dir='ltr'>sit.</span> 
     </span>
     <span class='ocr_line' id='line_1_4' title="bbox 357 367 2022 423; baseline -0.001 -11"><span class='ocrx_word' id='word_1_23' title='bbox 357 372 551 413; x_wconf 83' lang='lat' dir='ltr'>XXVlII.</span> <span class='ocrx_word' id='word_1_24' title='bbox 590 370 701 410; x_wconf 88' lang='lat' dir='ltr'>Huic</span> <span class='ocrx_word' id='word_1_25' title='bbox 742 369 837 409; x_wconf 92' lang='lat' dir='ltr'>loco</span> <span class='ocrx_word' id='word_1_26' title='bbox 879 367 936 407; x_wconf 92' lang='lat' dir='ltr'>sic</span> <span class='ocrx_word' id='word_1_27' title='bbox 967 367 1111 407; x_wconf 91' lang='lat' dir='ltr'>soletis</span> <span class='ocrx_word' id='word_1_28' title='bbox 1143 379 1388 414; x_wconf 89' lang='lat' dir='ltr'>occurrere,</span> <span class='ocrx_word' id='word_1_29' title='bbox 1428 379 1515 406; x_wconf 90' lang='lat' dir='ltr'>non</span> <span class='ocrx_word' id='word_1_30' title='bbox 1545 367 1703 407; x_wconf 90' lang='lat' dir='ltr'>idcirco</span> <span class='ocrx_word' id='word_1_31' title='bbox 1734 381 1819 408; x_wconf 92' lang='lat' dir='ltr'>non</span> <span class='ocrx_word' id='word_1_32' title='bbox 1851 374 2022 423; x_wconf 87' lang='lat' dir='ltr'>optume</span> 
     </span>
     <span class='ocr_line' id='line_1_5' title="bbox 244 428 2022 486; baseline -0.002 -9"><span class='ocrx_word' id='word_1_33' title='bbox 244 437 364 477; x_wconf 91' lang='lat' dir='ltr'>nobis</span> <span class='ocrx_word' id='word_1_34' title='bbox 396 449 420 476; x_wconf 92' lang='lat' dir='ltr'>a</span> <span class='ocrx_word' id='word_1_35' title='bbox 450 434 514 474; x_wconf 90' lang='lat' dir='ltr'>dis</span> <span class='ocrx_word' id='word_1_36' title='bbox 545 446 637 475; x_wconf 89' lang='lat' dir='ltr'>esse</span> <span class='ocrx_word' id='word_1_37' title='bbox 669 433 901 486; x_wconf 90' lang='lat' dir='ltr'>provisum,</span> <span class='ocrx_word' id='word_1_38' title='bbox 935 431 1050 485; x_wconf 92' lang='lat' dir='ltr'>quod</span> <span class='ocrx_word' id='word_1_39' title='bbox 1082 431 1204 471; x_wconf 92' lang='lat' dir='ltr'>multi</span> <span class='ocrx_word' id='word_1_40' title='bbox 1236 443 1381 470; x_wconf 89' lang='lat' dir='ltr'>eorum</span> <span class='ocrx_word' id='word_1_41' title='bbox 1402 428 1609 469; x_wconf 87' lang='lat' dir='ltr'>beneficio</span> <span class='ocrx_word' id='word_1_42' title='bbox 1636 443 1832 483; x_wconf 89' lang='lat' dir='ltr'>perverse</span> <span class='ocrx_word' id='word_1_43' title='bbox 1852 438 2022 473; x_wconf 89' lang='lat' dir='ltr'>uteren-</span> 
     </span>
     <span class='ocr_line' id='line_1_6' title="bbox 212 492 2024 550; baseline -0.002 -11"><span class='ocrx_word' id='word_1_44' title='bbox 212 503 333 547; x_wconf 76' lang='lat' dir='ltr'>5tur3</span> <span class='ocrx_word' id='word_1_45' title='bbox 366 498 492 538; x_wconf 83' lang='lat' dir='ltr'>etiam</span> <span class='ocrx_word' id='word_1_46' title='bbox 525 494 793 550; x_wconf 77' lang='lat' dir='ltr'>patrimoniis</span> <span class='ocrx_word' id='word_1_47' title='bbox 820 493 975 534; x_wconf 91' lang='lat' dir='ltr'>multos</span> <span class='ocrx_word' id='word_1_48' title='bbox 1008 494 1114 534; x_wconf 88' lang='lat' dir='ltr'>male</span> <span class='ocrx_word' id='word_1_49' title='bbox 1154 494 1237 541; x_wconf 92' lang='lat' dir='ltr'>uti,</span> <span class='ocrx_word' id='word_1_50' title='bbox 1278 505 1355 532; x_wconf 89' lang='lat' dir='ltr'>nec</span> <span class='ocrx_word' id='word_1_51' title='bbox 1386 492 1438 532; x_wconf 93' lang='lat' dir='ltr'>ob</span> <span class='ocrx_word' id='word_1_52' title='bbox 1471 505 1561 532; x_wconf 89' lang='lat' dir='ltr'>eam</span> <span class='ocrx_word' id='word_1_53' title='bbox 1594 505 1761 533; x_wconf 87' lang='lat' dir='ltr'>causam</span> <span class='ocrx_word' id='word_1_54' title='bbox 1792 507 1865 534; x_wconf 90' lang='lat' dir='ltr'>eos</span> <span class='ocrx_word' id='word_1_55' title='bbox 1896 495 2024 536; x_wconf 91' lang='lat' dir='ltr'>bene-</span> 
     </span>
     <span class='ocr_line' id='line_1_7' title="bbox 244 555 2025 614; baseline -0.001 -12"><span class='ocrx_word' id='word_1_56' title='bbox 244 559 381 601; x_wconf 90' lang='lat' dir='ltr'>ficium</span> <span class='ocrx_word' id='word_1_57' title='bbox 413 574 437 600; x_wconf 90' lang='lat' dir='ltr'>a</span> <span class='ocrx_word' id='word_1_58' title='bbox 466 559 650 614; x_wconf 90' lang='lat' dir='ltr'>patribus</span> <span class='ocrx_word' id='word_1_59' title='bbox 681 556 841 597; x_wconf 91' lang='lat' dir='ltr'>nullum</span> <span class='ocrx_word' id='word_1_60' title='bbox 874 556 1041 595; x_wconf 90' lang='lat' dir='ltr'>habere.</span> <span class='ocrx_word' id='word_1_61' title='bbox 1093 555 1382 608; x_wconf 81' lang='lat' dir='ltr'>Quisquamne</span> <span class='ocrx_word' id='word_1_62' title='bbox 1413 555 1521 594; x_wconf 89' lang='lat' dir='ltr'>istuc</span> <span class='ocrx_word' id='word_1_63' title='bbox 1549 557 1705 608; x_wconf 72' lang='lat' dir='ltr'>negat?</span> <span class='ocrx_word' id='word_1_64' title='bbox 1738 562 1808 597; x_wconf 89' lang='lat' dir='ltr'>aut</span> <span class='ocrx_word' id='word_1_65' title='bbox 1832 571 1940 611; x_wconf 89' lang='lat' dir='ltr'>quae</span> <span class='ocrx_word' id='word_1_66' title='bbox 1963 564 2025 600; x_wconf 89' lang='lat' dir='ltr'>est</span> 
     </span>
     <span class='ocr_line' id='line_1_8' title="bbox 244 618 2023 669; baseline -0.002 -5"><span class='ocrx_word' id='word_1_67' title='bbox 244 625 287 664; x_wconf 91' lang='lat' dir='ltr'>in</span> <span class='ocrx_word' id='word_1_68' title='bbox 319 623 541 664; x_wconf 90' lang='lat' dir='ltr'>collatione</span> <span class='ocrx_word' id='word_1_69' title='bbox 572 621 651 661; x_wconf 90' lang='lat' dir='ltr'>ista</span> <span class='ocrx_word' id='word_1_70' title='bbox 683 619 949 661; x_wconf 77' lang='lat' dir='ltr'>similitudo?</span> <span class='ocrx_word' id='word_1_71' title='bbox 988 620 1073 658; x_wconf 89' lang='lat' dir='ltr'>Nec</span> <span class='ocrx_word' id='word_1_72' title='bbox 1115 618 1224 658; x_wconf 90' lang='lat' dir='ltr'>enim</span> <span class='ocrx_word' id='word_1_73' title='bbox 1256 618 1428 658; x_wconf 84' lang='lat' dir='ltr'>Herculi</span> <span class='ocrx_word' id='word_1_74' title='bbox 1460 630 1612 658; x_wconf 86' lang='lat' dir='ltr'>nocere</span> <span class='ocrx_word' id='word_1_75' title='bbox 1645 618 1839 659; x_wconf 79' lang='lat' dir='ltr'>Deianira</span> <span class='ocrx_word' id='word_1_76' title='bbox 1868 621 2023 669; x_wconf 90' lang='lat' dir='ltr'>voluit,</span> 
     </span>
     <span class='ocr_line' id='line_1_9' title="bbox 245 679 2024 734; baseline -0.002 -7"><span class='ocrx_word' id='word_1_77' title='bbox 245 700 337 727; x_wconf 91' lang='lat' dir='ltr'>cum</span> <span class='ocrx_word' id='word_1_78' title='bbox 369 686 406 725; x_wconf 89' lang='lat' dir='ltr'>ei</span> <span class='ocrx_word' id='word_1_79' title='bbox 439 684 618 725; x_wconf 90' lang='lat' dir='ltr'>tunicam</span> <span class='ocrx_word' id='word_1_80' title='bbox 650 681 854 734; x_wconf 88' lang='lat' dir='ltr'>sanguine</span> <span class='ocrx_word' id='word_1_81' title='bbox 888 680 1085 721; x_wconf 84' lang='lat' dir='ltr'>Centauri</span> <span class='ocrx_word' id='word_1_82' title='bbox 1118 681 1287 720; x_wconf 90' lang='lat' dir='ltr'>tinctam</span> <span class='ocrx_word' id='word_1_83' title='bbox 1319 679 1454 727; x_wconf 87' lang='lat' dir='ltr'>dedit,</span> <span class='ocrx_word' id='word_1_84' title='bbox 1497 692 1574 719; x_wconf 91' lang='lat' dir='ltr'>nec</span> <span class='ocrx_word' id='word_1_85' title='bbox 1605 681 1807 733; x_wconf 86' lang='lat' dir='ltr'>prodesse</span> <span class='ocrx_word' id='word_1_86' title='bbox 1838 683 2024 724; x_wconf 87' lang='lat' dir='ltr'>Pheraeo</span> 
     </span>
     <span class='ocr_line' id='line_1_10' title="bbox 244 742 2024 799; baseline -0.001 -11"><span class='ocrx_word' id='word_1_87' title='bbox 244 748 384 788; x_wconf 89' lang='lat' dir='ltr'>Iasoni</span> <span class='ocrx_word' id='word_1_88' title='bbox 429 748 484 795; x_wconf 90' lang='lat' dir='ltr'>is,</span> <span class='ocrx_word' id='word_1_89' title='bbox 528 747 598 799; x_wconf 90' lang='lat' dir='ltr'>qui</span> <span class='ocrx_word' id='word_1_90' title='bbox 640 744 780 798; x_wconf 87' lang='lat' dir='ltr'>gladio</span> <span class='ocrx_word' id='word_1_91' title='bbox 814 743 1019 783; x_wconf 89' lang='lat' dir='ltr'>vomicam</span> <span class='ocrx_word' id='word_1_92' title='bbox 1059 743 1148 783; x_wconf 88' lang='lat' dir='ltr'>eius</span> <span class='ocrx_word' id='word_1_93' title='bbox 1191 742 1376 796; x_wconf 90' lang='lat' dir='ltr'>aperuit,</span> <span class='ocrx_word' id='word_1_94' title='bbox 1419 755 1545 796; x_wconf 91' lang='lat' dir='ltr'>quam</span> <span class='ocrx_word' id='word_1_95' title='bbox 1578 755 1724 783; x_wconf 84' lang='lat' dir='ltr'>sanare</span> <span class='ocrx_word' id='word_1_96' title='bbox 1756 744 1908 784; x_wconf 90' lang='lat' dir='ltr'>medici</span> <span class='ocrx_word' id='word_1_97' title='bbox 1938 759 2024 786; x_wconf 92' lang='lat' dir='ltr'>non</span> 
     </span>
     <span class='ocr_line' id='line_1_11' title="bbox 194 805 2025 864; baseline 0.002 -19"><span class='ocrx_word' id='word_1_98' title='bbox 194 824 230 854; x_wconf 70' lang='grc' dir='ltr'>,ιο</span> <span class='ocrx_word' id='word_1_99' title='bbox 243 814 477 864; x_wconf 86' lang='lat' dir='ltr'>potuerant.</span> <span class='ocrx_word' id='word_1_100' title='bbox 528 808 647 848; x_wconf 86' lang='lat' dir='ltr'>Multi</span> <span class='ocrx_word' id='word_1_101' title='bbox 678 808 789 847; x_wconf 89' lang='lat' dir='ltr'>enim</span> <span class='ocrx_word' id='word_1_102' title='bbox 822 811 879 854; x_wconf 90' lang='lat' dir='ltr'>et,</span> <span class='ocrx_word' id='word_1_103' title='bbox 912 820 1006 846; x_wconf 90' lang='lat' dir='ltr'>cum</span> <span class='ocrx_word' id='word_1_104' title='bbox 1038 806 1187 845; x_wconf 88' lang='lat' dir='ltr'>obesse</span> <span class='ocrx_word' id='word_1_105' title='bbox 1219 805 1395 853; x_wconf 88' lang='lat' dir='ltr'>vellent,</span> <span class='ocrx_word' id='word_1_106' title='bbox 1435 805 1682 858; x_wconf 86' lang='lat' dir='ltr'>profuerunt</span> <span class='ocrx_word' id='word_1_107' title='bbox 1712 812 1768 853; x_wconf 90' lang='lat' dir='ltr'>et,</span> <span class='ocrx_word' id='word_1_108' title='bbox 1804 822 1898 848; x_wconf 91' lang='lat' dir='ltr'>cum</span> <span class='ocrx_word' id='word_1_109' title='bbox 1928 822 2025 862; x_wconf 91' lang='lat' dir='ltr'>pro-</span> 
     </span>
     <span class='ocr_line' id='line_1_12' title="bbox 244 868 2023 924; baseline 0 -13"><span class='ocrx_word' id='word_1_110' title='bbox 244 874 387 919; x_wconf 86' lang='lat' dir='ltr'>desse,</span> <span class='ocrx_word' id='word_1_111' title='bbox 421 870 659 910; x_wconf 87' lang='lat' dir='ltr'>obfuerunt.</span> <span class='ocrx_word' id='word_1_112' title='bbox 710 871 772 909; x_wconf 91' lang='lat' dir='ltr'>Ita</span> <span class='ocrx_word' id='word_1_113' title='bbox 802 882 888 909; x_wconf 92' lang='lat' dir='ltr'>non</span> <span class='ocrx_word' id='word_1_114' title='bbox 919 869 966 909; x_wconf 91' lang='lat' dir='ltr'>fit</span> <span class='ocrx_word' id='word_1_115' title='bbox 997 882 1051 908; x_wconf 79' lang='lat' dir='ltr'>ex</span> <span class='ocrx_word' id='word_1_116' title='bbox 1083 881 1156 915; x_wconf 92' lang='lat' dir='ltr'>eo,</span> <span class='ocrx_word' id='word_1_117' title='bbox 1188 868 1303 921; x_wconf 88' lang='lat' dir='ltr'>quod</span> <span class='ocrx_word' id='word_1_118' title='bbox 1336 868 1474 915; x_wconf 89' lang='lat' dir='ltr'>datur,</span> <span class='ocrx_word' id='word_1_119' title='bbox 1505 872 1552 907; x_wconf 90' lang='lat' dir='ltr'>ut</span> <span class='ocrx_word' id='word_1_120' title='bbox 1583 868 1775 909; x_wconf 89' lang='lat' dir='ltr'>voluntas</span> <span class='ocrx_word' id='word_1_121' title='bbox 1807 870 1917 918; x_wconf 91' lang='lat' dir='ltr'>eius,</span> <span class='ocrx_word' id='word_1_122' title='bbox 1951 872 2023 924; x_wconf 89' lang='lat' dir='ltr'>qui</span> 
     </span>
     <span class='ocr_line' id='line_1_13' title="bbox 243 930 2023 987; baseline 0.001 -14"><span class='ocrx_word' id='word_1_123' title='bbox 243 934 426 980; x_wconf 88' lang='lat' dir='ltr'>dederit,</span> <span class='ocrx_word' id='word_1_124' title='bbox 459 938 681 985; x_wconf 82' lang='lat' dir='ltr'>appareat,</span> <span class='ocrx_word' id='word_1_125' title='bbox 712 945 810 979; x_wconf 87' lang='lat' dir='ltr'>nec,</span> <span class='ocrx_word' id='word_1_126' title='bbox 852 932 886 971; x_wconf 92' lang='lat' dir='ltr'>si</span> <span class='ocrx_word' id='word_1_127' title='bbox 917 932 972 979; x_wconf 92' lang='lat' dir='ltr'>is,</span> <span class='ocrx_word' id='word_1_128' title='bbox 1007 931 1077 984; x_wconf 91' lang='lat' dir='ltr'>qui</span> <span class='ocrx_word' id='word_1_129' title='bbox 1111 931 1293 982; x_wconf 90' lang='lat' dir='ltr'>accepit,</span> <span class='ocrx_word' id='word_1_130' title='bbox 1335 930 1441 969; x_wconf 91' lang='lat' dir='ltr'>bene</span> <span class='ocrx_word' id='word_1_131' title='bbox 1473 930 1623 977; x_wconf 89' lang='lat' dir='ltr'>utitur,</span> <span class='ocrx_word' id='word_1_132' title='bbox 1666 931 1823 972; x_wconf 92' lang='lat' dir='ltr'>idcirco</span> <span class='ocrx_word' id='word_1_133' title='bbox 1855 933 1913 980; x_wconf 90' lang='lat' dir='ltr'>is,</span> <span class='ocrx_word' id='word_1_134' title='bbox 1952 935 2023 987; x_wconf 92' lang='lat' dir='ltr'>qui</span> 
     </span>
     <span class='ocr_line' id='line_1_14' title="bbox 242 991 2024 1046; baseline 0 -10"><span class='ocrx_word' id='word_1_135' title='bbox 242 995 374 1043; x_wconf 83' lang='lat' dir='ltr'>dedit,</span> <span class='ocrx_word' id='word_1_136' title='bbox 415 997 546 1035; x_wconf 85' lang='lat' dir='ltr'>amice</span> <span class='ocrx_word' id='word_1_137' title='bbox 578 994 704 1035; x_wconf 90' lang='lat' dir='ltr'>dedit.</span> <span class='ocrx_word' id='word_1_138' title='bbox 766 991 832 1034; x_wconf 80' lang='grc'>71.</span> <span class='ocrx_word' id='word_1_139' title='bbox 866 994 984 1043; x_wconf 87' lang='lat' dir='ltr'>Quae</span> <span class='ocrx_word' id='word_1_140' title='bbox 1017 993 1128 1033; x_wconf 90' lang='lat' dir='ltr'>enim</span> <span class='ocrx_word' id='word_1_141' title='bbox 1160 993 1310 1040; x_wconf 89' lang='lat' dir='ltr'>libido,</span> <span class='ocrx_word' id='word_1_142' title='bbox 1345 1005 1453 1046; x_wconf 88' lang='lat' dir='ltr'>quae</span> <span class='ocrx_word' id='word_1_143' title='bbox 1485 993 1680 1040; x_wconf 89' lang='lat' dir='ltr'>avaritia,</span> <span class='ocrx_word' id='word_1_144' title='bbox 1719 994 1832 1046; x_wconf 92' lang='lat' dir='ltr'>quod</span> <span class='ocrx_word' id='word_1_145' title='bbox 1862 993 2024 1036; x_wconf 86' lang='lat' dir='ltr'>facinus</span> 
     </span>
     <span class='ocr_line' id='line_1_15' title="bbox 241 1055 2023 1110; baseline -0.001 -11"><span class='ocrx_word' id='word_1_146' title='bbox 241 1064 312 1100; x_wconf 92' lang='lat' dir='ltr'>aut</span> <span class='ocrx_word' id='word_1_147' title='bbox 342 1058 568 1110; x_wconf 88' lang='lat' dir='ltr'>suscipitur</span> <span class='ocrx_word' id='word_1_148' title='bbox 597 1057 678 1097; x_wconf 90' lang='lat' dir='ltr'>nisi</span> <span class='ocrx_word' id='word_1_149' title='bbox 713 1057 889 1097; x_wconf 93' lang='lat' dir='ltr'>consilio</span> <span class='ocrx_word' id='word_1_150' title='bbox 921 1061 1043 1109; x_wconf 88' lang='lat' dir='ltr'>capto</span> <span class='ocrx_word' id='word_1_151' title='bbox 1075 1060 1146 1096; x_wconf 91' lang='lat' dir='ltr'>aut</span> <span class='ocrx_word' id='word_1_152' title='bbox 1176 1056 1266 1095; x_wconf 90' lang='lat' dir='ltr'>sine</span> <span class='ocrx_word' id='word_1_153' title='bbox 1298 1055 1424 1095; x_wconf 84' lang='lat' dir='ltr'>animi</span> <span class='ocrx_word' id='word_1_154' title='bbox 1456 1060 1570 1095; x_wconf 90' lang='lat' dir='ltr'>motu</span> <span class='ocrx_word' id='word_1_155' title='bbox 1601 1061 1643 1096; x_wconf 89' lang='lat' dir='ltr'>et</span> <span class='ocrx_word' id='word_1_156' title='bbox 1672 1056 1949 1109; x_wconf 83' lang='lat' dir='ltr'>cogitatione,</span> <span class='ocrx_word' id='word_1_157' title='bbox 1980 1059 2023 1098; x_wconf 90' lang='lat' dir='ltr'>id</span> 
     </span>
     <span class='ocr_line' id='line_1_16' title="bbox 192 1119 2023 1173; baseline 0.002 -16"><span class='ocrx_word' id='word_1_158' title='bbox 192 1136 228 1167; x_wconf 43' lang='lat'>*¹5</span> <span class='ocrx_word' id='word_1_159' title='bbox 243 1126 307 1162; x_wconf 87' lang='lat' dir='ltr'>est</span> <span class='ocrx_word' id='word_1_160' title='bbox 327 1121 512 1167; x_wconf 87' lang='lat' dir='ltr'>ratione,</span> <span class='ocrx_word' id='word_1_161' title='bbox 544 1120 792 1173; x_wconf 75' lang='lat' dir='ltr'>perficitur?</span> <span class='ocrx_word' id='word_1_162' title='bbox 824 1121 926 1159; x_wconf 90' lang='lat' dir='ltr'>Nam</span> <span class='ocrx_word' id='word_1_163' title='bbox 950 1122 1084 1159; x_wconf 91' lang='lat' dir='ltr'>omnis</span> <span class='ocrx_word' id='word_1_164' title='bbox 1108 1119 1250 1171; x_wconf 92' lang='lat' dir='ltr'>opinio</span> <span class='ocrx_word' id='word_1_165' title='bbox 1273 1119 1379 1158; x_wconf 88' lang='lat' dir='ltr'>ratio</span> <span class='ocrx_word' id='word_1_166' title='bbox 1402 1124 1483 1166; x_wconf 90' lang='lat' dir='ltr'>est,</span> <span class='ocrx_word' id='word_1_167' title='bbox 1517 1123 1557 1158; x_wconf 93' lang='lat' dir='ltr'>et</span> <span class='ocrx_word' id='word_1_168' title='bbox 1578 1119 1750 1172; x_wconf 91' lang='lat' dir='ltr'>quidem</span> <span class='ocrx_word' id='word_1_169' title='bbox 1772 1120 1880 1160; x_wconf 89' lang='lat' dir='ltr'>bona</span> <span class='ocrx_word' id='word_1_170' title='bbox 1902 1121 2023 1169; x_wconf 90' lang='lat' dir='ltr'>ratio,</span> 
     </span>
     <span class='ocr_line' id='line_1_17' title="bbox 242 1180 2024 1235; baseline -0.001 -10"><span class='ocrx_word' id='word_1_171' title='bbox 242 1185 277 1225; x_wconf 91' lang='lat' dir='ltr'>si</span> <span class='ocrx_word' id='word_1_172' title='bbox 311 1197 431 1231; x_wconf 83' lang='lat' dir='ltr'>vera,</span> <span class='ocrx_word' id='word_1_173' title='bbox 475 1182 584 1222; x_wconf 90' lang='lat' dir='ltr'>mala</span> <span class='ocrx_word' id='word_1_174' title='bbox 626 1187 785 1230; x_wconf 90' lang='lat' dir='ltr'>autem,</span> <span class='ocrx_word' id='word_1_175' title='bbox 828 1182 861 1222; x_wconf 92' lang='lat' dir='ltr'>si</span> <span class='ocrx_word' id='word_1_176' title='bbox 903 1181 1007 1221; x_wconf 87' lang='lat' dir='ltr'>falsa</span> <span class='ocrx_word' id='word_1_177' title='bbox 1040 1188 1102 1222; x_wconf 91' lang='lat' dir='ltr'>est</span> <span class='ocrx_word' id='word_1_178' title='bbox 1134 1181 1293 1235; x_wconf 87' lang='lat' dir='ltr'>opinio.</span> <span class='ocrx_word' id='word_1_179' title='bbox 1347 1181 1428 1220; x_wconf 86' lang='lat' dir='ltr'>Sed</span> <span class='ocrx_word' id='word_1_180' title='bbox 1460 1193 1483 1220; x_wconf 93' lang='lat' dir='ltr'>a</span> <span class='ocrx_word' id='word_1_181' title='bbox 1516 1180 1595 1221; x_wconf 91' lang='lat' dir='ltr'>deo</span> <span class='ocrx_word' id='word_1_182' title='bbox 1628 1187 1789 1222; x_wconf 88' lang='lat' dir='ltr'>tantum</span> <span class='ocrx_word' id='word_1_183' title='bbox 1820 1184 2024 1224; x_wconf 89' lang='lat' dir='ltr'>rationem</span> 
     </span>
     <span class='ocr_line' id='line_1_18' title="bbox 240 1244 2025 1293; baseline 0 -6"><span class='ocrx_word' id='word_1_184' title='bbox 240 1247 466 1293; x_wconf 89' lang='lat' dir='ltr'>habemus,</span> <span class='ocrx_word' id='word_1_185' title='bbox 508 1246 543 1285; x_wconf 91' lang='lat' dir='ltr'>si</span> <span class='ocrx_word' id='word_1_186' title='bbox 581 1245 708 1285; x_wconf 94' lang='lat' dir='ltr'>modo</span> <span class='ocrx_word' id='word_1_187' title='bbox 751 1245 971 1292; x_wconf 87' lang='lat' dir='ltr'>habemus,</span> <span class='ocrx_word' id='word_1_188' title='bbox 1004 1245 1155 1284; x_wconf 88' lang='lat' dir='ltr'>bonam</span> <span class='ocrx_word' id='word_1_189' title='bbox 1187 1250 1326 1284; x_wconf 89' lang='lat' dir='ltr'>autem</span> <span class='ocrx_word' id='word_1_190' title='bbox 1359 1244 1565 1283; x_wconf 86' lang='lat' dir='ltr'>rationem</span> <span class='ocrx_word' id='word_1_191' title='bbox 1597 1249 1668 1284; x_wconf 90' lang='lat' dir='ltr'>aut</span> <span class='ocrx_word' id='word_1_192' title='bbox 1698 1258 1784 1284; x_wconf 90' lang='lat' dir='ltr'>non</span> <span class='ocrx_word' id='word_1_193' title='bbox 1816 1245 1968 1285; x_wconf 91' lang='lat' dir='ltr'>bonam</span> <span class='ocrx_word' id='word_1_194' title='bbox 2001 1259 2025 1287; x_wconf 86' lang='lat' dir='ltr'>a</span> 
     </span>
     <span class='ocr_line' id='line_1_19' title="bbox 241 1306 2025 1361; baseline 0 -13"><span class='ocrx_word' id='word_1_195' title='bbox 241 1309 378 1349; x_wconf 89' lang='lat' dir='ltr'>nobis.</span> <span class='ocrx_word' id='word_1_196' title='bbox 428 1309 520 1348; x_wconf 92' lang='lat' dir='ltr'>Non</span> <span class='ocrx_word' id='word_1_197' title='bbox 553 1308 687 1355; x_wconf 90' lang='lat' dir='ltr'>enim,</span> <span class='ocrx_word' id='word_1_198' title='bbox 719 1313 766 1348; x_wconf 91' lang='lat' dir='ltr'>ut</span> <span class='ocrx_word' id='word_1_199' title='bbox 796 1308 1095 1361; x_wconf 85' lang='lat' dir='ltr'>patrimonium</span> <span class='ocrx_word' id='word_1_200' title='bbox 1121 1306 1394 1360; x_wconf 85' lang='lat' dir='ltr'>relinquitur,</span> <span class='ocrx_word' id='word_1_201' title='bbox 1428 1307 1486 1346; x_wconf 90' lang='lat' dir='ltr'>sic</span> <span class='ocrx_word' id='word_1_202' title='bbox 1507 1307 1611 1346; x_wconf 90' lang='lat' dir='ltr'>ratio</span> <span class='ocrx_word' id='word_1_203' title='bbox 1636 1312 1698 1347; x_wconf 86' lang='lat' dir='ltr'>est</span> <span class='ocrx_word' id='word_1_204' title='bbox 1720 1307 1878 1347; x_wconf 92' lang='lat' dir='ltr'>homini</span> <span class='ocrx_word' id='word_1_205' title='bbox 1899 1309 2025 1348; x_wconf 88' lang='lat' dir='ltr'>bene-</span> 
     </span>
     <span class='ocr_line' id='line_1_20' title="bbox 243 1369 2024 1424; baseline 0 -13"><span class='ocrx_word' id='word_1_206' title='bbox 243 1370 336 1411; x_wconf 88' lang='lat' dir='ltr'>ficio</span> <span class='ocrx_word' id='word_1_207' title='bbox 370 1370 543 1411; x_wconf 92' lang='lat' dir='ltr'>deorum</span> <span class='ocrx_word' id='word_1_208' title='bbox 577 1372 686 1411; x_wconf 90' lang='lat' dir='ltr'>data.</span> <span class='ocrx_word' id='word_1_209' title='bbox 739 1371 853 1419; x_wconf 90' lang='lat' dir='ltr'>Quid</span> <span class='ocrx_word' id='word_1_210' title='bbox 885 1371 997 1410; x_wconf 91' lang='lat' dir='ltr'>enim</span> <span class='ocrx_word' id='word_1_211' title='bbox 1028 1370 1167 1424; x_wconf 88' lang='lat' dir='ltr'>potius</span> <span class='ocrx_word' id='word_1_212' title='bbox 1198 1369 1438 1409; x_wconf 90' lang='lat' dir='ltr'>hominibus</span> <span class='ocrx_word' id='word_1_213' title='bbox 1471 1369 1709 1418; x_wconf 87' lang='lat' dir='ltr'>dedissent,</span> <span class='ocrx_word' id='word_1_214' title='bbox 1742 1370 1775 1410; x_wconf 92' lang='lat' dir='ltr'>si</span> <span class='ocrx_word' id='word_1_215' title='bbox 1798 1370 1849 1410; x_wconf 90' lang='lat' dir='ltr'>iis</span> <span class='ocrx_word' id='word_1_216' title='bbox 1871 1383 2024 1411; x_wconf 89' lang='lat' dir='ltr'>nocere</span> 
     </span>
     <span class='ocr_line' id='line_1_21' title="bbox 191 1431 2024 1486; baseline -0.001 -11"><span class='ocrx_word' id='word_1_217' title='bbox 191 1434 509 1480; x_wconf 74' lang='lat' dir='ltr'>20voluissent‘?</span> <span class='ocrx_word' id='word_1_218' title='bbox 556 1433 788 1473; x_wconf 86' lang='lat' dir='ltr'>Iniustitiae</span> <span class='ocrx_word' id='word_1_219' title='bbox 826 1438 989 1480; x_wconf 89' lang='lat' dir='ltr'>autem,</span> <span class='ocrx_word' id='word_1_220' title='bbox 1028 1432 1401 1486; x_wconf 85' lang='lat' dir='ltr'>intemperantiae,</span> <span class='ocrx_word' id='word_1_221' title='bbox 1440 1431 1675 1471; x_wconf 86' lang='lat' dir='ltr'>timiditatis</span> <span class='ocrx_word' id='word_1_222' title='bbox 1718 1446 1826 1486; x_wconf 90' lang='lat' dir='ltr'>quae</span> <span class='ocrx_word' id='word_1_223' title='bbox 1866 1434 2024 1474; x_wconf 89' lang='lat' dir='ltr'>semina</span> 
     </span>
     <span class='ocr_line' id='line_1_22' title="bbox 242 1495 2024 1545; baseline -0.001 -7"><span class='ocrx_word' id='word_1_224' title='bbox 242 1502 404 1545; x_wconf 87' lang='lat' dir='ltr'>essent,</span> <span class='ocrx_word' id='word_1_225' title='bbox 435 1497 467 1538; x_wconf 90' lang='lat' dir='ltr'>si</span> <span class='ocrx_word' id='word_1_226' title='bbox 500 1497 565 1536; x_wconf 91' lang='lat' dir='ltr'>his</span> <span class='ocrx_word' id='word_1_227' title='bbox 599 1496 709 1536; x_wconf 88' lang='lat' dir='ltr'>vitiis</span> <span class='ocrx_word' id='word_1_228' title='bbox 741 1496 847 1536; x_wconf 89' lang='lat' dir='ltr'>ratio</span> <span class='ocrx_word' id='word_1_229' title='bbox 878 1510 965 1536; x_wconf 88' lang='lat' dir='ltr'>non</span> <span class='ocrx_word' id='word_1_230' title='bbox 996 1496 1218 1536; x_wconf 77' lang='lat' dir='ltr'>subesset?</span> <span class='ocrx_word' id='word_1_231' title='bbox 1279 1495 1434 1534; x_wconf 80' lang='lat' dir='ltr'>xxix.</span> <span class='ocrx_word' id='word_1_232' title='bbox 1466 1496 1613 1535; x_wconf 89' lang='lat' dir='ltr'>Medea</span> <span class='ocrx_word' id='word_1_233' title='bbox 1646 1496 1770 1536; x_wconf 92' lang='lat' dir='ltr'>modo</span> <span class='ocrx_word' id='word_1_234' title='bbox 1803 1500 1844 1535; x_wconf 91' lang='lat' dir='ltr'>et</span> <span class='ocrx_word' id='word_1_235' title='bbox 1873 1496 2024 1536; x_wconf 85' lang='lat' dir='ltr'>Atreus</span> 
     </span>
     <span class='ocr_line' id='line_1_23' title="bbox 241 1558 2024 1612; baseline -0.002 -10"><span class='ocrx_word' id='word_1_236' title='bbox 241 1560 676 1602; x_wconf 86' lang='lat' dir='ltr'>commemorabantur</span> <span class='ocrx_word' id='word_1_237' title='bbox 706 1572 729 1599; x_wconf 88' lang='lat' dir='ltr'>a</span> <span class='ocrx_word' id='word_1_238' title='bbox 761 1559 904 1606; x_wconf 89' lang='lat' dir='ltr'>nobis,</span> <span class='ocrx_word' id='word_1_239' title='bbox 936 1559 1131 1599; x_wconf 89' lang='lat' dir='ltr'>heroicae</span> <span class='ocrx_word' id='word_1_240' title='bbox 1163 1571 1389 1612; x_wconf 88' lang='lat' dir='ltr'>personae,</span> <span class='ocrx_word' id='word_1_241' title='bbox 1422 1558 1526 1597; x_wconf 90' lang='lat' dir='ltr'>inita</span> <span class='ocrx_word' id='word_1_242' title='bbox 1549 1558 1836 1612; x_wconf 90' lang='lat' dir='ltr'>subductaque</span> <span class='ocrx_word' id='word_1_243' title='bbox 1860 1558 2024 1599; x_wconf 87' lang='lat' dir='ltr'>ratione</span> 
     </span>
     <span class='ocr_line' id='line_1_24' title="bbox 241 1620 2023 1675; baseline -0.002 -11"><span class='ocrx_word' id='word_1_244' title='bbox 241 1622 400 1664; x_wconf 88' lang='lat' dir='ltr'>nefaria</span> <span class='ocrx_word' id='word_1_245' title='bbox 433 1623 592 1663; x_wconf 90' lang='lat' dir='ltr'>scelera</span> <span class='ocrx_word' id='word_1_246' title='bbox 623 1622 885 1662; x_wconf 85' lang='lat' dir='ltr'>meditantes.</span> <span class='ocrx_word' id='word_1_247' title='bbox 945 1620 1012 1662; x_wconf 61' lang='lat'>7³2.</span> <span class='ocrx_word' id='word_1_248' title='bbox 1046 1622 1157 1670; x_wconf 92' lang='lat' dir='ltr'>Quid</span> <span class='ocrx_word' id='word_1_249' title='bbox 1191 1622 1383 1661; x_wconf 84' lang='lat' dir='ltr'>levitates</span> <span class='ocrx_word' id='word_1_250' title='bbox 1416 1620 1636 1660; x_wconf 74' lang='lat' dir='ltr'>comicae?</span> <span class='ocrx_word' id='word_1_251' title='bbox 1668 1634 1872 1674; x_wconf 90' lang='lat' dir='ltr'>parumne</span> <span class='ocrx_word' id='word_1_252' title='bbox 1900 1634 2023 1675; x_wconf 87' lang='lat' dir='ltr'>saepe</span> 
     </span>
     <span class='ocr_line' id='line_1_25' title="bbox 241 1682 1898 1738; baseline -0.002 -12"><span class='ocrx_word' id='word_1_253' title='bbox 241 1686 285 1726; x_wconf 91' lang='lat' dir='ltr'>in</span> <span class='ocrx_word' id='word_1_254' title='bbox 315 1686 477 1726; x_wconf 89' lang='lat' dir='ltr'>ratione</span> <span class='ocrx_word' id='word_1_255' title='bbox 510 1687 764 1725; x_wconf 73' lang='lat' dir='ltr'>versantur?</span> <span class='ocrx_word' id='word_1_256' title='bbox 796 1698 998 1738; x_wconf 89' lang='lat' dir='ltr'>parumne</span> <span class='ocrx_word' id='word_1_257' title='bbox 1031 1685 1241 1738; x_wconf 88' lang='lat' dir='ltr'>suptiliter</span> <span class='ocrx_word' id='word_1_258' title='bbox 1273 1684 1459 1737; x_wconf 89' lang='lat' dir='ltr'>disputat</span> <span class='ocrx_word' id='word_1_259' title='bbox 1487 1682 1556 1723; x_wconf 88' lang='lat' dir='ltr'>ille</span> <span class='ocrx_word' id='word_1_260' title='bbox 1588 1684 1631 1724; x_wconf 92' lang='lat' dir='ltr'>in</span> <span class='ocrx_word' id='word_1_261' title='bbox 1661 1683 1898 1724; x_wconf 71' lang='lat' dir='ltr'>Eunucho?</span> 
     </span>
     <span class='ocr_line' id='line_1_26' title="bbox 190 1747 1184 1800; baseline -0.005 -8"><span class='ocrx_word' id='word_1_262' title='bbox 190 1763 226 1794; x_wconf 75' lang='lat'>25</span> <span class='ocrx_word' id='word_1_263' title='bbox 412 1747 1184 1800; x_wconf 74' lang='lat' dir='ltr'>Quidigiturfaciam?——-</span> 
     </span>
     <span class='ocr_line' id='line_1_27' title="bbox 408 1809 1854 1858; baseline -0.002 -7"><span class='ocrx_word' id='word_1_264' title='bbox 408 1810 669 1858; x_wconf 82' lang='lat' dir='ltr'>Exclusit,</span> <span class='ocrx_word' id='word_1_265' title='bbox 702 1815 946 1850; x_wconf 89' lang='lat' dir='ltr'>revocat:</span> <span class='ocrx_word' id='word_1_266' title='bbox 980 1810 1214 1850; x_wconf 75' lang='lat' dir='ltr'>redeam?</span> <span class='ocrx_word' id='word_1_267' title='bbox 1247 1823 1371 1857; x_wconf 89' lang='lat' dir='ltr'>non,</span> <span class='ocrx_word' id='word_1_268' title='bbox 1404 1809 1444 1849; x_wconf 90' lang='lat' dir='ltr'>si</span> <span class='ocrx_word' id='word_1_269' title='bbox 1476 1823 1545 1849; x_wconf 89' lang='lat' dir='ltr'>me</span> <span class='ocrx_word' id='word_1_270' title='bbox 1579 1810 1854 1851; x_wconf 89' lang='lat' dir='ltr'>obsecret.</span> 
     </span>
     <span class='ocr_line' id='line_1_28' title="bbox 240 1873 2025 1927; baseline -0.001 -13"><span class='ocrx_word' id='word_1_271' title='bbox 240 1874 316 1914; x_wconf 89' lang='lat' dir='ltr'>Ille</span> <span class='ocrx_word' id='word_1_272' title='bbox 349 1887 448 1915; x_wconf 90' lang='lat' dir='ltr'>vero</span> <span class='ocrx_word' id='word_1_273' title='bbox 488 1874 530 1913; x_wconf 91' lang='lat' dir='ltr'>in</span> <span class='ocrx_word' id='word_1_274' title='bbox 571 1873 834 1927; x_wconf 84' lang='lat' dir='ltr'>Synephebis</span> <span class='ocrx_word' id='word_1_275' title='bbox 866 1873 1208 1912; x_wconf 87' lang='lat' dir='ltr'>Academicorum</span> <span class='ocrx_word' id='word_1_276' title='bbox 1242 1885 1357 1911; x_wconf 89' lang='lat' dir='ltr'>more</span> <span class='ocrx_word' id='word_1_277' title='bbox 1390 1877 1535 1912; x_wconf 91' lang='lat' dir='ltr'>contra</span> <span class='ocrx_word' id='word_1_278' title='bbox 1567 1886 1829 1913; x_wconf 88' lang='lat' dir='ltr'>communem</span> <span class='ocrx_word' id='word_1_279' title='bbox 1861 1873 2025 1927; x_wconf 91' lang='lat' dir='ltr'>opinio-</span> 
     </span>
     <span class='ocr_line' id='line_1_29' title="bbox 238 1935 2024 1991; baseline 0.001 -15"><span class='ocrx_word' id='word_1_280' title='bbox 238 1949 334 1976; x_wconf 89' lang='lat' dir='ltr'>nem</span> <span class='ocrx_word' id='word_1_281' title='bbox 366 1951 449 1976; x_wconf 92' lang='lat' dir='ltr'>non</span> <span class='ocrx_word' id='word_1_282' title='bbox 473 1937 635 1976; x_wconf 90' lang='lat' dir='ltr'>dubitat</span> <span class='ocrx_word' id='word_1_283' title='bbox 666 1949 854 1989; x_wconf 84' lang='lat' dir='ltr'>pugnare</span> <span class='ocrx_word' id='word_1_284' title='bbox 876 1936 1058 1983; x_wconf 90' lang='lat' dir='ltr'>ratione,</span> <span class='ocrx_word' id='word_1_285' title='bbox 1091 1935 1164 1988; x_wconf 88' lang='lat' dir='ltr'>qui</span> <span class='ocrx_word' id='word_1_286' title='bbox 1194 1936 1249 1975; x_wconf 91' lang='lat' dir='ltr'>in</span> <span class='ocrx_word' id='word_1_287' title='bbox 1281 1948 1452 1975; x_wconf 89' lang='lat' dir='ltr'>amore</span> <span class='ocrx_word' id='word_1_288' title='bbox 1485 1949 1687 1976; x_wconf 90' lang='lat' dir='ltr'>summo</span> <span class='ocrx_word' id='word_1_289' title='bbox 1720 1949 2024 1991; x_wconf 85' lang='lat' dir='ltr'>summaque</span> 
     </span>
     <span class='ocr_line' id='line_1_30' title="bbox 240 1999 1810 2053; baseline -0.002 -14"><span class='ocrx_word' id='word_1_290' title='bbox 240 2000 430 2053; x_wconf 90' lang='lat' dir='ltr'>inopia</span> <span class='ocrx_word' id='word_1_291' title='bbox 464 2012 624 2039; x_wconf 90' lang='lat' dir='ltr'>suave</span> <span class='ocrx_word' id='word_1_292' title='bbox 657 2012 774 2038; x_wconf 88' lang='lat' dir='ltr'>esse</span> <span class='ocrx_word' id='word_1_293' title='bbox 807 1999 905 2038; x_wconf 86' lang='lat' dir='ltr'>dicit</span> <span class='ocrx_word' id='word_1_294' title='bbox 1801 2004 1810 2015; x_wconf 80' lang='lat'>&#39;</span> 
     </span>
     <span class='ocr_line' id='line_1_31' title="bbox 188 2062 1875 2115; baseline 0 -13"><span class='ocrx_word' id='word_1_295' title='bbox 188 2078 225 2107; x_wconf 88' lang='lat'>30</span> <span class='ocrx_word' id='word_1_296' title='bbox 408 2064 691 2102; x_wconf 91' lang='lat' dir='ltr'>Parentem</span> <span class='ocrx_word' id='word_1_297' title='bbox 722 2063 926 2102; x_wconf 90' lang='lat' dir='ltr'>habere</span> <span class='ocrx_word' id='word_1_298' title='bbox 959 2076 1203 2110; x_wconf 88' lang='lat' dir='ltr'>avarum,</span> <span class='ocrx_word' id='word_1_299' title='bbox 1235 2062 1556 2115; x_wconf 90' lang='lat' dir='ltr'>inlepidum,</span> <span class='ocrx_word' id='word_1_300' title='bbox 1587 2063 1639 2102; x_wconf 91' lang='lat' dir='ltr'>in</span> <span class='ocrx_word' id='word_1_301' title='bbox 1671 2063 1875 2103; x_wconf 90' lang='lat' dir='ltr'>liberos</span> 
     </span>
     <span class='ocr_line' id='line_1_32' title="bbox 409 2125 1728 2179; baseline 0 -14"><span class='ocrx_word' id='word_1_302' title='bbox 409 2125 736 2173; x_wconf 89' lang='lat' dir='ltr'>Difficilem,</span> <span class='ocrx_word' id='word_1_303' title='bbox 771 2126 857 2179; x_wconf 91' lang='lat' dir='ltr'>qui</span> <span class='ocrx_word' id='word_1_304' title='bbox 892 2130 937 2165; x_wconf 88' lang='lat' dir='ltr'>te</span> <span class='ocrx_word' id='word_1_305' title='bbox 970 2140 1065 2166; x_wconf 88' lang='lat' dir='ltr'>nec</span> <span class='ocrx_word' id='word_1_306' title='bbox 1098 2131 1232 2166; x_wconf 89' lang='lat' dir='ltr'>amet</span> <span class='ocrx_word' id='word_1_307' title='bbox 1263 2139 1353 2165; x_wconf 88' lang='lat' dir='ltr'>nec</span> <span class='ocrx_word' id='word_1_308' title='bbox 1386 2126 1608 2166; x_wconf 88' lang='lat' dir='ltr'>studeat</span> <span class='ocrx_word' id='word_1_309' title='bbox 1640 2126 1728 2166; x_wconf 88' lang='lat' dir='ltr'>tui.</span> 
     </span>
     <span class='ocr_line' id='line_1_33' title="bbox 238 2186 1674 2243; baseline 0 -16"><span class='ocrx_word' id='word_1_310' title='bbox 238 2186 305 2228; x_wconf 89' lang='lat'>73.</span> <span class='ocrx_word' id='word_1_311' title='bbox 336 2190 474 2243; x_wconf 90' lang='lat' dir='ltr'>Atque</span> <span class='ocrx_word' id='word_1_312' title='bbox 506 2188 604 2227; x_wconf 88' lang='lat' dir='ltr'>huic</span> <span class='ocrx_word' id='word_1_313' title='bbox 636 2187 874 2227; x_wconf 89' lang='lat' dir='ltr'>incredibili</span> <span class='ocrx_word' id='word_1_314' title='bbox 907 2189 1140 2228; x_wconf 89' lang='lat' dir='ltr'>sententiae</span> <span class='ocrx_word' id='word_1_315' title='bbox 1172 2188 1431 2228; x_wconf 90' lang='lat' dir='ltr'>ratiunculas</span> <span class='ocrx_word' id='word_1_316' title='bbox 1464 2188 1674 2241; x_wconf 84' lang='lat' dir='ltr'>suggerit:</span> 
     </span>
     <span class='ocr_line' id='line_1_34' title="bbox 406 2251 1667 2304; baseline -0.001 -13"><span class='ocrx_word' id='word_1_317' title='bbox 406 2253 502 2291; x_wconf 90' lang='lat' dir='ltr'>Aut</span> <span class='ocrx_word' id='word_1_318' title='bbox 533 2256 590 2290; x_wconf 90' lang='lat' dir='ltr'>tu</span> <span class='ocrx_word' id='word_1_319' title='bbox 622 2251 776 2290; x_wconf 91' lang='lat' dir='ltr'>illum</span> <span class='ocrx_word' id='word_1_320' title='bbox 807 2251 985 2291; x_wconf 83' lang='lat' dir='ltr'>fructu</span> <span class='ocrx_word' id='word_1_321' title='bbox 1016 2251 1182 2291; x_wconf 88' lang='lat' dir='ltr'>fallas</span> <span class='ocrx_word' id='word_1_322' title='bbox 1214 2257 1301 2291; x_wconf 92' lang='lat' dir='ltr'>aut</span> <span class='ocrx_word' id='word_1_323' title='bbox 1333 2265 1419 2304; x_wconf 85' lang='lat' dir='ltr'>per</span> <span class='ocrx_word' id='word_1_324' title='bbox 1450 2251 1667 2291; x_wconf 86' lang='lat' dir='ltr'>litteras</span> 
     </span>
     <span class='ocr_line' id='line_1_35' title="bbox 407 2314 1630 2368; baseline -0.002 -13"><span class='ocrx_word' id='word_1_325' title='bbox 407 2315 630 2355; x_wconf 87' lang='lat' dir='ltr'>Avertas</span> <span class='ocrx_word' id='word_1_326' title='bbox 662 2314 873 2368; x_wconf 90' lang='lat' dir='ltr'>aliquod</span> <span class='ocrx_word' id='word_1_327' title='bbox 906 2328 1085 2354; x_wconf 87' lang='lat' dir='ltr'>nomen</span> <span class='ocrx_word' id='word_1_328' title='bbox 1117 2321 1205 2354; x_wconf 90' lang='lat' dir='ltr'>aut</span> <span class='ocrx_word' id='word_1_329' title='bbox 1237 2327 1325 2367; x_wconf 92' lang='lat' dir='ltr'>per</span> <span class='ocrx_word' id='word_1_330' title='bbox 1357 2314 1630 2354; x_wconf 89' lang='lat' dir='ltr'>servolum</span> 
     </span>
     <span class='ocr_line' id='line_1_36' title="bbox 191 2378 1722 2431; baseline -0.002 -12"><span class='ocrx_word' id='word_1_331' title='bbox 191 2390 227 2420; x_wconf 85' lang='lat'>35</span> <span class='ocrx_word' id='word_1_332' title='bbox 408 2378 692 2417; x_wconf 90' lang='lat' dir='ltr'>Percutias</span> <span class='ocrx_word' id='word_1_333' title='bbox 726 2378 991 2430; x_wconf 91' lang='lat' dir='ltr'>pavidum,</span> <span class='ocrx_word' id='word_1_334' title='bbox 1024 2383 1298 2431; x_wconf 90' lang='lat' dir='ltr'>postremo</span> <span class='ocrx_word' id='word_1_335' title='bbox 1331 2390 1353 2417; x_wconf 90' lang='lat' dir='ltr'>a</span> <span class='ocrx_word' id='word_1_336' title='bbox 1384 2390 1539 2431; x_wconf 90' lang='lat' dir='ltr'>parco</span> <span class='ocrx_word' id='word_1_337' title='bbox 1572 2382 1722 2429; x_wconf 91' lang='lat' dir='ltr'>patre</span> 
     </span>
     <span class='ocr_line' id='line_1_37' title="bbox 409 2440 1616 2493; baseline 0 -14"><span class='ocrx_word' id='word_1_338' title='bbox 409 2440 558 2488; x_wconf 91' lang='lat' dir='ltr'>Quod</span> <span class='ocrx_word' id='word_1_339' title='bbox 590 2454 782 2487; x_wconf 87' lang='lat' dir='ltr'>sumas,</span> <span class='ocrx_word' id='word_1_340' title='bbox 815 2445 1018 2493; x_wconf 88' lang='lat' dir='ltr'>quanto</span> <span class='ocrx_word' id='word_1_341' title='bbox 1050 2440 1294 2493; x_wconf 89' lang='lat' dir='ltr'>dissipes</span> <span class='ocrx_word' id='word_1_342' title='bbox 1327 2440 1616 2480; x_wconf 77' lang='lat' dir='ltr'>libentius!</span> 
     </span>
    </p>
   </div>
   <div class='ocr_carea' id='block_1_3' title="bbox 240 2577 2025 3311">
    <p class='ocr_par' dir='ltr' id='par_1_3' title="bbox 240 2577 2025 3311">
     <span class='ocr_line' id='line_1_38' title="bbox 327 2577 2024 2622; baseline 0.001 -14"><span class='ocrx_word' id='word_1_343' title='bbox 327 2577 357 2609; x_wconf 84' lang='lat'>3.</span> <span class='ocrx_word' id='word_1_344' title='bbox 385 2578 513 2622; x_wconf 71' lang='lat' dir='ltr'>obtume</span> <span class='ocrx_word' id='word_1_345' title='bbox 537 2578 562 2608; x_wconf 67' lang='lat' dir='ltr'>A</span> <span class='ocrx_word' id='word_1_346' title='bbox 580 2596 621 2600; x_wconf 80' lang='lat'>——</span> <span class='ocrx_word' id='word_1_347' title='bbox 647 2577 676 2608; x_wconf 86' lang='grc'>6.</span> <span class='ocrx_word' id='word_1_348' title='bbox 698 2577 916 2616; x_wconf 78' lang='lat' dir='ltr'>quisquamne</span> <span class='ocrx_word' id='word_1_349' title='bbox 941 2577 1021 2607; x_wconf 79' lang='lat' dir='ltr'>istuc</span> <span class='ocrx_word' id='word_1_350' title='bbox 1041 2577 1091 2617; x_wconf 74' lang='lat' dir='ltr'>(ex</span> <span class='ocrx_word' id='word_1_351' title='bbox 1112 2578 1342 2617; x_wconf 81' lang='lat' dir='ltr'>correctione)</span> <span class='ocrx_word' id='word_1_352' title='bbox 1361 2578 1407 2607; x_wconf 87' lang='lat' dir='ltr'>V:</span> <span class='ocrx_word' id='word_1_353' title='bbox 1436 2578 1614 2617; x_wconf 75' lang='lat' dir='ltr'>quisquam</span> <span class='ocrx_word' id='word_1_354' title='bbox 1638 2577 1721 2608; x_wconf 79' lang='lat' dir='ltr'>iuste</span> <span class='ocrx_word' id='word_1_355' title='bbox 1738 2578 1832 2611; x_wconf 76' lang='lat' dir='ltr'>(iuste</span> <span class='ocrx_word' id='word_1_356' title='bbox 1850 2578 1882 2609; x_wconf 89' lang='lat' dir='ltr'>in</span> <span class='ocrx_word' id='word_1_357' title='bbox 1901 2585 2024 2610; x_wconf 85' lang='lat' dir='ltr'>rasura</span> 
     </span>
     <span class='ocr_line' id='line_1_39' title="bbox 240 2627 2025 2668; baseline 0 -9"><span class='ocrx_word' id='word_1_358' title='bbox 240 2636 286 2659; x_wconf 87' lang='lat' dir='ltr'>m.</span> <span class='ocrx_word' id='word_1_359' title='bbox 307 2636 379 2659; x_wconf 79' lang='lat' dir='ltr'>sec,</span> <span class='ocrx_word' id='word_1_360' title='bbox 400 2627 507 2659; x_wconf 83' lang='lat' dir='ltr'>multo</span> <span class='ocrx_word' id='word_1_361' title='bbox 527 2629 735 2665; x_wconf 79' lang='lat' dir='ltr'>recentiore)</span> <span class='ocrx_word' id='word_1_362' title='bbox 755 2630 799 2659; x_wconf 74' lang='lat' dir='ltr'>A:</span> <span class='ocrx_word' id='word_1_363' title='bbox 827 2628 984 2666; x_wconf 74' lang='lat' dir='ltr'>qnisquas</span> <span class='ocrx_word' id='word_1_364' title='bbox 1009 2628 1090 2657; x_wconf 73' lang='lat' dir='ltr'>istac</span> <span class='ocrx_word' id='word_1_365' title='bbox 1109 2628 1130 2657; x_wconf 85' lang='lat' dir='ltr'>B</span> <span class='ocrx_word' id='word_1_366' title='bbox 1147 2629 1168 2658; x_wconf 79' lang='lat' dir='ltr'>P</span> <span class='ocrx_word' id='word_1_367' title='bbox 1189 2632 1281 2666; x_wconf 69' lang='lat' dir='ltr'>(quas</span> <span class='ocrx_word' id='word_1_368' title='bbox 1298 2627 1365 2659; x_wconf 84' lang='lat' dir='ltr'>dcl.</span> <span class='ocrx_word' id='word_1_369' title='bbox 1387 2628 1440 2666; x_wconf 78' lang='lat' dir='ltr'>B);</span> <span class='ocrx_word' id='word_1_370' title='bbox 1470 2629 1652 2667; x_wconf 74' lang='lat' dir='ltr'>Quisquam</span> <span class='ocrx_word' id='word_1_371' title='bbox 1670 2628 1751 2658; x_wconf 74' lang='lat' dir='ltr'>istuc</span> <span class='ocrx_word' id='word_1_372' title='bbox 1769 2628 1814 2659; x_wconf 85' lang='lat' dir='ltr'>C:</span> <span class='ocrx_word' id='word_1_373' title='bbox 1843 2629 1922 2668; x_wconf 77' lang='lat' dir='ltr'>quid</span> <span class='ocrx_word' id='word_1_374' title='bbox 1939 2628 2025 2660; x_wconf 77' lang='lat' dir='ltr'>istud</span> 
     </span>
     <span class='ocr_line' id='line_1_40' title="bbox 240 2677 2021 2710; baseline 0 -1"><span class='ocrx_word' id='word_1_375' title='bbox 240 2677 265 2709; x_wconf 86' lang='lat' dir='ltr'><strong>E</strong></span> <span class='ocrx_word' id='word_1_376' title='bbox 286 2694 320 2699; x_wconf 83' lang='lat'><em>-</em></span> <span class='ocrx_word' id='word_1_377' title='bbox 341 2678 372 2708; x_wconf 84' lang='lat'>7.</span> <span class='ocrx_word' id='word_1_378' title='bbox 391 2687 507 2708; x_wconf 73' lang='lat' dir='ltr'>nocere</span> <span class='ocrx_word' id='word_1_379' title='bbox 523 2679 675 2709; x_wconf 76' lang='lat' dir='ltr'>deianira</span> <span class='ocrx_word' id='word_1_380' title='bbox 694 2680 719 2709; x_wconf 71' lang='lat' dir='ltr'>A</span> <span class='ocrx_word' id='word_1_381' title='bbox 735 2678 758 2708; x_wconf 88' lang='lat' dir='ltr'>C</span> <span class='ocrx_word' id='word_1_382' title='bbox 779 2678 800 2709; x_wconf 86' lang='lat' dir='ltr'>E</span> <span class='ocrx_word' id='word_1_383' title='bbox 818 2679 840 2709; x_wconf 88' lang='lat' dir='ltr'>P</span> <span class='ocrx_word' id='word_1_384' title='bbox 856 2678 899 2707; x_wconf 87' lang='lat' dir='ltr'>V:</span> <span class='ocrx_word' id='word_1_385' title='bbox 929 2686 1046 2708; x_wconf 74' lang='lat' dir='ltr'>nocere</span> <span class='ocrx_word' id='word_1_386' title='bbox 1072 2677 1192 2707; x_wconf 68' lang='lat' dir='ltr'>«lionae</span> <span class='ocrx_word' id='word_1_387' title='bbox 1209 2678 1261 2707; x_wconf 74' lang='grc' dir='ltr'>ιἰἀ</span> <span class='ocrx_word' id='word_1_388' title='bbox 1280 2678 1321 2710; x_wconf 78' lang='lat' dir='ltr'>ss:</span> <span class='ocrx_word' id='word_1_389' title='bbox 1350 2678 1515 2708; x_wconf 73' lang='lat' dir='ltr'>Deianira</span> <span class='ocrx_word' id='word_1_390' title='bbox 1531 2686 1648 2708; x_wconf 59' lang='lat' dir='ltr'>‘nocere</span> <span class='ocrx_word' id='word_1_391' title='bbox 1665 2678 1690 2708; x_wconf 92' lang='lat' dir='ltr'>O</span> <span class='ocrx_word' id='word_1_392' title='bbox 1710 2695 1744 2699; x_wconf 85' lang='lat'>-—</span> <span class='ocrx_word' id='word_1_393' title='bbox 1764 2678 1881 2709; x_wconf 72' lang='lat' dir='ltr'>uoluit.</span> <span class='ocrx_word' id='word_1_394' title='bbox 1900 2679 1954 2709; x_wconf 75' lang='lat' dir='ltr'>cui</span> <span class='ocrx_word' id='word_1_395' title='bbox 1971 2682 2021 2709; x_wconf 78' lang='lat' dir='ltr'>tu-</span> 
     </span>
     <span class='ocr_line' id='line_1_41' title="bbox 241 2726 2017 2767; baseline 0.001 -9"><span class='ocrx_word' id='word_1_396' title='bbox 241 2728 351 2758; x_wconf 73' lang='lat' dir='ltr'>nicam</span> <span class='ocrx_word' id='word_1_397' title='bbox 370 2728 392 2758; x_wconf 92' lang='lat' dir='ltr'>C</span> <span class='ocrx_word' id='word_1_398' title='bbox 413 2745 446 2749; x_wconf 89' lang='lat'><strong>—</strong></span> <span class='ocrx_word' id='word_1_399' title='bbox 469 2727 497 2758; x_wconf 87' lang='grc'>9.</span> <span class='ocrx_word' id='word_1_400' title='bbox 518 2729 641 2758; x_wconf 77' lang='lat' dir='ltr'>iasom&#39;s</span> <span class='ocrx_word' id='word_1_401' title='bbox 665 2728 722 2767; x_wconf 77' lang='lat' dir='ltr'>qul</span> <span class='ocrx_word' id='word_1_402' title='bbox 742 2728 763 2758; x_wconf 84' lang='lat' dir='ltr'>E</span> <span class='ocrx_word' id='word_1_403' title='bbox 778 2728 806 2757; x_wconf 80' lang='lat' dir='ltr'>V</span> <span class='ocrx_word' id='word_1_404' title='bbox 825 2745 857 2749; x_wconf 79' lang='lat'>——</span> <span class='ocrx_word' id='word_1_405' title='bbox 881 2728 932 2758; x_wconf 49' lang='lat'>110.</span> <span class='ocrx_word' id='word_1_406' title='bbox 957 2730 1135 2766; x_wconf 72' lang='lat' dir='ltr'>potuerant</span> <span class='ocrx_word' id='word_1_407' title='bbox 1161 2726 1305 2766; x_wconf 70' lang='lat' dir='ltr'>(litterae</span> <span class='ocrx_word' id='word_1_408' title='bbox 1324 2738 1345 2758; x_wconf 88' lang='grc' dir='ltr'><em>α</em></span> <span class='ocrx_word' id='word_1_409' title='bbox 1363 2737 1541 2767; x_wconf 83' lang='lat' dir='ltr'>supcrscr.</span> <span class='ocrx_word' id='word_1_410' title='bbox 1560 2730 1592 2766; x_wconf 83' lang='lat' dir='ltr'>u)</span> <span class='ocrx_word' id='word_1_411' title='bbox 1620 2728 1647 2757; x_wconf 87' lang='lat' dir='ltr'>V</span> <span class='ocrx_word' id='word_1_412' title='bbox 1675 2745 1709 2749; x_wconf 91' lang='lat'><strong>—</strong></span> <span class='ocrx_word' id='word_1_413' title='bbox 1738 2728 1789 2758; x_wconf 62' lang='lat'>1¹2.</span> <span class='ocrx_word' id='word_1_414' title='bbox 1817 2728 1843 2758; x_wconf 78' lang='lat' dir='ltr'>si</span> <span class='ocrx_word' id='word_1_415' title='bbox 1867 2727 1915 2758; x_wconf 80' lang='lat' dir='ltr'>his</span> <span class='ocrx_word' id='word_1_416' title='bbox 1938 2729 1962 2760; x_wconf 90' lang='lat' dir='ltr'>P</span> <span class='ocrx_word' id='word_1_417' title='bbox 1983 2746 2017 2750; x_wconf 97' lang='lat'><strong>—</strong></span> 
     </span>
     <span class='ocr_line' id='line_1_42' title="bbox 243 2777 2018 2817; baseline 0 -9"><span class='ocrx_word' id='word_1_418' title='bbox 243 2777 294 2809; x_wconf 72' lang='lat'>⁴4.</span> <span class='ocrx_word' id='word_1_419' title='bbox 323 2779 380 2807; x_wconf 76' lang='lat' dir='ltr'>aut</span> <span class='ocrx_word' id='word_1_420' title='bbox 397 2777 500 2807; x_wconf 73' lang='lat' dir='ltr'>scelus</span> <span class='ocrx_word' id='word_1_421' title='bbox 515 2779 694 2817; x_wconf 75' lang='lat' dir='ltr'>suscipitur</span> <span class='ocrx_word' id='word_1_422' title='bbox 712 2779 736 2809; x_wconf 86' lang='lat' dir='ltr'><em>O</em></span> <span class='ocrx_word' id='word_1_423' title='bbox 759 2796 793 2800; x_wconf 91' lang='lat'>—</span> <span class='ocrx_word' id='word_1_424' title='bbox 815 2778 865 2810; x_wconf 76' lang='lat'>48.</span> <span class='ocrx_word' id='word_1_425' title='bbox 893 2779 1015 2808; x_wconf 67' lang='lat' dir='ltr'>liornitii</span> <span class='ocrx_word' id='word_1_426' title='bbox 1039 2781 1083 2808; x_wconf 75' lang='lat' dir='ltr'>es!</span> <span class='ocrx_word' id='word_1_427' title='bbox 1101 2778 1126 2808; x_wconf 90' lang='lat' dir='ltr'>O</span> <span class='ocrx_word' id='word_1_428' title='bbox 1147 2795 1179 2798; x_wconf 98' lang='lat'><strong>—</strong></span> <span class='ocrx_word' id='word_1_429' title='bbox 1204 2778 1252 2808; x_wconf 81' lang='grc'>19.</span> <span class='ocrx_word' id='word_1_430' title='bbox 1273 2779 1380 2807; x_wconf 69' lang='lat' dir='ltr'>notius</span> <span class='ocrx_word' id='word_1_431' title='bbox 1397 2778 1425 2808; x_wconf 88' lang='lat' dir='ltr'>V</span> <span class='ocrx_word' id='word_1_432' title='bbox 1446 2794 1477 2799; x_wconf 96' lang='lat'>—</span> <span class='ocrx_word' id='word_1_433' title='bbox 1500 2777 1682 2808; x_wconf 75' lang='lat' dir='ltr'>hominibus</span> <span class='ocrx_word' id='word_1_434' title='bbox 1699 2778 1744 2807; x_wconf 76' lang='lat' dir='ltr'>dii</span> <span class='ocrx_word' id='word_1_435' title='bbox 1762 2777 1923 2808; x_wconf 75' lang='lat' dir='ltr'>dedissent</span> <span class='ocrx_word' id='word_1_436' title='bbox 1941 2778 1963 2808; x_wconf 89' lang='lat' dir='ltr'><strong>B</strong></span> <span class='ocrx_word' id='word_1_437' title='bbox 1983 2795 2018 2800; x_wconf 90' lang='lat'>—</span> 
     </span>
     <span class='ocr_line' id='line_1_43' title="bbox 241 2824 2021 2864; baseline 0.001 -7"><span class='ocrx_word' id='word_1_438' title='bbox 241 2827 268 2857; x_wconf 73' lang='lat' dir='ltr'>Si</span> <span class='ocrx_word' id='word_1_439' title='bbox 291 2826 318 2856; x_wconf 87' lang='lat' dir='ltr'>is</span> <span class='ocrx_word' id='word_1_440' title='bbox 340 2834 456 2856; x_wconf 38' lang='lat' dir='ltr'>‘nocere</span> <span class='ocrx_word' id='word_1_441' title='bbox 480 2827 515 2864; x_wconf 85' lang='lat' dir='ltr'>B,</span> <span class='ocrx_word' id='word_1_442' title='bbox 542 2829 568 2858; x_wconf 75' lang='lat' dir='ltr'>si</span> <span class='ocrx_word' id='word_1_443' title='bbox 592 2828 640 2858; x_wconf 76' lang='lat' dir='ltr'>his</span> <span class='ocrx_word' id='word_1_444' title='bbox 662 2837 778 2859; x_wconf 79' lang='lat' dir='ltr'>nocere</span> <span class='ocrx_word' id='word_1_445' title='bbox 796 2828 818 2858; x_wconf 87' lang='lat' dir='ltr'>E</span> <span class='ocrx_word' id='word_1_446' title='bbox 840 2845 873 2850; x_wconf 89' lang='lat'>—</span> <span class='ocrx_word' id='word_1_447' title='bbox 894 2829 945 2858; x_wconf 45' lang='lat'>¹2¹.</span> <span class='ocrx_word' id='word_1_448' title='bbox 966 2829 992 2859; x_wconf 79' lang='lat' dir='ltr'>si</span> <span class='ocrx_word' id='word_1_449' title='bbox 1018 2829 1043 2858; x_wconf 80' lang='lat' dir='ltr'>is</span> <span class='ocrx_word' id='word_1_450' title='bbox 1059 2830 1082 2859; x_wconf 73' lang='lat' dir='ltr'>A</span> <span class='ocrx_word' id='word_1_451' title='bbox 1101 2826 1157 2864; x_wconf 75' lang='lat' dir='ltr'>V1,</span> <span class='ocrx_word' id='word_1_452' title='bbox 1185 2829 1210 2857; x_wconf 84' lang='lat' dir='ltr'>si</span> <span class='ocrx_word' id='word_1_453' title='bbox 1236 2829 1274 2859; x_wconf 79' lang='lat' dir='ltr'>iis</span> <span class='ocrx_word' id='word_1_454' title='bbox 1298 2829 1321 2859; x_wconf 88' lang='lat' dir='ltr'>C</span> <span class='ocrx_word' id='word_1_455' title='bbox 1339 2824 1378 2858; x_wconf 47' lang='grc' dir='ltr'>ΥΒ</span> <span class='ocrx_word' id='word_1_456' title='bbox 1399 2846 1431 2850; x_wconf 88' lang='grc'>-</span> <span class='ocrx_word' id='word_1_457' title='bbox 1459 2829 1566 2858; x_wconf 72' lang='lat' dir='ltr'>mertia</span> <span class='ocrx_word' id='word_1_458' title='bbox 1591 2828 1617 2858; x_wconf 93' lang='lat' dir='ltr'>V</span> <span class='ocrx_word' id='word_1_459' title='bbox 1639 2845 1674 2850; x_wconf 85' lang='lat'>—</span> <span class='ocrx_word' id='word_1_460' title='bbox 1701 2828 1754 2859; x_wconf 70' lang='lat'>⁶22.</span> <span class='ocrx_word' id='word_1_461' title='bbox 1779 2831 2021 2860; x_wconf 71' lang='lat' dir='ltr'>Commemora-</span> 
     </span>
     <span class='ocr_line' id='line_1_44' title="bbox 242 2876 2023 2917; baseline 0.002 -10"><span class='ocrx_word' id='word_1_462' title='bbox 242 2876 340 2907; x_wconf 74' lang='lat' dir='ltr'>bacar</span> <span class='ocrx_word' id='word_1_463' title='bbox 363 2876 386 2907; x_wconf 90' lang='lat' dir='ltr'>B</span> <span class='ocrx_word' id='word_1_464' title='bbox 403 2876 425 2907; x_wconf 91' lang='lat' dir='ltr'>C</span> <span class='ocrx_word' id='word_1_465' title='bbox 443 2877 465 2908; x_wconf 86' lang='lat' dir='ltr'>E</span> <span class='ocrx_word' id='word_1_466' title='bbox 482 2879 503 2908; x_wconf 86' lang='lat' dir='ltr'>P</span> <span class='ocrx_word' id='word_1_467' title='bbox 520 2878 544 2907; x_wconf 88' lang='lat' dir='ltr'>V</span> <span class='ocrx_word' id='word_1_468' title='bbox 569 2895 611 2899; x_wconf 77' lang='lat'>—-</span> <span class='ocrx_word' id='word_1_469' title='bbox 633 2877 797 2908; x_wconf 75' lang='lat' dir='ltr'>hiercicae</span> <span class='ocrx_word' id='word_1_470' title='bbox 823 2877 848 2907; x_wconf 91' lang='lat' dir='ltr'>V</span> <span class='ocrx_word' id='word_1_471' title='bbox 874 2894 908 2898; x_wconf 91' lang='lat'>—</span> <span class='ocrx_word' id='word_1_472' title='bbox 938 2877 988 2908; x_wconf 70' lang='lat'>23.</span> <span class='ocrx_word' id='word_1_473' title='bbox 1016 2879 1136 2909; x_wconf 84' lang='lat' dir='ltr'>comice</span> <span class='ocrx_word' id='word_1_474' title='bbox 1162 2879 1184 2909; x_wconf 85' lang='lat' dir='ltr'>C</span> <span class='ocrx_word' id='word_1_475' title='bbox 1202 2878 1227 2907; x_wconf 86' lang='lat' dir='ltr'>V</span> <span class='ocrx_word' id='word_1_476' title='bbox 1252 2895 1284 2899; x_wconf 91' lang='lat'>—</span> <span class='ocrx_word' id='word_1_477' title='bbox 1313 2887 1408 2916; x_wconf 84' lang='lat' dir='ltr'>saepe</span> <span class='ocrx_word' id='word_1_478' title='bbox 1434 2877 1591 2917; x_wconf 67' lang='lat' dir='ltr'>Madvig:</span> <span class='ocrx_word' id='word_1_479' title='bbox 1619 2887 1744 2916; x_wconf 76' lang='lat' dir='ltr'>semper</span> <span class='ocrx_word' id='word_1_480' title='bbox 1769 2876 1849 2910; x_wconf 67' lang='lat'>⁵210.</span> <span class='ocrx_word' id='word_1_481' title='bbox 1879 2879 2023 2910; x_wconf 84' lang='lat' dir='ltr'>«Parum</span> 
     </span>
     <span class='ocr_line' id='line_1_45' title="bbox 241 2927 2023 2969; baseline 0.001 -11"><span class='ocrx_word' id='word_1_482' title='bbox 241 2936 369 2966; x_wconf 79' lang='lat' dir='ltr'>semper</span> <span class='ocrx_word' id='word_1_483' title='bbox 393 2936 457 2957; x_wconf 80' lang='lat' dir='ltr'>nec</span> <span class='ocrx_word' id='word_1_484' title='bbox 482 2937 544 2968; x_wconf 84' lang='lat' dir='ltr'>per</span> <span class='ocrx_word' id='word_1_485' title='bbox 568 2936 605 2959; x_wconf 82' lang='lat' dir='ltr'>se</span> <span class='ocrx_word' id='word_1_486' title='bbox 630 2931 727 2959; x_wconf 81' lang='lat' dir='ltr'>recte</span> <span class='ocrx_word' id='word_1_487' title='bbox 753 2927 822 2958; x_wconf 89' lang='lat' dir='ltr'>ullo</span> <span class='ocrx_word' id='word_1_488' title='bbox 849 2928 954 2959; x_wconf 86' lang='lat' dir='ltr'>modo</span> <span class='ocrx_word' id='word_1_489' title='bbox 981 2928 1108 2958; x_wconf 81' lang='lat' dir='ltr'>(licitur</span> <span class='ocrx_word' id='word_1_490' title='bbox 1132 2928 1310 2967; x_wconf 75' lang='lat' dir='ltr'>(quoniam</span> <span class='ocrx_word' id='word_1_491' title='bbox 1336 2927 1417 2958; x_wconf 83' lang='lat' dir='ltr'>nihil</span> <span class='ocrx_word' id='word_1_492' title='bbox 1445 2937 1509 2959; x_wconf 86' lang='lat' dir='ltr'>nec</span> <span class='ocrx_word' id='word_1_493' title='bbox 1536 2929 1636 2959; x_wconf 80' lang='lat' dir='ltr'>nlmis</span> <span class='ocrx_word' id='word_1_494' title='bbox 1656 2936 1721 2958; x_wconf 84' lang='lat' dir='ltr'>nec</span> <span class='ocrx_word' id='word_1_495' title='bbox 1739 2936 1860 2968; x_wconf 84' lang='lat' dir='ltr'>parum</span> <span class='ocrx_word' id='word_1_496' title='bbox 1880 2936 2023 2969; x_wconf 84' lang='lat' dir='ltr'>semper</span> 
     </span>
     <span class='ocr_line' id='line_1_46' title="bbox 244 2977 2021 3018; baseline 0 -9"><span class='ocrx_word' id='word_1_497' title='bbox 244 2986 322 3009; x_wconf 85' lang='lat' dir='ltr'>esse</span> <span class='ocrx_word' id='word_1_498' title='bbox 348 2979 475 3018; x_wconf 84' lang='lat' dir='ltr'>potest)</span> <span class='ocrx_word' id='word_1_499' title='bbox 501 2986 565 3008; x_wconf 86' lang='lat' dir='ltr'>nec</span> <span class='ocrx_word' id='word_1_500' title='bbox 591 2979 639 3008; x_wconf 80' lang='lat' dir='ltr'>rei</span> <span class='ocrx_word' id='word_1_501' title='bbox 665 2980 785 3018; x_wconf 81' lang='lat' dir='ltr'>aptum</span> <span class='ocrx_word' id='word_1_502' title='bbox 811 2980 874 3008; x_wconf 80' lang='lat' dir='ltr'>est.</span> <span class='ocrx_word' id='word_1_503' title='bbox 910 2980 1015 3017; x_wconf 83' lang='lat' dir='ltr'>Saepe</span> <span class='ocrx_word' id='word_1_504' title='bbox 1040 2979 1324 3008; x_wconf 74' lang='lat' dir='ltr'>ratiocinationes</span> <span class='ocrx_word' id='word_1_505' title='bbox 1352 2978 1466 3008; x_wconf 83' lang='lat' dir='ltr'>induci</span> <span class='ocrx_word' id='word_1_506' title='bbox 1494 2979 1526 3009; x_wconf 85' lang='lat' dir='ltr'>in</span> <span class='ocrx_word' id='word_1_507' title='bbox 1549 2977 1741 3009; x_wconf 87' lang='lat' dir='ltr'>comoediis</span> <span class='ocrx_word' id='word_1_508' title='bbox 1763 2977 1829 3008; x_wconf 82' lang='lat' dir='ltr'>dici</span> <span class='ocrx_word' id='word_1_509' title='bbox 1849 2980 2021 3018; x_wconf 83' lang='lat' dir='ltr'>poterant,</span> 
     </span>
     <span class='ocr_line' id='line_1_47' title="bbox 244 3026 2020 3067; baseline 0 -8"><span class='ocrx_word' id='word_1_510' title='bbox 244 3037 313 3059; x_wconf 90' lang='lat' dir='ltr'>non</span> <span class='ocrx_word' id='word_1_511' title='bbox 339 3036 475 3067; x_wconf 78' lang='lat' dir='ltr'>semper.</span> <span class='ocrx_word' id='word_1_512' title='bbox 510 3028 614 3058; x_wconf 80' lang='lat' dir='ltr'>Recte</span> <span class='ocrx_word' id='word_1_513' title='bbox 641 3028 735 3059; x_wconf 77' lang='lat' dir='ltr'>iden]</span> <span class='ocrx_word' id='word_1_514' title='bbox 763 3028 932 3059; x_wconf 85' lang='lat' dir='ltr'>mendum</span> <span class='ocrx_word' id='word_1_515' title='bbox 958 3030 1156 3059; x_wconf 76' lang='lat' dir='ltr'>correctum</span> <span class='ocrx_word' id='word_1_516' title='bbox 1183 3030 1256 3058; x_wconf 79' lang='lat' dir='ltr'>erat</span> <span class='ocrx_word' id='word_1_517' title='bbox 1283 3037 1300 3058; x_wconf 86' lang='lat' dir='ltr'>a</span> <span class='ocrx_word' id='word_1_518' title='bbox 1328 3029 1492 3065; x_wconf 78' lang='lat' dir='ltr'>Manutio,</span> <span class='ocrx_word' id='word_1_519' title='bbox 1528 3027 1711 3066; x_wconf 79' lang='lat' dir='ltr'>Lambino,</span> <span class='ocrx_word' id='word_1_520' title='bbox 1738 3026 1812 3058; x_wconf 81' lang='lat' dir='ltr'>aliis</span> <span class='ocrx_word' id='word_1_521' title='bbox 1838 3027 1855 3067; x_wconf 67' lang='lat' dir='ltr'>S</span> <span class='ocrx_word' id='word_1_522' title='bbox 1882 3027 1956 3059; x_wconf 84' lang='lat'>69.»</span> <span class='ocrx_word' id='word_1_523' title='bbox 1986 3045 2020 3049; x_wconf 93' lang='lat'>—</span> 
     </span>
     <span class='ocr_line' id='line_1_48' title="bbox 244 3077 2024 3117; baseline -0.001 -9"><span class='ocrx_word' id='word_1_524' title='bbox 244 3077 296 3108; x_wconf 67' lang='lat'>29.</span> <span class='ocrx_word' id='word_1_525' title='bbox 324 3077 435 3117; x_wconf 68' lang='lat' dir='ltr'>suave]</span> <span class='ocrx_word' id='word_1_526' title='bbox 462 3078 488 3107; x_wconf 85' lang='lat' dir='ltr'>si</span> <span class='ocrx_word' id='word_1_527' title='bbox 512 3086 576 3107; x_wconf 76' lang='lat' dir='ltr'>auo</span> <span class='ocrx_word' id='word_1_528' title='bbox 605 3078 628 3109; x_wconf 90' lang='lat' dir='ltr'>C</span> <span class='ocrx_word' id='word_1_529' title='bbox 659 3097 692 3101; x_wconf 93' lang='lat'><strong>—</strong></span> <span class='ocrx_word' id='word_1_530' title='bbox 720 3078 772 3109; x_wconf 84' lang='grc'>31.</span> <span class='ocrx_word' id='word_1_531' title='bbox 801 3088 856 3109; x_wconf 81' lang='lat' dir='ltr'>nec</span> <span class='ocrx_word' id='word_1_532' title='bbox 880 3081 966 3109; x_wconf 76' lang='lat' dir='ltr'>amet</span> <span class='ocrx_word' id='word_1_533' title='bbox 990 3080 1014 3109; x_wconf 73' lang='lat' dir='ltr'>A</span> <span class='ocrx_word' id='word_1_534' title='bbox 1031 3078 1091 3109; x_wconf 83' lang='lat' dir='ltr'>BP</span> <span class='ocrx_word' id='word_1_535' title='bbox 1109 3078 1133 3107; x_wconf 71' lang='lat' dir='ltr'>V</span> <span class='ocrx_word' id='word_1_536' title='bbox 1160 3081 1254 3112; x_wconf 59' lang='lat' dir='ltr'>:sainct</span> <span class='ocrx_word' id='word_1_537' title='bbox 1280 3078 1311 3108; x_wconf 92' lang='lat' dir='ltr'>in</span> <span class='ocrx_word' id='word_1_538' title='bbox 1338 3086 1404 3108; x_wconf 80' lang='lat' dir='ltr'>ras,</span> <span class='ocrx_word' id='word_1_539' title='bbox 1434 3087 1479 3109; x_wconf 82' lang='lat' dir='ltr'>ni.</span> <span class='ocrx_word' id='word_1_540' title='bbox 1508 3086 1579 3109; x_wconf 84' lang='lat' dir='ltr'>sec.</span> <span class='ocrx_word' id='word_1_541' title='bbox 1606 3079 1644 3112; x_wconf 72' lang='lat' dir='ltr'>A,</span> <span class='ocrx_word' id='word_1_542' title='bbox 1673 3086 1764 3108; x_wconf 88' lang='lat' dir='ltr'>corr.</span> <span class='ocrx_word' id='word_1_543' title='bbox 1793 3086 1833 3107; x_wconf 83' lang='lat' dir='ltr'>ex</span> <span class='ocrx_word' id='word_1_544' title='bbox 1859 3077 1971 3107; x_wconf 82' lang='lat' dir='ltr'>necari</span> <span class='ocrx_word' id='word_1_545' title='bbox 1994 3079 2024 3108; x_wconf 77' lang='lat' dir='ltr'>et</span> 
     </span>
     <span class='ocr_line' id='line_1_49' title="bbox 244 3127 2022 3170; baseline 0.001 -13"><span class='ocrx_word' id='word_1_546' title='bbox 244 3127 307 3166; x_wconf 60' lang='lat' dir='ltr'>Vl:</span> <span class='ocrx_word' id='word_1_547' title='bbox 334 3128 447 3158; x_wconf 73' lang='lat' dir='ltr'>necari</span> <span class='ocrx_word' id='word_1_548' title='bbox 471 3132 499 3159; x_wconf 72' lang='lat' dir='ltr'>et</span> <span class='ocrx_word' id='word_1_549' title='bbox 526 3128 548 3158; x_wconf 89' lang='lat' dir='ltr'>C</span> <span class='ocrx_word' id='word_1_550' title='bbox 568 3128 590 3159; x_wconf 83' lang='lat' dir='ltr'>E</span> <span class='ocrx_word' id='word_1_551' title='bbox 618 3145 653 3151; x_wconf 89' lang='lat'>—</span> <span class='ocrx_word' id='word_1_552' title='bbox 681 3130 730 3159; x_wconf 72' lang='lat' dir='ltr'>sai</span> <span class='ocrx_word' id='word_1_553' title='bbox 755 3132 945 3170; x_wconf 81' lang='lat' dir='ltr'>(superscr.</span> <span class='ocrx_word' id='word_1_554' title='bbox 975 3128 1051 3159; x_wconf 84' lang='lat' dir='ltr'>ead.</span> <span class='ocrx_word' id='word_1_555' title='bbox 1081 3136 1124 3158; x_wconf 83' lang='lat' dir='ltr'>ni.</span> <span class='ocrx_word' id='word_1_556' title='bbox 1154 3129 1211 3162; x_wconf 66' lang='lat' dir='ltr'>tui,</span> <span class='ocrx_word' id='word_1_557' title='bbox 1238 3128 1265 3158; x_wconf 79' lang='lat' dir='ltr'>V</span> <span class='ocrx_word' id='word_1_558' title='bbox 1291 3129 1323 3159; x_wconf 88' lang='lat' dir='ltr'>in</span> <span class='ocrx_word' id='word_1_559' title='bbox 1350 3128 1417 3159; x_wconf 79' lang='lat' dir='ltr'>fine</span> <span class='ocrx_word' id='word_1_560' title='bbox 1443 3129 1611 3168; x_wconf 53' lang='lat' dir='ltr'>paginam</span> <span class='ocrx_word' id='word_1_561' title='bbox 1640 3128 1795 3167; x_wconf 85' lang='lat' dir='ltr'>proxima</span> <span class='ocrx_word' id='word_1_562' title='bbox 1822 3134 1944 3158; x_wconf 89' lang='lat' dir='ltr'>rursus</span> <span class='ocrx_word' id='word_1_563' title='bbox 1969 3127 2022 3158; x_wconf 88' lang='lat' dir='ltr'>in—</span> 
     </span>
     <span class='ocr_line' id='line_1_50' title="bbox 247 3176 2018 3219; baseline -0.001 -11"><span class='ocrx_word' id='word_1_564' title='bbox 247 3178 329 3219; x_wconf 86' lang='lat' dir='ltr'>cipit</span> <span class='ocrx_word' id='word_1_565' title='bbox 354 3186 373 3208; x_wconf 93' lang='lat' dir='ltr'>a</span> <span class='ocrx_word' id='word_1_566' title='bbox 397 3178 463 3214; x_wconf 79' lang='lat' dir='ltr'>tui,</span> <span class='ocrx_word' id='word_1_567' title='bbox 491 3177 585 3217; x_wconf 82' lang='lat' dir='ltr'>quod</span> <span class='ocrx_word' id='word_1_568' title='bbox 612 3179 728 3210; x_wconf 81' lang='lat' dir='ltr'>tamen</span> <span class='ocrx_word' id='word_1_569' title='bbox 755 3179 832 3211; x_wconf 83' lang='lat' dir='ltr'>ead.</span> <span class='ocrx_word' id='word_1_570' title='bbox 861 3188 907 3210; x_wconf 83' lang='lat' dir='ltr'>m.</span> <span class='ocrx_word' id='word_1_571' title='bbox 936 3178 1091 3210; x_wconf 86' lang='lat' dir='ltr'>deletum</span> <span class='ocrx_word' id='word_1_572' title='bbox 1118 3179 1182 3209; x_wconf 84' lang='lat' dir='ltr'>est.</span> <span class='ocrx_word' id='word_1_573' title='bbox 1214 3195 1246 3198; x_wconf 97' lang='lat'><strong>—</strong></span> <span class='ocrx_word' id='word_1_574' title='bbox 1279 3177 1330 3208; x_wconf 74' lang='lat'>32.</span> <span class='ocrx_word' id='word_1_575' title='bbox 1358 3178 1558 3209; x_wconf 74' lang='lat' dir='ltr'>incredibilis</span> <span class='ocrx_word' id='word_1_576' title='bbox 1581 3178 1608 3208; x_wconf 72' lang='lat' dir='ltr'><strong>A</strong></span> <span class='ocrx_word' id='word_1_577' title='bbox 1636 3195 1670 3200; x_wconf 81' lang='lat'>-</span> <span class='ocrx_word' id='word_1_578' title='bbox 1696 3176 1747 3208; x_wconf 90' lang='lat'>36.</span> <span class='ocrx_word' id='word_1_579' title='bbox 1775 3176 1908 3215; x_wconf 76' lang='lat' dir='ltr'>dissipes</span> <span class='ocrx_word' id='word_1_580' title='bbox 1932 3176 1955 3206; x_wconf 91' lang='lat' dir='ltr'>C</span> <span class='ocrx_word' id='word_1_581' title='bbox 1973 3176 2018 3206; x_wconf 89' lang='lat' dir='ltr'>E:</span> 
     </span>
     <span class='ocr_line' id='line_1_51' title="bbox 247 3225 2021 3270; baseline -0.001 -11"><span class='ocrx_word' id='word_1_582' title='bbox 247 3228 374 3267; x_wconf 75' lang='lat' dir='ltr'>dissipis</span> <span class='ocrx_word' id='word_1_583' title='bbox 397 3229 423 3260; x_wconf 84' lang='lat' dir='ltr'>A</span> <span class='ocrx_word' id='word_1_584' title='bbox 438 3228 460 3258; x_wconf 91' lang='lat' dir='ltr'>B</span> <span class='ocrx_word' id='word_1_585' title='bbox 476 3229 498 3259; x_wconf 90' lang='lat' dir='ltr'>P</span> <span class='ocrx_word' id='word_1_586' title='bbox 514 3227 574 3265; x_wconf 78' lang='lat' dir='ltr'>V¹;</span> <span class='ocrx_word' id='word_1_587' title='bbox 601 3230 740 3269; x_wconf 80' lang='lat' dir='ltr'>dissipas</span> <span class='ocrx_word' id='word_1_588' title='bbox 764 3228 856 3263; x_wconf 57' lang='grc' dir='ltr'>ΨΟ.</span> <span class='ocrx_word' id='word_1_589' title='bbox 892 3229 1128 3261; x_wconf 80' lang='lat' dir='ltr'>«Sententiam</span> <span class='ocrx_word' id='word_1_590' title='bbox 1153 3236 1232 3260; x_wconf 83' lang='lat' dir='ltr'>esse</span> <span class='ocrx_word' id='word_1_591' title='bbox 1258 3227 1462 3268; x_wconf 80' lang='lat' dir='ltr'>generalem</span> <span class='ocrx_word' id='word_1_592' title='bbox 1487 3231 1522 3260; x_wconf 86' lang='lat' dir='ltr'>et</span> <span class='ocrx_word' id='word_1_593' title='bbox 1544 3237 1609 3270; x_wconf 90' lang='lat' dir='ltr'>per</span> <span class='ocrx_word' id='word_1_594' title='bbox 1633 3236 1671 3260; x_wconf 89' lang='lat' dir='ltr'>se</span> <span class='ocrx_word' id='word_1_595' title='bbox 1695 3228 1793 3269; x_wconf 87' lang='lat' dir='ltr'>patet</span> <span class='ocrx_word' id='word_1_596' title='bbox 1817 3228 1851 3259; x_wconf 86' lang='lat' dir='ltr'>et</span> <span class='ocrx_word' id='word_1_597' title='bbox 1868 3225 2021 3258; x_wconf 85' lang='lat' dir='ltr'>ostendit</span> 
     </span>
     <span class='ocr_line' id='line_1_52' title="bbox 248 3278 562 3311; baseline -0.003 0"><span class='ocrx_word' id='word_1_598' title='bbox 248 3287 391 3311; x_wconf 84' lang='lat' dir='ltr'>sumas.»</span> <span class='ocrx_word' id='word_1_599' title='bbox 416 3278 562 3310; x_wconf 78' lang='lat' dir='ltr'>MADV1G.</span> 
     </span>
    </p>
   </div>
  </div>
 </body>
</html>
