2249 3624
559 132 645 172 Lm.
677 131 746 172 111.
785 130 881 171 (ιω.
914 128 1176 169 xn—xlv.
1216 127 1276 181 §§
1308 126 1502 168 025-30.
1828 125 1909 166 285

142 239 316 292 imperio
348 251 488 278 carere
522 252 604 278 non
636 244 808 292 poterat.
866 238 1094 290 Tarquinio
1127 249 1223 276 vcro
1257 234 1358 288 quid
1393 233 1686 286 inpudentius,
1719 232 1790 286 qui
1822 232 1910 271 bel-

143 300 225 340 lum
258 306 415 352 gerent
447 315 538 340 cum
572 302 642 346 iis,
686 301 757 353 qui
800 301 889 339 eius
923 314 1004 339 non
1039 300 1215 339 tulerant
1249 297 1519 349 superbiam?
1554 296 1590 335 ls
1623 309 1714 334 cum
1746 295 1909 334 restitui

142 363 184 401 in
215 376 385 415 regumn
420 377 494 402 nec
520 363 753 402 Veientium
788 376 861 401 nec
895 363 1131 402 Latinorum
1166 361 1290 401 armis
1325 359 1548 412 potuisset,
1582 358 1731 398 Cunias
1764 363 1910 398 contu-

141 424 237 463 lisse
269 439 312 463 se.
345 425 498 464 dicitur
529 426 655 478 inque
689 439 735 463 ea
769 426 869 463 urbe
902 425 1018 463 senio
1051 430 1089 462 et
1121 422 1384 475 aegritudine
1417 435 1508 460 esse
1539 419 1767 460 confectus.

255 487 365 524 Xlll.
405 487 491 525 lloc
535 492 575 526 tu
618 487 743 535 igitur
783 500 926 525 censes
959 486 1140 537 sapienti
1173 485 1363 524 accidere
1396 497 1538 536 posse,
1574 488 1616 522 ut
1647 481 1941 535 aegritudine5

141 549 422 601 opprimatur,
462 548 501 586 id
543 554 605 587 est
646 548 837 587 miseria?
891 550 990 586 Nam
1031 562 1124 586 cuin
1167 548 1302 585 ‹nnnis
1347 546 1601 598 perturbatio
1634 545 1802 585 miseria
1834 552 1910 593 est,

140 615 225 649 tum
268 608 506 649 carnificina
547 616 609 649 est
647 611 875 661 aegritudo.
935 610 1066 648 llabet
1107 609 1295 648 ardorem
1330 609 1473 655 libido,
1512 608 1720 648 levitatem
1754 609 1910 648 laetitia

139 672 343 724 gestiens,
374 671 650 710 humilitatem
685 677 836 717 metus,
870 672 940 709 sed
965 672 1184 721 aegritudo
1209 672 1363 710 maiora
1387 670 1603 724 quaedam,
1638 669 1788 718 tabem,
1821 686 1912 710 eru-

141 734 315 780 ciatum,
347 733 694 779 adflictationem,
728 733 994 778 foeditatem:
1031 735 1204 779 lacerat,
1237 740 1355 772 exest
1376 734 1558 772 animum
1584 733 1792 787 planeque
1814 748 1912 773 con-

140 796 237 836 ficit.
287 797 399 835 Hanc
433 796 511 835 nisi
546 797 736 835 exuimus
770 796 842 841 sic,
878 801 919 834 ut
943 796 1184 842 abiciamus,
1218 797 1383 836 miseria
1407 809 1546 834 carere
1570 810 1648 835 non
1676 810 1911 849 possumus.
1928 804 1961 832 10

253 856 320 897 028.
356 861 489 911 Atque
529 858 604 897 bor
636 857 805 911 quidem
849 859 1116 910 perspicuum
1148 863 1230 904 est,
1265 864 1348 897 tum
1381 859 1683 907 aegritudinem
1716 860 1912 907 existere,

141 934 233 961 cum
266 921 368 974 quid
400 921 455 960 ita
489 921 620 960 visum
654 921 727 966 sit,
772 926 816 959 ut
860 933 1052 972 magnum
1088 920 1296 973 quoddam
1331 921 1481 959 malum
1515 921 1661 960 adesse
1694 927 1734 961 et
1766 936 1912 974 urgere

142 983 340 1023 videatur.
388 983 566 1036 Epicuro
599 989 736 1022 autem
770 983 904 1035 placet
930 983 1172 1035 opinionem
1198 983 1292 1022 mali
1315 983 1616 1035 aegritudinem
1641 998 1731 1024 esse
1755 991 1914 1032 natura,

140 1052 182 1086 ut
223 1047 477 1100 quicumque
516 1046 726 1085 intueatur
772 1047 813 1085 in
852 1043 1022 1098 aliquod
1066 1046 1198 1085 maius
1230 1046 1406 1093 malum,
1455 1047 1486 1085 si
1526 1046 1566 1084 id
1599 1047 1676 1085 sibi
1709 1047 1914 1087 accidisse

141 1109 354 1162 opinetur,
387 1110 439 1148 sit
470 1109 668 1148 continuo
700 1110 741 1148 in
773 1108 1048 1161 aegritudine.
1099 1108 1315 1162 Cyrenaici
1348 1122 1432 1147 non
1458 1109 1571 1148 omni
1604 1109 1711 1149 malo
1734 1110 1963 1162 aegritu-45

141 1172 279 1211 dinem
322 1171 429 1211 effici
463 1177 654 1219 censent,
698 1172 771 1211 sed
804 1172 1016 1224 insperato
1050 1177 1090 1211 et
1121 1170 1372 1223 necopinato
1404 1170 1526 1211 malo.
1570 1173 1643 1211 Est
1673 1172 1711 1211 id
1745 1172 1914 1226 quidem

141 1247 224 1274 non
258 1234 465 1274 mediocre
488 1234 538 1274 ad
566 1234 872 1287 aegritudinem
896 1235 1153 1287 augendam;
1187 1233 1381 1274 videntur
1402 1234 1510 1273 enim
1534 1233 1674 1274 omnia
1695 1234 1914 1287 repentina

141 1297 344 1349 graviora.
394 1298 454 1337 Ex
485 1297 565 1337 hoc
597 1304 638 1337 et
668 1297 739 1337 illa
770 1298 860 1337 iure
892 1298 1137 1337 laudantur:

135 1355 147 1369 ⁶
196 1360 299 1412 Ego
332 1373 441 1400 cum
475 1361 651 1413 genui,
684 1366 787 1400 tum
820 1360 1108 1400 morituros
1141 1360 1273 1400 scivi
1305 1364 1356 1399 et
1387 1360 1433 1400 ei
1467 1361 1543 1400 rei
1575 1359 1787 1400 sustuli.

197 1423 478 1464 Praeterea
509 1424 567 1463 ad
600 1423 804 1463 Troiam
837 1436 942 1462 cum
975 1423 1094 1462 misi
1126 1423 1188 1462 ob
1223 1422 1611 1462 defendendam
1635 1422 1960 1468 Graecianum

202 1486 399 1526 Scibam
432 1500 506 1526 me
549 1487 600 1526 in
632 1485 971 1526 mortiferum
1002 1485 1222 1533 bellum,
1255 1499 1357 1525 non
1388 1487 1437 1526 in
1469 1485 1659 1539 epulas
1692 1485 1914 1525 mittere.

254 1549 363 1587 XIV.
400 1546 464 1588 ⁶29.
498 1550 609 1589 Haec
640 1550 767 1601 igitur
798 1547 1115 1601 praemeditatio
1148 1548 1381 1587 futurorum
1410 1548 1615 1587 malorum
1648 1548 1751 1588 lenit
1772 1561 1915 1588 eorum

144 1610 391 1658 adventum,
423 1625 529 1666 quae
561 1611 773 1651 venientia
803 1612 928 1662 longe
960 1616 1054 1650 ante
1088 1610 1255 1651 videris.
1309 1611 1456 1664 Itaque
1487 1610 1599 1663 apud
1630 1610 1860 1663 Euripiden
1893 1623 1917 1649 a

143 1673 306 1714 Theseo
340 1674 450 1714 dicta
481 1674 725 1722 laudantur;
765 1674 859 1714 licet
891 1674 1023 1721 enim,
1064 1679 1109 1714 ut
1148 1686 1272 1726 saepe
1312 1672 1505 1721 facimus,
1548 1674 1589 1714 in
1621 1673 1814 1714 Latinum
1847 1672 1917 1712 illa

144 1741 387 1777 convertere
403 1752 411 1776 :
1929 1743 1965 1772 25

310 1801 427 1840 Nam
461 1800 544 1854 qui
578 1800 703 1839 haec
735 1799 917 1839 audita
949 1813 972 1839 a
1004 1800 1160 1839 docto
1194 1798 1551 1839 meminissem
1582 1798 1718 1846 viro,

311 1864 544 1903 Futuras
577 1876 771 1903 mecum
805 1862 1207 1903 commentabar
1238 1862 1512 1902 miserias:

310 1926 408 1965 Aut
438 1930 654 1965 mortem
687 1927 930 1965 acerbam
963 1931 1053 1965 aut
1085 1924 1215 1965 exili
1248 1930 1498 1965 maestam
1530 1924 1705 1977 fugam

309 1990 409 2028 Aut
440 2001 641 2042 semper
671 1988 905 2041 aliquam
937 1989 1127 2028 molem
1159 1988 1468 2027 meditabar
1498 1987 1643 2035 mali,

311 2051 386 2099 Ut,
418 2051 461 2092 si
494 2064 590 2104 qua
620 2051 836 2091 invecta
868 2050 1060 2091 diritas
1093 2064 1213 2092 casu
1242 2050 1406 2098 foret,
1930 2058 1967 2088 30
1999 2094 2003 2101 .

311 2116 377 2154 Ne
409 2128 481 2154 me
513 2115 817 2166 inparatum
851 2127 975 2154 cura
1008 2114 1282 2154 laceraret
1311 2126 1516 2166 repens.

143 2175 209 2217 30.
242 2177 365 2225 Quod
397 2183 537 2217 autem
569 2176 757 2216 Theseus
789 2190 812 2216 a
844 2177 964 2216 docto
998 2191 1041 2216 se
1073 2177 1241 2217 audisse
1274 2176 1396 2224 dicit,
1429 2176 1471 2215 id
1499 2176 1549 2215 de
1582 2188 1625 2215 se
1656 2176 1747 2229 ipso
1780 2176 1918 2234 loqui7

144 2245 210 2280 tur
240 2240 475 2293 Euripides.
528 2240 680 2279 Fuerat
721 2239 831 2279 enim
872 2239 1039 2279 auditor
1070 2242 1369 2292 Anaxagorae,
1402 2252 1525 2292 quem
1557 2236 1698 2279 ferunt
1727 2240 1918 2280 nuntiata

144 2307 274 2341 morte
307 2302 383 2341 filii
414 2302 594 2342 dixisse:
631 2302 854 2341 «Sciebam
887 2316 951 2341 me
974 2302 1168 2354 genuisse
1193 2302 1450 2342 mortalem.»
1487 2301 1605 2349 Quae
1629 2315 1711 2342 vox
1734 2303 1919 2344 declarat

144 2365 195 2404 iis
228 2378 320 2404 esse
350 2365 453 2404 haee
485 2362 653 2411 acerba,
687 2365 840 2418 quibus
874 2378 956 2403 non
988 2364 1144 2404 fuerint
1176 2365 1367 2417 cogitata.
1417 2365 1528 2416 Ergo
1560 2364 1599 2402 id
1633 2364 1802 2417 quidem
1833 2372 1967 2406 non35

144 2424 338 2474 dubium,
371 2428 473 2480 quin
505 2427 669 2473 omnia,
702 2431 810 2479 quae
841 2427 949 2466 mala
980 2433 1201 2480 putentur,
1234 2428 1316 2466 sint
1346 2426 1558 2479 inprovisa
1589 2427 1793 2478 graviora.
1838 2429 1919 2468 Ita-

147 2502 227 2542 que
260 2502 514 2542 quamquam
546 2502 630 2528 non
663 2489 765 2529 haec
797 2503 879 2530 una
910 2503 976 2529 res
1000 2488 1126 2529 efficit
1158 2490 1382 2529 maximam
1406 2488 1733 2542 aegritudinem,
1764 2496 1917 2537 tamen,

146 2553 346 2606 quoniam
392 2552 569 2592 multum
614 2558 754 2605 potest
798 2553 985 2606 provisio
1025 2553 1153 2592 animi
1185 2557 1226 2592 et
1262 2552 1525 2606 praeparatio
1559 2551 1612 2592 ad
1643 2552 1917 2592 minuendum

211 2756 242 2788 ⁶2.
269 2765 343 2787 cum
365 2756 413 2786 his
437 2757 460 2788 C
487 2774 516 2778 —
546 2755 575 2787 3.
596 2757 784 2796 vegentium
808 2757 832 2788 R
848 2757 870 2788 B
891 2757 935 2796 (in
954 2758 977 2788 R
995 2756 1056 2788 litt.
1080 2766 1101 2797 ς]
1119 2765 1296 2797 superscr.
1316 2757 1390 2787 im.
1411 2756 1584 2796 antiqua);
1602 2756 1781 2787 ueientium
1797 2756 1829 2787 in
1848 2764 1918 2788 ras.

148 2806 171 2836 G
192 2823 223 2827 —-
245 2806 403 2837 latiorum
421 2806 444 2837 C
465 2822 498 2826 —
519 2804 549 2837 4,
569 2806 809 2846 aegritudinem
827 2804 864 2837 G¹
886 2825 919 2829 —
938 2807 969 2838 9.
989 2807 1209 2847 adflictionem
1227 2808 1249 2837 B
1268 2823 1300 2828 —
1324 2807 1375 2837 Μ,
1395 2809 1465 2837 tum
1483 2814 1558 2847 sup.
1580 2804 1639 2837 lin.
1659 2807 1723 2837 G—
1744 2805 1795 2837 43.
1810 2806 1921 2845 placet

148 2856 386 2896 aegritudinem
404 2865 468 2887 esse
483 2859 626 2886 naturae
642 2855 774 2893 (verbis
791 2857 973 2895 opinionem
992 2858 1073 2888 mali
1091 2856 1224 2896 deletis)
1244 2856 1382 2888 Dobree
1401 2856 1546 2888 Advers.
1566 2855 1593 2887 11
1611 2864 1645 2897 p.
1661 2856 1734 2888 373.
1763 2855 1812 2887 Cf.
1828 2855 1919 2887 Bake

149 2904 167 2936 1.
188 2904 207 2935 l.
227 2914 261 2946 p.
277 2905 329 2943 92,
357 2906 436 2946 qui,
465 2906 526 2937 nisi
548 2904 730 2937 violentius
756 2907 862 2944 esset,
890 2916 952 2947 pro
976 2916 1041 2939 esse
1064 2909 1253 2948 reponeret
1277 2907 1414 2947 efficere.
1437 2924 1470 2928 —
1500 2907 1551 2938 45.
1570 2907 1603 2937 in
1621 2906 1863 2947 aegritudinem
1880 2905 1917 2936 C.

149 2955 234 2986 Vide
260 2955 303 2986 ad
329 2956 340 2986 1
366 2955 384 2995 S
410 2955 462 2986 90.
494 2973 525 2977 —
564 2956 651 2986 malo
682 2964 772 2987 corr.
800 2965 840 2987 ex
873 2958 968 2988 niodo
992 2958 1016 2989 R
1045 2976 1078 2980 —
1113 2957 1320 2997 aessriludine
1345 2957 1369 2987 G
1397 2973 1431 2978 —
1469 2956 1521 2988 48.
1547 2959 1576 2987 et
1605 2955 1699 2988 delet
1728 2956 1819 2988 Bake
1847 2955 1869 2987 l.
1895 2953 1917 2986 1.

150 3012 182 3044 p.
210 3004 260 3036 92.
288 3006 329 3036 At
354 3004 395 3035 cf.
424 3004 465 3035 IV
491 3006 508 3045 g
532 3004 583 3035 73.
615 3023 648 3026 —
681 3006 732 3036 49.
760 3006 830 3046 Eyo
860 3014 933 3038 cum
951 3007 1143 3038 --sustuli.
1182 3007 1358 3037 Praeterea
1389 3014 1464 3036 cum
1491 3006 1525 3037 in
1558 3005 1646 3046 (cod.
1674 3006 1720 3044 ob)
1750 3009 1920 3037 terrarum

149 3054 261 3085 orbem
284 3055 359 3085 misi
384 3054 421 3084 ob
444 3055 677 3094 defendendum
703 3057 896 3095 imperium,
922 3056 1046 3087 scibam
1068 3066 1118 3087 me
1142 3057 1175 3086 in
1199 3056 1373 3094 mortifera
1396 3054 1498 3092 bella,
1524 3055 1638 3086 nonin
1658 3055 1771 3095 epulas
1791 3055 1921 3086 mittere

152 3102 276 3134 Fronto
301 3102 344 3134 de
369 3102 461 3134 bello
487 3104 600 3135 Parth.
629 3113 661 3145 p.
689 3106 751 3136 499
777 3106 830 3136 ed.
853 3107 949 3138 Rom.
974 3107 1049 3146 (405
1067 3105 1199 3143 Nieb.);
1226 3114 1284 3146 eya
1307 3113 1384 3135 cum
1405 3105 1504 3145 ¹qenai
1526 3107 1595 3135 tum
1617 3106 1817 3136 moriturum
1841 3104 1922 3135 scivi

150 3153 180 3182 et
202 3151 277 3183 huic
300 3153 348 3184 rei
372 3153 488 3183 sustuli
512 3154 645 3184 Seneca
670 3154 713 3185 ad
730 3154 851 3195 Polyb.
872 3155 915 3186 de
935 3155 1066 3187 consol.
1090 3157 1139 3193 Μ,
1160 3154 1212 3186 30.
1235 3172 1269 3176 -
1295 3155 1495 3185 moriturum
1511 3154 1662 3192 Seneca,
1684 3155 1708 3186 Ο
1729 3172 1763 3177 —-
1784 3155 1835 3186 24.
1855 3155 1921 3185 sci-

151 3201 225 3232 bam
249 3202 394 3233 Fronto:
422 3202 561 3234 sciebam
587 3204 610 3234 C
638 3220 671 3225 —
700 3203 752 3236 23.
778 3205 972 3244 Euripidem
996 3206 1021 3236 Ο
1043 3223 1074 3227 -
1104 3203 1156 3236 24.
1175 3204 1294 3235 thesseo
1319 3205 1380 3236 GR
1401 3221 1435 3226 —
1462 3204 1516 3237 28.
1535 3208 1594 3236 aut
1617 3203 1752 3237 addidit
1776 3205 1809 3235 in
1827 3204 1850 3234 G
1870 3211 1916 3234 m.

151 3258 222 3282 sec.
253 3268 286 3273 —
313 3252 406 3283 exilii
431 3252 455 3284 C
484 3268 518 3274 —
545 3255 699 3284 maescem
723 3254 749 3285 G
776 3270 811 3276 —
838 3253 891 3286 35.
916 3254 966 3286 his
989 3254 1035 3286 C.
