2249 3624
259 151 341 194 498
923 151 992 192 DE
1023 151 1376 192 DIVINATIONE

262 263 459 316 scriptum
498 261 541 300 in
579 257 754 298 historia
785 262 845 297 est
875 257 1151 296 Hamilcarem
1184 257 1597 309 Karthaginiensem,
1639 272 1732 298 cum
1765 265 2027 314 oppugnaret

264 327 508 379 Syracusas,
545 322 681 361 visum
713 334 803 359 esse
835 320 979 359 audire
1011 333 1155 359 vocem
1189 333 1232 359 se
1270 320 1474 372 postridie
1506 327 1748 361 cenaturum
1781 323 2024 376 Syracusis:

263 402 355 428 cum
396 391 533 426 autem
572 385 607 422 is
639 383 728 422 dies
759 382 1004 429 inluxisset,
1047 395 1235 434 magnam
1269 382 1518 422 seditionem
1549 384 1590 422 in
1624 385 1768 423 castris
1801 386 1889 425 eius
1920 386 2028 425 inter

260 451 422 490 Poenos
453 452 493 487 et
524 446 688 485 Siculos
721 444 872 484 milites
904 457 996 484 esse
1028 444 1203 484 factam:
1237 445 1347 497 quod
1381 458 1471 484 cum
1505 446 1736 485 sensissent
1767 448 2027 500 Syracusani,

227 511 473 565 binproviso
507 521 579 548 eos
610 508 652 546 in
684 511 817 546 castra
847 506 1057 559 inrupisse
1088 507 1452 560 Hamilcaremque
1483 508 1533 548 ab
1563 508 1613 547 iis
1640 509 1776 548 vivum
1811 522 1903 548 esse
1934 510 2029 549 sub-

259 575 400 614 latum.
450 572 509 611 Ita
547 583 613 609 res
653 570 860 608 somnium
902 569 1189 622 conprobavit.
1243 570 1371 609 Plena
1410 570 1698 623 exemplorum
1741 576 1803 610 est
1840 570 2028 618 historia,

260 643 345 677 tum
384 633 536 675 referta
578 632 664 671 vita
704 631 949 671 communis.
1010 629 1075 671 51.
1108 632 1160 671 At
1198 645 1296 671 vero
1328 634 1370 672 P.
1402 633 1555 673 Decius
1586 633 1680 680 ille,
1724 633 1870 681 Quinti
1903 633 2028 680 filius,

262 700 334 753 qui
365 698 521 752 primus
554 709 575 734 e
606 694 745 733 Deciis
777 694 924 732 consul
955 693 1054 740 fuit,
1087 707 1178 734 cum
1212 700 1325 735 esset
1353 696 1546 735 tribunus
1577 696 1757 735 militum
1783 696 1835 734 M.
1860 695 2027 735 Valerio

257 762 365 801 Aulo
400 757 593 800 Cornelio
626 756 873 796 consulibus
904 769 928 794 a
960 756 1298 811 Samnitibusque
1339 763 1601 810 premeretur
1630 763 1773 798 noster
1803 759 2028 805 exercitus,

207 831 350 862 iocum
380 820 568 875 pericula
599 819 855 872 proeliorum
892 819 1017 858 iniret
1047 819 1245 859 audacius
1278 826 1605 873 monereturque
1636 826 1683 860 ut
1714 821 1874 860 cautior
1904 826 2027 868 esset,

256 885 380 931 dixit,
412 881 523 937 quod
555 887 672 922 extat
700 882 742 920 in
774 881 1019 921 annalibus:
1061 882 1137 921 sibi
1167 882 1210 921 in
1242 883 1397 922 somnis
1430 883 1562 922 visum
1596 896 1708 930 esse,
1742 897 1834 923 cum
1867 884 1908 922 in
1941 897 2026 923 me-

255 947 334 987 diis
365 945 557 986 hostibus
588 949 847 991 versaretur,
888 944 1079 984 occidere
1112 958 1204 984 cum
1237 958 1433 984 maxuma
1463 945 1608 997 gloria.
1654 946 1707 985 Et
1736 951 1823 986 tum
1854 946 2026 999 quidem

253 1009 478 1050 incolumis
509 1007 740 1048 exercitum
769 1007 988 1047 obsidione
1010 1007 1228 1046 liberavit:
1260 1012 1354 1060 post
1374 1008 1601 1047 triennium
1624 1013 1784 1057 autem,
1816 1022 1907 1049 cum
1929 1022 2028 1048 con-

254 1073 317 1113 sul
349 1076 477 1117 esset,
510 1070 678 1110 devovit
709 1084 752 1110 se
785 1075 827 1109 et
856 1071 897 1110 in
930 1071 1062 1110 aciem
1095 1070 1336 1109 Latinorum
1368 1070 1531 1123 inrupit
1561 1076 1758 1111 armatus.
1811 1072 1905 1119 Quo
1937 1072 2027 1112 eius

204 1135 360 1175 ⁴5facto
401 1133 587 1186 superati
631 1137 728 1172 sunt
768 1138 809 1172 et
846 1132 971 1172 deleti
1012 1132 1163 1172 Latini.
1216 1132 1341 1172 Cuius
1385 1145 1495 1172 mors
1534 1133 1590 1173 ita
1629 1133 1810 1185 gloriosa
1840 1133 1942 1181 fuit,
1982 1139 2028 1174 ut

253 1197 428 1238 eandem
472 1195 791 1248 concupisceret
827 1193 953 1235 filius.
1023 1193 1090 1233 52.
1134 1194 1215 1234 Sed
1254 1194 1471 1234 veniamus
1513 1208 1643 1242 nunc,
1693 1197 1728 1236 si
1769 1197 1928 1249 placet,
1975 1196 2026 1237 ad

251 1260 414 1301 somnia
445 1258 810 1312 philosophorum.

362 1322 494 1361 XXV.
533 1322 607 1360 Est
636 1319 747 1373 apud
780 1320 995 1359 Platonem
1028 1320 1241 1367 Socrates,
1282 1334 1375 1361 cum
1408 1326 1520 1361 esset
1550 1321 1592 1360 in
1626 1320 1815 1361 custodia
1847 1321 2025 1374 publica,

251 1386 396 1426 dicens
429 1384 587 1424 Critoni
631 1396 707 1422 suo
750 1382 946 1422 familiari
985 1383 1063 1422 sibi
1112 1388 1207 1436 post
1246 1384 1414 1423 tertium
1451 1385 1560 1423 diem
1603 1397 1694 1424 esse
1735 1383 2026 1423 moriendum:

201 1449 405 1490 20vidisse
437 1460 480 1487 se
511 1447 553 1485 in
587 1445 743 1486 somnis
774 1444 1087 1499 pulchritudine
1120 1445 1273 1485 eximia
1304 1446 1523 1492 feminam,
1556 1458 1664 1499 quae
1697 1459 1740 1485 se
1761 1446 1930 1485 nomine
1954 1459 2027 1499 ap-

250 1511 414 1566 pellans
446 1509 603 1549 diceret
633 1508 902 1547 Homericum
935 1508 1146 1560 quendam
1179 1507 1270 1547 eius
1303 1508 1413 1548 modi
1448 1522 1643 1548 versum:

419 1573 606 1612 Tertia
636 1576 684 1610 te
717 1569 933 1610 Phthiae
966 1576 1263 1624 tempestas
1296 1571 1436 1611 laeta
1469 1572 1685 1612 locabit.

251 1637 397 1687 Quod,
427 1641 475 1675 ut
505 1641 568 1674 est
599 1633 775 1680 dictum,
817 1633 876 1674 sic
907 1634 1106 1673 scribitur
1137 1634 1379 1686 contigisse.
1431 1634 1670 1687 Xenophon
1704 1634 1941 1674 Socraticus
1972 1658 2026 1663 -

251 1700 320 1753 qui
351 1700 415 1739 vir
444 1703 485 1738 et
516 1697 725 1750 quantus!
760 1718 814 1723 —
851 1696 891 1735 in
925 1709 973 1735 ea
1004 1696 1175 1743 militia,
1209 1709 1290 1749 qua
1324 1710 1415 1736 cum
1450 1697 1557 1751 Cyro
1591 1698 1751 1736 minore
1782 1697 2025 1750 perfunctus

200 1772 237 1801 25
251 1768 334 1811 est,
367 1775 441 1801 sua
464 1760 608 1800 scribit
629 1759 811 1806 somnia,
834 1773 1011 1812 quorum
1035 1764 1209 1798 eventus
1233 1760 1443 1799 mirabiles
1466 1760 1728 1799 exstiterunt.
1767 1758 1833 1798 53.
1856 1760 2025 1800 Mentiri

249 1825 573 1878 Xenophontem
604 1835 656 1861 an
689 1822 867 1861 delirare
900 1821 1118 1860 dicemus?
1162 1821 1306 1869 Quid?
1337 1822 1536 1873 singulari
1568 1821 1630 1860 vir
1661 1821 1832 1873 ingenio
1864 1822 2024 1861 Aristo-

250 1889 353 1931 teles
387 1893 426 1927 et
456 1898 588 1939 paene
621 1883 762 1923 divino
794 1884 938 1936 ipsene
971 1889 1078 1923 errat
1108 1896 1159 1922 an
1192 1884 1296 1923 alios
1328 1884 1417 1923 vult
1450 1897 1611 1930 errare,
1642 1897 1737 1923 cum
1770 1884 1914 1923 scribit
1943 1885 2026 1923 Eu-

251 1952 418 1992 demum
451 1947 671 2000 Cyprium‚
702 1945 949 1986 familiarem
973 1960 1117 1992 suum,
1148 1947 1227 1986 iter
1247 1947 1290 1985 in
1311 1946 1601 1986 Macedoniam
1624 1944 1848 1985 facientem
1871 1946 2024 1986 Pheras

249 2015 434 2059 venisse,
467 2023 573 2064 quae
605 2014 693 2049 erat
714 2009 812 2048 urbs
836 2010 878 2048 in
900 2009 1116 2049 Thessalia
1138 2015 1225 2049 tum
1251 2009 1475 2049 admodum
1498 2009 1675 2056 nobilis,
1707 2009 1758 2048 ab
1780 2009 2023 2050 Alexandro

200 2083 237 2113 30
251 2082 389 2118 autem
419 2080 597 2129 tyranno
631 2072 788 2112 crudeli
816 2071 1031 2111 dominatu
1066 2073 1308 2111 tenebatur:
1342 2073 1383 2110 in
1416 2085 1465 2111 eo
1498 2071 1626 2123 igitur
1656 2071 1811 2124 oppido
1844 2072 1903 2111 ita
1933 2085 2026 2124 gra-

250 2140 357 2180 viter
387 2150 559 2191 aegrum
588 2135 822 2174 Eudemum
856 2134 1006 2181 fuisse,
1037 2139 1082 2174 ut
1115 2148 1260 2174 omnes
1292 2134 1442 2173 medici
1464 2133 1730 2173 diffiderent:
1762 2133 1800 2172 ei
1821 2133 1957 2173 visum
1981 2135 2024 2174 in

252 2203 392 2257 quiete
424 2199 590 2253 egregia
620 2197 725 2237 facie
757 2198 950 2236 iuvenem
984 2197 1123 2236 dicere
1154 2196 1244 2236 fore
1276 2202 1319 2236 ut
1342 2196 1533 2249 perbrevi
1559 2195 1890 2243 convalesceret,
1922 2211 2026 2250 pau-

252 2265 399 2317 cisque
431 2262 580 2302 diebus
605 2260 869 2300 interiturum
892 2259 1174 2299 Alexandrum
1198 2265 1440 2312 tyrannum,
1471 2260 1607 2311 ipsum
1630 2264 1769 2298 autem
1789 2260 2023 2301 Eudemum

253 2325 546 2381 quinquennio
577 2327 672 2376 post
703 2322 871 2362 domum
904 2335 995 2361 esse
1018 2320 1259 2360 rediturum.
1306 2323 1442 2374 Atque
1465 2322 1522 2361 ita
1546 2321 1715 2374 quidem
1736 2321 1868 2374 prima
1889 2324 2025 2364 statim

202 2400 238 2432 35
253 2389 397 2430 scribit
426 2385 670 2427 Aristoteles
704 2389 950 2431 consecuta,
983 2389 1023 2423 et
1055 2384 1320 2423 convaluisse
1351 2384 1584 2423 Eudemum
1616 2389 1657 2423 et
1687 2383 1737 2423 ab
1769 2384 1913 2424 uxoris
1942 2384 2026 2423 fra-

252 2452 385 2492 tribus
411 2448 676 2490 interfectum
699 2452 947 2500 tyrannum:
981 2446 1127 2499 quinto
1150 2452 1289 2486 autem
1312 2460 1422 2486 anno
1447 2451 1650 2493 exeunte,
1683 2459 1775 2485 cum
1799 2451 1908 2486 esset
1930 2460 2024 2500 spes

254 2527 304 2554 ex
336 2514 408 2553 illo
440 2511 624 2558 somnio,
656 2510 699 2550 in
732 2509 913 2562 Cyprum
944 2508 1059 2548 illum
1094 2522 1146 2548 ex
1178 2509 1321 2548 Sicilia
1343 2522 1434 2548 esse
1463 2508 1716 2554 rediturum,
1749 2509 2024 2560 proeliantem

254 2589 349 2616 eum
381 2574 433 2615 ad
465 2575 691 2627 Syracusas
723 2572 957 2612 occidisse:
993 2585 1046 2611 ex
1077 2584 1160 2625 quo
1191 2572 1249 2611 ita
1279 2571 1384 2611 illud
1416 2571 1623 2611 somnium
1657 2584 1747 2610 esse
1777 2572 2026 2625 interpreta-

342 2730 370 2760 4.
402 2729 680 2769 Κανιαρὶηεηεειη
704 2728 751 2765 Η,
785 2727 1060 2767 cartaginiensem
1085 2726 1159 2763 AV,
1193 2726 1478 2766 cai-thayinenscm
1502 2726 1525 2757 B
1561 2744 1595 2748 —
1634 2726 1665 2757 ⁶2.
1693 2729 1910 2758 coenaturum
1934 2728 1959 2758 O
1986 2744 2020 2749 —

253 2778 283 2810 3.
310 2779 445 2810 luxisset
469 2780 495 2810 A
532 2795 566 2800 —
605 2777 637 2813 4,
661 2785 784 2817 poenos
809 2777 835 2807 H
870 2794 904 2799 -
938 2777 1105 2808 sensissent
1129 2777 1153 2807 B
1189 2794 1224 2799 —
1256 2778 1286 2808 5.
1314 2776 1354 2807 ab
1377 2777 1426 2807 his
1449 2777 1515 2807 BH
1549 2794 1583 2798 —
1620 2776 1651 2808 6.
1676 2785 1728 2807 res
1751 2777 1896 2807 omnium
1920 2775 1960 2808 Α1
1985 2794 2021 2800 -

252 2828 400 2867 exemplo
424 2830 469 2859 est
492 2825 542 2865 13¹,
568 2831 614 2859 cst
637 2826 863 2866 exemplorum
880 2826 908 2856 H
935 2842 969 2847 —
997 2826 1028 2857 7.
1055 2825 1135 2864 tum]
1159 2834 1233 2856 cum
1251 2826 1277 2857 H
1306 2844 1341 2849 —
1367 2827 1404 2857 de
1421 2826 1502 2857 ciuis
1519 2826 1545 2856 H
1574 2844 1608 2848 —
1635 2827 1775 2864 quinti*
1798 2826 1823 2857 B
1851 2844 1884 2849 —
1912 2826 1943 2858 8.
1961 2826 2024 2865 fuit

253 2878 364 2909 consul
387 2878 411 2908 B
440 2895 473 2900 —-
501 2878 611 2909 consol
634 2879 674 2908 Al
697 2894 740 2899 —-
764 2876 794 2907 9.
822 2875 912 2906 aulio
936 2875 963 2905 V
990 2892 1025 2897 —
1053 2875 1182 2906 consule
1205 2876 1347 2907 cornelio
1372 2877 1399 2907 H
1427 2892 1461 2898 —
1491 2876 1542 2907 10.
1565 2876 1773 2914 praeliorum
1796 2876 1825 2907 H
1850 2893 1885 2898 —
1913 2877 2023 2907 auda-

252 2928 317 2958 tius
340 2928 385 2965 A,
418 2928 555 2958 edacius
579 2928 606 2958 H
631 2945 673 2949 —
697 2930 756 2957 aut
779 2927 913 2957 causior
936 2925 963 2956 H
989 2942 1024 2947 —
1065 2926 1117 2956 112.
1144 2930 1337 2956 uersaretur
1360 2926 1502 2956 hostibus
1526 2924 1566 2956 H¹
1593 2943 1627 2947 -
1664 2925 1715 2956 43.
1741 2926 1896 2957 liberauit
1919 2928 1959 2957 Α1
1985 2943 2019 2948 -

254 2975 306 3007 48.
333 2979 415 3015 aput
438 2978 462 3006 Α
498 2994 531 2999 -
565 2977 617 3007 ΞΟ.
645 2977 765 3008 eximie
790 2977 817 3007 A
842 2992 877 2996 —
912 2975 965 3006 22.
986 2975 1120 3014 phithae
1144 2976 1189 3009 H.
1218 2976 1353 3015 pytlzlac
1375 2977 1445 3013 AV,
1476 2975 1604 3015 pythele
1627 2976 1652 3006 Β
1679 2992 1714 2996 -
1741 2975 1866 3007 locauit
1888 2974 1959 3006 AV¹
1984 2991 2019 2996 —-

252 3025 305 3056 23.
333 3029 369 3055 ut
392 3028 436 3055 εει
460 3025 517 3055 V2:
551 3030 596 3058 εει
618 3026 750 3063 AssVi,
783 3027 851 3057 eius
874 3025 902 3055 H
938 3041 972 3046 —
1012 3024 1063 3056 ⁴24.
1089 3026 1178 3056 mino
1202 3025 1241 3057 Α1
1269 3043 1301 3047 -
1339 3027 1389 3057 25.
1415 3026 1555 3057 scribere
1579 3026 1606 3056 H
1641 3042 1676 3047 —
1712 3025 1762 3057 26.
1790 3025 1844 3065 an]
1869 3026 1904 3055 in
1928 3025 1955 3056 H
1983 3041 2017 3046 -

252 3075 306 3106 27.
334 3076 413 3115 post
435 3075 546 3106 scribit
571 3077 603 3107 in
629 3077 652 3107 B
678 3076 768 3106 duae
794 3074 928 3106 litterae
954 3083 1088 3112 erasae,
1114 3076 1198 3106 item
1224 3084 1263 3106 en
1287 3077 1319 3107 in
1346 3085 1413 3107 ras.
1442 3093 1476 3097 -
1504 3076 1558 3109 QS.
1582 3075 1794 3114 satiencemA
1823 3092 1856 3097 —
1883 3074 2020 3113 3t.d1f-

250 3125 387 3165 fiderent
403 3129 440 3143 Ἠ*
457 3126 485 3156 ei
508 3128 535 3157 A
562 3143 596 3147 —
624 3126 749 3156 enisum
775 3124 813 3155 V¹
844 3142 880 3147 —-
915 3124 966 3156 32.
994 3126 1128 3165 aeqreia
1150 3125 1230 3164 fatie
1253 3127 1280 3156 A
1307 3143 1341 3147 —
1365 3125 1572 3165 perbreuiter
1596 3126 1624 3156 H
1655 3141 1692 3147 —
1726 3124 1778 3156 34.
1804 3125 1853 3155 ita
1877 3124 1920 3155 C:
1953 3124 2019 3154 isla

255 3176 281 3205 Α
306 3183 346 3205 ex
373 3183 486 3212 corn,
512 3175 571 3206 illa
595 3174 694 3206 Halm
733 3190 768 3196 —
807 3175 859 3206 35.
886 3175 1061 3205 aristotelis
1084 3175 1145 3206 ΛΥ
1183 3192 1217 3196 -
1256 3176 1307 3206 37.
1330 3176 1552 3215 praeliantem
1575 3175 1641 3206 AV
1681 3192 1715 3197 —
1753 3174 1805 3205 38.
1831 3173 1905 3204 illut
1926 3175 1952 3204 Α
1979 3189 2015 3194 -

252 3233 401 3255 somnum
418 3224 445 3255 H
472 3241 506 3246 —
534 3225 796 3265 interpretatum]
821 3225 911 3256 hanc
936 3226 1112 3266 passivam
1136 3225 1238 3257 huius
1263 3226 1362 3257 verbi
1386 3226 1457 3257 vim
1480 3225 1621 3266 respicit
1641 3223 1767 3255 Gellius
1783 3223 1854 3261 XV,
1871 3222 1922 3261 43,
1949 3229 2017 3261 qua

255 3275 380 3307 eadem
405 3277 437 3306 vi
461 3274 611 3307 verbum
636 3277 785 3307 recurrit
818 3277 847 3315 1,
875 3276 985 3316 5418.
1015 3293 1049 3298 —
