2249 3624
231 127 313 170 428
846 127 916 168 DE
947 124 1172 166 DEORUM
1200 123 1415 165 NATURA

236 231 472 290 [faciliora].
523 235 642 275 Certe
672 234 730 274 ita
759 238 915 274 temere
946 233 997 273 de
1028 231 1186 272 mundo
1219 231 1432 279 effutiunt,
1471 235 1518 271 ut
1547 230 1648 271 mihi
1680 233 1849 286 quidem
1879 251 2000 279 num-

234 311 359 352 quam
391 296 500 338 hunc
531 296 814 337 admirabilem
847 295 951 335 caeli
983 300 1195 341 ornatum,
1237 294 1308 347 qui
1340 294 1456 334 locus
1488 300 1551 334 est
1580 297 1816 349 proximuS‚
1856 312 2003 353 suspe-

234 361 348 401 xisse
386 360 618 400 videantur.
678 357 743 397 95.
776 358 990 398 Praeclare
1022 370 1122 409 ergo
1154 356 1398 396 Aristoteles
1440 357 1509 396 «Si
1541 364 1704 398 essent»
1738 360 1875 414 inquit
1906 363 2004 415 «qui

235 423 312 463 sub
342 428 452 463 terra
483 436 648 475 semper
667 419 967 461 habitavissent
988 420 1110 459 bonis
1132 424 1172 459 et
1192 419 1439 458 inlustribus
1461 419 1706 468 domiciliis,
1737 434 1843 475 quae
1865 431 2006 465 essent

201 493 218 521 5
235 490 381 525 ornata
412 485 541 538 signis
573 490 699 538 atque
731 483 905 536 picturis
927 483 1211 536 instructaque
1234 481 1357 520 rebus
1380 481 1430 520 iis
1453 482 1669 530 omnibus,
1701 486 1852 538 quibus
1874 487 2006 527 abun-

236 546 336 587 dant
375 548 428 595 ii,
470 547 540 600 qui
570 546 683 586 beati
714 550 930 598 putantur,
962 558 1039 584 nec
1070 550 1208 584 tamen
1240 544 1427 583 exissent
1455 558 1653 598 umquam
1685 560 1809 600 supra
1840 554 2005 597 terram,

235 609 496 662 accepissent
537 614 677 649 autem
709 607 819 647 fama
851 613 891 647 et
922 607 1136 647 auditione
1169 619 1261 646 esse
1292 605 1503 659 quoddam
1536 621 1691 647 numen
1721 615 1763 649 et
1792 611 1874 651 vim
1906 613 2008 652 deo-

234 684 345 718 rum,
383 670 536 711 deinde
577 671 719 723 aliquo
762 675 948 723 tempore
985 668 1205 722 patefactis
1246 674 1381 708 terrae
1427 668 1618 710 faucibus
1651 684 1701 710 ex
1740 672 1823 713 illis
1855 675 2006 715 abditis

235 733 406 773 sedibus
438 733 613 773 evadere
640 734 682 773 in
709 732 812 772 haec
834 732 947 779 loca,
979 745 1086 784 quae
1107 745 1183 771 nos
1205 731 1445 778 incolimus,
1476 737 1601 784 atque
1624 734 1738 773 exire
1759 737 2007 788 potuissent,

185 804 221 833 4ο
235 809 328 836 cum
359 801 532 847 repente
563 802 714 836 terram
747 800 788 835 et
809 795 937 834 maria
959 794 1204 848 caelumque
1226 793 1451 840 vidissent,
1483 795 1652 834 nubium
1676 799 2006 849 magnitudinem

234 862 536 910 ventorumque
559 858 642 897 vim
665 857 962 910 cognovissent
983 857 1333 910 aspexissentque
1356 856 1507 903 solem,
1537 857 1712 911 eiusque
1734 873 1824 900 cum
1847 863 2008 914 magni-

235 918 423 959 tudinem
454 920 913 973 pulchritudinemque,
952 926 1038 960 tum
1072 921 1194 959 etiam
1233 917 1498 958 efficientiam
1532 921 1851 971 cognovissent,
1892 924 2007 976 quod

234 982 269 1022 is
301 981 411 1021 diem
444 979 628 1022 efficeret
658 988 746 1022 toto
775 982 890 1022 caelo
917 983 1010 1022 luce
1042 982 1210 1028 diffusa,
1243 994 1333 1020 cum
1358 987 1495 1020 autem
1518 986 1648 1021 terras
1670 996 1754 1022 nox
1776 991 2008 1036 opacasset,

236 1050 324 1084 tum
356 1044 518 1084 caelum
549 1050 680 1085 totum
703 1051 923 1085 cernerent
953 1044 1074 1084 astris
1097 1044 1336 1083 distinctum
1362 1049 1401 1082 et
1422 1049 1614 1083 ornatum
1646 1045 1856 1099 lunaeque
1887 1048 2010 1089 lumi-

187 1117 223 1146 115
237 1120 337 1147 1111111
358 1107 601 1147 varietatem
624 1113 712 1147 tum
734 1108 978 1154 crescentis,
1011 1112 1098 1146 tum
1122 1106 1399 1153 senescentis,
1431 1120 1660 1160 eorumque
1683 1110 1871 1150 omnium
1893 1117 2009 1152 ortus

238 1176 280 1210 et
311 1183 484 1210 occasus
515 1176 643 1225 atque
675 1172 718 1210 in
749 1171 861 1211 omni
893 1170 1139 1210 aeternitate
1168 1175 1279 1208 ratos
1311 1169 1663 1223 inmutabilesque
1696 1185 1870 1212 cursus:
1903 1188 2010 1227 quae

237 1246 332 1273 cum
362 1232 576 1281 viderent,
616 1234 806 1287 profecto
839 1238 879 1273 et
909 1246 1000 1272 esse
1033 1233 1133 1272 deos
1175 1237 1215 1271 et
1253 1231 1357 1271 haec
1395 1236 1506 1271 tanta
1547 1246 1675 1285 opera
1714 1233 1886 1274 deorum
1919 1249 2010 1276 esse

238 1296 576 1336 arbitrarentur.n
620 1296 852 1335 XXXVIII.
875 1293 941 1334 96.
963 1296 1098 1347 Atque
1119 1294 1222 1334 haec
1244 1294 1414 1347 quidem
1437 1294 1520 1333 ille.
1551 1296 1636 1335 Nos
1658 1301 1795 1336 autem
1818 1298 2011 1338 tenebras

239 1358 472 1410 cogitemus
502 1364 660 1405 tantas,
693 1365 872 1412 quantae
895 1358 1107 1412 quondam
1141 1357 1364 1409 eruptione
1388 1359 1668 1397 Aetnaeorum
1701 1358 1857 1411 ignium
1890 1358 2012 1400 finiti-

187 1431 225 1461 20
240 1434 327 1461 mas
357 1422 552 1473 regiones
584 1422 875 1461 obscuravisse
907 1421 1113 1467 dicuntur,
1145 1425 1189 1459 ut
1215 1433 1290 1471 per
1310 1420 1483 1458 biduum
1506 1433 1628 1460 nemo
1650 1420 1862 1461 hominem
1885 1422 2011 1463 homo

238 1489 506 1536 agnosceret,
548 1498 640 1524 cum
683 1490 821 1524 autern
864 1484 984 1523 tertio
1028 1483 1094 1522 die
1126 1482 1186 1522 sol
1218 1482 1462 1528 inluxisset,
1499 1487 1586 1521 tum
1618 1488 1664 1522 ut
1694 1484 1898 1524 revixisse
1930 1485 2011 1524 sibi

238 1547 492 1587 viderentur.
541 1546 664 1594 Quod
696 1547 730 1586 si
761 1547 839 1586 hoc
871 1547 981 1586 idem
1011 1559 1063 1585 ex
1084 1545 1265 1585 aeternis
1288 1542 1471 1583 tenebris
1495 1545 1776 1597 contingeret,
1808 1552 1855 1585 ut
1876 1546 2012 1587 subito

238 1610 377 1650 lucem
414 1610 718 1663 aspiceremus,
762 1622 968 1663 quaenam
1010 1609 1170 1661 species
1213 1607 1316 1646 caeli
1355 1607 1598 1646 videretur?
1646 1608 1727 1648 Sed
1759 1608 2011 1649 adsiduitate

238 1672 449 1713 cotidiana
487 1677 528 1712 et
558 1672 864 1712 consuetudine
897 1672 1113 1712 oculorum
1146 1671 1401 1711 adsuescunt
1430 1670 1556 1709 animi
1588 1683 1724 1724 neque
1756 1662 2013 1712 admirantur

188 1743 376 1789 25neque
412 1735 633 1788 requirunt
670 1735 852 1775 rationes
896 1748 1036 1774 earum
1080 1747 1239 1779 rerum,
1281 1746 1386 1786 quas
1427 1746 1593 1786 semper
1621 1735 1786 1782 vident,
1833 1735 2012 1788 proinde

241 1799 364 1852 quasi
394 1798 558 1837 novitas
589 1811 666 1837 nos
698 1798 829 1850 magis
861 1811 985 1851 quam
1017 1796 1258 1849 magnitudo
1297 1809 1434 1835 rerum
1467 1797 1615 1836 debeat
1645 1797 1695 1836 ad
1728 1797 2013 1850 exquirendas

241 1873 387 1901 causas
428 1861 624 1900 excitare.
683 1858 749 1899 97.
783 1860 888 1908 Quis
921 1860 1031 1899 enim
1070 1859 1181 1898 hunc
1212 1858 1425 1898 homiuem
1458 1858 1630 1906 dixerit,
1671 1859 1763 1913 qui,
1805 1874 1898 1900 cum
1930 1866 2013 1901 tam

241 1929 376 1963 certos
417 1923 521 1962 caeli
562 1928 718 1970 motus,
756 1928 838 1962 tam
879 1928 992 1961 ratos
1023 1928 1228 1961 astrorum
1261 1921 1429 1960 ordines
1460 1926 1629 1974 tamque
1658 1923 1767 1962 inter
1797 1936 1841 1962 se
1873 1922 2014 1962 omnia

243 1999 404 2026 conexa
435 1991 476 2025 et
505 1992 601 2039 apta
630 1986 801 2032 viderit,
845 1990 969 2037 neget
1008 1985 1050 2024 in
1090 1984 1154 2024 his
1185 1984 1312 2023 ullam
1345 1984 1482 2023 inesse
1514 1986 1717 2024 rationem
1751 1998 1883 2038 eaque
1914 1998 2015 2024 casu

192 2057 229 2087 30
245 2047 332 2089 fieri
364 2049 492 2095 dicat,
533 2062 639 2102 quae
671 2053 827 2102 quanto
859 2048 1032 2088 consilio
1074 2052 1271 2099 gerantur
1302 2046 1416 2085 nullo
1449 2047 1627 2086 consilio
1660 2047 1833 2100 adsequi
1865 2061 2016 2100 possu-

243 2113 370 2152 mus?
414 2113 477 2150 An
510 2125 604 2150 cum
635 2111 943 2152 machinatione
973 2111 1152 2164 quadam
1184 2109 1341 2149 moveri
1373 2109 1530 2162 aliquid
1555 2109 1764 2156 videmus,
1797 2115 1843 2149 ut
1866 2109 2015 2163 sphae-

243 2188 352 2222 ram,
389 2179 437 2213 ut
476 2174 622 2221 horas,
662 2180 708 2213 ut
744 2174 825 2213 alia
868 2173 1096 2226 permulta,
1136 2185 1219 2212 non
1259 2172 1496 2211 dubitamus
1529 2171 1630 2223 quin
1671 2171 1744 2211 illa
1775 2185 1903 2225 opera
1934 2173 2015 2212 sint

242 2237 441 2277 rationis:
473 2250 566 2276 cum
598 2242 737 2276 autem
769 2236 971 2289 impetum
1004 2235 1107 2275 caeli
1130 2248 1223 2274 cum
1245 2233 1481 2274 admirabili
1505 2234 1718 2274 celeritate
1740 2234 1899 2273 moveri
1922 2248 2013 2273 ver-

245 2463 317 2494 Scr.
350 2470 434 2501 quae
464 2464 539 2491 sunt
567 2460 674 2491 minus
705 2468 861 2499 operosa,
898 2462 928 2490 et
958 2459 1059 2489 mullo
1092 2459 1221 2498 quidem
1254 2458 1338 2497 (was
1367 2458 1495 2489 minder
1522 2458 1647 2488 schwer
1670 2461 1709 2488 151
1732 2458 1801 2488 und
1824 2467 1920 2488 zwar
1942 2458 2019 2489 weit

243 2511 397 2551 minder).
422 2511 577 2550 faciliora
602 2509 758 2540 additum
785 2509 828 2539 ab
855 2508 989 2546 aliquo,
1018 2510 1075 2549 qui
1102 2518 1169 2540 non
1196 2508 1411 2540 intellexerat
1436 2512 1464 2539 el
1488 2509 1589 2538 mullo
1615 2509 1747 2546 quidem
1771 2510 1949 2549 pertinere
1974 2509 2017 2540 ad

243 2562 352 2592 minus
376 2569 524 2599 operosa.
560 2560 610 2592 Cf.
639 2559 681 2590 ad
708 2560 719 2590 I
744 2559 761 2599 ἓ
787 2559 838 2589 77.
867 2560 1016 2595 MAnvio,
1044 2568 1114 2598 quo
1140 2561 1282 2589 amtore-
1307 2559 1462 2597 faciliora
1487 2558 1708 2589 seclusimus.
1739 2576 1772 2581 -
1799 2560 1905 2590 ‘mulla
1930 2560 1953 2590 B
1982 2575 2016 2581 -

245 2612 276 2642 4.
303 2611 468 2650 effutliunt
490 2612 535 2642 A:
563 2611 702 2651 effitiunt
726 2618 815 2641 corr.
844 2610 877 2640 in
901 2610 1066 2649 effulliunt
1085 2610 1107 2639 B
1127 2619 1132 2640 :
1159 2610 1303 2649 efficium(
1330 2610 1352 2640 E
1373 2627 1407 2631 —
1434 2610 1464 2640 5.
1484 2609 1532 2639 his
1556 2607 1584 2640 2¹1
1606 2625 1639 2629 —
1667 2607 1860 2639 habundant
1882 2609 1931 2644 B;
1957 2609 2021 2639 ha-

247 2659 371 2690 bundat
395 2660 418 2691 C
435 2660 458 2691 E
483 2661 527 2700 (in
555 2661 578 2691 C
605 2668 781 2700 superscr.
809 2668 829 2689 n
854 2660 933 2689 ante
959 2659 979 2697 t)
1010 2676 1044 2680 —-
1072 2658 1101 2689 6.
1129 2659 1160 2689 111
1184 2659 1249 2689 AC
1267 2659 1331 2688 [ΞΥ
1360 2675 1393 2680 -
1422 2659 1452 2689 9.
1480 2658 1631 2689 sedilibus
1655 2658 1679 2689 C
1704 2676 1735 2680 -
1757 2659 1808 2689 40.
1834 2659 2019 2697 replenceA

250 2727 285 2732 —
312 2714 403 2741 terra
429 2710 452 2741 C
481 2727 516 2732 —
543 2710 677 2740 nubium
696 2727 742 2732 --
759 2709 983 2748 cognovissent
1007 2717 1076 2739 om.
1105 2709 1129 2739 C
1159 2726 1191 2729 —
1226 2709 1275 2738 ll.
1304 2717 1377 2738 eum
1402 2709 1464 2739 AB
1481 2710 1503 2739 (j
1524 2708 1570 2736 V:
1607 2712 1674 2737 lum
1700 2707 1764 2738 EO
1792 2726 1827 2730 —
1855 2708 1906 2738 42Δ
1935 2708 2022 2745 quod

247 2761 295 2791 his
320 2761 343 2792 C
361 2760 383 2791 E
410 2761 460 2799 (in
487 2760 510 2791 C
537 2759 596 2790 litt.
623 2760 643 2790 h
667 2758 810 2797 deleta);
839 2758 925 2797 quod
950 2757 998 2787 dis
1024 2757 1140 2789 {altera
1161 2758 1180 2787 d
1205 2757 1329 2790 deletui
1350 2758 1375 2786 V
1402 2776 1435 2780 —-
1465 2756 1516 2788 114.
1543 2761 1611 2788 tum
1637 2758 1660 2789 C
1677 2757 1762 2788 EV:
1790 2767 1864 2788 cum
1889 2759 1913 2788 A
1930 2758 1954 2788 B
1983 2775 2018 2780 -

250 2812 301 2843 45.
329 2815 397 2841 lum
420 2811 589 2841 crescentis
606 2819 675 2841 om.
698 2811 720 2841 C
750 2827 784 2831 —
811 2809 1019 2846 siderumque
1042 2807 1227 2838 Hoffmann
1247 2808 1411 2847 (Zeitschr.
1429 2808 1453 2847 f.
1473 2808 1503 2837 d.
1526 2808 1763 2846 Gymnasialzc.
1782 2807 1852 2837 VlIl
1879 2815 1911 2847 p.
1931 2807 2018 2844 70⁴2».

252 2878 289 2884 —
317 2861 368 2891 46.
396 2869 480 2899 quae
503 2869 576 2891 cum
599 2861 746 2891 viderent
771 2859 851 2898 cet.]
879 2857 1141 2889 «Anacolulhon
1167 2858 1233 2888 hoc
1260 2866 1403 2897 prorsus
1429 2866 1446 2887 a
1473 2858 1651 2889 Ciceronis
1677 2859 1709 2888 in
1729 2866 1770 2888 eo
1788 2865 1916 2896 genere
1935 2865 2021 2887 con-

251 2909 436 2941 suetudine
467 2909 615 2941 discedit
646 2909 791 2940 relativo
823 2909 949 2949 posito,
983 2908 1043 2939 ubi
1074 2909 1198 2939 Cicero
1228 2909 1423 2938 orationem
1456 2906 1590 2947 longius
1615 2908 1725 2939 susam
1752 2906 1949 2947 collegisset
1972 2907 2021 2939 sic

251 2960 347 2991 fere:
377 2977 411 2982 —
437 2960 533 2990 haec
559 2959 619 3000 [sic
644 2960 746 2990 codd.
774 2958 903 2999 aliquot
929 2959 1014 2989 dett.
1041 2960 1075 2989 et
1100 2957 1195 2989 editt.
1223 2957 1321 2998 vett]
1347 2966 1421 2988 cum
1444 2958 1606 2995 viderent,
1629 2958 1775 2997 profecto
1794 2959 1860 2988 cet.
1888 2957 2022 2988 Vereor

252 3019 296 3042 ne
322 3010 444 3041 Cicero
474 3011 678 3050 scripserit:
713 3018 890 3049 eorumque
921 3008 1067 3039 omnium
1098 3010 1188 3037 ortus
1213 3010 1241 3037 el
1265 3016 1401 3037 occasus
1424 3011 1522 3045 atque
1545 3008 1577 3036 in
1603 3008 1691 3037 omni
1715 3007 1909 3038 aeternitate
1930 3010 2022 3037 ratos

249 3059 524 3097 inmutabilesque
546 3069 662 3091 cursus
685 3069 759 3091 cum
781 3061 947 3097 viderent,
971 3058 1116 3097 profecto
1143 3058 1225 3094 cet,
1252 3056 1390 3087 sublato
1412 3065 1529 3095 quae.»
1556 3057 1699 3088 MAnvm.
1723 3075 1757 3079 —
1785 3057 1837 3088 49.
1864 3057 2021 3088 aethnae—

253 3117 350 3139 orum
373 3108 419 3145 V,
452 3109 663 3140 ethna-eorum
688 3111 734 3145 A,
767 3110 979 3140 aethneorum
1004 3108 1051 3141 C.
1084 3107 1271 3138 ethaeorum
1297 3107 1320 3138 F,
1348 3123 1382 3129 --
1416 3106 1469 3138 24.
1498 3107 1692 3137 adsuescunt
1716 3114 1807 3137 corr.
1835 3115 1875 3137 ex
1900 3106 2020 3136 adsue-

252 3162 344 3190 scant
367 3159 393 3190 Α
422 3175 456 3179 —-
483 3159 534 3189 b25.
557 3159 696 3197 proinde
721 3160 908 3199 (superscr.
931 3158 1002 3197 per)
1029 3157 1056 3186 V
1084 3174 1117 3178 -—
1152 3157 1203 3187 27.
1231 3158 1303 3195 quis
1333 3157 1418 3187 enim
1434 3174 1482 3180 —-
1500 3157 1557 3195 qui
1579 3160 1648 3187 lam
1670 3159 1774 3187 certos
1795 3156 1877 3187 caeli
1899 3159 2018 3193 motus,

255 3213 323 3240 tam
346 3212 449 3239 status
471 3213 639 3240 astrorum
662 3210 776 3240 ordine
807 3213 938 3248 tamque
953 3224 1000 3230 --
1017 3210 1110 3247 neget
1139 3207 1186 3238 his
1202 3209 1429 3239 --rationem
1453 3208 1584 3239 Nonius
1607 3215 1640 3248 p.
1660 3206 1734 3238 235.
1765 3225 1799 3230 —
1827 3206 1878 3238 33.
1904 3205 2020 3238 celeri·-

255 3262 321 3292 tate
343 3259 470 3291 moueri
492 3260 641 3300 uertique
665 3259 698 3290 in
722 3267 844 3291 rasura
870 3261 905 3291 Α.
