2249 3624
657 103 746 142 Lm.
776 102 806 142 1.
845 101 939 142 Car.
971 101 1147 142 v—Vl.
1183 99 1242 153 §§
1274 97 1467 140 49—024.
1883 104 1937 145 63

181 218 289 258 vitae
332 216 527 256 adiuncta
568 221 677 266 sunt.
736 215 957 254 Hominem
998 227 1089 254 esse
1132 214 1358 253 censebant
1389 212 1508 266 quasi
1539 218 1698 265 partem
1730 217 1938 268 quandam

183 279 361 320 civitatis
389 273 433 319 ⁴et
462 279 646 319 universi
677 278 841 330 generis
872 277 1064 323 humani,
1105 290 1283 328 eumque
1323 290 1413 315 esse
1445 276 1711 316 coniunctum
1744 292 1835 318 cum
1868 280 1942 320 ho-

183 343 363 382 minibus
394 342 576 380 humana
608 341 786 394 quadam
819 341 1030 380 societate.
1080 340 1138 378 Ac
1166 340 1216 378 de
1240 352 1401 385 summo
1424 338 1596 392 quidem
1616 345 1741 393 atque
1763 343 1942 382 naturali

182 406 291 444 bono
331 406 399 446 sicr
424 409 575 455 agunt:
618 409 756 442 cetera
797 408 935 442 autem
978 402 1187 454 pertinere
1219 401 1270 440 ad
1303 402 1341 440 id
1374 407 1520 454 putant
1549 407 1621 441 aut
1651 403 1941 455 adaugendum

181 461 251 507 aut
283 466 529 512 tenendum,
563 470 607 504 ut
637 465 822 509 divitias,
856 471 898 503 ut
930 478 1045 517 opes,
1078 470 1121 503 ut
1142 464 1331 515 gloriam,
1364 469 1408 502 ut
1428 464 1615 515 gratiam.
1658 465 1717 505 lta
1739 466 1976 518 tripartita5

182 530 233 569 ab
264 529 315 568 iis
348 527 560 567 inducitur
591 527 694 565 ratio
725 526 941 565 bonorum.

294 591 363 629 Vl.
404 588 469 628 9¹2.
507 590 643 641 Atque
689 587 792 626 haec
832 588 901 626 illa
943 593 1037 626 sunt
1084 588 1161 627 tria
1201 602 1375 640 genera,
1421 602 1529 641 quae
1567 595 1714 642 putant
1752 591 1944 646 plerique

183 652 480 705 Peripateticos
513 651 664 690 dicore.
726 649 771 688 ld
803 650 972 702 quidem
1005 662 1089 688 nou
1120 649 1246 696 salso;
1284 656 1347 689 est
1377 652 1486 690 enim
1520 652 1622 692 haec
1655 655 1822 705 partitio
1852 656 1946 694 illo—

183 727 296 754 rum:
329 714 430 753 illud
464 713 756 765 inprudenter,
788 712 822 750 si
854 712 957 750 alios
981 724 1071 749 esso
1093 711 1386 759 Academicos,
1419 714 1489 766 qui
1514 719 1599 753 tum
1622 716 1946 768 appellarentur,

182 777 287 817 alios
332 775 630 828 Peripateticos
677 774 942 813 arbitrantur.
1005 773 1245 813 Communis
1284 774 1387 813 hacc
1427 776 1530 815 ratio
1569 782 1607 815 et
1650 780 1835 832 utrisque
1878 780 1998 821 hieto

183 839 385 878 bonorum
428 838 523 876 linis
561 836 802 883 videbatur,
844 835 1043 887 adipisci,
1086 849 1193 888 quae
1237 842 1378 875 essent
1409 838 1539 889 prima
1570 845 1717 878 natura
1750 855 1947 895 quaeque
1992 863 2006 881 ι

184 902 276 954 ipsa
310 914 383 954 per
412 913 503 940 sese
527 898 782 951 expetenda,
814 903 886 937 aut
907 898 1048 936 omnia
1072 903 1142 936 aut
1163 898 1355 937 maxima.
1396 899 1455 938 Ea
1477 906 1573 939 sunt
1595 907 1731 942 autem
1755 905 1947 952 maxima,

189 976 296 1015 quae
330 963 372 1001 iu
403 963 496 1014 ipso
527 962 666 1000 auimo
698 966 825 1013 atque
856 960 897 999 in
938 960 1030 1012 ipsa
1060 960 1212 999 virtute
1243 966 1476 1000 versantur.
1538 963 1680 1016 ltaque
1712 968 1845 1007 omnis
1879 968 1947 1007 illa

186 1025 357 1077 antiqua
397 1024 663 1078 philosophia
704 1024 835 1063 sensit
877 1023 916 1061 i'u
959 1036 1040 1061 una
1079 1022 1227 1062 virtute
1269 1036 1359 1062 esse
1404 1024 1583 1077 positam
1614 1026 1776 1068 beatam
1807 1030 1948 1076 vitam,

186 1100 262 1126 nec
294 1093 429 1126 tamen
461 1086 762 1133 beatissimam,
802 1085 881 1124 nisi
919 1085 1251 1136 adiungerentur
1281 1089 1323 1124 et
1352 1086 1536 1138 corporis
1568 1092 1608 1126 ct
1638 1094 1796 1137 cetera,
1841 1103 1998 1144 quaet-’5

188 1161 311 1201 supra
354 1149 462 1187 dicta
509 1154 623 1193 sunt,
670 1147 720 1186 ad
760 1147 927 1186 virtutis
966 1160 1087 1186 usum
1127 1147 1293 1186 idonea.
1352 1144 1419 1186 ⁶23.
1457 1148 1520 1187 Ex
1558 1149 1635 1190 hac
1667 1151 1949 1206 descriptione

187 1210 335 1263 agendi
367 1223 534 1263 quoque
565 1209 725 1262 aliquid
756 1210 798 1249 in
830 1209 911 1249 vita
942 1214 983 1249 et
1007 1206 1131 1249 officii
1162 1209 1295 1262 ipsius
1316 1210 1482 1250 initium
1506 1213 1803 1264 reperiebatur,
1835 1216 1949 1269 quod

187 1278 274 1313 erat
318 1273 360 1311 in
402 1272 717 1312 conservatione
757 1285 898 1311 earum
936 1285 1098 1319 rerum,
1145 1285 1249 1325 quas
1291 1278 1437 1313 natura
1476 1276 1792 1327 praescriberet.
1843 1279 1950 1318 Hinc

187 1334 430 1387 gignebatur
464 1333 561 1387 fuga
602 1333 789 1373 desidiae
830 1334 1178 1387 voluptatumque
1219 1337 1495 1388 contemptio,
1537 1350 1589 1376 ex
1636 1352 1719 1390 quo
1759 1339 1950 1380 laborum

187 1396 464 1449 dolorumque
495 1396 705 1449 susceptio
737 1396 958 1435 multorum
990 1409 1321 1450 magnorumque
1346 1398 1446 1437 recti
1466 1398 1719 1453 honestique
1740 1415 1879 1450 causa,
1911 1408 1952 1442 et
1965 1414 2000 1445 20

189 1472 330 1499 earum
371 1472 506 1498 rerum
538 1463 544 1469 “
571 1463 614 1506 ”’“’,
656 1471 763 1511 quae
806 1464 923 1497 erant
962 1464 1239 1511 congruentes
1271 1473 1364 1499 cum
1404 1462 1733 1515 praescriptione
1765 1470 1950 1514 naturae,

188 1521 299 1560 unde
331 1526 371 1560 et
400 1521 582 1561 amicitia
614 1521 820 1560 existebat
851 1526 890 1560 et
921 1521 1075 1560 iustitia
1106 1526 1231 1574 atque
1262 1523 1475 1576 aequitas;
1508 1537 1668 1578 eaeque
1700 1531 1741 1566 et
1760 1528 1951 1582 volupta—

190 1583 299 1622 tibus
332 1589 371 1622 et
401 1583 541 1622 multis
573 1583 681 1623 vitae
713 1583 943 1623 commodis
974 1584 1347 1637 anteponebantur.
1396 1586 1509 1626 Haec
1541 1586 1709 1639 quidem
1740 1588 1820 1629 fuit
1840 1590 1951 1643 apud

190 1658 261 1685 eos
293 1659 451 1685 morum
483 1645 688 1685 institutio
722 1651 763 1685 et
793 1646 882 1685 eius
914 1646 1070 1698 partis,
1112 1660 1237 1700 quam
1277 1648 1452 1700 primam
1483 1650 1626 1701 posui,
1664 1650 1795 1691 forma
1825 1659 1951 1707 atque

189 1707 426 1760 descriptio.
486 1705 552 1746 94.
583 1709 643 1747 De
674 1713 821 1747 natura
851 1714 991 1747 autem
1022 1730 1076 1737 —
1106 1709 1147 1747 id
1180 1709 1290 1748 enim
1313 1711 1570 1763 sequebatur
1595 1712 1723 1752 —ita
1744 1713 1951 1763 dicebant,
1967 1728 2004 1756 25

189 1775 234 1809 ut
276 1783 367 1809 eam
410 1769 646 1809 dividerent
686 1771 727 1809 in
765 1784 831 1809 res
863 1770 986 1818 duas;
1029 1777 1074 1810 ut
1106 1771 1237 1811 altera
1268 1778 1377 1812 esset
1407 1770 1613 1821 efficiens,
1651 1774 1781 1815 altera
1812 1783 1951 1818 autem

190 1833 309 1886 quasi
339 1832 436 1872 huie
468 1846 511 1872 se
543 1833 770 1886 praebens,
812 1846 860 1872 ea
891 1846 998 1886 quae
1030 1833 1265 1874 efficeretur
1296 1835 1471 1888 aliquid.
1529 1837 1577 1875 In
1608 1849 1679 1884 eo,
1721 1839 1833 1891 quod
1866 1839 1953 1880 effi-

190 1900 320 1942 ceret,
367 1895 449 1935 vim
493 1908 585 1935 esse
626 1895 872 1943 censebant,
918 1896 960 1934 in
1002 1909 1051 1936 eo
1091 1901 1251 1943 autem,
1297 1897 1411 1950 quod
1443 1895 1698 1947 efficeretur,
1739 1903 1953 1942 materiam

189 1958 417 2010 quandam;
462 1958 504 1997 in
550 1962 731 2011 utroque
770 1964 908 1997 tamen
948 1963 1197 2012 utrumque:
1243 1972 1382 2012 neque
1423 1961 1534 1999 enim
1574 1962 1788 2002 materiam
1819 1964 1953 2017 ipsam

189 2020 412 2059 cohaerere
443 2019 653 2072 potuisse,
685 2020 720 2059 si
751 2020 865 2060 nulla
895 2020 936 2060 vi
967 2021 1273 2069 contineretur,
1305 2035 1444 2076 neque
1474 2022 1558 2063 vim
1589 2023 1680 2064 sine
1706 2025 1847 2079 aliqua
1868 2041 1954 2068 ma-
1968 2041 2005 2070 30

185 2227 422 2264 praeterquam
445 2224 548 2254 animi
572 2223 600 2254 b.
620 2226 648 2255 et
672 2225 831 2264 corporis,
857 2225 1004 2256 cernitur
1027 2226 1059 2256 in
1078 2225 1286 2266 quibusdam,
1313 2235 1397 2265 quae
1412 2230 1515 2258 nont.
1533 2237 1566 2258 η.
1586 2237 1686 2267 quam
1702 2228 1906 2264 beatissimae
1921 2242 1953 2264 v.

188 2276 254 2306 adi.
273 2279 347 2306 sunt
362 2274 531 2313 Bentley).
546 2291 579 2295 —
601 2275 630 2304 ι1.
646 2274 807 2305 hominem
823 2275 907 2305 enim
924 2284 988 2306 esse
1001 2277 1025 2306 G
1043 2293 1085 2297 -
1102 2277 1132 2306 2.
1152 2277 1361 2307 conuinctum
1375 2276 1440 2306 V—
1460 2285 1534 2308 cum
1550 2278 1698 2309 omnibus
1711 2281 1799 2311 coni.
1819 2281 1956 2314 Ernesti

191 2342 224 2346 —
253 2324 283 2355 3.
309 2325 455 2354 humana
480 2324 522 2354 C:
549 2324 713 2353 communi
744 2325 767 2354 1.
794 2325 828 2354 F.
859 2326 1071 2357 Gronovius:
1103 2327 1274 2356 mundana
1297 2326 1445 2366 Bentley
1469 2327 1545 2358 coll.
1572 2328 1672 2360 Tusc.
1699 2329 1744 2368 V,
1771 2330 1789 2370 S
1816 2331 1889 2363 ⁴08.
1918 2349 1952 2354 —

188 2378 286 2413 atque
309 2374 347 2404 de
371 2375 414 2410 G3
441 2382 481 2403 ac
503 2372 531 2402 V
559 2390 593 2394 —
621 2372 652 2404 4.
680 2374 915 2413 adaugendum
940 2374 1073 2405 Ernesti
1099 2377 1132 2405 et
1158 2377 1201 2405 G:
1236 2375 1280 2405 ad
1295 2376 1459 2416 agendum
1482 2377 1508 2407 A
1524 2377 1618 2408 PVr
1644 2395 1679 2400 —
1706 2378 1736 2409 5.
1763 2383 1822 2410 aut
1845 2383 1956 2413 tenen-

189 2425 265 2455 dum
289 2423 312 2454 E
328 2424 371 2455 G:
397 2425 455 2453 aut
479 2422 522 2453 ad
546 2423 718 2453 tenendum
741 2425 766 2454 A
781 2425 804 2455 P
822 2425 843 2456 U
858 2424 931 2463 Vip
957 2426 990 2455 et
1015 2424 1117 2455 codd.
1144 2425 1290 2462 Davisii;
1322 2429 1381 2456 aut
1403 2426 1447 2456 ad
1474 2426 1629 2457 tuendum
1652 2436 1686 2465 1⁸3
1719 2431 1778 2459 aut
1801 2431 1956 2463 tuendum

188 2474 213 2504 Ο
238 2482 280 2504 ex
305 2472 382 2503 cod.
410 2472 637 2510 Memmiano,
672 2473 705 2503 in
731 2482 800 2513 quo
826 2475 945 2505 tamen
970 2483 1054 2505 num
1077 2475 1232 2505 tuendum
1256 2474 1359 2505 suerit
1382 2475 1554 2507 incertum
1579 2477 1644 2507 est.
1673 2494 1708 2499 —
1736 2477 1767 2509 6.
1794 2479 1835 2510 ab
1857 2480 1906 2512 his
1930 2482 1954 2514 C

191 2541 225 2545 —
252 2523 283 2554 7.
309 2525 383 2553 sunt
407 2530 477 2553 om.
505 2523 529 2552 G
558 2539 592 2544 —
615 2522 774 2563 plerique]
798 2523 979 2562 philosophi
1004 2532 1020 2553 r
1044 2541 1086 2546 -—
1110 2524 1140 2555 9.
1163 2524 1344 2562 prudenter
1368 2524 1458 2555 G1—
1487 2525 1542 2563 qui
1566 2525 1643 2556 dum
1668 2526 1691 2557 C
1708 2527 1866 2569 EUipm
1892 2539 1957 2562 ve—

187 2572 336 2604 rendum
370 2574 423 2603 est
451 2573 489 2602 ut
513 2572 568 2610 qui
600 2574 668 2602 tum
695 2573 934 2611 appellat-entim
966 2574 1061 2604 recte
1088 2573 1314 2605 emendatum
1340 2575 1400 2611 sit;
1434 2576 1659 2615 exspectares
1683 2575 1807 2610 saltem
1831 2589 1861 2618 q.
1888 2584 1958 2612 tum

188 2622 439 2661 appellabantur
464 2638 497 2643 —-
533 2622 745 2660 appellantur
769 2624 793 2653 G
821 2640 856 2645 —-
897 2623 947 2653 ti.
974 2623 1126 2654 videatur
1150 2624 1250 2654 ΑΡΥ
1265 2632 1299 2660 Γς
1336 2624 1465 2654 videtur
1488 2626 1532 2661 (ἐς
1567 2624 1740 2656 videbatur
1764 2628 1788 2659 O
1813 2631 1956 2662 auctore

191 2671 379 2701 Goerenzio
404 2670 543 2702 inclusit
566 2689 608 2694 —-
628 2673 742 2710 prima
765 2676 890 2703 natura
915 2673 1058 2704 Davies:
1082 2673 1196 2713 prima
1220 2674 1254 2703 in
1277 2677 1346 2704 nat.
1366 2676 1391 2704 A
1408 2674 1433 2704 G
1459 2674 1546 2711 (sort.
1567 2683 1609 2706 ex
1629 2676 1744 2714 prima
1767 2686 1789 2708 a
1807 2682 1956 2720 natura),

189 2720 222 2750 in
243 2721 356 2759 prima
379 2723 447 2751 nat.
475 2721 498 2751 Ρ
515 2721 540 2751 V
554 2730 588 2757 r;
611 2723 725 2760 prima
748 2726 891 2753 naturae
914 2723 1029 2754 Bremi
1059 2740 1091 2744 —
1122 2723 1172 2754 43.
1200 2723 1339 2762 antiqua
1363 2723 1422 2753 itta
1446 2724 1470 2753 G
1499 2741 1533 2745 —
1562 2725 1613 2756 45.
1639 2726 1739 2758 etiam
1762 2731 1910 2768 corporis
1935 2733 1958 2762 P

194 2786 228 2790 —
257 2770 307 2800 ⁴8.
334 2769 394 2800 erit
418 2778 435 2800 r
461 2785 495 2791 —
519 2772 734 2809 perscriberet
758 2781 775 2802 r
801 2789 834 2793 —
868 2772 918 2803 49.
944 2773 1150 2812 voluptatum
1175 2774 1199 2803 G
1223 2790 1267 2794 —
1291 2772 1450 2802 contentio
1474 2772 1503 2802 V
1530 2790 1565 2795 —
1591 2773 1644 2805 ΞΟ.
1670 2784 1871 2816 magnorum
1896 2780 1957 2812 GP

194 2835 228 2839 —
254 2818 307 2848 ΞΗ.
334 2827 449 2850 earum
477 2821 599 2861 rerum]
632 2821 769 2860 signum
800 2821 944 2853 lacunae
971 2831 1033 2853 nos
1059 2823 1259 2862 posuimus,
1294 2822 1352 2861 qui
1377 2829 1586 2854 censeamus
1611 2824 1775 2863 adpetitus
1797 2828 1870 2859 sive
1895 2830 1958 2860 ad-

189 2868 300 2906 petitio
327 2867 381 2898 vel
413 2868 524 2901 simile
555 2870 831 2909 substantivum,
869 2872 962 2912 quod
995 2873 1038 2903 sit
1063 2872 1278 2903 contrarium
1303 2871 1475 2911 superiori
1497 2872 1596 2913 fuya,
1635 2877 1694 2906 aut
1717 2876 1773 2907 hic
1797 2880 1856 2909 aut
1880 2881 1960 2919 post

190 2925 335 2955 praescr.
367 2922 508 2950 naturae
537 2921 767 2953 intercidisse.
811 2921 933 2953 Adhuc
966 2921 1063 2953 locus
1095 2922 1145 2953 sic
1175 2920 1374 2961 legebatur,
1409 2923 1507 2961 quasi
1532 2926 1561 2953 et
1584 2932 1700 2955 earum
1723 2934 1837 2957 rerum
1860 2937 1878 2958 a
1901 2937 1959 2959 su-

192 2967 310 3005 sceptio
335 2967 516 3007 penderet.
538 2987 572 2991 —
597 2971 857 3010 praescriptione
874 2972 916 3002 G:
945 2972 1159 3010 descriptione
1182 2974 1207 3002 A
1222 2973 1244 3003 P
1260 2971 1286 3001 V
1301 2972 1326 3002 O
1341 2980 1373 3007 r;
1401 2970 1442 3002 cs.
1470 2980 1502 3002 v.
1524 2973 1563 3004 118
1589 2975 1623 3004 et
1646 2983 1752 3014 supra
1777 2985 1808 3016 p.
1829 2977 1882 3014 53,
1903 2978 1955 3009 46.

196 3030 230 3036 -
260 3015 310 3045 22.
338 3024 457 3055 eaeque
481 3026 560 3048 nos:
587 3028 626 3050 ea
650 3028 753 3059 aeque
770 3022 811 3057 G;
838 3021 961 3060 haeque
977 3023 1040 3052 ΑΡ
1056 3021 1139 3058 VO,
1165 3021 1309 3059 haecque
1334 3021 1375 3058 E,
1401 3021 1518 3061 heeque
1542 3032 1572 3061 r,
1598 3023 1677 3055 haec
1700 3025 1891 3064 Manutius;
1917 3036 1957 3058 ea

194 3074 278 3104 quae
303 3066 427 3097 Gruter
451 3083 485 3088 —
513 3067 564 3099 23.
591 3073 620 3100 et
642 3071 766 3101 cunctis
792 3071 915 3102 Dax'ies
934 3087 968 3092 -
994 3072 1078 3111 fiunt
1103 3074 1127 3101 G
1154 3088 1187 3092 —
1215 3069 1267 3101 24.
1291 3071 1399 3109 partis
1421 3071 1580 3103 Walker:
1607 3074 1691 3104 artis
1715 3076 1828 3105 Cr—
1847 3077 1957 3114 primo

194 3123 211 3145 r
237 3132 271 3136 -
299 3115 351 3146 ⁵25.
379 3116 534 3148 docebant
558 3119 582 3148 G
603 3136 638 3140 —
664 3120 717 3151 ⁶27.
743 3129 782 3151 ea
806 3130 891 3159 quae
914 3123 1053 3151 Gruter:
1083 3129 1184 3159 eaque
1209 3121 1232 3151 C
1248 3129 1283 3156 r}
1310 3129 1349 3151 ea
1373 3129 1440 3159 qua
1463 3123 1654 3158 manutium
1680 3132 1723 3154 ep
1746 3134 1813 3163 qua
1828 3125 1958 3157 Turne-

194 3162 261 3195 bus
288 3181 323 3185 —
349 3164 553 3205 efficerentur
576 3168 601 3198 G
628 3185 663 3190 —
689 3169 741 3201 28.
767 3172 896 3200 tantum
918 3170 1013 3200 υιοιίο
1036 3170 1212 3201 materiam
1236 3171 1261 3200 G
1285 3169 1362 3201 foi-t.
1385 3172 1481 3203 recte
1510 3189 1544 3194 -
1570 3172 1624 3204 29.
1651 3176 1760 3204 tamen
1783 3183 1853 3206 om,
1872 3174 1900 3205 V
1918 3192 1953 3197 —

195 3212 248 3244 30.
273 3213 340 3244 vim
363 3223 428 3246 esse
449 3215 518 3247 sine
541 3216 666 3249 Christ.
