2249 3624
318 209 400 252 986
1054 212 1335 254 CICERONIS
1388 270 1391 273 ι

319 327 341 354 a
370 319 513 355 natura
537 315 768 367 voluptates
793 314 938 355 datas‘?
990 316 1325 365 (Augustinus
1364 321 1504 356 contra
1531 316 1674 357 Iulian.
1708 318 1910 369 Pelagian.
1942 318 1968 359 l.
1997 320 2068 360 IV.

319 391 353 417 c.
401 380 460 418 14.
500 379 613 419 Tom.
655 379 741 418 VII.
783 391 824 430 p.
867 378 975 418 1054.
1008 379 1119 418 Tom.
1151 380 1200 418 X.
1232 392 1273 431 p.
1303 381 1389 420 619.
1415 379 1567 419 Bened.
1607 382 1730 421 Paris.
1767 382 1824 421 Cf.
1880 382 2069 422 Nonius

318 453 355 479 v.
387 441 598 480 Confieere
624 454 663 493 p.
699 442 807 490 269.)

414 505 476 543 77.
516 527 560 532 —-
600 509 696 543 tunc
730 505 985 556 obsequatur
1024 509 1217 554 naturae,
1260 518 1351 545 cum
1393 506 1481 544 sine
1509 507 1701 557 magistro
1736 508 1936 555 senserit,
1971 507 2070 560 quid

267 566 286 593 5
316 571 460 606 natura
485 566 705 608 desideret.
759 569 1100 618 (Augustinus
1128 568 1228 608 ibid.
1258 568 1284 609 l.
1314 570 1360 609 V.
1391 581 1427 608 e.
1457 570 1494 609 5.
1523 581 1563 620 p.
1598 571 1727 619 1079.)

414 630 475 669 78.
518 630 568 668 Et
606 631 673 681 qui
715 636 926 682 exspectat
965 631 1121 683 pendet
1148 632 1295 682 animi,
1335 633 1430 683 quia
1458 645 1641 684 semper,
1672 633 1771 684 quid
1798 634 1975 672 futurum
2003 634 2068 684 sit,

314 693 515 731 incertum
543 699 617 732 est.
674 694 877 741 (Nonius
905 693 978 733 Ubi
1005 695 1220 745 genetivus
1248 708 1322 747 pro
1351 695 1527 734 ablativo
1555 708 1596 747 p.
1636 698 1746 740 498.)

413 757 474 794 79.
513 756 603 805 -Ῐ-Ει
639 760 798 795 ceteras
826 755 992 807 quidem
1021 769 1103 807 res,
1141 758 1182 796 in
1211 758 1360 808 quibus
1390 763 1556 808 peecata
1585 771 1665 797 non
1694 759 1869 798 maxime
1897 759 2072 798 aflerunt

313 817 482 865 noxias,
525 823 661 857 tamen
699 819 798 857 insci
825 818 938 858 innat
966 819 1179 870 attingunt.
1235 819 1389 869 (Idem
1418 833 1455 859 v.
1486 821 1598 859 Noxa
1633 826 1672 859 et
1711 822 1838 860 Noxia
1879 833 1919 872 p.
1961 821 2070 870 438.)

263 876 300 907 ⁴0
415 881 477 919 80.
512 881 560 919 Ut
585 881 705 931 igitur
731 881 952 921 domitores
980 894 1179 933 equorum
1207 896 1287 921 non
1315 883 1489 922 verbera
1520 883 1649 923 solum
1679 883 1874 923 adhibent
1902 883 1953 922 ad
1993 883 2071 922 do-

315 943 535 993 mandum,
567 943 641 982 sed
670 944 807 983 cibum
845 946 964 984 etiam
995 958 1120 997 saepe
1149 946 1418 996 subtrahunt,
1447 954 1485 984 ut
1511 948 1614 985 lame
1643 946 1878 985 debilitetur
1905 946 2072 985 eculeo—

314 1018 402 1044 rum
431 1006 549 1044 nimis
578 1007 771 1047 effrenata
800 1009 874 1048 vis.
932 1008 1092 1057 (Idem
1123 1022 1156 1048 v.
1186 1009 1397 1060 Equuleus
1424 1022 1465 1060 p.
1498 1010 1603 1056 105.)

413 1069 473 1107 81.
515 1070 590 1116 Qui
628 1082 721 1109 cum
748 1070 934 1122 publicas
962 1072 1128 1111 iniurias
1155 1071 1264 1110 lente
1293 1072 1468 1122 tulisset,
1500 1084 1615 1111 suam
1644 1084 1724 1111 non
1756 1071 1856 1111 tulit.
1913 1072 2070 1121 (Idem

313 1144 349 1170 v.
383 1132 552 1171 Lentum
581 1145 619 1183 p.
651 1133 758 1181 338.)

263 1201 300 1231 45
412 1195 473 1233 82.
510 1195 568 1233 Ne
597 1195 638 1233 in
665 1195 970 1234 continentibus
997 1194 1162 1247 quidem
1191 1196 1310 1235 terris
1339 1202 1521 1236 vestrum
1549 1209 1698 1235 nomen
1726 1196 1884 1237 dilatari
1916 1202 2066 1249 potest.

314 1255 469 1305 (Idem
498 1269 536 1297 v.
568 1258 791 1297 Continens
818 1271 857 1310 p.
895 1259 1004 1309 274.)

411 1322 472 1360 83.
510 1321 567 1360 Ea
596 1321 765 1362 facultas
793 1323 942 1361 nostris
972 1323 1193 1362 maioribus
1222 1328 1331 1373 erat,
1361 1324 1428 1374 qui
1457 1324 1651 1362 consectis
1679 1329 1847 1363 senatus
1875 1322 2071 1362 consultis

314 1406 358 1410 —
389 1383 542 1434 (Idem
572 1397 609 1423 v.
639 1385 876 1424 Confectum
905 1398 944 1436 p.
975 1386 1083 1435 269.)

411 1447 474 1486 84.
505 1469 550 1475 --
579 1446 689 1498 quod
717 1447 883 1487 alterius
903 1448 1108 1498 ingenium
1130 1449 1187 1487 sic
1212 1452 1333 1491 dulce,
1365 1453 1408 1487 ut
1425 1453 1585 1488 acetum
1606 1449 1848 1499 Aegyptium
1866 1480 1874 1492 ,
1904 1447 2071 1488 alterius

262 1515 300 1544 20
313 1509 371 1548 sio
399 1522 512 1560 acre,
554 1516 598 1549 ut
624 1510 703 1549 mel
730 1512 998 1562 Hymettium,
1037 1512 1221 1551 dicimus.
1279 1513 1443 1561 (Idem
1473 1525 1510 1550 v.
1540 1513 1644 1550 Acre
1673 1525 1713 1563 p.
1745 1511 1829 1550 240.
1886 1512 1970 1550 Huc
2002 1523 2071 1550 re-

312 1572 481 1612 serenda
521 1572 589 1612 illa
629 1575 841 1624 Augustini
883 1574 935 1612 de
976 1575 1064 1614 Vita
1096 1575 1217 1615 beata
1273 1604 1613 1615 ......
1672 1589 1678 1614 ;
1736 1577 1862 1613 Nescio
1894 1578 2072 1623 quomodo

313 1642 515 1673 contortum
541 1639 607 1674 hoc
634 1643 664 1674 et
692 1640 908 1683 aculeatum,
938 1641 1032 1684 quod
1058 1641 1231 1685 posuisti,
1262 1645 1300 1675 ut
1326 1641 1380 1675 ait
1408 1641 1468 1675 ille
1494 1641 1535 1675 de
1562 1640 1663 1675 melle
1690 1639 1896 1685 Humano,
1940 1641 2073 1675 acriter

312 1701 413 1736 dulce
440 1706 489 1736 est
515 1702 679 1747 nihilque
705 1703 809 1748 instat
841 1701 1015 1749 viscera.)

411 1762 473 1801 85.
506 1760 626 1800 Aliud
667 1773 717 1800 ex
746 1761 857 1801 silvis
886 1775 1077 1801 severum
1106 1767 1146 1801 et
1174 1763 1304 1802 triste.
1359 1761 1512 1811 (Idem
1542 1775 1579 1800 v.
1611 1763 1809 1802 Severum
1836 1776 1877 1815 p.
1915 1764 1999 1804 390.
2029 1776 2068 1803 v.

262 1828 299 1857 25
313 1823 443 1862 Triste
472 1835 511 1875 p.
541 1825 651 1871 409.)

412 1887 473 1925 86.
512 1885 730 1931 Ponendae
758 1891 853 1925 sunt
880 1885 983 1925 fides
1012 1892 1052 1925 et
1080 1886 1217 1926 tibiae.
1272 1886 1346 1931 (ld
1364 1899 1432 1926 em
1460 1900 1496 1926 v.
1527 1887 1647 1926 Fides
1674 1900 1716 1938 p.
1745 1888 1852 1938 313.)

408 1952 471 1989 87.
510 1949 696 1990 Eundem
734 1962 815 1988 non
854 1950 974 1988 modo
1012 1950 1207 1988 mediocri
1234 1951 1430 2001 pecunia,
1461 1950 1535 1989 sed
1565 1951 1684 1990 etiam
1713 1951 1822 1989 tenui
1855 1951 2070 2002 percipere

311 2023 544 2063 possumus.
589 2013 743 2061 (Idem
771 2026 809 2053 v.
839 2015 977 2053 Tenue
1005 2026 1045 2065 p.
1073 2013 1175 2064 411.)

411 2075 471 2113 88.
512 2075 587 2122 Qui
614 2075 726 2114 illum
746 2077 884 2115 nescio
905 2076 1017 2126 quid,
1049 2075 1159 2127 quod
1177 2076 1218 2114 in
1238 2076 1484 2127 primoribus
1503 2075 1678 2126 habent,
1709 2081 1753 2115 ut
1777 2077 1902 2126 aiunt,
1927 2076 2067 2116 labris.

262 2141 298 2171 30
313 2136 415 2182 (Ide
431 2150 469 2175 m
497 2150 534 2176 v.
565 2137 725 2176 Priores
753 2143 792 2176 et
819 2139 1020 2177 Primores
1056 2152 1096 2190 p.
1130 2139 1236 2187 428.)

411 2209 471 2246 89.
514 2230 557 2235 ——
587 2220 668 2246 non
697 2213 737 2246 et
764 2208 851 2246 sine
880 2220 927 2246 ea
957 2208 1198 2258 cogitatione
1223 2207 1413 2248 ineundis
1435 2206 1803 2259 subducendisque
1826 2208 2066 2248 rationibus.

313 2268 468 2318 (Idem
496 2282 534 2308 v,
566 2269 807 2309 Subducere
835 2283 875 2321 p.
906 2272 1014 2318 399.)

411 2339 471 2378 90.
507 2340 604 2376 Nam
642 2353 721 2377 cum
762 2341 898 2388 (Cicero
938 2344 976 2377 in
1011 2344 1178 2377 eoetremis
1209 2343 1377 2388 partibus
1415 2341 1603 2377 Hortensii
1633 2341 1786 2388 diatoqi)
1815 2343 1950 2387 multa,
1981 2354 2072 2388 quae

312 2405 471 2439 videmus
506 2408 537 2439 et
562 2406 756 2450 qemimus,
799 2406 840 2439 de
868 2406 1054 2440 hominum
1082 2406 1243 2440 vanitate
1272 2410 1376 2450 atque
1403 2405 1613 2448 infelicitate
1642 2406 1809 2445 discissa,
1842 2415 1892 2441 ex
1920 2403 2070 2454 quibus

262 2472 298 2502 35
313 2464 534 2513 humanae,
576 2468 713 2512 inquit,
758 2466 863 2504 vitae
892 2465 1100 2504 erroribus
1129 2470 1169 2503 et
1197 2466 1402 2504 aerumnis
1432 2465 1474 2503 fit
1505 2471 1547 2504 ut
1573 2464 1777 2503 interdurn
1818 2472 1980 2504 veteres
2015 2465 2071 2504 illi

314 2527 398 2566 sive
428 2533 541 2566 vates
570 2528 656 2566 sive
683 2529 723 2566 in
753 2529 880 2566 sacris
908 2529 1113 2579 initiisque
1134 2527 1343 2567 tradendis
1364 2527 1524 2566 divinae
1543 2528 1689 2566 mentis
1710 2529 1971 2579 interpretes,
2001 2529 2069 2579 qui

314 2602 388 2628 nos
430 2589 481 2628 ob
522 2589 656 2641 aliqua
698 2590 853 2629 scelera
895 2597 1086 2641 suscepta
1126 2590 1165 2628 in
1207 2590 1285 2629 vita
1326 2603 1536 2640 superiore
1569 2603 1793 2641 poenarum
1826 2590 2069 2630 luendarum

315 2664 438 2691 causa
465 2657 581 2691 natos
611 2665 703 2691 esse
732 2652 944 2702 dixerunt,
976 2652 1127 2702 aliquid
1156 2651 1307 2691 vidisse
1337 2651 1577 2702 videantur,
1620 2664 1847 2703 verumque
1876 2653 1927 2692 sit
1954 2652 2067 2703 illud,

316 2713 424 2764 quod
460 2719 521 2752 est
561 2714 669 2765 apud
697 2714 980 2764 Aristotelem,
1024 2713 1139 2752 simili
1168 2726 1243 2752 nos
1270 2715 1436 2753 allectos
1467 2726 1561 2753 esse
1591 2714 1790 2765 supplicio
1820 2720 1943 2766 atque
1981 2727 2067 2761 eos,

265 2781 301 2812 40
317 2776 382 2826 qui
426 2776 645 2826 quondam,
690 2789 781 2814 eum
808 2778 848 2815 in
876 2775 1131 2827 praedonum
1158 2776 1424 2815 Etruscorum
1453 2789 1598 2815 manus
1625 2776 1879 2826 incidissent,
1918 2776 2069 2816 crude-

315 2837 424 2876 litate
453 2840 679 2888 excogitata
707 2839 985 2889 necabantur,
1028 2851 1200 2890 quorum
1229 2852 1399 2890 corpora
1428 2840 1518 2878 viva
1545 2852 1637 2878 cum
1666 2840 1855 2889 mortuis,
1894 2839 2069 2879 adversa

316 2899 500 2938 adversis
528 2900 851 2951 accommodata,
894 2914 1016 2953 quam
1044 2902 1252 2952 aptissime
1281 2901 1595 2951 colligabantur,
1635 2902 1692 2939 sic
1724 2907 1885 2940 nostros
1913 2903 2069 2941 animos

317 2974 407 3000 cum
436 2964 677 3014 corporibus
706 2964 917 3015 copulatos
947 2969 988 3003 ut
1017 2964 1130 3002 vivos
1151 2976 1240 3001 cum
1261 2964 1428 3002 mortuis
1450 2975 1542 3002 esse
1573 2963 1824 3003 coniunctos.
1866 2965 1919 3012 (A
1935 2976 2068 3014 ugu-

402 3176 432 3207 8.
471 3176 563 3207 Haec
598 3176 670 3209 sere
709 3179 879 3210 sententia
916 3179 1024 3211 latere
1057 3180 1089 3210 in
1121 3179 1193 3210 istis
1233 3179 1386 3210 videtur:
1428 3180 1468 3210 Et
1499 3183 1625 3211 ceterae
1649 3179 1778 3219 quidem
1799 3188 1869 3217 res,
1894 3181 1930 3211 in
1953 3178 2068 3218 quibus

314 3228 490 3264 peccatur,
529 3226 585 3257 etsi
623 3236 688 3258 non
720 3237 794 3260 cum
827 3232 974 3261 maxime
1008 3230 1151 3270 afferunt
1184 3229 1323 3267 noxias,
1358 3233 1465 3261 {amen
1489 3229 1676 3261 inscientiae
1696 3232 1884 3270 peccantem
1906 3232 2064 3270 arguunt.

319 3291 353 3296 —
380 3274 432 3305 29.
473 3276 562 3308 Fort.
587 3276 678 3309 illud.
704 3277 762 3310 On.
