2249 3624
349 117 431 160 4116
732 117 802 157 DE
833 115 1038 156 FINIBUS
1069 114 1330 156 BONORUM
1359 115 1428 156 ET
1458 113 1723 155 MALORUM

349 230 573 284 voluptatis
612 227 926 282 repudiandum.
989 227 1113 275 Quod
1154 232 1291 267 autem
1322 226 1597 280 patrocinium
1628 229 1700 265 aut
1731 236 1838 277 quae
1869 223 1949 263 ista
1979 235 2104 263 causa

349 297 411 332 est
441 292 687 344 voluptatis,
720 303 826 344 quae
859 303 934 329 nec
962 294 1090 329 testes
1119 289 1228 329 ullos
1260 303 1281 328 e
1312 289 1434 329 claris
1455 289 1555 328 viris
1585 300 1662 327 nec
1692 285 1933 325 laudatores
1953 285 2106 338 poterit

349 353 577 393 adhibere?
619 354 669 393 Ut
709 353 821 392 enim
857 366 931 392 nos
973 366 1024 392 ex
1064 351 1275 391 annalium
1306 351 1572 391 monimentis
1603 353 1729 389 testes
1761 348 1988 387 excitamus
2020 359 2104 394 eos,

348 429 528 469 quorum
559 415 694 455 omnis
725 414 808 454 vita
839 419 1086 466 consumpta
1116 418 1178 453 est
1207 414 1250 453 in
1280 414 1491 453 laboribus
1522 412 1732 465 gloriosis,
1773 410 1846 463 qui
1877 409 2104 462 voluptatis

317 484 501 518 bnomen
531 478 675 517 audire
705 489 791 516 non
822 481 1013 529 possent,
1053 476 1112 515 sic
1148 476 1191 515 in
1222 476 1370 516 vestris
1403 474 1757 528 disputationibus
1787 471 1962 512 historia
1992 475 2105 511 muta

348 545 422 580 est.
467 541 700 593 Numquam
732 538 871 578 audivi
903 539 947 578 in
967 538 1135 591 Epicuri
1165 538 1306 578 schola
1335 539 1582 590 Lycurgum,
1614 535 1830 581 Solonem,
1861 534 2104 580 Miltiadem,

346 602 689 648 Themistoclem,
720 600 1052 654 Epaminondam
1085 601 1311 648 nominari,
1350 600 1421 653 qui
1453 599 1495 638 in
1527 612 1597 638 ore
1630 603 1727 638 sunt
1756 602 1987 637 ceterorum
2019 608 2105 635 om-

344 665 460 704 nium
491 663 853 716 philosophorum.
903 664 1023 702 Nunc
1054 676 1176 710 vero,
1209 663 1405 715 quoniam
1437 662 1539 701 haec
1568 674 1645 700 nos
1668 659 1793 699 etiam
1814 664 1991 699 tractare
2013 670 2106 697 coe-

343 727 503 780 pimus,
534 725 819 778 suppeditabit
848 725 970 764 nobis
1000 725 1159 765 Atticus
1190 730 1330 764 noster
1351 738 1372 763 e
1400 723 1605 763 thesauris
1629 723 1712 762 suis
1737 735 1842 775 quos
1864 725 1905 760 et
1926 723 2105 774 quantos

297 796 330 824 ⁴0
344 789 479 829 viros!
530 786 596 827 68.
628 789 776 828 Nonne
807 788 955 827 melius
987 792 1049 826 est
1079 787 1129 826 de
1159 787 1223 826 his
1254 787 1412 840 aliquid
1445 799 1570 839 quam
1603 785 1727 824 tantis
1750 783 2031 824 voluminibus
2054 781 2105 820 de

344 851 556 891 Themista
595 850 743 904 loqui?
790 850 881 889 Sint
920 851 999 889 ista
1031 850 1301 896 Graecorum,
1344 861 1596 902 quamquam
1626 847 1676 886 ab
1709 846 1758 886 iis
1796 845 2106 899 philosophiam

343 919 383 952 et
423 926 568 953 omnes
607 913 813 965 ingenuas
855 912 1097 965 disciplinas
1133 911 1358 957 habemus,
1399 909 1472 949 sed
1509 914 1647 948 tamen
1679 913 1743 948 est
1772 908 1952 961 aliquid,
1991 906 2106 961 quod

342 976 462 1015 nobis
502 989 585 1015 non
623 975 767 1022 liceat,
807 975 930 1014 liceat
960 974 1054 1013 illis.
1114 976 1303 1026 Pugnant
1334 971 1460 1011 Stoici
1494 985 1585 1011 cum
1618 970 1917 1023 Peripateticis.
1976 969 2133 1010 Alteri.

342 1042 497 1090 negant
535 1038 762 1091 quicquam
793 1050 884 1076 esse
915 1036 1071 1076 bonum
1101 1037 1180 1076 nisi
1213 1035 1326 1088 quod
1358 1034 1580 1073 honestum
1612 1034 1685 1081 sit,
1729 1033 1849 1072 alteri
1880 1032 2106 1086 plurimum

294 1108 328 1135 «ὃ
342 1114 385 1140 se
417 1105 458 1140 et
487 1100 610 1152 longe
640 1100 850 1153 longeque
882 1099 1107 1152 plurimum
1139 1098 1319 1138 tribuere
1351 1097 1581 1144 honestati,
1615 1096 1687 1135 sed
1717 1101 1856 1135 tamen
1888 1100 1928 1135 et
1952 1096 1993 1136 in
2017 1109 2106 1136 cor-

341 1177 445 1217 pore
477 1168 517 1202 et
549 1168 667 1202 extra
698 1175 790 1202 esse
821 1161 1026 1215 quaedam
1057 1161 1180 1201 bona.
1239 1161 1292 1200 Et
1322 1166 1528 1200 certamen
1560 1160 1785 1200 honestum
1816 1163 1857 1199 et
1877 1158 2105 1212 disputatio

342 1225 585 1279 splendida!
629 1225 764 1264 omnis
797 1230 859 1264 est
890 1224 998 1263 enim
1031 1223 1081 1263 de
1111 1223 1274 1263 virtutis
1307 1223 1507 1276 dignitate
1539 1223 1765 1262 contentio.
1815 1223 1868 1262 At
1897 1235 1992 1261 cum
2023 1219 2106 1260 tuis

343 1302 437 1328 cum
469 1288 671 1335 disseras,
714 1287 844 1327 multa
885 1292 981 1325 sunt
1011 1285 1217 1325 audienda
1249 1286 1370 1325 etiam
1403 1285 1453 1325 de
1485 1285 1674 1325 obscenis
1705 1284 2012 1339 voluptatibus,
2055 1282 2106 1322 de

343 1351 496 1404 quibus
537 1350 587 1390 ab
627 1350 808 1403 Epicuro
849 1348 1092 1401 saepissime
1133 1348 1295 1387 dicitur.
1355 1346 1421 1386 69.
1461 1349 1553 1387 Non
1593 1352 1712 1401 potes
1750 1361 1846 1401 ergo
1877 1347 1956 1386 ista
1985 1344 2106 1392 tueri,

292 1421 328 1450 20
343 1414 577 1466 Torquate,
619 1412 719 1451 mihi
753 1411 899 1458 crede,
941 1411 974 1450 si
1010 1416 1050 1449 te
1081 1411 1171 1463 ipse
1203 1415 1243 1450 et
1274 1415 1364 1449 tuas
1397 1410 1669 1463 cogitationes
1701 1414 1741 1450 et
1771 1409 1910 1450 studia
1938 1420 2107 1462 perspe-

343 1475 475 1515 xeris:
506 1474 681 1527 pudebit
710 1478 769 1521 te,
792 1474 991 1526 inquam,
1023 1472 1135 1512 illius
1166 1472 1344 1519 tabulae,
1377 1485 1502 1525 quam
1526 1472 1747 1512 Cleanthes
1770 1486 1869 1512 sane
1891 1470 2107 1512 commode

342 1537 478 1577 verbis
519 1537 745 1589 depingere
777 1536 950 1575 solebat.
1009 1535 1183 1574 Iubehat
1213 1548 1304 1582 eos,
1343 1534 1414 1587 qui
1445 1535 1690 1582 audiebant,
1722 1548 1861 1575 secum
1892 1536 2008 1588 ipsos
2040 1547 2107 1573 co-

343 1598 472 1651 gitare
503 1598 656 1651 pictam
687 1599 729 1637 in
761 1598 900 1637 tabula
930 1597 1217 1649 Voluptatem,
1250 1596 1530 1649 pulcherrimo
1554 1596 1708 1636 vestitu
1740 1602 1779 1636 et
1810 1602 1957 1636 ornatu
1979 1594 2107 1648 regali

342 1661 386 1700 in
416 1661 522 1700 solio
554 1660 792 1700 sedentem:
834 1665 997 1713 praesto
1029 1673 1120 1699 esse
1151 1660 1334 1699 Virtutes
1366 1665 1411 1698 ut
1440 1659 1677 1706 ancillulas,
1719 1672 1826 1712 quae
1856 1659 1963 1699 nihil
1993 1656 2107 1698 aliud

294 1736 329 1764 25
343 1727 534 1775 agerent,
574 1722 734 1762 nullum
765 1736 885 1761 suum
917 1720 1099 1761 officium
1131 1721 1352 1770 ducerent,
1393 1722 1471 1761 nisi
1502 1727 1547 1761 ut
1578 1722 1792 1775 Voluptati
1825 1722 2109 1762 ministrarent

344 1790 385 1824 et
415 1797 505 1824 eam
536 1789 697 1824 tantum
728 1784 780 1824 ad
810 1797 953 1824 aurem
984 1784 1277 1831 admonerent,
1310 1784 1344 1823 si
1372 1784 1498 1823 modo
1530 1785 1571 1823 id
1602 1785 1763 1838 pictura
1793 1783 1980 1837 intellegi
2011 1796 2108 1836 pos-

344 1851 424 1894 set,
464 1851 511 1886 ut
540 1852 704 1886 caveret
733 1860 785 1886 ne
817 1847 918 1900 quid
949 1846 1104 1886 faceret
1132 1846 1397 1899 imprudens,
1441 1846 1553 1900 quod
1586 1846 1816 1886 offenderet
1845 1847 2005 1887 animos
2034 1846 2110 1886 ho-

346 1909 525 1956 minum,
556 1914 628 1948 aut
658 1909 903 1962 quicquam,
936 1923 957 1949 e
989 1923 1073 1962 quo
1105 1909 1285 1948 oriretur
1315 1909 1467 1962 aliquis
1498 1908 1630 1948 dolor.
1684 1910 1793 1948 «Nos
1826 1908 1997 1963 quidem
2018 1909 2110 1949 Vir-

346 1975 452 2011 tutes
485 1973 544 2011 sic
574 1976 695 2011 natae
727 1985 891 2018 sumuS‚
924 1976 970 2011 ut
999 1972 1073 2011 tibi
1104 1971 1378 2019 serviremus3
1410 1970 1525 2010 aliud
1555 1970 1713 2023 negotii
1734 1970 1839 2010 nihil
1865 1971 2107 2011 habemus.»

297 2049 332 2078 30
459 2035 593 2074 XXII.
624 2032 692 2073 70.
733 2035 786 2073 At
823 2039 946 2085 negat
987 2034 1194 2086 Epicurus
1232 2056 1286 2063 -
1320 2034 1399 2074 hoc
1432 2034 1542 2073 enim
1573 2039 1757 2073 vestrum
1788 2034 1931 2074 lumen
1963 2039 2027 2074 est
2055 2054 2109 2062 —

348 2110 625 2151 quemquam,
657 2096 730 2148 qui
760 2096 935 2135 honeste
968 2109 1051 2135 non
1083 2096 1216 2143 vivat,
1248 2095 1431 2135 iucunde
1463 2109 1585 2149 posse
1609 2096 1763 2136 vivere.
1814 2096 1946 2144 Quasi
1967 2109 2045 2149 ego
2068 2095 2109 2135 id

347 2173 509 2207 curem,
542 2158 644 2213 quid
675 2158 746 2198 ille
776 2158 858 2197 aiat
888 2163 957 2197 aut
987 2163 1133 2210 neget:
1179 2158 1282 2198 illud
1315 2171 1485 2212 quaero,
1518 2158 1618 2211 quid
1644 2158 1704 2205 ei,
1737 2158 1874 2212 quiin
1895 2159 2110 2212 voluptate

348 2235 555 2261 summum
586 2221 744 2261 bonum
775 2225 924 2273 ponat,
956 2225 1286 2260 consentaneum
1318 2221 1372 2260 sit
1392 2221 1544 2260 dicere.
1596 2219 1707 2268 Quid
1735 2221 1876 2268 affers,
1908 2234 1981 2261 cur
2000 2220 2111 2260 Tho-

348 2285 455 2331 rius,
487 2297 559 2323 cur
588 2283 618 2335 ’ζ-
642 2282 767 2323 Chius
799 2282 1056 2329 Postumius,
1088 2296 1164 2322 cur
1193 2283 1377 2322 omnium
1406 2282 1555 2322 horum
1587 2283 1803 2335 magister,
1837 2282 1987 2330 Orata,
2025 2295 2111 2323 non

301 2346 648 2386 35iucundissime
688 2345 868 2385 vixerit?
925 2345 1017 2397 Ipse
1065 2351 1208 2397 negat,
1253 2350 1296 2384 ut
1336 2350 1431 2384 ante
1473 2346 1581 2392 dixi,
1627 2345 1944 2385 luxuriosorum
1985 2346 2111 2386 vitam

350 2407 700 2461 reprendendam,
740 2407 822 2446 nisi
860 2406 984 2459 plane
1028 2406 1133 2447 fatui
1171 2408 1273 2454 sint,
1310 2407 1352 2446 id
1383 2412 1467 2455 est,
1506 2407 1588 2447 nisi
1625 2412 1696 2447 aut
1726 2408 1896 2460 cupiant
1926 2412 1998 2448 aut
2025 2419 2112 2447 me-

351 2476 492 2510 tuant:
538 2483 715 2523 quarum
758 2468 972 2509 ambarum
1017 2482 1155 2508 rerum
1201 2483 1296 2509 cum
1341 2470 1591 2510 medicinam
1629 2470 1874 2523 pollicetur,
1917 2469 2111 2510 luxuriae

437 2630 467 2661 3.
487 2630 682 2661 animalium
706 2631 764 2661 BE
790 2647 825 2652 -—
851 2630 1056 2660 monimentis
1071 2631 1148 2661 AB:
1174 2631 1389 2662 monimentis
1411 2630 1476 2661 ΜΟ
1495 2646 1529 2650 —-
1557 2628 1587 2660 4.
1608 2629 1663 2668 qui
1680 2637 1749 2660 0111.
1772 2629 1814 2667 E;
1840 2629 1896 2660 ubi
1917 2630 2055 2671 Madvig
2077 2631 2110 2662 in

352 2679 592 2715 adnotationffi
620 2681 675 2719 qui
700 2679 862 2720 (labores)
886 2679 1062 2718 voluptatis
1084 2690 1200 2711 nomen.
1225 2682 1317 2712 adire
1343 2679 1507 2712 Halmius.
1531 2697 1563 2702 —
1593 2679 1622 2710 6.
1649 2680 1812 2719 liyurcum
1829 2681 1867 2719 A,
1893 2680 2070 2721 lyguryum
2086 2681 2110 2712 B

355 2746 386 2750 —-
409 2729 607 2760 miliciadem
622 2731 648 2761 A
667 2747 701 2751 —
730 2730 760 2760 7.
779 2733 961 2761 ceterormn
978 2731 1124 2761 omnium
1138 2731 1403 2770 philosophorum
1419 2733 1444 2761 A
1458 2739 1463 2760 :
1490 2729 1753 2769 philosophorum
1769 2733 1951 2762 ceterorum
1966 2731 2113 2762 omnium

351 2780 393 2815 133
420 2783 601 2809 ceterorum
620 2779 890 2818 philosophorum
913 2780 1058 2810 omnium
1082 2780 1106 2811 12
1118 2781 1148 2811 M
1169 2799 1203 2803 —-
1231 2780 1262 2811 8.
1288 2781 1399 2818 eliam]
1423 2782 1453 2810 ec
1476 2780 1499 2809 B
1521 2796 1554 2800 >—
1582 2779 1613 2810 9.
1631 2779 1859 2818 suppeditabat
1882 2781 1906 2811 B
1934 2798 1970 2803 -·
1996 2781 2109 2813 eAB:

350 2831 379 2858 et
402 2828 445 2865 E;
472 2828 509 2858 de
530 2828 554 2858 O
575 2845 609 2850 -—
636 2829 648 2859 ’1
660 2830 689 2860 1.
715 2828 841 2870 loquil’]
865 2829 1011 2867 loquitur
1028 2830 1051 2860 B
1073 2847 1106 2851 ——
1133 2829 1182 2869 iis]
1207 2830 1255 2861 his
1278 2832 1304 2861 A
1318 2831 1340 2860 B
1355 2830 1379 2861 O
1399 2846 1434 2850 —
1463 2829 1514 2859 Π.
1541 2832 1585 2860 esc
1608 2837 1678 2860 oni.
1698 2829 1722 2860 B
1743 2845 1777 2850 —
1799 2830 1873 2872 tuis]
1899 2833 1935 2861 tu
1956 2830 2006 2861 vis
2027 2830 2052 2861 B
2073 2846 2107 2851 —

351 2877 403 2908 48.
421 2885 495 2908 cum
518 2877 551 2907 in
568 2879 594 2908 A
612 2877 785 2909 subducta
809 2878 899 2909 linea
917 2878 1072 2910 deletum
1090 2881 1121 2910 et
1147 2888 1216 2917 sce.
1238 2889 1284 2911 ni.
1304 2879 1582 2919 superscriptum
1602 2880 1654 2909 est
1677 2881 1712 2909 ιιι
1729 2895 1764 2900 ——
1791 2879 1956 2912 desideras
1975 2880 2018 2918 B;
2045 2879 2111 2910 dis-

349 2930 453 2957 sertas
477 2925 715 2965 Naegelsbach
743 2946 776 2950 —
804 2929 842 2959 de
864 2930 943 2959 ante
968 2928 1083 2967 quibus
1105 2938 1173 2960 orn.
1201 2930 1264 2960 AB
1291 2946 1324 2950 —
1353 2929 1406 2960 49.
1433 2928 1563 2968 dicitur]
1589 2929 1652 2959 dici
1676 2928 1699 2960 E
1728 2946 1762 2950 —
1789 2929 1878 2970 erqo]
1902 2929 2006 2970 igitur
2028 2928 2053 2960 B
2074 2946 2109 2951 —

350 2975 403 3007 24.
421 2975 466 3015 ut]
486 2984 525 3006 ac
542 2976 565 3006 B
585 2993 620 2998 —
647 2977 699 3007 ⁶25.
718 2978 921 3009 ministraret
943 2978 1001 3009 BE
1023 2996 1058 3001 —
1084 2980 1137 3010 ¹28.
1157 2980 1310 3018 quicquid
1333 2980 1357 3009 B
1379 2994 1413 3000 —-
1441 2978 1542 3017 dolor]
1563 2978 1712 3009 dolorum
1734 2978 1794 3010 BE
1812 2996 1848 3000 —
1873 2979 1927 3011 29.
1946 2978 2111 3019 neqotium

349 3025 430 3055 nihil
452 3026 496 3061 Α;
524 3026 691 3065 negocium
715 3036 776 3057 non
803 3028 825 3058 B
842 3028 865 3058 li
890 3046 933 3050 —
958 3028 1010 3059 30.
1037 3030 1187 3067 epicurus
1210 3032 1306 3069 vegla!
1330 3029 1353 3059 B
1381 3045 1416 3049 —
1443 3028 1495 3059 31.
1515 3029 1610 3066 quasi
1625 3045 1672 3050 -—
1688 3031 1780 3068 neget
1803 3028 1933 3060 Nonius
1951 3036 1985 3069 p.
2005 3027 2107 3058 70.—

351 3074 403 3104 32.
429 3074 519 3112 quid]
543 3075 630 3114 quod
652 3076 782 3107 Nonius
809 3093 842 3098 —
877 3077 958 3118 aial]
984 3078 1054 3108 alat
1076 3078 1140 3109 AB
1158 3079 1180 3109 Ε
1208 3096 1241 3100 -—
1276 3079 1331 3117 qui
1354 3078 1523 3117 uoluplate
1548 3078 1570 3108 B
1599 3096 1632 3099 ν-
1660 3077 1712 3109 33.
1734 3081 1839 3117 ponae
1860 3077 1983 3110 ABE:
2012 3079 2110 3116 putat

351 3121 453 3154 codd.
480 3121 638 3163 plerique
666 3142 697 3147 —
727 3124 779 3156 34.
805 3136 865 3157 cur
887 3127 976 3157 chius
1000 3128 1105 3159 ACD
1122 3128 1162 3158 E:
1189 3128 1339 3159 curemus
1362 3128 1404 3161 B;
1433 3137 1492 3158 cur
1517 3128 1549 3159 C.
1576 3128 1707 3159 Hirr-ius
1729 3127 1882 3168 Scaliger
1907 3124 1995 3167 (coll.
2020 3125 2108 3157 Var-

351 3181 436 3204 rone
460 3172 504 3204 de
529 3174 565 3204 R.
593 3174 630 3204 R.
657 3174 716 3212 ΙΙΙ,
744 3175 794 3213 47,
821 3176 839 3206 3
865 3178 897 3206 et
924 3176 1029 3208 Plinio
1055 3178 1093 3208 N.
1121 3177 1160 3208 H.
1180 3178 1239 3214 IX,
1266 3177 1284 3217 g
1310 3177 1384 3214 ⁴74)
1409 3179 1443 3208 et
1467 3178 1492 3207 Ο
1518 3195 1549 3200 -
1573 3181 1744 3217 poseamus
1765 3177 1829 3210 BE
1856 3193 1891 3199 —
1917 3175 1970 3208 36.
1995 3175 2030 3208 id
2050 3173 2106 3214 est]

352 3223 406 3254 id'e’
429 3223 473 3262 B,
497 3222 583 3256 idem
606 3222 630 3255 E
658 3241 692 3246 —
719 3223 770 3255 37.
797 3225 993 3257 medicinam
1014 3236 1087 3259 cum
1112 3227 1153 3266 E;
1179 3236 1252 3258 cum
1276 3236 1345 3258 om.
1374 3227 1408 3258 B.
