2249 3624
17 169 21 182 μ
0 0 23 113 ,ΣΞ

847 257 1184 297 FRAGMENTA.
1784 249 1890 294 11013

318 363 357 404 3.
409 361 497 404 Lib.
531 362 597 405 lX.
637 375 673 404 v.
709 361 908 402 646-648.
947 374 1012 416 ap.
1056 360 1138 403 Cic.
1177 362 1298 402 Tusc.
1336 360 1359 403 Ι.
1392 361 1458 402 lll.
1499 375 1533 402 c.
1569 361 1616 407 9,
1655 359 1718 401 18.

142 445 304 495 Corque
333 455 467 482 meum
495 444 657 493 penitus
687 442 884 492 turgescit
911 440 1097 479 tristibus
1129 442 1222 488 iris,

142 507 244 546 Cum
273 504 421 544 decore
452 511 574 556 atque
603 505 710 543 omni
744 516 808 541 me
837 503 1023 541 orbatum
1054 503 1174 541 laude
1208 503 1413 541 recordor.

802 592 850 638 B)
904 602 961 628 ex
990 590 1234 641 Odyssea.

266 667 304 711 ’1.
365 667 451 709 Lib.
493 667 577 708 Xll.
620 681 655 710 v,
695 665 894 708 1184-191.
931 679 996 721 ap.
1040 665 1124 707 Cic.
1160 666 1213 707 dc
1252 666 1335 707 Fin.
1380 665 1402 706 l.
1440 666 1480 706 V.
1520 678 1556 706 c.
1602 664 1664 710 18,
1704 663 1768 704 49.

143 750 175 789 Ο
207 748 334 788 decus
365 746 617 797 Argolicum,
652 747 749 797 quin
781 746 950 797 puppim
984 746 1134 791 ssect1S,
1164 745 1320 792 Ulixes,

141 810 320 851 Auribus
348 815 392 848 ut
420 815 581 848 nostros
613 809 748 861 possis
779 820 1004 859 agnoscere
1038 808 1199 846 cantus!

141 875 240 914 Nam
268 885 388 912 nemo
414 872 514 911 haec
545 883 738 922 umquam
771 877 833 910 est
863 876 1120 909 transvectus
1155 870 1316 909 caerula
1350 883 1497 918 cursu,

142 937 247 984 Quin
278 936 392 987 prius
419 933 621 973 adstiterit
654 945 800 972 vocum
829 932 1046 971 dulcedine
1075 938 1238 983 captuS,

142 1000 236 1038 Post
264 997 385 1037 variis
412 995 531 1036 avido
560 997 730 1035 satiatus
751 1001 917 1047 pectore
944 995 1089 1043 Musis,

141 1061 303 1101 Doctior
330 1059 381 1100 ad
408 1060 561 1112 patrias
586 1058 726 1110 lapsus
755 1058 991 1109 pervenerit
1018 1069 1125 1095 oras.

142 1125 223 1163 Nos
254 1134 377 1174 grave
406 1127 614 1161 certamen
641 1120 739 1160 belli
772 1119 1015 1171 clademque
1044 1126 1233 1158 tenemus
1251 1150 1260 1168 ‚

144 1187 313 1226 Graecia
342 1197 464 1237 quam
493 1186 636 1224 Troiae
665 1185 803 1223 divino
833 1184 999 1222 numine
1024 1183 1156 1231 vexit,

145 1249 374 1300 Omniaque
407 1260 428 1286 e
457 1248 548 1288 latis
582 1260 718 1286 rerum
744 1248 915 1297 vestigia
947 1249 1082 1284 terris.

220 1337 259 1379 2.
309 1336 395 1378 Lib.
436 1336 574 1378 XVIII.
612 1350 650 1378 v,
693 1334 766 1377 136
802 1349 865 1391 sq.
903 1347 969 1390 ap.
1001 1333 1217 1388 Augustin.
1259 1331 1312 1374 de
1354 1332 1440 1374 Civ.
1478 1332 1526 1374 D.
1566 1330 1590 1372 Ι.
1630 1332 1670 1372 V.
1709 1344 1745 1372 c.
1779 1330 1815 1373 8.

850 1404 892 1445 T.
930 1404 975 1446 V.
1020 1418 1058 1459 p.
1097 1403 1191 1444 293.

145 1485 263 1526 Tales
292 1491 388 1525 sunt
417 1485 625 1525 hominurn
653 1490 835 1534 mentes,
880 1483 1012 1535 qualis
1047 1489 1165 1534 pater
1191 1482 1280 1534 ipse

144 1549 326 1601 Iuppiter
353 1549 568 1588 auctiferas
600 1547 788 1587 lustravit
816 1546 968 1585 lumine
1004 1551 1149 1585 terras,

514 1799 584 1854 ΙΙ.
622 1798 889 1854 ΑΒΑΤΙ
929 1792 1538 1853 ΡΗΑΕΝΟΜΕΝΑ

375 1928 417 1986 A
452 1927 800 1988 CICERONE
841 1928 908 1986 IN
944 1926 1258 1986 LATINUM
1297 1923 1677 1984 GONVERSA

655 2043 761 2086 CUM
794 2041 1185 2086 SUPPLEMENTIS
1218 2039 1413 2082 Gnorn.

150 2268 328 2300 Manifesta
360 2277 416 2300 res
441 2270 511 2307 est,
548 2268 651 2300 huius
684 2268 855 2309 poematis
884 2275 991 2298 unum
1025 2266 1204 2297 dumtaxat
1233 2263 1391 2296 codicem
1420 2272 1438 2294 e
1467 2263 1643 2294 communi
1673 2260 1727 2292 illo
1756 2261 1908 2301 antiqui-

281 2319 358 2351 tatis
383 2320 482 2360 quasi
507 2318 686 2358 naufragio
712 2319 888 2349 servatum
916 2325 993 2347 esse
1021 2325 1061 2347 ex
1089 2324 1158 2355 quo
1185 2315 1290 2346 ceteri
1319 2313 1412 2344 ducti
1443 2313 1526 2347 sint.
1557 2312 1584 2342 si
1613 2311 1755 2350 quidem
1783 2318 1907 2341 omnes

279 2368 374 2399 initio
398 2370 541 2400 truncos
566 2368 763 2408 iisdemque
789 2367 874 2399 locis
900 2374 1044 2397 mancos
1067 2366 1280 2405 accepimus.
1309 2361 1434 2402 Quales
1459 2364 1576 2393 autem
1602 2369 1694 2392 nunc
1719 2368 1778 2392 eos
1796 2358 1908 2390 habe-

281 2424 381 2454 rnus,
409 2417 516 2449 fuisse
541 2417 705 2448 videntur
729 2417 797 2447 iam
820 2415 960 2447 saeculo
986 2424 1095 2454 nono,
1127 2419 1160 2446 ut
1187 2414 1291 2445 didici
1317 2423 1334 2445 e
1360 2413 1493 2444 Servati
1514 2411 1599 2451 Lupi
1626 2408 1769 2451 epistola
1794 2408 1905 2440 LXIX.

280 2474 312 2506 p.
352 2467 426 2498 ΜΞ.
469 2466 525 2498 ed.
562 2469 726 2506 Antverp.
767 2466 933 2496 Tullianus
959 2465 1129 2504 epistolas,
1156 2465 1282 2505 inquit,
1317 2472 1399 2503 quas
1420 2462 1553 2498 misisti,
1591 2469 1663 2491 cum
1687 2460 1807 2491 nostris
1829 2467 1908 2488 con-

280 2515 363 2554 ferri
401 2517 543 2556 faciam,
589 2520 625 2547 ut
652 2525 695 2548 ea:
728 2516 894 2556 utrisque,
920 2517 947 2546 si
971 2516 1071 2555 possit
1093 2515 1182 2554 fleri.
1213 2514 1337 2544 veritas
1361 2512 1584 2550 ansculpatur.
1636 2509 1679 2540 Tu
1703 2513 1812 2540 autem
1834 2508 1908 2538 huic

282 2566 387 2597 nostri
410 2568 539 2598 cursori
564 2565 752 2598 Tullium
776 2567 817 2597 in
841 2566 970 2597 Arato
995 2565 1107 2599 trade,
1135 2567 1170 2595 ut
1193 2573 1235 2595 ex
1258 2572 1313 2601 eo,
1340 2571 1434 2602 quem
1457 2570 1507 2592 me
1530 2562 1783 2600 impetraturum
1799 2558 1906 2590 crede.

282 2623 368 2654 quae
395 2616 499 2648 deesse
521 2617 568 2648 illi
594 2615 683 2656 Egil
709 2620 818 2648 noster·
843 2616 990 2656 aperuit,
1027 2615 1251 2654 suppleantur.
1302 2611 1504 2644 paucissimi
1533 2618 1616 2641 vero
1641 2609 1745 2640 hodie
1772 2610 1909 2640 exstant

283 2664 424 2697 codices
449 2666 676 2706 manuscripti
706 2666 831 2697 horum
855 2667 1080 2701 Arateorum,
1111 2671 1259 2704 quorum
1285 2661 1546 2702 antiquissimus
1573 2659 1709 2690 videtur

154 2714 181 2745 H
213 2722 251 2736 =
285 2714 397 2746 codex
432 2715 635 2747 Harleianus
659 2724 757 2747 num.
784 2715 858 2746 647.
886 2714 1082 2755 descriptus
1107 2713 1151 2744 ab
1177 2712 1310 2752 Ottleyo
1336 2713 1368 2743 in
1394 2708 1664 2749 Archaeologiae
1691 2708 1907 2740 Britannicae

284 2762 348 2794 vol.
390 2765 503 2796 XXVI.
544 2767 579 2797 P.
618 2766 641 2796 l.
678 2774 710 2806 p.
755 2764 814 2796 ⁴45
843 2773 942 2805 seqq.
974 2765 1050 2804 lpse
1076 2772 1157 2795 eum
1183 2761 1324 2794 saeculo
1350 2759 1507 2793 secundo
1532 2758 1584 2789 vel
1611 2759 1711 2790 tertio
1739 2759 1909 2797 scriptum

281 2815 399 2853 putat:
438 2815 532 2852 mihi¹
568 2816 735 2855 quantum
772 2822 813 2845 ex
851 2814 1043 2854 specimine
1081 2814 1174 2854 ipso,
1205 2811 1397 2843 litterarum
1433 2809 1554 2842 forma.
1587 2809 1689 2839 totius
1716 2807 1908 2848 scripturae

283 2861 384 2903 longe
409 2865 614 2896 recentioris
634 2864 768 2895 ratione
793 2864 897 2904 atque
919 2864 1127 2904 praesertim
1152 2870 1193 2893 ex
1218 2859 1396 2893 erroribus
1426 2858 1579 2889 iudicare
1599 2857 1703 2895 licuit,
1731 2865 1908 2890 summum

284 2913 364 2944 noui
387 2913 518 2946 saeculi
542 2914 692 2947 videtur.
721 2930 755 2935 —
785 2914 926 2944 Praeter
950 2912 1043 2943 hunc
1067 2911 1110 2942 ab
1137 2909 1271 2950 Ottleyo
1297 2907 1409 2940 collati
1436 2909 1516 2939 sunt
1533 2906 1602 2938 duo
1620 2908 1694 2938 eius
1710 2906 1908 2948 apographa

283 2961 425 3002 saeculi,
451 2966 488 2994 ut
511 2964 660 3003 videtur,
687 2963 835 2994 decimi:

282 3011 393 3043 codex
424 3013 665 3050 Cottonianus.
692 3011 764 3044 Tib.
792 3012 828 3043 B.
856 3012 889 3044 5.

286 3061 398 3092 codex
422 3061 624 3094 Harleianus
655 3070 751 3093 num.
780 3061 876 3092 2506.

285 3110 423 3143 Codicis
448 3113 562 3143 vicem
587 3112 671 3142 mihi
698 3110 869 3151 praestitit
897 3110 1000 3141 etiam

158 3162 182 3193 P
215 3167 254 3183 =
288 3160 394 3192 editio
425 3161 590 3202 princeps
624 3160 724 3200 longe
757 3159 955 3196 rarissima,
992 3167 1009 3189 e
1035 3157 1156 3189 codice
1182 3155 1348 3188 Siciliensi
1373 3155 1500 3192 ducta,
1538 3163 1556 3185 a
1582 3156 1728 3195 Georgio
1754 3153 1847 3185 Valla
1878 3156 1911 3184 et

290 3211 426 3242 Victore
453 3211 577 3243 Pisano
604 3213 735 3243 curata.
763 3208 806 3240 de
831 3217 900 3248 qua
925 3207 1004 3239 vide
1031 3206 1243 3239 Onomastici
1271 3204 1413 3236 Tulliani
1440 3206 1475 3237 Ρ.
1505 3206 1530 3236 1.
1556 3213 1589 3246 p.
1619 3204 1693 3237 375.

160 3262 186 3293 Ο
221 3269 260 3284 =
294 3260 398 3292 editio
422 3268 500 3292 mea
526 3260 620 3301 prior
643 3268 674 3290 a.
711 3258 805 3290 4828.

210 3069 250 3085 ll
210 3019 250 3034 ΙΙ

155 3013 180 3045 C

155 3063 178 3094 S
