2249 3624
387 134 469 178 4⁴8
988 135 1058 175 DE
1088 134 1314 175 DEORUM
1341 134 1558 175 NATURA

385 243 568 285 adferret
595 241 801 288 humano,
832 239 874 279 id
906 253 991 280 non
1024 240 1115 280 sine
1146 240 1289 280 divina
1318 240 1508 280 bonitate
1530 253 1629 293 erga
1654 240 1850 282 homines
1874 239 1963 282 fieri
1983 243 2155 284 arbitra-

384 308 548 348 bantur.
605 307 753 357 ltaque
793 308 881 344 tum
919 303 1046 350 illud,
1087 303 1199 356 quod
1232 307 1320 342 erat
1349 316 1373 342 a
1404 304 1482 343 deo
1514 309 1676 351 natum,
1718 304 1888 345 nomine
1918 305 2052 358 ipsius
2084 306 2153 346 dei

384 368 704 421 nuncupabant,
737 371 781 406 ut
808 381 901 406 cum
922 366 1062 419 fruges
1087 366 1277 406 Cererem
1300 366 1585 419 appellamus,
1617 367 1759 406 vinum
1781 373 1922 407 autem
1944 368 2152 415 Liberum,

384 445 437 471 ex
469 443 552 483 quo
583 429 686 468 illud
718 429 931 468 Terentii:

352 500 370 528 5
693 491 820 531 Sine
854 491 1048 530 Cerere
1081 496 1131 530 et
1161 490 1360 529 Libero
1391 489 1565 542 friget
1595 490 1795 530 Venus:

382 553 449 594 61.
481 560 566 594 tum
604 559 741 594 autem
784 568 851 594 res
883 555 993 607 ipsa,
1034 554 1075 593 in
1110 567 1190 607 qua
1219 553 1282 592 vis
1313 553 1422 592 inest
1453 553 1584 593 maior
1614 553 1775 606 aliqua,
1817 553 1876 593 sic
1907 553 2155 610 appellatur,

380 623 425 656 ut
461 630 510 656 ea
549 616 641 669 ipsa
672 617 913 656 nominetur
943 616 1065 663 deus,
1096 623 1142 655 ut
1172 616 1315 662 Fides,
1347 620 1392 655 ut
1421 617 1564 663 Mens,
1597 629 1699 669 quas
1730 617 1772 655 in
1797 616 2004 669 Capitolio
2037 616 2154 656 dedi—

381 684 492 719 catas
523 678 714 718 videmus
747 679 939 732 proxime
971 692 993 718 a
1023 680 1077 717 M.
1100 678 1278 718 Aemilio
1311 679 1481 724 Scauro,
1513 684 1608 718 ante
1641 684 1781 718 autem
1812 679 1863 718 ab
1888 679 2014 719 Atilio
2038 678 2155 719 Cala-

380 742 468 781 tino
500 746 586 781 erat
616 741 740 781 Fides
773 748 1028 782 consecrata.
1080 740 1207 780 Vides
1235 740 1406 780 Virtutis
1439 741 1656 794 templum,
1689 741 1804 780 vides
1835 741 2015 781 Honoris
2046 754 2070 781 a
2098 743 2154 782 M.

330 804 575 844 ⁴0Marcello
617 810 884 851 renovatum,
926 803 1040 857 quod
1086 803 1226 842 multis
1258 809 1353 842 ante
1385 804 1505 842 annis
1538 810 1627 843 erat
1657 804 1769 843 bello
1803 804 2016 856 Ligustico
2047 818 2072 844 a
2102 804 2153 852 Q.

378 867 560 907 Maximo
593 865 846 906 dedicatum.
897 866 1007 914 Quid
1041 866 1176 918 Opis?
1209 865 1310 918 quid
1343 865 1531 905 Salutis?
1565 866 1666 919 quid
1697 866 1978 914 Concordiae,
2009 867 2154 907 Liber-

378 929 494 976 tatis,
526 928 765 969 Victoriae?
797 942 974 981 quarum
1007 929 1191 976 omnium
1224 941 1362 968 rerum
1396 929 1494 980 quia
1525 929 1587 967 vis
1611 934 1699 967 erat
1726 934 1862 975 tanta,
1893 935 1941 969 ut
1961 929 2052 969 sine
2074 930 2153 969 deo

377 992 464 1044 regi
495 1005 578 1031 non
609 998 773 1044 posset,
804 993 895 1044 ipsa
926 1005 992 1032 res
1025 993 1197 1031 deorum
1230 1004 1382 1031 nomen
1415 991 1610 1043 optinuit.
1655 991 1748 1039 Quo
1777 1005 1830 1031 ex
1851 1005 2005 1044 genere
2028 992 2154 1044 Cupi-

378 1053 487 1094 dinis
519 1060 560 1094 et
581 1054 818 1107 Voluptatis
851 1059 892 1094 et
912 1055 1172 1094 Lubentinae
1196 1054 1371 1093 Veneris
1395 1053 1599 1093 vocabula
1621 1059 1863 1094 consecrata
1885 1059 2002 1101 sunt,
2033 1054 2154 1095 vitio-

327 1122 362 1151 ⁴5
378 1125 516 1157 sarum
547 1131 685 1156 rerum
715 1130 856 1170 neque
884 1117 1162 1163 naturalium,
1196 1129 1448 1169 quamquam
1473 1116 1660 1156 Velleius
1683 1118 1803 1157 aliter
1824 1117 2048 1163 existimat,
2079 1116 2153 1156 sed

377 1185 517 1219 tamen
549 1193 597 1219 ea
628 1180 720 1232 ipsa
751 1179 852 1219 vitia
883 1186 1073 1219 naturam
1105 1179 1394 1219 vehementius
1426 1192 1551 1232 saepe
1582 1180 1762 1232 pulsant.
1822 1178 1888 1219 62.
1920 1179 2152 1220 Utilitatum

377 1242 503 1294 igitur
534 1241 822 1293 magnitudine
853 1243 1067 1282 constituti
1100 1247 1197 1281 sunt
1228 1242 1264 1281 ei
1287 1242 1349 1289 di,
1382 1242 1453 1293 qui
1476 1241 1678 1281 utilitates
1700 1255 1891 1296 quasque
1913 1243 2152 1296 gignebant.

376 1305 514 1356 Atque
545 1303 610 1343 his
643 1303 816 1357 quidem
849 1305 1110 1351 nominibus,
1144 1318 1251 1358 quae
1283 1304 1409 1357 paulo
1441 1310 1537 1344 ante
1570 1304 1680 1344 dicta
1712 1310 1820 1352 sunt,
1853 1319 1961 1359 quae
1990 1306 2054 1346 vis
2085 1306 2152 1354 sit,

375 1368 419 1406 in
451 1379 620 1420 quoque
653 1366 887 1407 declaratur
919 1368 1011 1407 deo.
1063 1368 1213 1406 XXIV.
1247 1367 1440 1420 Suscepit
1471 1372 1609 1407 autem
1632 1368 1714 1407 vita
1737 1368 1956 1408 hominum
1978 1381 2153 1409 consue-

326 1433 363 1463 20
378 1428 567 1485 tudoque
599 1442 832 1469 communis
864 1435 910 1469 ut
940 1430 1156 1470 beneficiis
1189 1430 1436 1470 excellentis
1467 1431 1578 1470 viros
1610 1431 1653 1469 in
1685 1431 1848 1470 caelum
1878 1430 1988 1470 fama
2012 1443 2060 1470 ac
2081 1443 2153 1471 vo-

377 1491 535 1531 luntate
573 1491 779 1532 tollerent.
830 1493 938 1532 Hinc
969 1493 1193 1541 Hercules,
1236 1492 1334 1533 hinc
1367 1493 1513 1532 Castor
1544 1498 1586 1532 et
1615 1493 1791 1540 Pollux,
1829 1493 1928 1533 hinc
1956 1493 2154 1533 Aescula-

375 1554 492 1606 pius,
522 1553 619 1592 hinc
651 1554 775 1593 Liber
806 1556 928 1594 etiam
962 1580 1017 1585 -—
1047 1555 1157 1595 hunc
1188 1555 1283 1595 dico
1315 1556 1508 1595 Liberum
1543 1556 1708 1596 Semela
1738 1562 1905 1604 natum,
1936 1569 2022 1596 non
2043 1569 2152 1604 eum,

377 1629 502 1670 quem
541 1617 671 1655 nostri
710 1617 889 1657 maiores
927 1624 1100 1671 auguste
1134 1624 1361 1671 sancteque
1393 1618 1589 1658 Liberum
1622 1632 1715 1659 cum
1749 1619 1899 1659 Cerere
1930 1624 1971 1658 et
2001 1619 2154 1659 Libera

377 1684 749 1726 consecraverunt,
782 1679 893 1732 quod
928 1681 1053 1733 quale
1085 1681 1137 1719 sit
1169 1694 1221 1719 ex
1254 1680 1465 1733 mysteriis
1498 1680 1685 1733 intellegi
1717 1686 1869 1733 potest.
1921 1680 2003 1721 Sed
2035 1679 2151 1734 quod

326 1747 429 1781 2⁵ex
474 1741 596 1781 nobis
643 1748 763 1782 natos
808 1742 960 1782 liberos
1001 1742 1285 1795 appellamus,
1331 1742 1488 1781 idcirco
1522 1743 1672 1782 Cerere
1704 1743 1790 1782 nati
1821 1743 2023 1783 nominati
2054 1748 2151 1783 sunt

375 1804 502 1844 Liber
532 1809 572 1844 et
602 1804 769 1851 Libera,
813 1806 925 1858 quod
956 1806 999 1844 in
1032 1805 1179 1844 Libera
1210 1810 1397 1851 servant,
1438 1805 1481 1843 in
1512 1805 1662 1844 Libero
1694 1819 1778 1846 non
1808 1807 1908 1846 item
1941 1828 2014 1853 —-·‚
2052 1805 2151 1845 hinc

376 1867 499 1907 etiam
534 1867 754 1915 Romulus,
796 1881 919 1920 quem
952 1868 1120 1922 quidem
1153 1867 1334 1907 eundem
1366 1878 1458 1906 esse
1492 1866 1716 1915 Quirinum
1750 1874 1923 1921 putant:
1970 1881 2151 1922 quorum

375 1943 470 1970 cum
500 1936 764 1970 remanerent
793 1931 921 1970 animi
952 1937 1078 1984 atque
1109 1930 1356 1971 aeternitate
1386 1929 1644 1978 fruerentur,
1682 1931 1761 1971 rite
1795 1931 1836 1971 di
1873 1936 1972 1972 sunt
2000 1931 2147 1979 hahiti,

375 2007 469 2033 cum
501 1998 541 2032 et
571 1993 718 2046 optimi
749 2000 888 2034 essent
918 2000 959 2034 et
989 1993 1160 2034 aeterni.

325 2060 362 2090 30
487 2053 553 2095 63.
584 2056 675 2095 Alia
706 2070 878 2109 quoque
910 2071 963 2097 ex
998 2057 1162 2096 ratione
1195 2061 1235 2096 et
1266 2055 1436 2108 quidem
1480 2055 1653 2108 physica
1693 2069 1844 2109 magna
1883 2056 2007 2096 fluxit
2043 2056 2150 2096 mul-

372 2120 506 2160 titudo
551 2118 744 2165 deorum,
799 2120 871 2172 qui
916 2120 1051 2159 induti
1099 2119 1238 2171 specie
1285 2119 1469 2158 humana
1512 2118 1673 2158 fabulas
1725 2118 1860 2172 poetis
1906 2118 2150 2172 suppedita-

373 2187 542 2230 verunt,
587 2181 804 2220 bominum
844 2187 984 2222 autem
1024 2182 1150 2221 vitam
1189 2181 1490 2234 superstitione
1530 2181 1642 2220 omni
1684 2181 1954 2220 referserunt.
2012 2181 2148 2235 Atque

373 2245 440 2284 hic
477 2245 594 2283 locus
633 2256 654 2283 a
698 2247 864 2283 Zenone
903 2249 1100 2284 tractatus
1141 2250 1238 2297 post
1278 2258 1301 2284 a
1344 2244 1543 2283 Cleanthe
1591 2248 1632 2283 et
1678 2243 1908 2296 Chrysippo
1958 2243 2149 2296 pluribus

373 2307 509 2348 verbis
550 2306 784 2358 explicatus
822 2312 896 2346 est.
958 2308 1060 2346 Nam
1102 2313 1221 2346 vetus
1260 2306 1361 2346 haec
1392 2306 1536 2359 opinio
1569 2306 1784 2345 Graeciam
1826 2304 2035 2358 opplevit,
2076 2317 2150 2344 ex-

325 2375 533 2410 35sectum
580 2367 750 2408 Caelum
793 2380 817 2407 a
861 2366 946 2408 filio
995 2369 1198 2416 Saturno,
1248 2369 1433 2408 vinctum
1479 2374 1617 2408 autem
1669 2369 1893 2407 Saturnum
1941 2367 2080 2420 ipsum
2124 2380 2150 2408 a

373 2432 459 2474 filio
498 2434 612 2473 Iove.
671 2428 738 2470 64.
768 2431 944 2486 Physica
981 2433 1087 2471 ratio
1130 2445 1214 2471 non
1245 2431 1460 2484 inelegans
1491 2431 1652 2471 inclusa
1680 2435 1743 2471 est
1775 2430 1818 2470 in
1850 2430 1998 2484 impias
2027 2429 2149 2470 fabu-

462 2571 492 2600 2.
519 2573 636 2600 natum
660 2566 706 2599 at:
740 2568 898 2599 donatum
921 2568 999 2599 cod.
1028 2568 1281 2608 Glogaviensis,
1309 2569 1345 2600 O.
1381 2568 1432 2600 Cs.
1460 2568 1547 2608 36¹2.
1575 2567 1618 2599 de
1644 2567 1739 2598 Osfic.
1767 2568 1794 2597 II
1825 2566 1913 2607 3⁴6.
1941 2584 1977 2589 —
2004 2567 2035 2599 3.
2061 2577 2148 2599 non-

375 2619 540 2659 cupabant
564 2621 589 2649 A
608 2635 641 2639 —
669 2618 780 2658 fruges
803 2627 945 2649 cererem
970 2627 1060 2649 corr.
1082 2627 1123 2649 ex
1147 2618 1332 2659 frugescere
1348 2619 1377 2647 V
1398 2636 1429 2641 —
1459 2617 1490 2649 4.
1517 2618 1632 2648 tercnli
1657 2617 1681 2647 B
1697 2618 1737 2647 Vl
1757 2634 1791 2638 -
1820 2616 1851 2647 6.
1870 2618 1952 2648 inest
1973 2618 2084 2649 maior
2099 2634 2148 2641 --

376 2679 415 2701 ea
440 2671 511 2707 ipsa.
534 2669 568 2699 iu
595 2677 705 2707 marg.
733 2667 838 2699 habet
863 2668 886 2698 B
914 2685 948 2689 —
977 2668 1086 2708 alique
1109 2669 1149 2698 A¹
1176 2685 1210 2688 —
1239 2669 1269 2699 Ἴ.
1296 2670 1367 2707 ipsa
1395 2669 1440 2698 13:
1466 2669 1539 2707 ipsa
1562 2667 1597 2698 ui
1622 2666 1683 2697 V¹z
1710 2667 1783 2705 ipsa
1806 2667 1858 2697 uis
1881 2666 1947 2698 AC
1964 2666 2082 2699 Ev2o
2108 2684 2144 2689 ——

378 2720 408 2751 9.
433 2720 510 2760 fides
534 2717 582 2750 ⁴][:
622 2719 702 2757 Spes
725 2717 933 2755 Lambinus,
962 2718 986 2748 O
1015 2735 1049 2739 —-
1075 2710 1171 2748 Tne'des
1187 2735 1204 2739 —
1218 2735 1234 2740 -
1254 2718 1341 2749 uides
1374 2718 1436 2748 VJ:
1473 2718 1564 2748 uides
1580 2735 1597 2739 —
1612 2734 1627 2739 -
1646 2717 1719 2747 uide
1743 2719 1768 2747 A
1783 2717 1806 2747 B
1823 2716 1886 2754 V¹÷
1918 2717 1994 2748 uide
2009 2734 2027 2739 -
2040 2734 2057 2740 -
2072 2717 2149 2749 uide

379 2769 442 2800 (ΣΕ
470 2786 504 2790 ——
533 2770 584 2799 40.
611 2768 719 2798 multis
743 2766 792 2799 Qt:
827 2767 991 2798 nonnullis
1014 2768 1196 2805 Davisius3
1229 2769 1318 2799 haud
1342 2769 1451 2798 mullis
1475 2768 1643 2800 Bouhiei·;
1674 2777 1737 2799 rnon
1762 2767 1875 2798 mullis
1898 2765 1964 2797 alii.
1994 2784 2029 2789 —
2055 2767 2148 2808 lequ-

376 2819 455 2850 slico
479 2821 503 2850 A
519 2817 607 2849 B¹V¹
635 2835 670 2840 —
705 2827 735 2856 q.
762 2826 805 2848 ex
836 2817 1053 2848 correctione
1084 2817 1192 2848 habet
1216 2818 1262 2852 V:
1297 2826 1361 2862 que
1384 2820 1410 2848 Α
1438 2834 1472 2839 —-
1507 2818 1558 2848 46.
1586 2820 1711 2848 natura
1734 2819 1761 2848 A
1788 2834 1823 2840 —-
1851 2817 1902 2848 48.
1929 2819 2028 2856 atque
2052 2817 2078 2848 is
2099 2834 2147 2842 --

379 2869 436 2906 qui
457 2868 556 2907 paulo
573 2870 597 2898 A
633 2884 667 2889 —
702 2867 753 2897 19.
780 2867 926 2906 Suscepit
957 2870 1067 2897 antem
1083 2883 1131 2888 -—
1148 2867 1274 2906 Castor,
1301 2868 1374 2898 hinc
1397 2867 1532 2905 Pollux,
1559 2884 1605 2890 -—
1623 2867 1698 2897 hinc
1721 2867 1817 2898 Liber
1841 2866 2039 2898 Lactantius
2064 2867 2145 2898 lust.

379 2918 408 2953 l.
436 2918 488 2948 215.
516 2933 549 2938 --
578 2917 630 2947 ⁶21.
657 2917 780 2947 ercules
803 2918 830 2947 A
858 2934 890 2938 -—
926 2916 980 2946 2¹2.
1005 2916 1124 2946 semela
1149 2917 1195 2946 V:
1228 2916 1324 2947 semel
1357 2918 1549 2957 (superscr.
1577 2920 1611 2948 in
1636 2917 1704 2948 fine
1729 2926 1776 2948 m.
1803 2926 1875 2949 sec.
1902 2917 1933 2955 e)
1958 2917 2004 2951 A;
2034 2916 2149 2948 semele

380 2969 403 3000 B
420 2969 443 2999 C
460 2968 483 2998 E
509 2965 578 3008 {littf
606 2966 724 2998 ultima
751 2976 790 2998 ex
817 2967 1035 2998 correctione
1060 2967 1104 3003 B,
1131 2968 1211 2997 ante
1236 2976 1395 2997 rasuram
1420 2968 1522 2998 unius
1547 2967 1682 2998 litterae
1700 2968 1735 3006 C)
1755 2984 1797 2988 —
1821 2967 1873 2998 23.
1893 2968 2055 3007 augustae
2069 2964 2148 2998 Av¹

381 3035 416 3040 —-
443 3020 638 3055 sanctaeque
662 3020 687 3048 A
704 3019 726 3048 C
763 3035 796 3039 —
829 3016 881 3048 Ἡ.
908 3016 1098 3047 ministeriis
1122 3016 1146 3045 V
1181 3034 1212 3037 -
1250 3017 1300 3047 26.
1327 3016 1431 3048 libera
1449 3017 1612 3048 --libero
1637 3016 1688 3049 ³21:
1715 3016 2025 3048 Libero——Ls'bera
2055 3015 2080 3046 O
2106 3031 2143 3037 —

379 3068 433 3099 27.
460 3066 624 3097 romulum
648 3065 677 3098 ⁵21
704 3085 737 3089 -
765 3067 895 3107 quidem
920 3067 943 3097 E
960 3066 1003 3096 V:
1031 3067 1165 3105 quidam
1190 3068 1214 3097 A
1230 3067 1253 3097 B
1270 3067 1293 3097 C
1323 3084 1357 3089 —
1385 3067 1437 3098 28.
1465 3071 1561 3098 enlin·
1581 3076 1650 3099 om.
1670 3066 1711 3097 V¹
1730 3084 1765 3089 —
1791 3067 1837 3098 dii
1860 3067 1922 3097 rite
1938 3066 1963 3097 O
1983 3083 2018 3088 —-—
2043 3065 2097 3097 29.
2116 3067 2148 3096 et

381 3118 460 3148 ante
484 3116 597 3155 optimi
622 3124 691 3146 oin.
713 3116 736 3148 C
758 3133 792 3138 —
820 3116 873 3147 31.
900 3116 1024 3146 inducti
1048 3114 1076 3147 ⁸21
1097 3133 1131 3138 —
1157 3115 1209 3147 32.
1235 3117 1306 3146 uita
1326 3117 1349 3148 C
1371 3134 1403 3138 —
1432 3117 1484 3148 33.
1511 3118 1635 3148 cleante
1655 3118 1681 3148 A
1696 3117 1720 3148 E
1735 3117 1761 3147 V
1782 3134 1810 3138 -—
1841 3117 1984 3155 crisippo
1999 3113 2146 3147 ACEV

383 3165 434 3198 34.
462 3165 604 3204 oppleuit,
628 3167 728 3204 (corr.
756 3175 795 3197 ex
821 3166 1008 3205 oppleuisse)
1035 3165 1080 3196 V:
1108 3165 1298 3205 oppleuisset
1315 3166 1378 3197 AB
1395 3167 1418 3197 C
1438 3176 1443 3202 ;
1471 3167 1666 3206 αρΡΙθηίεεει
1690 3167 1737 3203 Ε;
1763 3166 1905 3206 oppleuit
1926 3166 2047 3198 scilicet
2068 3163 2139 3202 alii;

383 3216 539 3256 opplevit,
566 3223 631 3246 esse
654 3215 886 3247 Heindorfius.
912 3232 947 3237 —
976 3215 1028 3246 35.
1052 3215 1180 3247 caelum
1204 3225 1292 3248 corr.
1315 3225 1362 3249 m.
1388 3225 1459 3250 sec.
1485 3217 1518 3248 in
1543 3216 1682 3249 caelium
1706 3216 1732 3247 V
1763 3233 1796 3238 —-
1827 3216 1880 3248 36.
1898 3216 2030 3247 incussa
2051 3214 2077 3246 B
2100 3230 2143 3238 --

381 3267 486 3306 impia
505 3265 622 3306 fabula
647 3266 736 3306 (ante
762 3273 900 3298 erasam
922 3264 1084 3305 litteram)
1110 3266 1148 3298 C.

2241 2231 2249 2518 l

2236 2577 2244 2781 l

2235 2802 2238 2861 l

2228 2903 2236 3100 j

2225 3117 2232 3265 Ξ

2224 3266 2228 3350 1

2222 3367 2226 3463 l

2218 3581 2222 3624 l
