2249 3624
266 149 320 191 62
726 148 1154 190 ACADEMICORUM
1184 147 1564 189 POSTERIORUM

266 262 453 310 videtur,
483 262 748 309 Aristoteles,
780 261 852 300 sed
883 260 993 300 idem
1023 260 1118 299 sons
1150 264 1237 300 erat
1265 260 1455 314 utrisque
1487 265 1529 300 et
1558 260 1704 299 eadem
1733 273 1873 300 rerum
1904 274 2029 314 expe-

265 326 480 366 tendarum
510 325 887 378 fugiendarumque
917 323 1100 376 partitio.

376 390 424 428 V.
457 389 537 428 Sed
581 388 679 440 quid
710 388 816 438 ago?
858 385 1015 438 inquit,
1055 390 1126 424 aut
1159 398 1305 424 sumne
1338 398 1484 432 sanus,
1524 385 1596 438 qui
1625 384 1729 424 haec
1760 398 1833 424 vos
1865 384 2026 424 doceo?

264 464 359 490 nam
390 452 467 491 etsi
498 463 583 489 non
614 462 684 488 sus
715 449 967 494 Minervam,
998 452 1044 486 ut
1074 447 1209 493 aiunt,
1241 452 1378 486 tamen
1409 447 1551 499 inepte
1584 447 1777 500 quisquis
1799 446 2027 486 Minervam

232 513 400 553 &doceb
450 514 552 552 Tum
584 511 769 550 Atticus:
814 511 876 549 Tu
908 523 1031 556 vero,
1070 509 1230 562 inquit,
1275 522 1422 562 perge,
1454 510 1608 557 Varro3
1640 509 1760 548 valde
1792 509 1902 548 enim
1933 521 2026 548 amo

262 580 403 614 nostra
433 580 557 626 atque
588 577 776 619 nostros,
809 585 960 625 meque
990 572 1070 611 ista
1103 570 1329 618 delectant,
1362 585 1455 611 cum
1486 572 1632 611 Latine
1655 571 1849 611 dicuntur
1880 576 1919 611 et
1947 571 2026 611 isto

262 635 402 675 modo.
460 635 570 682 Quid
602 647 690 680 me,
730 634 924 687 inquam,
964 638 1104 687 putas,
1145 634 1216 687 qui
1252 633 1563 687 philosophiam
1596 634 1676 673 iam
1708 634 1919 687 professus
1951 635 2026 674 sim

261 698 420 750 populo
451 704 595 737 nostro
619 709 683 736 me
706 696 1021 736 exhibiturum?
1057 697 1280 748 Pergamus
1303 697 1442 749 igitur,
1473 697 1629 750 inquit,
1662 697 1856 749 quoniam
1879 697 2026 750 placet.

262 757 326 799 Ι19.
358 760 450 799 Fuit
480 771 578 811 ergo
609 759 691 798 iam
721 764 890 811 accepta
921 771 942 798 a
975 758 1149 798 Platone
1181 758 1508 812 philosophandi
1534 759 1639 798 ratio
1663 760 1835 811 triplex:
1870 772 1954 798 una
1976 759 2027 798 de

213 831 246 858 io
260 823 344 861 vita
374 826 415 861 et
445 821 648 866 moribus,
679 821 810 860 altera
841 821 891 860 de
921 826 1070 860 natura
1102 826 1143 860 et
1172 821 1296 860 rebus
1328 821 1527 869 occultis,
1558 822 1680 861 tertia
1708 822 1758 861 de
1782 821 2025 861 disserendo

260 889 322 931 et,
363 883 464 936 quid
504 897 648 923 verum
689 883 789 935 quid
830 882 980 923 falsum
1022 883 1123 936 quid
1154 888 1312 923 rectum
1348 884 1389 923 in
1423 885 1610 923 oratione
1641 897 1888 935 pravumve,
1926 883 2025 936 quid

259 946 524 985 consentiens
557 945 658 999 quid
689 959 952 998 repugnans,
992 946 1228 985 iudicando.
1278 947 1336 985 Ac
1372 946 1552 999 primum
1583 946 1695 985 illam
1727 951 1887 998 partem
1918 946 2024 985 bene

257 1008 425 1048 vivendi
464 1021 487 1048 a
526 1014 674 1048 natura
710 1009 908 1061 petebant
948 1008 1073 1061 eique
1114 1008 1345 1060 parendum
1387 1021 1478 1048 esse
1517 1008 1730 1055 dicebant,
1772 1021 1908 1061 neque
1940 1007 2024 1047 ulla

204 1073 214 1093 Ἰ
257 1071 339 1111 alia
379 1071 422 1110 in
462 1085 507 1110 re
536 1071 616 1110 nisi
648 1071 691 1110 in
723 1077 870 1111 natura
903 1070 1190 1124 quaerendum
1223 1084 1314 1110 esse
1345 1071 1449 1110 illud
1482 1084 1686 1110 summum
1717 1070 1894 1117 bonum,
1938 1083 2022 1124 quo

207 1137 242 1165 ⁴5
257 1134 395 1174 omnia
425 1133 698 1180 referrentur3
730 1134 1124 1186 constituebantque
1157 1138 1387 1172 extremum
1420 1146 1511 1173 esse
1532 1146 1670 1172 rerum
1693 1133 2022 1186 expetendarum

257 1203 298 1237 et
337 1198 463 1237 finem
502 1196 727 1243 bonorum,
768 1195 964 1249 adeptum
1003 1209 1094 1235 esse
1132 1197 1270 1235 onmia
1302 1210 1323 1235 e
1355 1202 1503 1235 natura
1535 1200 1576 1234 et
1604 1196 1743 1234 animo
1776 1200 1817 1234 et
1847 1208 2022 1248 corpore

255 1265 296 1300 et
331 1260 431 1300 vita.
492 1258 687 1312 Corporis
726 1264 863 1298 autem
905 1259 984 1298 alia
1023 1258 1236 1311 ponebant
1276 1271 1368 1297 esse
1407 1259 1449 1298 in
1480 1263 1590 1305 toto,
1631 1257 1711 1296 alia
1743 1257 1786 1296 in
1816 1258 2021 1311 partibus:

255 1321 561 1368 valetudinem,
602 1320 733 1368 vires,
775 1319 1128 1374 pulchritudinem
1169 1321 1210 1359 in
1254 1325 1363 1367 toto,
1406 1320 1447 1359 in
1490 1320 1674 1373 partibus
1706 1324 1844 1359 autem
1875 1333 2022 1361 sensus

254 1387 439 1438 integros
481 1389 523 1423 et
561 1383 860 1436 praestantiam
899 1383 1082 1436 aliquam
1123 1383 1305 1435 partium
1348 1383 1627 1435 singularum,
1674 1387 1721 1421 ut
1762 1383 1803 1421 in
1845 1383 2022 1435 pedihus

206 1447 530 1493 acceleritatem,
563 1446 645 1486 vim
676 1446 719 1485 in
750 1445 961 1493 manibus,
994 1445 1224 1484 claritatem
1256 1446 1299 1484 in
1333 1458 1457 1492 voce,
1490 1445 1533 1483 in
1564 1444 1707 1497 lingua
1734 1444 1858 1484 etiam
1883 1444 2023 1498 expla-

253 1516 392 1550 natam
423 1522 573 1549 vocum
605 1507 949 1560 impressionem:
995 1505 1061 1547 ⁶20.
1093 1508 1220 1547 animi
1252 1513 1414 1554 autem,
1451 1520 1560 1560 quae
1594 1512 1734 1546 essent
1765 1506 1816 1545 ad
1848 1519 2024 1559 conpre-

252 1571 518 1612 hendendam
550 1570 746 1609 virtutem
777 1570 951 1621 idonea;
995 1583 1130 1623 eaque
1161 1570 1212 1609 ab
1244 1571 1293 1609 iis
1325 1570 1367 1608 in
1399 1574 1661 1627 natuss‘immet
1681 1581 1829 1626 mores
1862 1568 2023 1608 divide-

252 1635 415 1675 bantur.
424 1627 644 1678 sNaturae
678 1632 934 1672 celeritatem
963 1632 1014 1672 ad
1037 1632 1283 1672 discendum
1308 1638 1346 1672 et
1369 1623 1612 1671 mefnioriam
1636 1621 1810 1670 dabant:
1843 1645 2021 1684 quorum

251 1704 477 1750 unumque
523 1695 673 1736 mentis
717 1701 826 1735 esset
867 1695 1083 1747 proprium
1127 1701 1168 1734 et
1205 1695 1375 1747 ingenii.
1435 1696 1598 1733 Morum
1641 1699 1780 1733 autem
1821 1693 2024 1746 putabant

201 1773 238 1802 25
253 1761 391 1800 studia
423 1772 514 1798 esse
546 1763 587 1797 et
617 1758 737 1811 quasi
768 1756 1138 1796 consuetudinem:
1173 1770 1298 1810 quam
1330 1756 1482 1810 partim
1505 1755 1818 1796 exercitationis
1845 1756 2022 1795 assidui-

253 1828 363 1869 tate,
395 1821 544 1874 partim
576 1816 1024 1866 ratione'formabant3
1057 1820 1098 1857 in
1132 1819 1283 1872 quihus
1317 1824 1405 1858 erat
1425 1818 1695 1872 philosophia
1716 1819 1819 1870 ipsa.
1869 1818 1916 1857 In
1940 1831 2022 1872 qua

253 1885 368 1938 quod
400 1882 642 1923 inchoatum
674 1886 738 1921 est
767 1894 905 1934 neque
936 1881 1191 1928 absolutum,
1232 1882 1471 1934 progressio
1505 1880 1710 1934 quaedam
1744 1880 1793 1920 ad
1828 1882 2021 1921 virtutem

251 1946 507 2000 appellatur:
540 1943 651 1997 quod
683 1949 819 1983 autem
851 1943 1111 1990 absolutum,
1144 1943 1185 1982 id
1209 1949 1272 1983 est
1296 1944 1450 1990 virtus,
1483 1943 1601 1996 quasi
1624 1941 1826 1995 perfectio
1849 1948 2021 1982 naturae

252 2009 522 2061 omniumque
554 2020 715 2053 rerum,
757 2019 860 2059 quas
892 2006 934 2044 in
966 2006 1116 2045 animis
1148 2010 1331 2058 ponunt,
1374 2019 1456 2045 una
1487 2018 1551 2045 res
1584 2005 1752 2058 optima.
1813 2002 1879 2044 ‘’2¹l.
1910 2006 2020 2059 Ergo

201 2070 354 2113 30haec
384 2070 634 2110 animorum.
679 2069 800 2108 Vitae
833 2073 971 2107 autem
1002 2089 1056 2096 —
1087 2068 1128 2107 id
1161 2069 1270 2107 enim
1303 2073 1391 2107 erat
1421 2068 1587 2107 tertium
1618 2089 1672 2096 -
1702 2067 1899 2108 adiuncta
1930 2082 2021 2108 esse

251 2133 467 2180 dicebant,
500 2145 607 2185 quae
638 2130 689 2171 ad
721 2131 885 2170 virtutis
915 2144 1036 2170 usum
1068 2130 1267 2170 valerent.
1318 2131 1420 2169 Nam
1454 2130 1585 2170 virtus
1616 2130 1658 2169 in
1680 2129 1807 2169 animi
1838 2130 1958 2169 bonis
1982 2135 2021 2169 et

249 2196 292 2235 in
322 2195 511 2248 corporis
534 2194 717 2234 cernitur
739 2198 780 2233 et
804 2193 847 2233 in
871 2192 1136 2251 quibusdam,
1168 2205 1274 2245 quae
1306 2205 1392 2232 non
1414 2197 1497 2232 tam
1529 2196 1701 2231 naturae
1727 2205 1851 2245 quam
1872 2192 2019 2243 beatae

338 2370 368 2400 4.
394 2372 424 2400 et
446 2375 563 2400 earam
586 2374 698 2397 reram
724 2366 749 2396 G
764 2365 821 2395 Vr
840 2382 874 2386 —
903 2364 933 2395 2.
960 2364 1259 2404 fugiendarumque
1283 2372 1352 2394 om.
1373 2365 1395 2394 P
1410 2363 1449 2401 V,
1473 2363 1709 2403 fuyiendarum
1733 2372 1749 2393 r
1772 2381 1806 2386 —-
1834 2364 1864 2395 3.
1885 2365 1940 2404 qui
1962 2365 2021 2396 hoc

248 2419 344 2450 doceo
368 2428 385 2449 r
409 2435 443 2439 -
473 2416 503 2449 4.
530 2424 602 2447 sam
625 2416 775 2446 minerva
793 2415 846 2445 Gt:
875 2422 929 2444 sus
951 2416 1136 2444 minervam
1153 2414 1242 2444 docet
1257 2415 1282 2444 A
1304 2430 1339 2435 -
1366 2414 1396 2444 5.
1425 2416 1493 2443 tum
1516 2421 1593 2444 vero
1610 2413 1638 2444 V
1656 2430 1692 2435 —
1720 2414 1749 2444 6.
1770 2417 1869 2453 atque
1890 2419 2021 2447 nostras

249 2470 276 2500 G
302 2485 336 2490 --
364 2469 395 2499 7.
420 2467 528 2506 inquit
551 2474 568 2496 r
593 2482 627 2487 —-
651 2465 817 2505 professus
840 2464 907 2494 iam
932 2464 975 2501 G,
1009 2464 1078 2494 iam
1098 2463 1281 2503 professum
1304 2463 1332 2493 V
1360 2480 1394 2484 —
1425 2471 1497 2494 sum
1521 2464 1577 2493 Gr
1604 2480 1637 2486 —
1664 2463 1694 2494 8.
1721 2472 1772 2494 me
1796 2465 1838 2495 G:
1865 2473 1936 2495 om.
1955 2467 1979 2496 A
1995 2466 2019 2497 P

248 2520 346 2550 vor
371 2533 406 2540 —
440 2516 546 2555 inquit
576 2523 646 2546 om.
674 2516 699 2545 G
733 2532 767 2536 -
800 2513 830 2544 9.
856 2513 919 2552 fait
948 2514 1016 2544 iam
1040 2521 1062 2543 α
1092 2513 1175 2543 Plat.
1203 2516 1340 2551 accepta
1364 2521 1381 2543 r
1406 2529 1440 2533 -—
1478 2513 1528 2543 Μ.
1554 2521 1670 2543 verum
1694 2514 1772 2552 quid
1795 2515 1839 2551 G,
1865 2516 1904 2545 ut
1927 2515 2016 2546 coni.

248 2569 438 2601 Manutius:
464 2574 579 2597 verum
602 2568 631 2596 et
655 2564 732 2604 quid
756 2565 781 2594 A
796 2563 892 2595 Pvr
915 2580 956 2585 —
981 2564 1032 2594 112.
1059 2563 1259 2594 consenciens
1284 2564 1307 2593 C
1323 2571 1356 2593 r:
1386 2563 1587 2594 consentiens
1608 2563 1649 2594 sit
1673 2563 1697 2593 O
1715 2571 1796 2593 cum
1814 2563 2016 2603 Goerenzio,

246 2624 442 2656 consequens
472 2613 702 2656 probabiliter
730 2613 874 2644 Krische
904 2622 938 2654 p.
964 2614 1005 2644 55
1038 2613 1111 2653 (nisi
1144 2612 1238 2652 quod
1262 2612 1352 2645 male
1376 2613 1417 2644 sic
1441 2612 1584 2650 addidit)
1611 2611 1688 2643 coll.
1714 2613 1820 2644 Acad.
1848 2614 1893 2649 11,
1920 2613 1938 2654 g
1963 2614 2016 2646 91.

247 2667 338 2699 Orat.
365 2666 383 2707 ἓ
410 2666 482 2697 445.
509 2662 646 2696 Tuscul.
675 2663 713 2702 V,
740 2663 758 2703 g
784 2663 836 2694 68.
863 2662 906 2693 de
931 2662 1020 2703 legg.
1048 2664 1077 2701 Ι,
1105 2662 1122 2703 g
1148 2663 1200 2694 62.
1230 2681 1264 2685 —
1296 2672 1488 2703 repuynans
1511 2663 1702 2694 Manutius:
1739 2666 1899 2703 repugnet
1923 2664 2019 2695 COr

249 2733 285 2739 -
302 2716 449 2755 primum
466 2715 491 2745 G
506 2715 548 2745 E:
572 2714 720 2753 primam
742 2716 768 2744 A
784 2714 807 2744 P
821 2713 849 2743 V
862 2713 886 2743 O
902 2721 918 2743 r
938 2730 972 2733 —
995 2716 1127 2752 partem
1142 2713 1234 2743 illam
1252 2713 1276 2744 O
1291 2722 1308 2744 r
1326 2731 1361 2735 —
1390 2712 1441 2744 44.
1460 2722 1622 2744 summam
1639 2712 1720 2743 illud
1736 2714 1761 2744 P
1779 2731 1813 2735 —
1835 2713 1886 2744 46.
1907 2713 2019 2745 omnia

246 2775 263 2798 e
285 2769 356 2796 nat.
376 2773 446 2795 om.
466 2765 491 2795 G
518 2781 552 2786 -
580 2772 596 2794 e
619 2765 642 2795 P
657 2763 703 2793 V:
731 2771 753 2793 a
768 2764 793 2793 Α
809 2771 824 2793 r
848 2762 943 2793 haud
967 2763 1038 2794 scio
1063 2771 1106 2793 an
1124 2763 1254 2793 rectius
1270 2781 1313 2785 —
1335 2763 1450 2793 anima
1468 2764 1493 2794 G
1512 2780 1547 2784 —
1576 2762 1626 2794 48.
1650 2762 1757 2801 pulcr.
1775 2764 1799 2794 P
1815 2781 1858 2785 —
1883 2764 1934 2794 2⁴.
1953 2764 2018 2794 im-

240 2816 442 2855 pressionem
466 2814 490 2844 C
506 2822 539 2844 r:
572 2813 813 2852 &pressionem
834 2818 869 2853 ψ
885 2814 907 2845 U
923 2813 947 2844 O
973 2829 1007 2834 —
1043 2813 1086 2843 ad
1117 2821 1240 2851 compr.
1270 2812 1408 2852 ingeniis
1434 2812 1589 2843 virtutem
1614 2812 1638 2843 C
1654 2813 1709 2843 Or
1734 2812 1866 2852 (inyeizii
1890 2814 1937 2852 r);
1963 2814 2017 2844 in-

243 2865 346 2906 geniis
371 2863 544 2904 glossema
570 2872 648 2894 esse
674 2863 742 2894 iam
768 2862 940 2893 Manutius
966 2861 1144 2893 intellexit.
1171 2879 1206 2883 —
1239 2862 1292 2893 022.
1319 2870 1422 2900 eaque
1445 2861 1486 2892 ab
1510 2862 1550 2892 iis
1573 2870 1642 2893 om.
1671 2862 1695 2893 E
1723 2879 1757 2883 —
1793 2862 1833 2892 iis
1857 2871 1890 2893 r:
1917 2862 1966 2892 his
1991 2862 2015 2894 C

248 2933 280 2937 —
310 2915 386 2947 fort.
414 2917 443 2945 et
472 2914 504 2944 in
538 2922 645 2944 mores
670 2931 705 2934 --
742 2913 794 2943 σ23.
821 2917 851 2944 et
877 2913 920 2943 ad
942 2913 1136 2943 memoriam
1161 2913 1186 2942 G
1210 2929 1252 2934 -—
1288 2911 1340 2943 ⁶24..
1368 2915 1412 2942 est
1435 2920 1469 2948 r;
1501 2920 1566 2943 esse
1594 2910 1824 2952 probabiliter
1848 2910 1951 2943 Orelli
1978 2929 2012 2933 —

243 2966 297 2997 25.
317 2964 508 2995 assiduitate
531 2962 777 2993 eoeercitationis
794 2964 819 2993 G
836 2980 870 2984 —
898 2962 950 2992 26.
968 2962 1041 3001 ipsa
1060 2961 1265 3001 philosophia
1281 2962 1306 2992 G
1326 2977 1360 2983 —
1390 2962 1441 2992 27.
1461 2970 1518 2992 nec
1535 2961 1563 2991 V
1583 2978 1617 2982 —-
1646 2961 1829 2992 absolutam
1845 2963 1884 2999 A,
1911 2963 1948 2992 ut
1964 2961 2016 2992 vi-

244 3015 365 3046 detur:
392 3022 463 3045 om.
490 3013 651 3049 GEPV;
685 3013 866 3052 perfeetum
898 3021 913 3043 r
938 3029 972 3034 —-
1011 3020 1033 3041 a
1061 3012 1182 3041 virtute
1205 3012 1229 3041 G
1258 3027 1292 3031 —
1326 3010 1379 3041 ο28.
1407 3010 1607 3048 absolutum,
1639 3011 1761 3049 virtus,
1796 3011 1830 3042 id
1854 3014 1898 3042 est
1922 3011 2016 3050 quasi

243 3061 472 3105 probabiliter
502 3063 619 3094 Christ
648 3062 726 3093 coll.
760 3063 830 3094 Cic.
859 3061 989 3094 Luculli
1018 3061 1036 3101 ἓ
1061 3061 1118 3098 26,
1152 3060 1195 3091 de
1222 3060 1304 3090 finn.
1331 3059 1366 3090 b.
1395 3062 1429 3090 et
1452 3069 1498 3090 m.
1526 3060 1580 3098 iV,
1607 3060 1625 3099 ἓ,
1651 3059 1702 3091 35.
1730 3061 1768 3099 V,
1796 3061 1814 3101 g
1839 3060 1896 3097 38;
1931 3059 2011 3091 add.

244 3113 362 3146 Galeni
399 3113 442 3144 de
476 3112 571 3144 decr.
604 3113 704 3153 llipp.
738 3116 771 3143 et
802 3112 884 3144 Plat.
911 3114 950 3144 5:
988 3107 1010 3153 ἡ
1037 3107 1149 3155 ἁρετὴ
1182 3107 1370 3150 τελειότης
1393 3108 1472 3140 zon
1498 3107 1565 3149 τῆς
1590 3106 1755 3141 ἑκάστου
1780 3107 1945 3149 φύσεως.
1974 3126 2007 3130 -

243 3164 296 3195 30.
315 3163 400 3195 enim
423 3166 495 3194 erat
512 3164 537 3193 G
550 3164 573 3194 P
586 3163 611 3193 V
625 3171 661 3192 r:
690 3162 775 3193 enim
793 3171 861 3193 om.
882 3163 926 3200 Α;
953 3164 1025 3193 erat
1047 3161 1132 3192 enim
1149 3160 1225 3191 Bas.
1246 3160 1281 3189 ot
1297 3160 1322 3190 O
1339 3176 1371 3180 —
1393 3160 1444 3189 31.
1472 3159 1541 3189 iam
1557 3160 1580 3189 G
1596 3159 1623 3189 Y
1636 3168 1653 3189 r
1671 3176 1705 3180 —
1732 3161 1837 3190 virtus
1851 3161 1886 3190 in
1909 3158 2012 3189 animi

243 3213 334 3244 bonis
356 3215 386 3244 ec
408 3212 443 3243 in
465 3212 614 3252 corporis
636 3213 783 3243 cernitur
806 3216 834 3243 et
857 3213 892 3243 in
916 3210 1110 3251 quibusdam
1134 3212 1178 3240 G:
1211 3210 1316 3240 virias
1344 3209 1447 3240 animi
1472 3208 1562 3239 bonis
1585 3212 1614 3240 ec
1636 3209 1785 3247 corporis
1808 3208 1955 3239 cernitur
1976 3207 2011 3238 in

242 3262 436 3303 quibusdam
458 3260 532 3294 rell.
560 3260 663 3294 codd.
682 3260 754 3292 noti
778 3262 812 3292 et
835 3269 870 3299 r;
896 3261 1001 3292 virtus
1023 3260 1170 3292 cernitur
1192 3259 1227 3290 in
1251 3256 1445 3297 quibusdam
1461 3258 1486 3291 Ο
1503 3265 1584 3290 cum
1600 3256 1765 3290 Walkero
1782 3256 1867 3298 (Iam
1888 3256 2007 3295 virtus,
