2249 3624
278 225 387 270 4006
1015 228 1295 271 CICERONIS

278 332 433 383 sidera,
473 344 578 384 quae
606 332 729 371 infixa
758 331 871 371 caelo
899 343 980 370 non
1008 337 1224 370 moventur
1249 332 1363 382 loco,
1394 344 1500 384 quae
1529 339 1624 373 sunt
1649 335 1868 376 animantia
1906 350 2036 390 eaque

277 396 414 434 divina
455 395 507 434 ob
549 406 723 445 eamque
764 406 930 433 causam
973 394 1058 432 suis
1102 393 1274 433 sedibus
1310 394 1525 434 inhaerent
1561 401 1600 434 et
1627 403 1827 449 perpetuo
1855 407 2032 440 manent.

276 460 389 506 Quae
431 464 568 497 autem
609 470 710 508 vaga
752 463 791 496 et
832 456 1016 496 mutabili
1058 457 1261 496 erratione
1289 456 1502 508 labuntur,
1542 460 1597 498 ita
1624 466 1819 510 generata
1847 468 1965 513 sunt,
1995 469 2037 503 ut

276 536 400 575 supra
438 522 628 561 diximus.
683 521 763 559 Iam
805 531 903 557 vero
941 524 1113 568 terram,
1157 519 1339 558 altricem
1384 526 1588 565 nostram,
1634 534 1739 573 quae
1775 525 1944 563 traiecto
1972 527 2035 564 axi

241 591 518 635 5sustinetur,
554 584 634 623 diei
670 583 886 634 noctisque
924 582 1170 620 eflectricem
1214 583 1472 634 eandemque
1513 584 1748 632 custodem,
1795 587 2035 637 antiquissi—

273 663 381 690 mam
422 648 592 687 deorum
633 645 811 684 omnium
852 643 980 683 voluit
1019 656 1113 683 esse
1152 657 1312 695 eorum,
1343 646 1411 696 qui
1439 646 1544 685 intra
1572 646 1730 686 caelum
1758 648 2033 698 gignerentur.

272 712 470 751 Lusiones
504 715 641 749 autem
678 706 848 745 deorum
887 712 927 744 et
953 707 1059 745 inter
1084 708 1198 758 ipsos
1229 705 1363 760 [deos]
1410 709 1726 759 concursiones,
1764 721 1955 761 quaeque
1995 712 2035 750 in

271 774 443 814 orbibus
464 783 603 811 eorum
625 770 916 808 conversiones
946 780 1137 820 quaeque
1165 769 1477 808 antecessiones
1498 771 1706 820 eveniant,
1736 783 1913 822 cumque
1932 773 2038 812 inter

271 849 315 876 se
350 846 482 890 paene
510 833 765 882 contingant,
796 842 893 879 eOS,
923 831 992 881 qui
1022 843 1149 882 prope
1178 830 1423 882 copulentur
1450 833 1736 884 contrariaque
1764 834 1954 885 regione,
1997 841 2037 875 et

219 913 256 943 to
269 911 376 951 pone
405 908 509 949 quos
537 900 606 935 aut
632 899 726 933 ante
753 893 965 938 labantur,
996 893 1231 944 quibusque
1260 893 1518 944 temporibus
1546 906 1569 933 a
1597 900 1737 933 nostro
1764 902 1935 947 aspectu
1956 896 2032 936 ob-

268 962 457 1000 litescant
483 969 710 1008 rursusque
740 957 888 994 emersi
916 962 1115 994 terrorem
1144 957 1344 995 incutiant
1369 958 1539 996 rationis
1569 957 1832 1010 expertibus,
1875 960 1907 998 si
1936 972 2032 999 ver-

268 1024 332 1063 bis
369 1022 574 1074 explicare
613 1031 828 1068 conemur,
871 1018 983 1057 nullo
1018 1019 1151 1070 posito
1190 1018 1242 1057 ob
1277 1018 1417 1057 oculos
1451 1019 1667 1059 simulacro
1705 1032 1845 1060 earum
1880 1034 2032 1071 rerum,

268 1087 415 1125 frustra
456 1083 704 1134 suscipiatur
742 1080 872 1120 labor.
928 1079 1012 1120 Sed
1048 1081 1150 1120 haec
1191 1081 1289 1120 satis
1333 1081 1414 1119 sint
1453 1080 1559 1121 dicta
1591 1081 1733 1132 nobiS,
1762 1095 1954 1135 quaeque
1982 1084 2033 1123 de

268 1151 461 1197 deorum,
499 1147 569 1198 qui
597 1150 820 1184 cernuntur
848 1144 1001 1195 quique
1029 1149 1125 1183 sunt
1150 1145 1249 1188 orti,
1279 1149 1424 1183 natura
1451 1144 1621 1196 praefati
1658 1157 1826 1196 sumus,
1855 1147 2034 1187 habeant

217 1225 253 1254 45
267 1212 375 1251 hunc
400 1210 633 1249 terminum.

365 1275 431 1313 XI.
473 1272 738 1323 Reliquorum
768 1275 924 1315 autem,
956 1281 1060 1320 quos
1088 1270 1233 1309 Graeci
1261 1270 1460 1321 δαήμονας
1488 1269 1718 1321 appellant,
1757 1271 1904 1321 nostri,
1940 1273 2031 1324 opi-

264 1351 360 1384 nor,
388 1339 539 1384 Lares,
570 1335 603 1373 si
631 1332 751 1371 modo
779 1332 855 1371 hoc
884 1338 996 1371 recte
1024 1344 1270 1371 conversum
1290 1331 1420 1371 videri
1437 1338 1597 1385 potest,
1628 1339 1668 1371 et
1692 1344 1817 1372 nosse
1838 1339 1879 1373 et
1897 1346 2030 1374 enun-

264 1403 366 1440 tiare
408 1404 542 1439 ortum
578 1409 718 1436 eorum
761 1397 891 1435 maius
929 1402 992 1435 est
1027 1408 1149 1447 quam
1192 1400 1236 1435 ut
1261 1396 1443 1447 profiteri
1472 1408 1546 1434 nos
1575 1396 1759 1435 scribere
1786 1396 2027 1437 audeamus.

264 1463 529 1504 Credendum
556 1461 746 1500 nimirum
776 1466 838 1498 est
867 1459 1076 1499 veteribus
1104 1465 1144 1498 et
1169 1459 1341 1510 priscis,
1371 1465 1415 1498 ut
1442 1460 1574 1508 aiunt,
1606 1460 1723 1510 viris,
1754 1460 1824 1510 qui
1853 1472 1898 1498 se
1930 1472 2030 1512 pro-

211 1539 248 1568 20
262 1528 423 1578 geniem
457 1525 628 1563 deorum
657 1535 750 1561 esse
779 1521 994 1571 dicebant,
1032 1522 1170 1572 itaque
1200 1534 1340 1560 eorum
1369 1521 1569 1561 voeabula
1598 1521 1716 1561 nobis
1744 1521 2026 1572 prodiderunt.

261 1591 392 1628 Nosse
435 1592 570 1626 autem
610 1590 876 1636 generatores
917 1596 1014 1622 suos
1052 1584 1202 1635 optime
1244 1589 1457 1635 poterant,
1500 1596 1547 1623 ac
1590 1583 1750 1622 difficile
1782 1584 1889 1623 sactu
1919 1589 2031 1623 esta

262 1651 351 1690 deis
389 1651 488 1689 ortis
530 1647 652 1687 fidem
689 1660 770 1686 non
798 1646 972 1694 habere,
1013 1658 1260 1697 quamquam
1302 1658 1379 1685 nec
1414 1648 1665 1697 argumentis
1693 1658 1770 1685 nec
1798 1646 2026 1686 rationibus

261 1715 386 1754 certis
420 1725 561 1751 eorum
598 1712 726 1750 oratio
761 1710 1044 1759 confirmatur,
1089 1710 1163 1749 sed
1192 1711 1286 1762 quia
1315 1709 1366 1748 de
1394 1711 1479 1749 suis
1511 1707 1648 1763 [notis]
1679 1710 1805 1749 rebus
1838 1709 2029 1749 videntur

259 1775 395 1827 loqui⁷
423 1775 553 1813 veteri
580 1773 659 1824 legi
687 1774 872 1824 morique
901 1771 1131 1823 parendum
1160 1778 1234 1811 est.
1291 1773 1359 1811 Sic
1385 1772 1530 1823 igitur,
1562 1777 1605 1811 ut
1634 1771 1685 1811 ab
1714 1772 1775 1810 his
1804 1778 1868 1811 est
1895 1771 2024 1812 tradi-

209 1851 246 1880 25
260 1844 369 1888 tum,
398 1839 541 1876 horum
570 1836 740 1875 deorum
767 1841 880 1874 ortus
909 1836 1110 1875 habeatur
1136 1841 1259 1886 atque
1287 1835 1465 1885 dicatur,
1496 1841 1539 1874 ut
1568 1836 1779 1874 Oceanum
1798 1835 2023 1875 Salaciam-

260 1913 340 1952 que
379 1900 490 1940 Caeli
527 1905 616 1938 satu
650 1900 886 1949 Terraeque
914 1904 1116 1949 conceptu
1144 1904 1362 1948 generatos
1390 1897 1606 1949 editosque
1643 1910 1941 1948 memoremus,
1972 1910 2022 1936 ex

259 1964 321 2003 his
361 1964 581 2003 Saturnum
625 1967 665 2000 et
707 1961 859 2012 Opem,
902 1959 1101 2012 deinceps
1139 1961 1273 1999 Iovem
1303 1966 1425 2011 atque
1453 1961 1673 2010 Iunonem,
1703 1959 1904 2012 reliquos,
1933 1973 2024 2008 quos

345 2212 376 2244 3.
401 2210 551 2243 mutabili
584 2208 751 2241 erratione
784 2208 887 2239 Henr.
915 2206 1131 2248 Stephanus:
1167 2206 1370 2238 mutabiliter
1393 2206 1522 2238 ratione
1546 2206 1585 2244 C,
1610 2205 1807 2237 mirabiliter
1829 2207 1961 2239 ratione
1984 2208 2022 2246 G,

256 2262 408 2294 mutabili
431 2261 566 2292 racione
590 2260 612 2291 E
640 2277 673 2281 —
715 2258 746 2290 4.
774 2259 834 2289 axi
858 2259 884 2288 A
896 2256 983 2288 13213:
1011 2258 1085 2287 axii
1110 2254 1202 2292 B¹v2‚
1227 2257 1279 2287 xii
1303 2256 1354 2294 V¹,
1380 2265 1452 2287 axii
1475 2257 1522 2293 G,
1554 2264 1621 2287 axe
1645 2256 1669 2287 O
1710 2273 1746 2278 —
1787 2257 1819 2287 5.
1855 2259 2025 2296 noctesque

258 2312 345 2344 A¹V¹
372 2330 405 2335 -
434 2312 464 2343 6.
492 2311 547 2351 qui
571 2311 615 2341 E:
643 2318 729 2349 quae
753 2310 790 2347 C,
818 2317 878 2346 que
902 2308 925 2338 G
955 2325 988 2329 —
1024 2307 1054 2338 7.
1081 2307 1220 2337 lusiones
1244 2307 1348 2337 Henr.
1375 2306 1590 2346 Stephanus:
1616 2306 1770 2346 [lusiones
1793 2306 1929 2343 A¹B¹V‚
1956 2308 2023 2347 flu-

255 2365 370 2395 xiones
394 2361 548 2394 A2B2EG
578 2377 610 2382 -
647 2361 731 2397 deos,
768 2357 862 2398 quod
898 2356 999 2387 abest
1034 2364 1051 2386 a
1088 2355 1209 2387 codice
1242 2354 1513 2387 Uffenbaehiano
1546 2356 1580 2386 et
1611 2354 1667 2386 ed.
1696 2355 1926 2393 Bononiensi,
1964 2364 2022 2388 se—

257 2416 359 2449 clusit
382 2411 537 2445 Orellius.
577 2427 611 2432 —-
649 2408 877 2440 concursiones
910 2415 989 2438 corr
1039 2413 1079 2435 ex
1114 2406 1342 2436 eonsursiones
1365 2405 1392 2435 V
1427 2422 1463 2427 —
1496 2405 1527 2436 8.
1559 2404 1689 2436 orbibus
1712 2413 1804 2437 corr.
1832 2414 1873 2438 ex
1898 2405 2022 2436 ortibus

257 2468 280 2498 B
307 2483 340 2488 —
361 2463 585 2496 conuersiones
597 2467 746 2501 quaeque
764 2457 996 2488 antecessiones
1019 2456 1042 2485 C
1056 2455 1129 2485 EG:
1159 2456 1384 2486 conversiones
1399 2454 1697 2494 antecessionesque
1720 2455 1744 2485 O
1764 2472 1800 2478 —
1820 2455 1852 2486 9.
1867 2464 1970 2494 poene
1993 2457 2019 2486 A

261 2534 294 2539 ——
322 2524 374 2547 eos
399 2516 422 2545 Α
449 2513 492 2550 (in
517 2509 648 2548 rasura)
677 2504 762 2539 B²Ez
790 2515 902 2537 eorum
916 2502 989 2536 B¹G
1005 2523 1039 2527 —
1067 2505 1303 2545 contrariaque
1315 2504 1438 2535 A2BV:
1464 2507 1646 2542 contraque
1657 2504 2018 2541 A¹E,contrariaG—

258 2566 309 2597 40,
336 2564 492 2595 labuntur
515 2561 611 2592 BEG
639 2576 673 2581 -—
701 2558 835 2596 quisque
860 2556 953 2587 CEG
980 2556 1004 2593 (s
1027 2556 1059 2586 in
1092 2564 1159 2585 ras,
1194 2554 1231 2593 A)
1270 2571 1304 2576 —
1343 2555 1394 2585 tt.
1432 2555 1547 2586 emersi
1580 2558 1741 2585 terrorem
1775 2553 1853 2584 GV:
1891 2554 2020 2585 emersit

255 2624 401 2647 errorem
424 2609 522 2648 A¹B¹‚
548 2609 661 2641 emersi
684 2615 830 2638 errorem
855 2605 878 2637 E
907 2623 941 2627 -
979 2605 1107 2644 emper-ti
1131 2602 1216 2635 A¹V¹
1254 2621 1287 2626 —
1328 2605 1379 2635 η.
1414 2603 1454 2635 ob
1487 2604 1597 2635 oculos
1631 2603 1743 2635 CEG:
1785 2602 1842 2633 sub
1865 2603 1966 2634 oeulis
1993 2604 2018 2634 Ο

259 2682 294 2688 -
324 2665 375 2696 13.
401 2670 548 2703 quaeque
571 2658 769 2691 Perionius:
797 2665 882 2696 quae
906 2656 1036 2687 CEGO
1066 2672 1098 2676 —
1135 2653 1185 2685 44.
1219 2657 1293 2684 sunt
1327 2654 1392 2684 orti
1427 2654 1541 2685 CEG:
1580 2654 1643 2684 orti
1677 2656 1753 2684 sunt
1787 2654 1812 2684 Ο
1853 2671 1886 2675 -
1915 2662 2017 2693 prae-

253 2715 315 2755 fati
350 2722 440 2745 corr.
478 2721 518 2742 ex
548 2709 704 2750 praefecti
739 2708 766 2738 V
805 2725 837 2729 —
877 2707 927 2737 46.
965 2706 1141 2736 daemonas
1165 2704 1277 2740 ABG.
1305 2703 1459 2734 demonas
1483 2703 1544 2735 EV
1570 2720 1605 2726 —
1632 2702 1767 2742 apetant
1789 2702 1840 2741 A¹‚
1874 2703 2017 2742 appellat

256 2765 280 2795 B
307 2781 340 2785 —
368 2763 485 2802 opinor
508 2761 532 2792 C
549 2760 625 2791 EG:
653 2761 688 2788 ut
712 2758 829 2797 opinor
852 2757 877 2788 O
904 2774 938 2779 -—-
982 2755 1033 2785 47.
1070 2753 1242 2785 enuntiare
1277 2753 1382 2784 Henr.
1419 2752 1633 2793 Stephanus:
1670 2753 1826 2783 nuntiare
1856 2753 1894 2789 C,
1926 2762 2017 2798 gwn-

254 2814 347 2844 ciare
369 2813 427 2843 EG
456 2828 490 2833 —-
529 2810 579 2841 48.
605 2817 717 2840 eorum
752 2805 818 2838 del.
854 2804 1061 2841 La1nbinus3
1097 2803 1174 2834 fort.
1211 2803 1356 2834 deorum.
1394 2819 1428 2825 —
1466 2810 1526 2833 nos
1558 2801 1698 2833 scribere
1729 2802 1841 2833 CEG:
1877 2801 2018 2833 scribere

254 2871 313 2893 nos
336 2862 360 2893 Ο
389 2879 422 2883 -
462 2860 512 2890 49.
547 2859 735 2898 progeniem
759 2856 878 2888 AB2E:
903 2862 1059 2894 progenie
1082 2850 1131 2890 3¹,
1156 2852 1334 2892 proqeniae
1358 2850 1409 2889 V¹,
1436 2860 1452 2883 e
1469 2852 1627 2891 progenie
1652 2849 1701 2887 V2.
1727 2860 1770 2882 ea:
1793 2851 1951 2891 progenie
1986 2852 2010 2882 G

258 2929 293 2934 —
331 2912 383 2942 Ἡ.
420 2910 510 2950 factu
545 2906 647 2940 A²B²z
684 2907 810 2946 factum
844 2903 1037 2937 A¹B¹EGV
1075 2919 1109 2924 -
1141 2911 1163 2932 a
1197 2902 1263 2932 deis
1292 2902 1372 2933 ortis
1403 2901 1605 2933 ABEGV2:
1637 2910 1658 2931 a
1682 2901 1732 2932 dei
1755 2904 1841 2931 sorte
1861 2901 1890 2932 is
1913 2899 1964 2939 V¹,
1993 2909 2015 2932 a

255 2962 317 2993 diis
339 2961 420 2992 ortis
449 2960 473 2989 O
506 2976 541 2980 —
578 2957 631 2987 22.
664 2956 794 2987 haberet
825 2954 897 2986 C¹G
933 2970 974 2976 —
1009 2959 1211 2991 quamquam
1248 2960 1306 2982 nec
1340 2951 1543 2991 argumentis
1575 2959 1632 2981 nec
1665 2950 1735 2981 rati
1766 2958 1835 2981 om.
1874 2949 1938 2981 GV
1975 2966 2009 2971 -

255 3010 402 3042 omnibus
423 3008 518 3038 cerlis
542 3006 601 3036 GV
630 3024 663 3027 —
690 3006 743 3036 23.
771 3006 851 3035 Post
880 3012 911 3034 v.
946 3003 1162 3042 confirmatur
1197 3001 1229 3030 in
1265 3001 1360 3032 CEG
1398 3002 1512 3032 statim
1549 3002 1745 3040 sequuntur
1779 2998 1886 3031 verba
1923 3000 2009 3040 (cap.

256 3060 295 3090 t‘z
321 3061 356 3090 et
380 3057 419 3089 13
444 3066 477 3097 p.
504 3056 599 3091 ⁴008,
625 3054 785 3091 ‹3-4009,
819 3053 884 3085 45³
908 3053 962 3083 sed
984 3059 1058 3082 cum
1076 3049 1200 3088 duplex
1222 3053 1334 3080 esset-
1351 3051 1479 3081 -modo
1495 3050 1557 3081 huc
1583 3050 1678 3080 modo
1703 3050 1780 3079 illuc
1798 3072 1805 3080 .
1828 3073 1834 3079 .
1856 3074 1862 3080 .
1892 3066 1925 3070 —
1958 3049 2012 3080 sed

255 3118 325 3141 om.
360 3108 454 3139 CEG
498 3122 531 3126 —
574 3106 653 3143 quia.
696 3104 856 3135 ABEV¹2
902 3102 957 3142 qui
1002 3100 1079 3131 GV2
1121 3115 1155 3120 —
1203 3098 1241 3129 de
1281 3100 1347 3130 suis
1379 3101 1464 3131 notis
1497 3099 1593 3130 rebus
1627 3099 1705 3130 CG:
1746 3099 1784 3129 de
1816 3099 1883 3128 suis
1916 3097 2012 3129 rebus

253 3160 337 3190 notis
370 3158 407 3194 E,
444 3158 465 3194 -ξ
500 3155 536 3185 de
570 3155 636 3184 suis
669 3153 764 3184 rebus
791 3154 875 3184 notis
906 3153 930 3183 O
955 3150 1054 3191 (notis
1077 3157 1140 3188 ego
1165 3147 1317 3185 seclusi.)
1357 3167 1388 3172 —
1428 3149 1482 3180 ⁶24.
1507 3149 1556 3179 his
1580 3149 1625 3179 C:
1651 3148 1712 3179 hiis
1735 3148 1795 3179 EG
1811 3173 1819 3186 ,
1856 3148 1895 3178 iis
1919 3147 1944 3178 Ο
1970 3164 2004 3169 -

253 3209 307 3239 25.
341 3210 439 3246 atque
470 3204 612 3234 ducatur
643 3203 703 3233 GV
741 3220 773 3224 —
814 3202 954 3233 Servius
992 3199 1034 3230 ad
1074 3199 1175 3237 Verg.
1202 3198 1314 3237 Georg
1363 3199 1387 3235 1,
1425 3198 1483 3229 31:
1527 3198 1638 3236 Tethys
1671 3201 1717 3229 est
1750 3206 1841 3228 ‘cazor
1875 3196 2006 3234 Oceani,

253 3257 474 3295 nympharum
504 3256 618 3284 mater.
638 3270 688 3275 --
722 3253 813 3282 Hanc
850 3251 966 3289 Tethyn
1001 3249 1111 3281 Cicero
1141 3248 1176 3277 in
1210 3247 1336 3278 Timaeo
1366 3246 1536 3279 Salaciam
1566 3247 1655 3279 dicit.
1691 3263 1725 3270 -
1753 3247 1807 3279 27.
1831 3249 2008 3277 saturnum

256 3306 361 3337 CEG:
389 3305 546 3341 Phorcvn,
569 3302 752 3333 Saturnum
776 3302 800 3333 O
827 3318 860 3322 —
889 3308 967 3339 quos
990 3298 1176 3331 Manutius:
1204 3305 1274 3328 om.
1301 3296 1410 3328 CEG.
