2249 3624
748 140 845 180 cst.
877 140 1097 180 V1-vn.
1136 137 1195 192 §§
1227 136 1423 178 20-024.
1884 131 1966 174 649

206 248 337 295 tinet3
380 259 552 300 quoquo
582 251 620 286 te
652 246 823 286 verteris
855 252 1022 299 praesto
1054 251 1134 292 est,
1174 246 1290 285 nullo
1323 245 1413 283 loco
1447 243 1706 290 excluditur,
1741 254 1966 295 numquam

207 310 519 362 intempestiva,
560 322 786 362 numquam
829 310 1002 348 molesta
1042 314 1118 348 est.
1179 310 1322 362 ltaque
1362 320 1443 345 non
1484 319 1616 359 aqua,
1660 319 1742 345 non
1775 305 1883 356 igni,
1924 309 1968 344 ut

205 373 334 418 aiunt,
365 370 555 423 pluribus
587 372 689 411 locis
721 373 876 411 utimur
906 385 1030 424 quam
1062 370 1257 410 amicitia.
1310 371 1454 422 Neque
1487 382 1561 417 ego
1595 382 1702 407 nunc
1735 367 1786 406 de
1810 365 1967 418 vulgari

203 440 273 474 aut
305 434 355 472 de
388 434 612 480 mediocri,
655 447 761 487 quae
800 440 937 473 tamen
979 434 1069 486 ipsa
1101 440 1140 472 et
1172 433 1349 471 delectat
1381 438 1421 470 et
1454 431 1642 484 prodest,
1684 431 1755 469 sed
1790 430 1841 469 de
1874 442 1968 468 vera

205 501 245 536 et
275 494 457 548 perfecta
490 495 658 549 loquor,
693 496 830 548 qualis
864 508 1031 542 eorum,
1066 496 1136 548 qui
1170 496 1290 547 pauci
1324 494 1605 538 nominantur,
1639 493 1732 532 suit.
1795 494 1896 531 Nam
1930 496 2001 530 et5

202 557 406 599 secundas
437 571 502 597 res
533 558 841 610 splendidiores
872 557 971 597 sacit
1002 558 1184 597 amicitia
1222 563 1262 595 et
1292 556 1488 595 adversas
1522 556 1707 608 partiens
1740 554 1971 594 communi·

203 633 386 674 cansque
418 620 610 660 leviores.

314 683 401 722 Vll.
434 680 501 721 ⁶23.
535 683 721 735 Cumque
753 682 953 735 plurimas
992 687 1033 721 et
1072 682 1273 721 maximas
1311 680 1627 720 commoditates
1660 681 1841 720 amicitia
1873 694 1972 719 con-

202 747 352 792 tineat,
384 751 470 785 tum
502 745 573 784 illa
605 745 798 784 nimirum
831 751 1011 797 praestat
1043 745 1251 790 omnibus,
1286 743 1397 796 quod
1431 743 1581 781 bonam
1616 756 1728 795 spem
1763 744 1973 797 praelucet

201 809 243 848 in
286 814 499 863 posterum
540 821 616 847 nec
658 807 867 846 debilitari
908 808 1068 846 animos
1115 812 1185 845 aut
1230 806 1378 845 cadere
1426 806 1594 858 patitur.
1667 806 1819 846 Verum
1862 806 2022 845 enimtO

202 873 378 912 amicum
419 871 488 923 qui
532 871 734 915 intuetur,
776 875 984 922 tamquam
1025 868 1239 921 exemplar
1276 868 1448 921 aliquod
1491 868 1673 906 intuetur
1712 869 1790 907 sui.
1859 868 1974 915 Quo-

202 935 313 974 circa
343 939 384 973 et
413 933 606 972 absentes
638 932 790 972 adsunt
820 937 859 971 et
891 937 1062 983 egentes
1093 929 1307 970 abundant
1338 937 1377 969 et
1409 930 1593 969 inbecilli
1618 930 1755 969 valent
1777 936 1836 975 et,
1861 929 1971 983 quod

204 994 417 1037 difficilius
448 995 562 1034 dictu
595 1000 668 1041 est,
706 995 858 1034 mortui
891 995 1059 1033 vivunt:
1100 999 1237 1033 tantus
1269 1006 1341 1031 eos
1375 992 1520 1038 honos,
1555 992 1775 1039 memoria,
1809 991 1974 1030 deside-

203 1060 310 1100 rium
343 1059 610 1111 prosequitur
640 1058 891 1097 amicorum:
925 1070 977 1096 ex
1010 1069 1095 1109 quo
1128 1056 1294 1095 illorum
1326 1055 1446 1095 beata
1478 1068 1587 1094 mors
1622 1056 1799 1100 videtur,
1823 1054 1972 1093 horum

205 1122 289 1162 vita
320 1120 556 1161 laudabilis.
617 1120 740 1168 Quod
771 1120 803 1159 si
838 1119 1043 1158 exemeris
1082 1132 1135 1158 ex
1173 1132 1310 1157 rerum
1344 1123 1490 1157 natura
1523 1116 1841 1156 benevolentiae
1875 1130 1973 1156 con-
1989 1122 2024 1150 15

206 1185 485 1230 iunctionem,
526 1196 603 1221 nec
640 1181 787 1222 domus
826 1182 911 1221 ulla
954 1195 1028 1221 nec
1071 1181 1169 1220 urbs
1212 1186 1321 1219 stare
1364 1179 1538 1232 poterit,
1583 1192 1632 1218 ne
1675 1182 1760 1231 agri
1803 1179 1974 1232 quidem

206 1248 343 1289 cultus
375 1245 649 1300 permanebit.
711 1245 755 1283 Id
794 1244 826 1284 si
867 1244 1006 1283 minus
1042 1243 1317 1295 intellegitur,
1358 1248 1512 1295 quanta
1546 1242 1605 1281 vis
1637 1242 1841 1282 amicitiae
1873 1255 1974 1281 con-

207 1309 457 1362 cordiaeque
504 1308 583 1353 sit,
630 1320 682 1346 ex
719 1306 1053 1346 dissensionibus
1099 1312 1224 1359 atque
1272 1318 1323 1344 ex
1364 1305 1587 1343 discordiis
1628 1305 1783 1357 percipi
1825 1309 1974 1357 potest.

207 1372 326 1421 Quae
367 1374 477 1411 enim
517 1370 666 1408 domus
707 1375 789 1409 tam
828 1369 1008 1414 stabilis,
1050 1381 1158 1422 quae
1201 1374 1282 1407 tam
1319 1367 1437 1406 firma
1477 1367 1621 1406 civitas
1662 1372 1723 1406 est
1754 1380 1858 1419 quae
1891 1380 1975 1406 non

207 1435 314 1475 odiis
355 1439 396 1474 et
435 1431 621 1472 discidiis
661 1431 851 1471 funditus
894 1432 1025 1484 possit
1065 1431 1226 1469 everti?
1273 1443 1325 1468 ex
1365 1443 1446 1482 quo
1488 1434 1688 1481 quantum
1721 1429 1818 1469 boni
1851 1431 1903 1469 sit
1934 1430 2026 1468 ineo

206 1497 385 1538 amicitia
429 1494 604 1535 iudicari
649 1500 799 1546 potest.
880 1491 945 1533 ⁶24.
989 1493 1307 1545 Agrigentinum
1348 1491 1518 1545 quidem
1560 1490 1725 1530 doctum
1767 1492 1975 1544 quendam

206 1560 340 1600 virum
372 1557 624 1598 carminibus
646 1556 818 1595 Graecis
851 1556 1121 1595 vaticinatum
1155 1568 1246 1594 esse
1280 1553 1431 1601 serunt,
1464 1567 1571 1607 quae
1605 1554 1645 1592 in
1669 1567 1806 1592 rerum
1830 1559 1974 1592 natura

207 1627 379 1675 totoque
412 1619 566 1659 mundo
598 1624 837 1658 constarent
867 1632 1059 1671 quaeque
1092 1623 1374 1663 moverentur,
1398 1630 1445 1656 ea
1468 1616 1715 1656 contrahere
1737 1616 1976 1662 amicitiam,

209 1684 416 1736 dissipare
447 1681 709 1721 discordiam.
770 1683 906 1734 Atque
939 1680 1017 1719 hoc
1049 1680 1219 1733 quidem
1252 1693 1398 1718 omnes
1431 1679 1627 1717 mortales
1661 1684 1701 1717 ct
1729 1678 1979 1729 intellegunt

209 1752 250 1786 et
280 1759 322 1785 re
355 1745 545 1799 probant.
604 1744 765 1796 Itaque,
798 1744 831 1782 si
864 1742 1030 1796 quando
1062 1741 1233 1794 aliquod
1267 1741 1454 1781 officium
1488 1741 1625 1780 extitit
1657 1740 1778 1779 amici
1808 1741 1848 1780 in
1872 1740 2028 1793 peri-⁴25

209 1808 312 1848 culis
352 1812 423 1846 aut
463 1805 666 1845 adeundis
708 1812 779 1845 aut
819 1804 1202 1850 communicandis,
1244 1804 1338 1857 quis
1379 1810 1442 1843 est
1480 1804 1548 1857 qui
1590 1802 1630 1841 id
1673 1816 1755 1841 non
1790 1804 1979 1842 maximis

212 1870 356 1910 efferat
386 1869 608 1909 laudibus?
670 1868 753 1916 Qui
791 1868 992 1907 clamores
1032 1873 1117 1906 tota
1156 1879 1282 1906 cavea
1321 1880 1454 1919 nuper
1493 1867 1534 1904 in
1575 1865 1752 1917 hospitis
1785 1872 1826 1905 et
1858 1865 1977 1904 amici

209 1933 291 1972 mei
330 1932 383 1970 M.
417 1931 583 1970 Pacuvii
621 1943 729 1969 nova
768 1929 938 1968 fabula!
1001 1943 1093 1968 cum
1135 1929 1351 1981 ignorante
1390 1941 1485 1980 rege
1528 1933 1622 1966 uter
1653 1930 1820 1967 Orestes
1859 1932 1980 1973 esset,

208 1994 385 2048 Pylades
417 1992 606 2032 Orestem
638 2006 681 2032 se
713 2005 805 2031 esse
838 1992 1016 2037 diceret,
1061 1997 1103 2031 ut
1135 2005 1209 2044 pro
1244 1992 1316 2030 illo
1350 1997 1590 2037 necaretur,
1624 1990 1794 2030 Orestes
1826 1996 1978 2036 autem,

209 2057 267 2097 ita
297 2062 342 2096 ut
373 2061 481 2102 erat,
504 2054 694 2094 Orestem
727 2068 771 2094 se
803 2068 894 2094 esse
927 2060 1224 2108 perseveraret.
1267 2054 1431 2093 Stantes
1456 2053 1713 2106 plaudebant
1734 2054 1774 2091 in
1797 2066 1839 2092 re
1863 2052 2030 2091 licta:3o

211 2119 311 2173 quid
352 2118 601 2158 arbitramur
638 2118 681 2156 in
721 2130 817 2156 vera
854 2117 1036 2156 facturos
1077 2116 1242 2155 fuisse?
1303 2116 1439 2155 Facile
1470 2115 1681 2155 indicabat
1712 2115 1801 2167 ipsa
1834 2121 1981 2154 natura

210 2181 292 2222 vim
327 2193 469 2227 suam,
511 2193 603 2218 cum
642 2179 858 2226 homines,
900 2177 1012 2232 quod
1046 2178 1183 2218 facere
1216 2178 1296 2231 ipsi
1328 2191 1412 2216 uon
1444 2183 1632 2229 possent,
1675 2177 1716 2215 id
1750 2184 1858 2217 reete
1889 2176 1980 2216 fieri

212 2244 255 2283 in
287 2243 418 2283 altero
451 2241 697 2282 iudicarent.
756 2241 968 2281 Hactenus
1011 2240 1113 2280 mihi
1151 2241 1297 2280 videor
1334 2241 1384 2279 de
1416 2240 1601 2279 amicitia
1633 2239 1733 2292 quid
1767 2240 1979 2285 sentirem,

302 2473 331 2504 l.
357 2471 448 2502 nullo
471 2479 513 2501 ea:
536 2439 774 2501 ἰοεοεῗίαᾶὶίαι·
797 2470 822 2500 G
851 2487 885 2491 —
919 2469 950 2500 2.
977 2469 1051 2509 ique
1075 2469 1205 2500 DDSV
1234 2486 1265 2491 —-
1293 2472 1329 2499 ‘ut
1353 2469 1448 2499 aiunt
1471 2477 1540 2499 om.
1560 2468 1651 2499 BSV
1676 2486 1717 2490 —
1749 2468 1779 2498 3.
1807 2468 1885 2498 Iocis
1905 2468 1982 2507 plu—

213 2523 304 2554 ribus
327 2522 390 2554 DE
416 2538 450 2542 —
479 2530 535 2551 nee
558 2529 616 2560 eqo
640 2520 731 2551 st
758 2537 791 2540 —
820 2529 908 2550 nunc
932 2528 1000 2550 om.
1022 2521 1042 2549 S
1067 2537 1108 2542 —
1133 2518 1163 2550 4.
1191 2520 1245 2550 sed
1268 2520 1306 2550 de
1330 2529 1365 2550 rc
1390 2528 1469 2549 uera
1495 2519 1557 2549 DG
1585 2535 1619 2540 —-
1653 2518 1682 2548 9.
1710 2522 1776 2549 tum
1803 2519 1871 2557 ipsa
1896 2518 1916 2546 S
1940 2536 1983 2540 —

214 2572 333 2604 bonam
348 2579 437 2609 spem
461 2571 606 2602 BGSV:
634 2570 719 2600 bona
742 2579 795 2609 spe
820 2570 879 2600 DE
901 2586 934 2591 —
964 2570 1015 2600 40.
1036 2578 1092 2599 nee
1116 2571 1151 2599 ui
1176 2570 1199 2600 E
1218 2587 1260 2591 —
1283 2568 1452 2599 debilitare
1476 2569 1496 2598 S
1517 2584 1551 2589 —
1578 2576 1693 2598 uerum
1717 2569 1815 2599 etium
1840 2570 1983 2600 amicum

214 2621 380 2654 BDGSV
408 2636 441 2642 -
477 2621 527 2651 42.
555 2620 715 2651 inbecilles
740 2620 798 2650 DS
822 2637 863 2642 —-
900 2619 950 2650 ¹13.
972 2620 1167 2650 desiderium
1195 2627 1264 2649 om.
1285 2619 1324 2656 V,
1351 2627 1428 2658 sup.
1449 2617 1506 2647 lin.
1528 2626 1573 2647 in.
1595 2618 1612 2647 Ξ
1639 2618 1692 2647 lis
1721 2635 1754 2639 —
1792 2617 1838 2649 14.
1859 2620 1985 2649 amico-

213 2681 290 2703 rum
311 2671 523 2710 prosequitur
553 2671 578 2701 D
614 2686 657 2693 —
692 2670 824 2700 uidetur
847 2678 937 2699 mors
966 2670 991 2699 D
1030 2686 1063 2690 —-
1106 2670 1154 2699 45.
1182 2670 1379 2699 iniectionem
1410 2669 1452 2703 G,
1484 2667 1546 2697 sed
1571 2675 1629 2697 con
1655 2676 1730 2707 sup.
1752 2667 1807 2698 lin.
1836 2668 1916 2700 add.
1946 2686 1980 2690 ——

217 2722 268 2752 46.
295 2729 352 2751 nec
375 2720 451 2760 ayri
478 2720 638 2750 BDGSV
659 2735 695 2741 -
723 2719 774 2749 48.
795 2721 894 2758 atque
916 2726 960 2748 ex
984 2720 1025 2747 G:
1053 2727 1096 2749 ez:
1120 2727 1187 2749 Om.
1210 2719 1269 2749 131)
1283 2718 1405 2748 ESVO
1428 2735 1459 2738 —
1486 2717 1628 2755 perspici
1654 2715 1788 2755 Madxig
1814 2721 1922 2754 recte,
1949 2720 1985 2748 ut

214 2770 371 2806 videtum
400 2778 431 2800 V.
452 2770 526 2800 eius
543 2770 670 2808 Opusc.
689 2768 730 2805 11,
751 2768 811 2798 279
831 2784 864 2788 —
894 2768 947 2798 220.
968 2770 995 2797 et
1021 2768 1063 2797 C:
1091 2772 1190 2806 atque
1207 2769 1231 2797 O
1252 2785 1285 2789 —
1315 2767 1454 2797 dissidiis
1473 2766 1565 2797 DEo
1584 2782 1619 2787 -
1648 2766 1700 2796 21.
1719 2767 1941 2806 affligentium
1959 2768 1984 2797 G

217 2836 252 2842 —
273 2820 325 2850 22.
345 2819 528 2850 caminttms
553 2820 578 2849 G
597 2835 630 2839 ——
659 2827 724 2848 esse
748 2819 789 2848 G:
819 2826 888 2848 om.
911 2818 970 2847 BD
985 2817 1128 2850 1·]Svo.
1156 2817 1218 2848 sed
1247 2817 1278 2848 in
1304 2817 1327 2847 E
1352 2825 1429 2855 sup.
1450 2815 1506 2846 lin.
1530 2832 1562 2835 —
1593 2816 1642 2846 255.
1663 2825 1699 2846 re
1722 2825 1779 2847 0111
1813 2817 1848 2853 E,
1875 2826 1943 2847 rem
1959 2817 1985 2846 V

219 2887 254 2891 -
273 2869 326 2900 ⁶26.
353 2869 409 2906 qui
432 2868 475 2907 id]
503 2868 580 2906 quid
605 2868 631 2898 G
657 2884 689 2888 ——
720 2867 771 2897 Ξῖ.
798 2865 969 2906 clamores]
995 2865 1075 2897 add.
1096 2867 1127 2896 in
1156 2867 1211 2896 EG
1224 2867 1247 2894 V
1273 2874 1349 2906 sup.
1372 2865 1427 2895 lin.
1454 2873 1478 2894 s.
1498 2865 1578 2903 sacti
1603 2868 1677 2895 sunt
1703 2882 1736 2886 —
1765 2869 1793 2896 et
1817 2875 1887 2898 om.
1907 2867 1927 2897 S
1947 2882 1980 2888 —

216 2918 258 2949 98
296 2919 374 2948 noui
397 2917 522 2948 BESV
548 2933 582 2938 —
611 2921 683 2947 uter
701 2917 826 2947 Orestes
848 2920 938 2954 esset,
963 2916 1100 2953 Pylades
1117 2917 1259 2946 Orestem
1284 2925 1363 2946 nos:
1392 2918 1464 2945 uter
1487 2919 1622 2945 orestem
1648 2915 1705 2946 BE
1730 2916 1794 2953 (hic
1813 2916 1887 2947 sine
1903 2918 1986 2954 uter>

219 2967 325 3006 GSV,
358 2966 421 2998 sed
446 2968 478 2998 in
504 2968 525 2998 S
554 2971 627 2998 uter
651 2971 729 2997 esset
752 2970 870 2998 orestes
891 2966 1017 3004 pilades
1046 2967 1078 2996 in
1106 2974 1214 3002 mars-¹.
1243 2974 1289 2996 111.
1316 2965 1354 3001 ¹³2,
1389 2965 1421 2994 in
1457 2964 1497 3000 E,
1530 2966 1565 2994 ut
1590 2964 1746 3002 xidetur,
1779 2969 1851 2996 uter
1873 2975 1987 2996 eorum

219 3020 299 3049 esset
321 3018 447 3048 Orestes
470 3017 605 3055 Pylades
629 3025 828 3056 superscr.,
861 3016 943 3046 item
968 3025 1011 3045 αη
1040 3016 1129 3045 inter
1155 3017 1279 3045 Orestes
1304 3018 1335 3045 et
1361 3014 1515 3051 Pylades:
1550 3014 1621 3052 quis
1643 3017 1721 3044 esset
1744 3019 1874 3052 orestes,
1895 3015 1987 3054 pila-

220 3067 274 3098 des
304 3075 336 3097 se
364 3070 499 3097 orestem
530 3067 580 3102 D3
623 3070 697 3096 uter·
724 3068 803 3096 esset
834 3066 978 3103 Orestes,
1009 3065 1145 3101 Pylades
1170 3066 1312 3094 Orestem
1343 3064 1390 3094 O:
1437 3063 1647 3094 niutaxitnus
1680 3063 1711 3093 in
1743 3064 1878 3102 iulg-ata
1908 3067 1986 3094 esset

223 3115 348 3146 Orestes
372 3114 562 3146 verborum
588 3116 816 3155 positionem,
843 3115 922 3154 quia
947 3115 1148 3155 praeposito
1174 3114 1317 3145 deinum
1344 3115 1469 3143 Orestes
1497 3112 1640 3144 lacunae
1668 3115 1762 3151 origo
1788 3114 1823 3143 tit
1849 3113 1986 3152 perspi-

224 3173 289 3195 cua
318 3182 352 3186 —
385 3165 438 3195 ⁶29.
464 3173 530 3196 esse
551 3173 584 3195 se
608 3165 644 3199 E,
672 3173 742 3195 om.
762 3165 787 3195 D
818 3182 849 3185 —
877 3165 1064 3195 diceret„
1081 3167 1215 3194 orestem
1240 3171 1272 3194 se
1295 3172 1359 3193 csse
1383 3164 1407 3191 G
1434 3163 1466 3193 in
1493 3171 1602 3202 marg.
1630 3162 1790 3203 suppleta
1816 3161 1921 3192 habet
1947 3177 1981 3182 ——

220 3222 284 3253 pro
307 3222 343 3245 eo
367 3214 393 3245 D
423 3231 453 3236 —
483 3214 536 3244 30.
559 3213 805 3252 perlaudabant
828 3213 866 3244 131
893 3229 927 3235 —
955 3214 1007 3244 3¹.
1028 3214 1113 3252 quod
1140 3213 1163 3241 V
1183 3221 1246 3253 per
1271 3220 1386 3251 comp.
1416 3230 1448 3234 -
1477 3212 1656 3244 arbitraris
1678 3214 1699 3243 S
1727 3229 1762 3234 —
1790 3213 1821 3242 in
1846 3220 1881 3242 re
1904 3219 1986 3242 uera

224 3263 252 3294 D
279 3280 315 3285 —
340 3262 510 3294 iudicabat
532 3264 573 3302 D,
598 3262 755 3294 iudicabit
777 3263 802 3294 E
831 3280 865 3285 —
892 3262 944 3294 33.
970 3263 1085 3295 uideor
1108 3262 1162 3293 bis
1188 3263 1212 3293 G
1239 3278 1274 3284 —
1302 3262 1388 3301 quod
1412 3261 1449 3293 E.
