2249 3624
647 169 736 209 Lm.
758 169 788 208 Ι.
831 167 927 209 ΟΛΡ.
949 166 1231 208 xm—xlv.
1268 164 1328 219 §§
1360 162 1551 205 39-45.
1900 162 1982 204 653

212 277 346 324 culae,
377 276 439 316 vis
470 275 606 315 leonis
638 274 824 314 videtur:
858 280 1084 328 utrumque
1117 274 1284 313 homine
1315 273 1632 319 alienissimum,
1655 270 1729 311 sed
1751 270 1863 311 fraus
1885 270 1982 310 odio

213 340 338 393 digna
370 339 538 380 maiore.
606 339 754 377 Totius
796 344 935 378 autem
979 338 1204 377 iniustitiae
1245 336 1361 376 nulla
1400 335 1621 388 capitalior
1659 347 1784 387 quam
1825 347 1982 380 eorum,

213 403 283 454 qui
324 408 433 448 tum,
475 415 568 441 cum
610 402 788 440 maxime
828 400 999 448 fallunt,
1042 400 1080 440 id
1121 405 1270 452 agunt,
1313 405 1356 438 ut
1390 399 1464 438 viri
1498 398 1594 437 boni
1627 409 1718 437 esse
1751 397 1981 436 videantur.

213 465 274 505 De
304 466 464 506 iustitia
495 464 595 504 satis
626 464 796 503 dictum.

329 528 437 567 XIV.
468 524 535 566 42.
566 527 796 578 Deinceps,
830 531 874 565 ut
905 530 992 565 erat
1024 525 1300 578 propositum,
1333 524 1384 563 de
1416 521 1691 563 beneficentia
1721 536 1767 562 ac
1799 522 1850 562 de
1883 521 2017 561 libe-5

215 590 378 630 ralitate
410 589 596 636 dicatur,
640 602 725 642 qua
764 590 934 642 quidem
977 587 1080 627 nihil
1112 593 1174 627 est
1205 594 1377 627 naturae
1409 587 1590 626 hominis
1621 585 1986 632 accommodatius,

215 652 288 693 sed
320 653 446 692 habet
476 652 627 692 multas
659 653 890 692 cautiones.
952 650 1187 691 Videndum
1220 655 1283 690 est
1314 650 1425 689 enim
1460 650 1661 701 primum,
1694 663 1745 689 ne
1778 649 1887 688 obsit
1915 648 1988 687 be-

214 717 393 770 nignitas
434 721 474 755 et
504 715 556 754 iis
587 715 714 768 ipsis,
759 715 911 768 quibus
942 715 1125 765 benigne
1159 713 1370 753 videbitur
1401 710 1511 759 lieri,
1552 718 1591 752 et
1623 711 1785 758 ceteris,
1819 709 1986 757 deinde,

213 792 266 819 ne
297 778 430 818 maior
458 778 693 830 benignitas
725 778 777 818 sit
817 791 941 831 quam
973 776 1217 823 facultates,
1263 781 1374 822 tum,
1416 782 1461 815 ut
1492 788 1567 827 pro
1600 774 1803 826 dignitate
1835 773 1987 826 cuique

214 842 432 882 tribuatur.
492 840 538 879 Id
570 840 681 880 enim
714 845 777 880 est
808 840 990 880 iustitiae
1022 839 1359 885 fundamentum,
1391 838 1441 877 ad
1479 851 1603 890 quam
1635 838 1739 877 haec
1767 835 2038 876 referendalo

215 909 312 944 sunt
342 904 493 944 omnia.
554 905 657 943 Nam
690 908 731 943 et
764 903 836 957 qui
868 900 1155 956 gratificantur
1185 901 1369 954 cuipiam
1401 900 1517 953 quod
1549 900 1656 940 obsit
1687 900 1763 946 illi,
1795 899 1862 939 cui
1892 912 1989 952 pro-

215 967 336 1007 desse
367 966 474 1006 velle
505 965 750 1013 videantur,
790 979 875 1006 non
906 963 1084 1005 benefici
1117 977 1257 1017 neque
1289 963 1510 1011 liberales,
1554 963 1627 1003 sed
1660 961 1886 1016 perniciosi
1917 961 1990 1001 ad-

215 1035 448 1070 sentatores
479 1028 696 1069 iudicandi
727 1035 845 1076 sunt,
878 1034 919 1068 et
950 1028 1022 1081 qui
1053 1028 1144 1068 aliis
1176 1031 1349 1073 nocent,
1382 1033 1428 1066 ut
1458 1027 1500 1066 in
1532 1026 1636 1066 alios
1669 1025 1862 1065 liberales
1893 1025 1989 1072 sint,

214 1093 256 1133 in
289 1091 437 1132 eadem
468 1097 565 1132 sunt
595 1092 812 1139 iniustitia,
844 1097 891 1131 ut
921 1092 955 1131 si
987 1092 1029 1131 in
1062 1103 1177 1130 suam
1208 1103 1293 1129 rem
1327 1090 1466 1129 aliena
1487 1093 1743 1129 convertant.
1794 1086 1860 1128 43.
1885 1089 1991 1128 Sunt

215 1160 355 1195 autem
395 1154 514 1194 multi
555 1159 595 1193 et
633 1155 805 1207 quidem
844 1153 985 1207 cupidi
1018 1152 1255 1206 splendoris
1286 1157 1327 1192 et
1358 1152 1534 1205 gloriae,
1577 1150 1649 1204 qui
1681 1151 1867 1204 eripiunt
1896 1152 1991 1192 aliis
2010 1150 2042 1179 ¹5

218 1217 332 1271 quod
364 1216 458 1256 aliis
490 1217 743 1270 largiantur,
783 1217 900 1270 iique
932 1216 1188 1257 arbitrantur
1226 1228 1270 1255 se
1300 1212 1512 1254 beneficos
1544 1215 1585 1254 in
1618 1228 1715 1254 suos
1746 1215 1900 1255 amicos
1931 1214 1992 1255 vi-

218 1293 309 1320 sum
339 1279 406 1325 iri,
440 1279 473 1318 si
506 1279 765 1332 locupletent
797 1293 867 1319 eos
900 1292 1166 1332 quacumque
1199 1278 1375 1317 ratione.
1437 1276 1481 1316 ld
1513 1282 1650 1317 autem
1682 1282 1842 1317 tantum
1874 1277 1994 1318 abest

217 1342 268 1382 ab
299 1339 461 1387 officio,
500 1347 547 1382 ut
577 1342 681 1381 nihil
713 1342 845 1395 magis
878 1340 1016 1382 officio
1048 1341 1180 1394 possit
1210 1353 1303 1380 esse
1334 1341 1601 1380 contrarium.
1661 1339 1898 1379 Videndum
1930 1344 1994 1379 est

216 1404 362 1457 igitur,
403 1409 447 1444 ut
487 1417 536 1444 ea
575 1405 827 1445 liberalitate
867 1410 1056 1451 utamur,
1099 1417 1207 1457 quae
1249 1403 1383 1456 prosit
1423 1402 1589 1450 amicis,
1629 1408 1777 1442 noceat
1820 1402 1991 1442 nemini.

218 1466 359 1514 Quare
390 1467 435 1506 L.
468 1467 630 1514 Sullae,
671 1467 713 1507 C.
748 1467 937 1507 Caesaris
969 1467 1241 1520 pecuniarum
1273 1465 1489 1505 translatio
1520 1478 1544 1505 a
1574 1465 1695 1505 iustis
1727 1465 1908 1505 dominis
1940 1465 1990 1505 ad
2006 1464 2043 1494 20

217 1530 376 1569 alienos
418 1542 501 1569 non
541 1530 667 1570 debet
706 1530 891 1569 liberalis
933 1529 1086 1576 videri3
1146 1528 1252 1567 nihil
1292 1534 1353 1568 est
1391 1528 1501 1567 enim
1533 1526 1729 1575 liberale,
1762 1527 1875 1581 quod
1907 1541 1992 1568 non

216 1591 329 1632 idem
361 1592 530 1632 iustum.
591 1591 658 1632 44.
691 1593 808 1632 Alter
838 1593 954 1632 locus
987 1597 1075 1631 erat
1105 1592 1333 1639 cautionis,
1366 1604 1417 1630 ne
1449 1590 1687 1643 benignitas
1720 1591 1852 1630 maior
1882 1595 1993 1630 esset

218 1667 344 1708 quam
385 1653 629 1703 facultates,
673 1655 786 1708 quod
829 1656 901 1709 qui
943 1655 1211 1707 benigniores
1253 1655 1398 1694 volunt
1440 1666 1532 1693 esse
1572 1666 1697 1707 quam
1738 1668 1803 1694 res
1836 1654 1993 1706 patitur

218 1717 397 1770 primum
428 1717 471 1755 in
503 1730 553 1757 eo
587 1724 775 1770 peccant,
808 1719 920 1771 quod
951 1718 1145 1757 iniuriosi
1178 1723 1273 1757 sunt
1302 1717 1346 1756 in
1378 1717 1617 1769 proxim053
1650 1729 1752 1768 quas
1780 1716 1891 1756 enim
1924 1730 1993 1755 co-

219 1781 310 1834 pias
342 1780 405 1820 his
438 1785 478 1820 et
508 1780 765 1833 suppeditari
799 1781 975 1834 aequius
1008 1787 1068 1820 est
1100 1786 1139 1820 et
1170 1781 1377 1833 relinqui,
1421 1793 1490 1819 eas
1521 1778 1779 1819 transferunt
1810 1780 1860 1819 ad
1881 1778 2042 1830 ,alie-‘25

220 1856 311 1883 nos.
370 1843 483 1882 Inest
522 1849 661 1883 autem
706 1843 749 1882 in
791 1843 862 1883 tali
906 1843 1155 1883 liberalitate
1198 1842 1408 1895 cupiditas
1450 1843 1700 1895 plerumque
1731 1842 1920 1895 rapiendi
1952 1848 1993 1882 et

220 1903 437 1945 auferendi
478 1918 553 1959 per
593 1905 814 1953 iniuriam,
857 1912 902 1945 ut
942 1906 993 1945 ad
1034 1906 1297 1958 largiendum
1340 1910 1565 1957 suppetant
1607 1905 1768 1956 copiae.
1838 1905 1992 1945 Videre

221 1968 346 2007 etiam
387 1968 484 2008 licet
524 1968 748 2020 plerosque
789 1981 875 2007 non
915 1973 997 2007 tam
1044 1974 1191 2008 natura
1238 1968 1433 2007 liberales
1476 1979 1601 2020 quam
1641 1966 1820 2018 quadam
1860 1966 1993 2020 gloria

221 2029 392 2077 ductos,
434 2036 480 2069 ut
511 2028 688 2070 benefici
719 2030 962 2078 videantur,
993 2030 1129 2070 facere
1161 2030 1312 2076 multa,
1345 2043 1454 2083 quae
1488 2026 1694 2080 proficisci
1726 2029 1776 2068 ab
1809 2035 1993 2069 ostenta-

221 2092 334 2132 tione
365 2093 498 2145 magis
530 2106 654 2146 quam
687 2105 709 2131 a
742 2093 956 2133 voluntate
988 2094 1223 2133 videantur.
1275 2092 1386 2131 Talis
1419 2097 1557 2131 autem
1586 2091 1796 2132 simulatio
1819 2093 1991 2132 vanitati
2005 2091 2042 2122 30

221 2160 284 2194 est
325 2155 587 2195 coniunctior
629 2169 751 2208 quam
795 2162 866 2196 aut
906 2157 1148 2196 liberalitati
1188 2160 1259 2194 aut
1297 2154 1523 2194 honestati.
1593 2151 1659 2192 43.
1701 2155 1887 2195 Tertium
1930 2160 1993 2195 est

223 2217 498 2270 propositum,
533 2223 577 2257 ut
608 2219 650 2258 in
680 2218 959 2258 beneficentia
991 2220 1168 2258 dilectus
1201 2223 1311 2257 esset
1342 2217 1579 2269 dignitatis:
1621 2217 1664 2255 in
1687 2230 1771 2270 quo
1795 2223 1834 2256 et
1857 2231 1992 2257 mores

222 2279 312 2319 eius
352 2285 477 2319 erunt
515 2281 753 2333 spectandi,
795 2281 835 2320 in
872 2295 995 2334 quem
1035 2278 1285 2321 beneficium
1325 2279 1587 2326 conferetur,
1629 2285 1670 2318 et
1700 2280 1864 2319 animus
1896 2293 1993 2333 erga

223 2354 300 2381 nos
333 2347 373 2382 et
404 2344 680 2383 communitas
712 2356 758 2382 ac
790 2344 966 2383 societas
998 2344 1108 2384 vitae
1149 2348 1190 2383 et
1220 2342 1271 2382 ad
1303 2348 1467 2382 nostras
1500 2342 1698 2381 utilitates
1730 2339 1867 2381 officia
1898 2348 1991 2381 ante

223 2404 404 2444 conlata:
437 2418 545 2458 quae
576 2410 622 2444 ut
653 2411 904 2445 concurrant
934 2406 1087 2453 omnia,
1119 2404 1302 2458 optabile
1335 2410 1417 2453 est;
1449 2404 1657 2451 siminus,
1679 2404 1820 2457 plures
1844 2417 1991 2445 causae
2006 2406 2043 2436 35

223 2466 488 2521 maioresque
520 2467 722 2521 ponderis
753 2468 846 2522 plus
876 2468 1104 2509 habebunt.

312 2652 342 2684 4.
370 2652 605 2684 alienissimum
629 2656 684 2685 est.
710 2654 774 2684 Sed
802 2661 820 2685 e
855 2672 889 2676 —
927 2655 958 2685 ⁶2.
985 2654 1167 2686 iniustitiae
1190 2654 1369 2693 capitalior
1392 2661 1491 2692 quam
1516 2649 1576 2688 11¹;
1613 2652 1794 2683 iniustitiae
1815 2652 1995 2692 capitalior

224 2702 316 2733 nulla
338 2704 385 2733 est
408 2711 509 2741 quam
534 2702 575 2734 Η2
611 2720 647 2726 -
686 2711 800 2734 eorum
823 2712 892 2734 om.
919 2711 938 2735 e
975 2721 1009 2727 —
1057 2704 1087 2736 3.
1115 2708 1183 2735 tum
1209 2704 1232 2735 C
1258 2705 1304 2742 (in
1331 2704 1354 2735 B
1380 2710 1556 2743 superscr.
1585 2702 1670 2739 estl:
1698 2709 1766 2732 om.
1793 2709 1848 2741 po
1886 2720 1921 2725 —
1959 2702 1990 2735 4.

223 2752 269 2783 Ac
291 2752 330 2783 de
352 2753 485 2783 iusticia
515 2759 533 2783 c
570 2769 604 2773 —
644 2754 766 2784 dictum
790 2752 903 2785 AB¹H
918 2755 994 2786 ab:
1033 2756 1156 2786 (lictum
1180 2758 1223 2785 est
1247 2752 1317 2785 15²0
1355 2771 1390 2775 —
1436 2754 1466 2783 ὅ.
1493 2752 1714 2791 beneficientia
1738 2749 1814 2783 A²B
1830 2751 1991 2792 l⁷l²acp;

225 2802 380 2842 beneficia
403 2801 530 2834 A¹ll¹b
565 2821 608 2825 —
643 2803 674 2834 6.
700 2804 840 2835 hominis
864 2808 982 2836 nature
1006 2812 1024 2835 e
1061 2821 1095 2826 -
1135 2804 1165 2835 8.
1194 2805 1233 2834 iis
1255 2805 1281 2834 A
1299 2804 1377 2834 Bb:
1419 2802 1468 2832 his
1493 2802 1572 2839 lla,
1597 2801 1659 2839 ln'J's
1683 2808 1700 2831 e
1738 2818 1773 2823 —
1812 2803 1863 2833 ⁴0.
1890 2811 1994 2841 quam

226 2859 315 2883 corr.
343 2853 376 2882 in
401 2852 486 2890 quod
509 2853 555 2887 A3
589 2861 682 2891 quem
706 2853 726 2884 b
766 2869 799 2874 ——
839 2854 890 2884 42.
915 2854 1087 2892 pernitiosi
1112 2855 1135 2884 Α
1152 2854 1212 2884 Ba
1250 2871 1283 2875 —
1325 2852 1377 2883 1¹3.
1405 2855 1432 2882 e!
1458 2851 1579 2891 quin
1596 2854 1793 2882 conuertunt
1821 2852 1854 2882 in
1880 2860 1991 2890 marg.

225 2900 384 2942 suppleta
411 2900 517 2932 habet
541 2902 565 2932 B
591 2919 632 2924 —
658 2902 708 2933 44.
736 2903 903 2935 iniuslicia
928 2907 1002 2934 sunt
1026 2911 1044 2934 c
1071 2919 1105 2924 —
1135 2900 1247 2933 αῑὶεηῖι
1267 2910 1388 2933 rasura
1415 2910 1504 2931 corr.
1525 2901 1557 2930 in
1582 2900 1692 2930 aliena
1717 2908 1738 2931 a
1764 2917 1798 2921 -
1827 2901 1879 2932 15.
1897 2900 1995 2931 multi

225 2951 372 2989 equidem
395 2958 414 2981 e
452 2968 486 2972 -
526 2951 577 2982 ⁴6.
603 2951 690 2990 iique
715 2953 739 2982 Α
755 2952 834 2984 Bb:
873 2953 982 2992 hiique
1006 2953 1051 2987 Η,
1083 2953 1193 2992 hiJ'quc
1217 2960 1254 2985 e.
1280 2952 1376 2990 hique
1401 2959 1453 2982 ao
1495 2968 1527 2972 —
1575 2950 1700 2980 amicos
1720 2950 1794 2988 fieri
1816 2952 1844 2981 si
1868 2950 1927 2982 Ab
1955 2966 1990 2971 —

227 2999 278 3031 ⁴8.
304 3000 346 3030 ab
369 3007 405 3031 e:
439 3008 509 3031 om.
536 3001 633 3031 ΑΒΗ
649 3001 746 3032 abo.
782 3001 831 3033 Ct'.
852 3002 1074 3042 Wesenberg
1098 3001 1296 3033 Emendatt.
1324 3002 1366 3032 M.
1386 3001 1420 3031 T.
1442 3002 1478 3031 C.
1506 2997 1735 3039 epistolarum
1759 3007 1792 3039 p.
1813 3000 1866 3030 62.
1896 3016 1932 3021 -—-
1958 3001 1995 3029 ut

226 3048 308 3080 nihil
329 3049 437 3089 magis
459 3050 568 3089 officio
599 3059 669 3082 om.
697 3059 718 3082 a
753 3050 845 3089 (sola
871 3053 1115 3083 coniunctione
1145 3056 1181 3083 ut
1212 3051 1328 3082 addita
1362 3051 1394 3081 in
1422 3050 1542 3089 marg.)
1580 3065 1615 3070 —-
1653 3049 1761 3088 officio
1787 3050 1865 3089 post
1887 3049 1995 3088 maqis

228 3106 298 3129 om.
325 3105 343 3129 e
369 3114 403 3119 —
439 3098 490 3129 ΞΟ.
517 3099 609 3130 sillae
632 3100 696 3130 AB
713 3100 826 3137 llab,
853 3100 931 3138 sylle
954 3108 972 3131 c
1004 3118 1038 3123 —
1075 3102 1107 3133 C.
1130 3102 1172 3141 (9.
1193 3103 1216 3132 A
1234 3103 1262 3139 e)
1283 3100 1437 3132 Caesaris
1461 3100 1506 3130 C:
1533 3102 1561 3129 et
1586 3098 1619 3130 C.
1640 3098 1791 3130 Caesaris
1815 3106 1847 3130 0.
1888 3098 1937 3129 Cf.
1964 3098 1992 3128 11

229 3145 317 3186 §59-
346 3163 380 3168 —
412 3146 465 3177 2¹.
491 3148 604 3180 uidere
628 3149 687 3180 Ab
715 3166 750 3170 —
777 3153 822 3180 est
837 3150 923 3181 enim
946 3152 1008 3182 All
1024 3152 1098 3183 ab:
1125 3152 1212 3182 enim
1228 3154 1273 3181 es!
1298 3150 1320 3180 B
1337 3157 1377 3180 e:
1405 3148 1490 3179 enim
1516 3148 1597 3185 (om.
1617 3149 1675 3186 est)
1700 3155 1719 3180 o
1747 3166 1781 3169 —
1808 3147 1863 3178 24.
1881 3147 1994 3186 copias

229 3198 259 3226 et
280 3196 484 3234 suppeditari
507 3198 552 3228 eis
574 3199 688 3238 cquius
711 3206 729 3229 e
768 3216 803 3221 —
840 3199 893 3230 25.
919 3200 968 3230 his
991 3201 1017 3231 11
1033 3209 1074 3232 a:
1100 3201 1142 3232 iis
1165 3204 1188 3231 Α
1207 3201 1228 3231 Β
1243 3201 1282 3235 ἱ),
1310 3200 1354 3230 eis
1378 3206 1396 3229 c
1432 3215 1465 3220 —
1504 3198 1557 3228 26.
1584 3198 1737 3237 rapiendi
1757 3197 1950 3237 plerumque
1974 3203 1992 3226 e

233 3260 268 3266 -
294 3245 347 3276 29.
374 3245 510 3287 benefice
532 3254 550 3278 e
577 3264 612 3270 —
648 3248 702 3279 30.
729 3257 751 3278 α
775 3256 845 3279 om.
866 3248 894 3280 H
931 3265 966 3271 -
1004 3250 1057 3282 32.
1084 3249 1306 3286 beneficientia
1330 3249 1354 3280 C
1390 3265 1425 3271 —
1462 3247 1597 3280 dilectus
1619 3251 1698 3280 esset
1721 3247 1878 3279 Bflab:
1905 3245 1993 3277 dele-

231 3295 301 3325 ctus
323 3298 402 3327 esset
423 3297 451 3327 A
465 3302 504 3335 0;
539 3299 619 3329 esset
641 3296 779 3330 delectus
802 3304 833 3329 e.
