2249 3624
418 139 487 179 DE
519 138 672 178 FlNIB.
703 138 747 177 B.
777 136 845 176 ET
876 135 930 176 M.
970 135 1058 174 Lm.
1090 134 1120 174 1.
1161 132 1256 173 cst.
1287 130 1447 170 1—111.
1488 127 1547 182 §§
1580 126 1718 168 1-8.
1908 124 1961 166 77

204 255 368 294 Latinas
407 252 457 293 ad
498 252 668 293 verbum
711 265 732 290 e
771 249 938 289 Graecis
976 260 1194 300 expressas
1232 258 1315 284 non
1350 242 1465 283 inviti
1498 242 1650 293 legant.
1716 240 1820 288 Quis
1853 240 1961 279 enim

204 323 284 357 tam
318 316 510 355 inimicus
542 327 673 367 paene
705 312 858 352 nomini
892 312 1076 350 Romano
1110 314 1193 355 est,
1240 306 1312 360 qui
1345 305 1467 344 Ennii
1500 302 1686 344 Medeam
1720 308 1790 341 aut
1820 304 1965 341 Antio-

203 394 297 432 pam
330 378 496 418 Pacuvii
528 382 697 429 spernat
728 381 798 414 aut
830 375 990 419 reiciat,
1033 373 1147 425 quod
1180 385 1223 409 se
1260 369 1392 408 isdem
1426 366 1637 420 Euripidis
1669 365 1820 405 sabulis
1852 366 1965 404 dele.-

203 443 303 481 ctari
337 441 467 486 dicat,
501 439 668 478 Latinus
701 438 858 476 litteras
884 436 1046 474 oderit?
1085 433 1358 487 Synephebos
1382 444 1478 482 ego,
1511 430 1670 483 inquit,
1705 429 1842 481 potius
1866 428 1967 466 Cae-

203 504 286 542 cilii
317 508 387 542 aut
413 502 610 540 Andrium
634 500 815 539 Terentii
848 513 971 551 quam
996 504 1216 549 utrumque
1241 494 1456 534 Menandri
1482 493 1644 545 legam?
1695 490 1733 530 ὃ.
1761 492 1791 529 Α
1816 490 1999 543 quibus5

204 571 358 606 tantum
405 564 621 607 dissentio,
669 567 736 607 ut,
780 575 872 599 cum
916 559 1146 612 Sophocles
1194 559 1255 596 vel
1299 558 1455 609 optime
1498 555 1710 607 scripserit
1747 554 1968 599 Electram,

205 634 337 667 tamen
380 627 484 666 male
526 637 768 663 conversam
812 623 926 661 Atilii
974 622 1069 661 mihi
1114 620 1331 671 legendam
1366 625 1528 671 putem,
1571 618 1621 655 de.
1653 630 1736 670 quo
1767 615 1968 662 Licinius,

202 690 416 729 ferreum
452 689 798 739 scriptorem,
832 698 999 729 verum,
1032 684 1200 736 opinor,
1233 682 1479 733 scriptorem
1510 686 1670 727 tamen,
1704 684 1747 718 ut
1769 678 1969 730 legendus

203 752 268 790 sit.
329 750 486 789 Rudem
519 750 629 788 enim
662 762 752 786 esse
785 748 953 786 omniuo
995 747 1033 785 in
1070 745 1223 784 nostris
1257 744 1390 796 poetis
1422 749 1493 782 ant
1525 743 1801 782 inertissimae
1833 740 1971 793 segni-

203 814 281 853 tiae
314 819 374 852 est
405 819 473 852 aut
498 811 652 851 fastidii
677 809 972 849 delicatissimi.
1020 809 1121 848 Mihi
1148 807 1318 860 quidem
1343 806 1444 845 nulli
1467 807 1566 846 satis
1589 804 1741 845 eruditi
1766 804 1970 851 videntur,
1986 815 2019 844 to

204 876 354 930 quibus
387 880 526 915 nostra
558 875 696 926 ignota
728 878 837 912 suut.
897 873 959 911 An

766 936 953 975 utinam
986 946 1046 973 ne
1078 933 1128 972 in
1161 945 1375 972 nemore

206 1004 336 1043 nihilo
376 1002 511 1042 minus
556 1000 730 1051 legimus
773 1012 896 1052 quam
942 997 1019 1037 hoc
1065 995 1175 1035 idem
1208 995 1432 1034 Graecum:
1473 1006 1581 1047 quae
1613 998 1748 1034 autem
1783 995 1833 1035 de
1864 995 1971 1035 bene

206 1067 411 1119 beateque.
444 1062 621 1103 vivendo
653 1076 675 1102 a
707 1062 876 1101 Platone
908 1061 1119 1112 disputata
1150 1063 1267 1104 sunt,
1308 1057 1411 1096 haec
1444 1056 1644 1109 explicari
1676 1070 1759 1096 non
1791 1058 1974 1110 placebit

208 1129 379 1168 Latine?
435 1126 472 1165 (ἱ.
507 1126 629 1174 Quod
661 1125 694 1165 si
727 1138 802 1164 nos
834 1138 917 1164 non
949 1123 1225 1174 interpretum
1253 1118 1466 1171 fungimur
1488 1132 1681 1166 munere,
1712 1119 1786 1158 sed
1809 1125 2023 1160 tuemuras

207 1205 273 1238 ea,
317 1203 423 1244 qnae
456 1189 563 1228 dicta
596 1193 692 1228 sunt
721 1188 771 1227 ab
804 1187 879 1234 iis,
925 1198 1032 1239 quos
1075 1183 1326 1236 probamuS,
1373 1183 1518 1235 eisque
1551 1187 1737 1221 nostrum
1770 1182 1972 1222 iudicium

208 1260 245 1292 et
276 1259 462 1292 nostrum
495 1250 702 1291 scribendi
736 1250 923 1290 ordinem
956 1247 1240 1298 adiungimus,
1275 1246 1374 1299 quid
1414 1246 1570 1285 habent
1610 1259 1682 1285 cur
1715 1246 1872 1286 Graeca
1902 1260 1975 1286 an-

206 1321 401 1368 teponant
440 1315 512 1360 iis,
554 1327 659 1367 quae
703 1318 743 1353 et
782 1312 1001 1366 splendide
1034 1312 1142 1351 dicta
1174 1324 1311 1364 neque
1344 1311 1427 1350 sint
1459 1323 1661 1350 conversa
1693 1309 1743 1348 de
1776 1309 1974 1348 Graecis?

205 1378 307 1415 Nam
340 1377 370 1415 si
406 1376 544 1416 dicent
575 1376 626 1415 ab
658 1376 741 1416 illis
773 1377 847 1415 has
879 1389 944 1414 res
977 1388 1068 1414 esse
1100 1379 1315 1421 tractatas,
1358 1386 1409 1413 ne
1450 1374 1566 1426 ipsos
1598 1372 1767 1426 quidem
1793 1373 1975 1412 Graecos

208 1445 269 1478 est
301 1453 373 1479 cur
404 1444 483 1479 tam
517 1439 670 1478 multos
702 1439 863 1492 legant,
895 1451 1020 1491 quam
1055 1436 1221 1489 legendi
1253 1442 1363 1476 sunt.
1414 1435 1524 1483 Quid
1557 1437 1667 1475 enim
1699 1439 1761 1474 est
1792 1448 1814 1474 a
1848 1435 2025 1488 Chry-⁶20

209 1501 329 1554 sippo
361 1501 700 1553 praetermissum
733 1502 773 1542 iu
802 1501 984 1541 Stoicis?
1030 1499 1228 1552 Legimus
1252 1504 1390 1539 tamen
1411 1499 1666 1551 Diogenem,
1698 1498 1975 1551 Antipatrum,

209 1564 517 1611 Mnesarchum,
549 1565 813 1612 Panaetium,
846 1564 997 1603 multos
1029 1563 1133 1602 alios
1172 1561 1213 1601 in
1246 1562 1475 1615 primisque
1510 1561 1755 1601 familiarem
1786 1566 1975 1600 nostrum

208 1627 492 1666 Posidonium.
552 1627 694 1675 Quid?
742 1627 1054 1679 Theophrastus
1095 1625 1415 1665 mediocriterne
1458 1624 1656 1671 delectat,
1697 1637 1791 1664 cum
1833 1627 1978 1663 tractat

209 1689 322 1728 locos
361 1689 411 1727 ab
450 1690 669 1729 Aristotele
712 1696 806 1730 ante
849 1689 1077 1729 tractatos?
1120 1688 1250 1740 quid?
1301 1688 1498 1740 Epicurei
1542 1701 1639 1727 num
1681 1686 1887 1726 desistunt
1925 1686 1976 1726 de

208 1751 359 1797 isdem,
400 1750 450 1790 de
492 1752 642 1804 quibus
682 1758 722 1792 et
761 1752 810 1792 ab
851 1752 1030 1804 Epicuro
1072 1751 1270 1802 scriptum
1308 1756 1370 1790 est
1416 1756 1456 1790 et
1493 1750 1543 1790 ab
1579 1749 1782 1803 antiquis,
1825 1749 1876 1789 ad
1914 1762 1977 1788 ar-
1993 1756 2031 1786 25

208 1814 375 1853 bin-ium
415 1828 536 1854 suum
578 1815 791 1854 scribere?
843 1814 964 1862 Quod
1002 1813 1035 1852 si
1079 1813 1226 1852 Graeci
1270 1813 1466 1865 leguntur
1503 1825 1527 1852 a
1558 1812 1729 1851 Graecis
1761 1811 1894 1851 isdem
1928 1811 1978 1850 de

210 1876 331 1915 rebus
360 1877 440 1916 alia
468 1878 628 1916 ratione
661 1877 923 1930 compositis,
956 1876 1057 1928 quid
1089 1880 1152 1915 est
1181 1889 1253 1915 cur
1282 1876 1415 1915 nostri
1442 1888 1465 1914 a
1485 1875 1635 1915 nostris
1657 1887 1739 1914 non
1761 1874 1979 1926 legantur?

213 1938 282 1977 llt.
312 1937 350 1977 ἶ.
383 1939 665 1993 Quamquam,
708 1941 741 1979 si
780 1940 902 1992 plane
934 1938 992 1978 sic
1024 1944 1226 1977 verterem
1259 1938 1474 1978 Platonem
1506 1942 1576 1978 aut
1610 1937 1897 1986 Aristotelem,
1938 1942 1982 1977 ut

211 2007 423 2041 verterunt
454 2003 585 2041 nostri
623 2008 769 2055 poetae
800 2002 981 2048 fabulas,
1022 2001 1147 2048 male,
1188 2001 1335 2048 credo,
1375 2014 1557 2041 mererer
1584 2000 1635 2040 de
1667 2000 1771 2040 meis
1804 2000 1979 2048 civibus,

215 2065 247 2103 si
280 2064 332 2103 ad
364 2078 507 2104 eorum
540 2065 819 2117 cognitionem
852 2064 990 2104 divina
1020 2063 1091 2102 illa
1122 2064 1287 2115 ingenia
1319 2063 1611 2104 transferrem:
1658 2062 1730 2102 sed
1761 2062 1803 2102 id
1842 2075 1981 2116 neque
1995 2069 2031 2099 30

212 2126 290 2166 feci
323 2126 456 2167 adhuc
488 2140 564 2167 nec
596 2127 698 2166 mihi
731 2133 868 2167 tamen
900 2140 951 2166 ne
984 2124 1131 2165 faciam
1170 2125 1438 2166 interdictum
1472 2131 1586 2179 puto.
1645 2125 1779 2165 Locos
1811 2126 1981 2178 quidem

215 2189 439 2242 quosdam,
472 2190 506 2230 si
537 2190 768 2237 videbitur,
800 2188 1066 2235 transferam,
1099 2193 1139 2228 et
1170 2188 1350 2229 maxime
1383 2190 1434 2229 ab
1466 2189 1537 2236 iis,
1568 2201 1673 2240 quos
1701 2187 1826 2227 modo
1848 2188 1983 2228 nomi-

214 2253 333 2300 navi,
365 2266 458 2292 cum
492 2252 686 2293 inciderit
718 2258 762 2292 ut
791 2252 831 2292 id
863 2256 957 2306 apte
988 2251 1079 2290 fieri
1110 2252 1265 2304 possit,
1297 2256 1343 2290 ut
1373 2251 1424 2291 ab
1446 2251 1629 2290 Homero
1650 2250 1833 2298 Ennius,
1864 2250 1984 2290 Afra-

214 2315 307 2354 nius
348 2328 371 2354 a
410 2316 637 2355 Menandro
677 2316 796 2355 solet.
855 2316 940 2354 Nec
978 2327 1101 2361 vere,
1142 2318 1187 2352 ut
1225 2318 1368 2353 noster
1398 2312 1608 2360 Lucilius,
1648 2313 1851 2353 recusabo
1900 2327 1983 2366 quo

216 2378 351 2416 minus
397 2391 541 2417 omnes
582 2391 674 2419 mea
712 2378 863 2430 legant.
924 2377 1086 2416 Utinam
1129 2381 1240 2416 esset
1280 2376 1350 2415 ille
1392 2376 1580 2416 Persinsl
1630 2375 1771 2428 Scipio
1812 2387 1911 2414 vero
1944 2379 2035 2415 et35

215 2440 392 2479 Rutilius
425 2440 554 2480 multo
587 2441 711 2480 etiam
742 2440 896 2492 magis:
930 2452 1108 2493 quorum
1130 2438 1201 2478 ille
1223 2438 1426 2478 iudicium
1448 2437 1724 2477 reformidans
1747 2437 1984 2477 Tarentinis

216 2501 272 2540 ait
312 2515 355 2540 se
397 2507 438 2541 et
471 2503 733 2542 Consentinis
766 2508 805 2542 et
839 2502 988 2541 Siculis
1020 2501 1214 2541 scribere.
1275 2502 1424 2540 Facete
1456 2501 1489 2540 is
1521 2500 1713 2554 quidem,
1745 2501 1852 2540 sicut
1882 2501 1985 2549 alia;

216 2563 288 2600 sed
319 2576 458 2616 neque
491 2569 573 2603 tam
605 2565 717 2604 docti
752 2570 836 2604 tum
868 2569 1001 2611 erant,
1034 2564 1085 2603 ad
1118 2577 1295 2617 quorum
1324 2563 1525 2603 iudicium
1549 2563 1796 2610 elaboraret,
1828 2567 1868 2602 et
1890 2568 1988 2603 sunt

216 2623 328 2663 illius
360 2626 512 2678 scripta
544 2626 724 2674 leviora,
764 2632 810 2666 ut
839 2626 1052 2666 urbanitas
1084 2639 1245 2666 summa
1276 2631 1493 2679 appareat,
1526 2625 1718 2665 doctrina
1748 2626 1986 2666 mediocris.

218 2684 256 2724 8.
286 2687 374 2740 Ego
415 2694 553 2728 autem
596 2703 720 2742 quem
760 2690 926 2729 timeam
958 2689 1177 2736 lectorem,
1221 2702 1316 2729 cum
1347 2688 1399 2728 ad
1431 2694 1494 2736 te,
1532 2701 1584 2728 ne
1616 2688 1783 2729 Graecis
1815 2688 1986 2742 quidem
2001 2696 2037 2726 4ο

308 2859 337 2890 4.
365 2868 381 2891 e
403 2860 486 2890 AB:
513 2860 552 2891 de
568 2860 592 2891 Ο
613 2878 646 2882 -
674 2860 828 2901 leyantur
844 2861 924 2892 Ε-
947 2861 978 2892 2.
999 2860 1123 2892 nomini
1142 2868 1224 2899 pene
1240 2860 1310 2890 Β-
1332 2859 1362 2891 3.
1384 2859 1470 2899 quod
1493 2860 1557 2890 AB
1573 2859 1615 2891 C:
1636 2860 1691 2899 qui
1709 2861 1779 2891 0—-
1800 2859 1843 2901 se]
1860 2860 1887 2890 si
1905 2860 1929 2891 E
1950 2877 1985 2883 —

220 2907 251 2940 4.
270 2909 406 2940 Latinas
429 2910 554 2941 litteras
577 2911 681 2942 oderit
704 2920 773 2943 om.
793 2914 819 2943 G
837 2914 870 2943 et
888 2912 1003 2943 DaviS.
1026 2928 1060 2932 —
1080 2910 1217 2951 [literas]
1237 2911 1261 2941 O
1281 2928 1315 2932 —
1344 2910 1374 2941 ὓ.
1399 2912 1527 2940 tamum
1550 2910 1630 2941 AB:
1658 2913 1727 2941 tam
1743 2910 1768 2941 O
1788 2926 1822 2932 -
1850 2909 1881 2940 7.
1899 2909 1990 2940 Atilii

220 2960 264 2989 A:
292 2960 383 2990 acilii
406 2960 446 2997 B;
471 2960 574 2991 Annii
597 2961 622 2992 Ο
649 2978 683 2983 -
712 2962 764 2992 Μ.
789 2962 838 2993 An
862 2962 1016 2993 Muretus
1043 2961 1099 3000 (ad
1121 2961 1267 3001 Philipp.
1287 2960 1371 2997 XIV,
1391 2960 1442 2999 5):
1468 2959 1508 2990 Αι
1530 2960 1595 2991 ΑΒ
1624 2978 1659 2983 -
1687 2960 1737 2991 43.
1765 2959 1860 3000 quae]
1885 2960 1941 2998 qui
1962 2960 1986 2990 B

224 3024 251 3029 m
288 3009 338 3039 45.
367 3009 452 3047 Quid
481 3010 507 3040 si
539 3012 564 3041 A
592 3026 626 3032 —
662 3011 712 3042 48.
739 3012 828 3042 dicta
852 3020 932 3043 nos:
960 3012 1048 3042 dicta
1071 3014 1144 3042 sunt
1168 3011 1289 3047 ΑΒΕς
1323 3010 1411 3040 αἰσία
1441 3010 1504 3040 sinc
1534 3010 1558 3040 Ο
1593 3028 1627 3032 -
1667 3010 1718 3041 49.
1744 3010 1814 3049 ipso
1846 3011 1893 3048 (in
1920 3010 1987 3041 tine

222 3059 355 3095 xersus)
380 3060 407 3089 A
436 3074 470 3080 —
498 3059 550 3090 ⁶20.
576 3060 696 3091 multas
719 3060 758 3092 Α1
784 3078 818 3083 -
846 3062 899 3092 023.
927 3061 1005 3100 quid
1026 3061 1278 3100 Theophrastmn
1302 3061 1326 3090 Α
1342 3060 1365 3089 Β
1381 3059 1446 3090 CD
1467 3076 1501 3081 —-
1529 3058 1582 3090 ⁵24.
1608 3068 1674 3090 non
1691 3061 1879 3100 (superscr.
1898 3060 1988 3099 num)

221 3109 248 3138 A
275 3124 309 3128 -
344 3108 396 3138 25.
423 3108 522 3139 isdem
544 3111 571 3140 Α
584 3110 632 3139 13:
665 3110 782 3141 eisdem
807 3111 831 3141 Ο
860 3129 894 3134 -
925 3112 978 3141 ⁶28.
1003 3110 1111 3150 plane]
1140 3110 1240 3148 plane
1264 3116 1294 3139 se
1318 3108 1342 3138 B
1371 3125 1405 3130 -
1437 3108 1489 3139 ⁶29.
1516 3108 1597 3139 mali
1622 3109 1644 3139 B
1673 3127 1708 3131 —
1732 3111 1877 3139 meretur
1900 3109 1924 3140 E
1952 3126 1987 3132 —-

224 3156 276 3187 30.
304 3156 448 3196 inyenita
471 3158 494 3187 B
523 3175 556 3179 —
589 3158 642 3189 34.
668 3159 718 3198 ne]
742 3168 799 3190 nec
822 3162 861 3190 Al
888 3177 922 3181 ——
950 3160 1002 3191 33.
1029 3159 1113 3200 cum]
1139 3162 1207 3189 lum
1233 3159 1254 3188 B
1280 3175 1323 3180 —
1352 3157 1404 3189 34.
1431 3167 1453 3188 α
1476 3158 1672 3195 Menandro]
1699 3159 1862 3189 antandro
1886 3160 1926 3189 Al
1952 3176 1987 3181 —

222 3206 269 3246 ut]
294 3210 352 3237 aut
375 3207 399 3237 E
426 3209 504 3246 (non
528 3207 563 3247 B)
593 3225 627 3230 —
655 3208 707 3239 35.
733 3210 837 3240 ominis
865 3211 891 3241 Α
911 3227 944 3231 -
974 3210 1026 3241 36.
1051 3209 1161 3249 eliam]
1187 3212 1215 3239 et
1240 3208 1263 3238 B
1292 3225 1326 3229 -
1354 3207 1406 3238 37.
1433 3207 1504 3238 alia
1528 3207 1684 3239 L'rsinus:
1713 3207 1798 3238 alias
1820 3208 1923 3238 ABO
1951 3223 1985 3230 -·

223 3254 274 3287 38.
302 3259 370 3287 tum
394 3257 477 3288 AB:
512 3261 588 3289 tunc
613 3258 637 3289 O
665 3275 701 3281 —
733 3258 904 3292 elaborare
926 3260 950 3290 B
978 3276 1012 3282 —
1040 3259 1093 3291 40.
1120 3262 1230 3291 autem
1254 3259 1299 3289 A:
1326 3257 1405 3296 quid
1427 3257 1472 3294 B3
1502 3258 1633 3295 quidem
1656 3257 1681 3289 E
1708 3272 1743 3278 —
1770 3256 1927 3289 timeatur
1949 3258 1986 3289 B.
