2249 3624
316 212 397 254 988
1055 212 1335 254 CICERONIS

402 319 491 352 Frid.
529 318 723 352 Schneider
756 320 789 351 in
828 317 1043 350 »Zeitschrift
1067 317 1120 350 fiir
1143 318 1199 350 die
1223 316 1700 352 Alterthumswissenschaft«
1721 319 1815 352 4837.
1843 328 1875 361 p.
1903 320 1998 353 4448.
2024 320 2069 353 ad

315 370 407 402 hunc
430 369 556 402 librum
583 370 775 410 (Catonem)
802 369 890 401 haec
914 377 1054 409 quoque
1079 368 1208 400 refert:

412 461 450 500 4.
494 462 647 501 Omnes
674 473 803 513 prope
829 461 939 500 cives
965 460 1135 510 virtute,
1173 459 1321 510 gloria,
1360 458 1554 510 dignitate
1590 460 1812 512 superavit.
1864 461 2069 508 Quinti-

313 523 484 564 lianus
511 525 579 563 IX.
608 523 754 573 4,1o4.

280 629 299 657 5
410 625 445 664 5.
484 624 645 664 Nullum
673 635 867 675 umquam
900 622 1097 674 verbum,
1130 623 1241 675 quod
1256 635 1452 663 revocare
1472 622 1615 674 vellet,
1646 623 1791 663 emisit.
1821 623 2068 674 Augusti-

312 698 411 725 nus
437 687 509 739 Ep.
539 689 619 727 VII.
648 688 760 726 Tom.
790 689 840 725 ΙΙ.
868 699 908 738 p.
941 686 1002 725 32.

397 790 553 822 Priorem
577 789 693 822 locum
718 790 862 822 Beierus
886 790 930 822 ad
955 791 1124 821 Scaurum
1150 790 1297 830 patrem,
1323 788 1471 820 alterum
1496 788 1540 820 ad
1564 788 1762 821 Africanum
1795 789 1968 821 minorem
1997 790 2069 821 ret-

310 838 401 878 tulit,
428 839 536 872 fretus
560 841 765 873 auctoritate
798 840 918 872 Vellei.
944 841 1076 873 Paterc.
1105 840 1134 878 4,
1162 840 1216 877 12,
1242 839 1272 871 3.
1323 840 1488 872 Patricius
1519 840 1611 871 hunc
1636 840 1789 871 eundem
1814 839 1929 872 locum
1948 839 2070 871 Catoni

264 889 711 972 ⁴⁰{iaerlitciilicabvlbit.SCIthuisse
736 889 815 922 talia
840 890 883 923 de
910 891 1040 923 Catone
1065 889 1143 929 dici,
1171 898 1275 921 nemo
1300 890 1492 930 negaverit.
1519 889 1586 922 Csr.
1614 889 1731 922 Vellei.
1761 891 1831 922 Pat.
1864 889 1896 928 2,
1922 889 1974 921 35.
2001 887 2067 920 Sal.

954 1096 1036 1139 Vll.
1098 1096 1164 1137 DE
1197 1096 1406 1139 GLORIA.

1045 1229 1349 1262 ARGUMENTUM.

264 1343 299 1371 15
412 1332 554 1371 Cicero
583 1331 685 1371 duos
719 1333 882 1384 scripsit
907 1332 956 1371 de
990 1331 1124 1372 Gloria
1150 1332 1278 1371 libros
1308 1333 1376 1381 (cf.
1409 1331 1460 1371 de
1491 1332 1567 1371 Off.
1598 1332 1623 1370 l.
1655 1334 1703 1371 ΙΙ.
1733 1345 1768 1370 c.
1795 1332 1846 1382 9.)
1876 1336 1997 1383 atque
2030 1344 2065 1372 a.

312 1393 351 1431 d.
381 1394 442 1432 IV.
477 1395 578 1432 Non.
607 1394 772 1442 Quintil.
802 1395 895 1433 anni
922 1396 1007 1434 710.
1042 1396 1214 1434 Antonio
1249 1400 1288 1433 et
1313 1394 1523 1434 Dolabella
1555 1407 1661 1434 coss.
1693 1394 1868 1434 absolvit
1897 1394 1961 1444 (ad
1986 1396 2066 1434 ΑΜ..

311 1456 335 1494 l.
386 1456 468 1495 XV.
513 1468 577 1507 ep.
625 1457 685 1496 27.
718 1462 758 1495 et
790 1458 898 1506 XVI,
939 1458 1007 1507 2.).
1061 1458 1142 1496 Hos
1170 1457 1387 1496 Petrarclia
1415 1458 1475 1505 (in
1503 1457 1593 1496 libr.
1633 1456 1838 1508 epistolar.
1880 1456 2069 1496 senilium

311 1520 393 1558 XV.
437 1532 500 1571 ep.
547 1519 581 1558 1.
624 1518 676 1558 ad
714 1520 863 1559 Lucam
905 1520 956 1559 de
985 1522 1122 1560 Penna
1154 1519 1235 1559 dat.
1267 1520 1460 1571 Arquade
1490 1521 1536 1559 V.
1565 1520 1650 1559 Kal.
1680 1521 1802 1559 Maias
1832 1532 1865 1558 5.
1901 1520 1952 1569 a.)
1992 1518 2070 1558 sibi

311 1582 528 1633 contigisse
566 1582 727 1633 scribit,
758 1588 801 1622 nt
825 1582 1039 1623 Raimundi
1078 1584 1310 1635 Superantii
1349 1583 1551 1622 beneficio
1591 1588 1875 1634 cognosceret:
1921 1581 2070 1633 quibus

263 1645 428 1694 20visis‚
468 1646 620 1697 inquit,
662 1660 726 1685 me
763 1647 1006 1686 ditissimum
1045 1647 1271 1686 existimavi
1302 1670 1373 1685 ῃ.
1419 1647 1598 1697 (Quantas
1631 1650 1761 1684 habeat
1789 1649 2010 1693 definitiones
2038 1651 2070 1682 et

310 1711 590 1755 siqnificationes
616 1712 762 1758 ι(γίονὶα,
794 1716 824 1747 el
850 1713 1149 1757 philosophorum
1174 1713 1455 1747 innumerabiles
1481 1712 1579 1753 libri,
1611 1717 1642 1747 et
1672 1711 1852 1747 Ciceronis
1874 1711 1944 1745 duo
1968 1711 2070 1747 volu-

313 1774 429 1814 mina,
463 1785 555 1819 quae
582 1771 633 1810 de
658 1771 792 1811 Gloria
816 1776 959 1819 scripsit
985 1776 1122 1810 indicio
1148 1779 1241 1809 sunl.
1271 1773 1601 1824 Hieronymus
1622 1772 1847 1811 Comment.
1871 1771 1923 1810 ad
1938 1770 2067 1810 Galat.

312 1835 353 1872 L.
384 1835 488 1874 VIII.
518 1848 553 1873 c.
582 1837 619 1874 6.
649 1836 693 1876 T.
724 1836 808 1874 VII.
838 1849 876 1887 p.
907 1837 979 1875 518
1006 1835 1219 1885 Vallarsii.)
1273 1836 1353 1874 Eos
1397 1847 1494 1873 vero
1534 1834 1686 1874 Tullius
1723 1834 1815 1872 ideo
1851 1834 2069 1885 scripsisse

313 1897 482 1935 Patricio
525 1898 706 1947 videtur,
747 1904 791 1937 ut
818 1898 985 1948 gloriam
1016 1897 1254 1937 ostenderet
1282 1911 1373 1937 cum
1403 1898 1491 1937 aliis
1519 1897 1753 1936 mercedem
1784 1897 1942 1936 virtutis
1976 1908 2068 1935 esse

260 1960 551 2009 25maximam,
583 1966 667 1999 tum
695 1962 916 2012 praecipue
944 1974 1080 2000 rerum
1108 1961 1364 2013 publicarum
1392 1961 1647 2013 principibus
1676 1961 1717 1999 in
1748 1960 1917 1999 summis
1950 1959 2069 1998 bonis

312 2021 543 2061 habendam
584 2029 625 2062 et
663 2024 841 2063 omnium
883 2024 1010 2062 instar
1037 2024 1310 2076 praemiorum
1341 2022 1616 2075 expetendam
1644 2023 1787 2062 videri.
1844 2023 1945 2062 Nam
1978 2022 2068 2074 ipse

313 2084 478 2135 quidem
519 2098 643 2136 saepe
682 2085 781 2124 alias
814 2085 917 2124 hanc
951 2086 990 2124 in
1017 2086 1264 2125 sententiam
1296 2086 1347 2124 de
1376 2085 1502 2136 gloria
1524 2085 1716 2136 disputat.
1746 2084 1900 2124 Eadem
1916 2085 2000 2123 sere
2017 2084 2069 2123 de

314 2159 437 2186 causa
475 2149 642 2187 Beierus
685 2149 773 2187 istis
811 2149 851 2187 in
892 2148 1005 2187 libris
1045 2162 1125 2187 non
1152 2148 1266 2188 facile
1300 2149 1483 2199 potuisse
1516 2147 1649 2187 locum
1682 2147 1733 2186 de
1770 2146 2069 2186 contemnenda

313 2209 436 2259 gloria
468 2223 487 2249 a
518 2211 714 2250 Cicerone
743 2211 902 2250 silentio
936 2212 1145 2263 praeteriri
1181 2212 1425 2261 arbitratur,
1456 2211 1672 2262 aliquoties
1703 2215 1918 2250 tractatum
1953 2209 2070 2248 vide-

262 2271 428 2321 30licet‚
471 2278 513 2312 ut
551 2286 624 2324 pro
670 2274 787 2312 Arch.
832 2287 865 2313 c.
914 2275 967 2313 11,
999 2276 1117 2313 Tusc.
1154 2274 1177 2312 l.
1204 2277 1235 2313 I.
1269 2287 1302 2314 c.
1337 2275 1394 2314 15.
1451 2275 1595 2313 Nom.
1653 2273 1833 2323 (Falsum
1862 2272 1948 2311 scil.
1980 2277 2067 2315 est,

315 2334 423 2385 quod
462 2336 583 2374 tradit
616 2339 825 2377 Iannotius
863 2340 1061 2377 Manettns
1089 2338 1129 2376 in
1158 2339 1236 2377 vita
1265 2337 1506 2377 Petrarchae
1535 2337 1644 2389 apud
1671 2337 1811 2375 Mehus
1841 2337 1947 2385 (Vita
1979 2337 2070 2373 Am-

315 2401 428 2434 brosii
453 2400 618 2436 Travers.
650 2412 689 2450 p.
708 2400 917 2450 CCXVL),
950 2399 1076 2439 «duos
1104 2400 1193 2439 illos
1221 2400 1456 2451 praeclaros
1486 2400 1695 2439 Ciceronis
1719 2399 1768 2438 de
1797 2398 1930 2438 Gloria
1946 2398 2072 2438 libros

315 2462 353 2499 in
381 2465 562 2499 extremo
589 2463 672 2500 sere
693 2463 933 2501 Germaniae
962 2462 1107 2513 angulo
1137 2462 1351 2502 abstrusos
1380 2468 1473 2513 post
1493 2462 1641 2501 multos
1662 2460 1886 2512 quaerendi
1906 2460 2071 2500 labores

315 2522 477 2561 demum
493 2524 756 2563 inveniensin
771 2524 903 2563 lucem
919 2525 1061 2574 eruit‚›>
1082 2530 1158 2563 cet.
1178 2525 1224 2563 cf.
1242 2524 1381 2562 Melius
1397 2525 1437 2562 in
1455 2524 1589 2563 indice
1606 2537 1644 2575 p.
1665 2524 1901 2563 CCCCLXl.
1924 2525 1964 2563 P.
1985 2525 2070 2563 Ma-

263 2596 299 2625 35
315 2586 452 2624 nutius
481 2592 519 2625 et
546 2587 588 2625 P.
608 2586 746 2625 Jovius
764 2588 958 2638 suspicati
975 2592 1082 2633 sunt,
1103 2588 1264 2625 Petrum
1288 2586 1540 2637 Alcyonium⁷
1566 2592 1782 2637 postquam
1801 2586 1924 2625 multa
1945 2598 1995 2625 ex
2010 2586 2070 2624 bis

315 2648 426 2687 libris
446 2649 484 2688 in
503 2661 595 2687 eum
611 2679 618 2698 ⁷
637 2661 759 2699 quem
781 2649 831 2687 de
852 2650 992 2687 exsilio
1013 2650 1189 2699 scripsit,
1212 2649 1342 2687 furtim
1363 2648 1628 2697 transtulerit,
1650 2661 1795 2695 unum,
1819 2648 1929 2700 quod
1950 2650 2069 2687 etiam

316 2716 410 2749 tnnc
450 2718 681 2751 remaneret
721 2712 931 2763 exemplar
971 2710 1165 2750 Bernardi
1201 2711 1292 2749 olim
1335 2712 1572 2756 Iustiniani,
1613 2711 1786 2750 flammis
1833 2710 2067 2750 tradidisse.

316 2773 524 2813 Refutasse
552 2774 694 2812 dicitur
725 2774 856 2813 fictam
887 2775 988 2813 lianc
1016 2773 1190 2812 fabulam
1222 2774 1504 2812 Menckenius:
1537 2774 1651 2812 cuius
1679 2786 1817 2812 curam
1842 2786 1923 2812 non
1942 2773 2069 2823 magis

316 2835 395 2872 vidi
433 2848 553 2886 quani
581 2838 709 2888 ipsius
737 2837 915 2888 Alcyonii
944 2837 1105 2875 librum.
1162 2836 1242 2874 Sed
1273 2837 1422 2887 optime
1461 2837 1548 2875 eius
1589 2836 1855 2887 patrocinium
1889 2837 2071 2888 suscepit

266 2897 599 2937 to'siraboscliius
639 2900 761 2937 Storv‘a
788 2903 882 2937 della
909 2903 980 2937 len.
1014 2901 1097 2936 Ιιαι,
1130 2901 1197 2935 Ed.
1227 2903 1264 2935 di
1292 2900 1432 2937 Milano
1461 2898 1544 2936 Vol.
1578 2901 1606 2935 1.
1638 2911 1678 2949 p.
1708 2899 1822 2947 4⁸33&
1852 2898 1961 2937 unde
1993 2911 2069 2950 ap—

316 2966 434 3010 paret
467 2973 597 3010 aeque
625 2963 880 3001 innocentem
911 2975 1004 3001 esse
1032 2962 1267 3013 Alcyonium
1299 2975 1346 3000 ac
1374 2962 1616 3011 Goslicium,
1656 2962 1719 2999 cui
1748 2960 1878 3000 simile
1916 2961 2069 2999 crimen

317 3022 469 3060 illatum
499 3029 560 3061 est
587 3036 609 3062 a
637 3025 802 3063 mirifico
830 3024 921 3074 illo,
951 3037 1072 3075 quem
1102 3036 1244 3062 omncs
1273 3025 1483 3073 novimus,
1518 3023 1750 3075 professo-re
1791 3023 2066 3062 Cracoviensi.

318 3086 373 3121 De
415 3084 557 3122 Osorio
598 3098 767 3135 prorsus
812 3086 907 3125 1111111
934 3086 1025 3125 mali
1056 3085 1371 3137 suspicandum3
1418 3092 1504 3125 erat
1530 3087 1590 3124 vir
1630 3084 1870 3135 religiosus,
1917 3085 2068 3124 fraudis

319 3158 481 3196 expers.
512 3146 570 3185 Cf.
601 3147 791 3186 Friderici
821 3148 1059 3187 Sclmeideri
1085 3147 1336 3187 Meletemata
1366 3148 1405 3186 in
1440 3148 1648 3187 Ciceronis
1682 3148 1733 3186 de
1769 3147 1901 3186 Gloria
1941 3147 2066 3186 libros

267 3208 356 3250 45in
393 3208 701 3247 Zimmermanni
742 3211 965 3250 Zeitschrist
1011 3212 1071 3249 fu'r
1109 3210 1647 3250 Alterthumswissenschast
1687 3211 1792 3250 1839.
1828 3211 1864 3248 3.
1893 3209 1993 3248 Hest.
2023 3222 2063 3261 p.

319 3271 402 3309 219.
435 3270 525 3319 On.)
