2249 3624
323 142 405 184 ⁶230
760 143 1190 184 TUSCULANARUM
1219 143 1657 186 DISPUTATIONUM

326 250 426 290 mihi
465 264 540 304 per
577 255 617 290 te
659 250 719 290 uti
758 249 930 289 licebit?
980 251 1073 289 Non
1104 248 1214 288 valet
1253 253 1412 289 tantum
1443 249 1630 298 animus,
1669 255 1715 290 ut
1745 263 1789 290 se
1820 251 1909 304 ipse
1939 251 2096 292 videat:

326 318 368 352 at
407 318 451 352 ut
489 313 656 361 oculus,
696 312 756 352 sic
795 312 958 351 animus
997 325 1041 351 se
1081 325 1166 351 non
1196 311 1343 351 videns
1374 312 1455 352 alia
1486 312 1631 351 cernit.
1677 314 1771 351 Non
1802 312 1917 353 videt
1947 319 2098 361 autem,

326 376 439 428 quod
471 376 687 415 minimum
719 379 800 421 est,
831 374 1007 414 formam
1040 388 1158 414 suam
1179 397 1232 402 —-
1255 387 1508 428 quamquam
1540 373 1718 413 fortasse
1739 375 1781 413 id
1805 388 1995 428 quoque,
2027 375 2097 415 sed

326 438 612 490 relinquamus
635 452 711 476 —2
743 437 824 476 vim
857 442 992 484 certe,
1025 437 1311 489 sagacitatem,
1343 436 1608 482 memoriam,
1639 441 1811 484 motum,
1844 436 2098 477 celeritatem

294 500 451 541 5videt.
493 501 606 539 Haec
638 513 805 552 magna,
835 500 940 539 haec
971 499 1131 545 divina,
1167 498 1270 538 haec
1302 500 1556 551 sempiterna
1587 503 1694 537 sunt.
1747 498 1840 547 Qua
1870 498 1976 539 facie
2008 500 2100 553 qui-

327 562 420 601 dem
453 563 505 601 sit
535 567 605 601 aut
635 561 706 601 ubi
738 562 898 602 habitet
926 575 978 601 ne
1011 562 1298 615 quaerendum
1330 561 1501 614 quidem
1534 564 1608 598 est.

438 625 628 663 XXVIII.
660 623 727 664 68.
768 625 819 665 Ut
860 638 953 664 cum
985 624 1174 663 videmus
1214 624 1396 676 speciem
1429 622 1610 675 primum
1640 622 1950 676 candoremque
1983 623 2099 671 caeli,

326 686 420 725 dein
462 686 750 726 conversionis
792 686 1046 726 celeritatem
1090 691 1263 732 tantam,
1302 691 1500 738 quantam
1533 683 1715 735 cogitare
1746 698 1829 724 non
1862 698 2100 738 possumus,

326 754 411 787 tum
445 747 752 787 vicissitudines
784 748 946 787 dierum
979 761 1025 787 ac
1054 749 1239 788 noctium
1272 746 1704 798 commutationesque
1736 752 1975 799 temporum
1998 761 2101 801 qua-

277 809 579 862 iodrupertitas
611 810 662 848 ad
695 811 973 848 maturitatem
1006 809 1170 863 frugum
1204 815 1244 848 et
1274 809 1326 848 ad
1353 809 1702 861 temperationem
1725 823 1946 862 corporum
1969 815 2101 862 aptaS,

327 884 561 924 eorumque
601 872 783 911 omnium
825 873 1132 912 moderatorem
1164 877 1203 911 et
1234 872 1379 911 ducem
1414 872 1564 918 solem,
1603 871 1830 924 lunamque
1863 872 2101 911 accretione

326 940 366 973 et
407 933 693 973 deminutione
735 934 902 974 luminis
944 935 1063 988 quasi
1104 935 1306 974 fastorum
1347 940 1558 973 notantem
1592 940 1633 972 et
1664 932 1966 987 significantem
1998 934 2102 980 dies,

325 1003 410 1036 tum
443 996 485 1034 in
523 996 671 1036 eodem
703 997 802 1036 orbe
834 997 876 1037 in
908 998 1129 1037 duodecim
1162 1004 1300 1050 partes
1333 997 1554 1036 distributo
1591 996 1781 1049 quinque
1813 996 1954 1036 stellas
1986 995 2101 1044 ferri,

326 1060 496 1100 eosdem
540 1072 685 1098 cursus
731 1060 1066 1099 constantissime
1107 1060 1330 1105 servantis,
1379 1058 1612 1111 disparibus
1665 1058 1774 1097 inter
1816 1072 1860 1098 se
1909 1060 2101 1106 motibus,

277 1127 659 1173 ⁴5nocturnamque
705 1122 809 1161 caeli
854 1121 1028 1161 formam
1067 1121 1257 1174 undique
1300 1121 1506 1161 sideribus
1546 1125 1756 1167 ornatam,
1802 1127 1889 1161 tum
1933 1121 2100 1173 globum

326 1191 461 1225 terrae
493 1185 745 1223 eminentem
779 1197 800 1223 e
831 1184 954 1231 mari,
992 1183 1121 1223 fixum
1155 1184 1198 1222 in
1229 1184 1368 1223 medio
1403 1182 1546 1222 mundi
1577 1182 1762 1222 universi
1794 1183 1906 1230 loco,
1940 1183 2102 1222 duabus

327 1248 412 1287 oris
445 1246 695 1287 distantibus
726 1247 997 1287 habitabilem
1031 1252 1071 1286 et
1102 1246 1278 1292 cultum,
1322 1259 1498 1299 quarum
1532 1245 1684 1291 altera,
1722 1258 1849 1298 quam
1880 1258 1957 1285 nos
1988 1245 2104 1285 inco-

326 1311 471 1357 limus,

499 1369 599 1411 Sub
631 1385 724 1412 axe
755 1373 932 1425 posita
963 1371 1023 1411 ad
1055 1370 1239 1411 stellas
1273 1376 1488 1423 septem,
1519 1368 1654 1409 unde
1685 1369 1927 1409 horrifer

276 1445 312 1474 20
496 1434 786 1488 Aquilonis
818 1434 1022 1473 stridor
1052 1433 1260 1486 gelidas
1292 1433 1707 1479 moliturnives,

325 1498 457 1539 altera
487 1497 704 1543 australis,
737 1495 879 1549 ignota
910 1496 1052 1543 nobis,
1086 1510 1210 1549 quam
1245 1502 1395 1536 vocant
1427 1497 1573 1536 Graeci
1604 1497 1863 1545 ἀντίχθονα,
1895 1493 1961 1534 69.
1995 1502 2104 1536 cete-

325 1575 391 1600 ras
423 1559 553 1613 partis
585 1559 787 1606 incultas,
820 1558 936 1612 quod
967 1565 1038 1598 aut
1070 1557 1226 1611 frigore
1258 1560 1421 1609 rigeant
1451 1564 1523 1598 aut
1555 1564 1727 1597 urantur
1752 1558 1911 1598 calore:
1943 1559 2009 1598 hic
2031 1572 2104 1598 au-

326 1629 429 1671 tem,
460 1623 532 1662 ubi
563 1622 818 1668 habitamus,
850 1635 935 1661 non
966 1622 1204 1661 intermittit
1236 1636 1310 1661 suo
1343 1628 1530 1674 tempore

580 1683 798 1724 Caelum
831 1684 1130 1731 nitescere,
1163 1685 1385 1723 arbores
1416 1683 1798 1730 frondescere,

276 1758 311 1787 25
580 1747 728 1785 Vites
759 1745 1045 1786 laetificae
1078 1747 1330 1799 pampinis
1363 1747 1664 1799 pubescere,

578 1809 724 1848 Rami
756 1809 1001 1848 bacarum
1033 1810 1277 1849 ubertate
1308 1809 1716 1855 incurvescere,

579 1873 797 1923 Segetes
830 1871 1018 1924 largiri
1050 1872 1247 1923 fruges,
1280 1871 1476 1910 florere
1509 1872 1702 1919 omnia,

578 1935 765 1973 Fontes
799 1940 1021 1981 scatere,
1054 1935 1231 1974 herbis
1264 1940 1414 1987 prata
1444 1935 1844 1974 convestirier:

327 2004 410 2037 tum
445 1997 756 2036 multitudinem
790 1997 994 2050 pecudum
1021 1999 1172 2051 partim
1195 1998 1246 2036 ad
1271 1997 1547 2043 vescendum,
1580 1997 1729 2050 partim
1753 1997 1801 2035 ad
1826 1998 1962 2037 cultus
1985 2010 2104 2050 agro·

274 2070 310 2098 30
325 2075 438 2107 rum,
481 2060 630 2112 partim
663 2059 712 2099 ad
747 2060 1005 2106 vehendum,
1044 2061 1192 2112 partim
1232 2058 1280 2099 ad
1314 2072 1489 2112 corpora
1524 2060 1758 2106 vestienda,
1801 2060 2101 2113 hominemque

325 2126 460 2177 ipsum
505 2123 625 2175 quasi
667 2116 1041 2175 contemplatorem
1082 2123 1185 2162 caeli
1227 2136 1272 2161 ac
1310 2122 1481 2161 deorum
1526 2122 1732 2161 cultorem
1764 2128 1890 2175 atque
1923 2123 2101 2162 bominis

327 2186 495 2225 utilitati
526 2198 647 2237 agros
680 2186 815 2224 omnis
849 2191 888 2224 et
920 2186 1050 2223 maria
1083 2185 1269 2237 parentia
1302 2196 1374 2220 ——:
1408 2183 1473 2223 70,
1507 2186 1607 2224 haec
1639 2185 1765 2237 igitur
1797 2192 1835 2224 et
1867 2186 1947 2225 alia
1980 2187 2101 2225 innu-

327 2246 544 2288 merabilia
584 2261 677 2287 cum
716 2248 942 2294 cernimus,
984 2260 1261 2300 possumusne
1302 2247 1493 2286 dubitare
1533 2248 1636 2301 quin
1679 2248 1730 2286 iis
1763 2247 1918 2301 praesit
1948 2247 2102 2300 aliquis

413 2423 441 2452 ’1.
468 2430 501 2451 se
532 2421 597 2460 ipse
620 2421 799 2451 Davisius:
831 2430 863 2450 se
888 2422 994 2458 ipsu-m
1017 2421 1086 2458 ipse.
1111 2419 1155 2451 C:
1185 2428 1250 2450 sese
1280 2421 1346 2458 ipsc
1370 2420 1394 2449 Ο
1423 2437 1455 2440 Η
1486 2421 1503 2451 3
1544 2428 1748 2458 quamquam
1771 2420 1909 2459 forfasse
1933 2420 2098 2452 XVoltius:

322 2473 461 2512 forfasse
485 2479 688 2510 quamquam
714 2472 736 2501 C
754 2470 790 2500 O.
828 2469 956 2506 «Vulgo
983 2470 1107 2509 legitur
1130 2471 1271 2508 forlwse
1290 2471 1436 2505 (animus
1456 2470 1548 2500 videt
1574 2470 1722 2501 soi—niam
1741 2474 1872 2508 suanm:
1900 2479 2103 2509 qimmquam

325 2523 356 2552 id
382 2522 538 2555 [toi-man]
565 2522 675 2558 suam)
703 2530 830 2559 (letoque
856 2523 1005 2559 <animus
1030 2520 1154 2558 xidet3:
1182 2523 1235 2550 secl
1258 2521 1504 2558 relinquamus:
1530 2521 1627 2559 quasi
1649 2521 1782 2553 Cicero,
1803 2521 1896 2560 quod
1916 2522 1988 2561 ipse
2008 2522 2102 2560 prius

325 2570 526 2601 dubitanter
559 2570 718 2605 dixisset,
753 2570 848 2600 idem
884 2571 1048 2601 continuo
1074 2572 1248 2601 at'tirmare
1275 2571 1445 2610 potuerit:
1480 2579 1521 2600 ex
1548 2569 1659 2600 Wolfii
1687 2572 1886 2601 coniectura
1913 2570 2100 2609 legendum

325 2621 393 2651 est:
429 2628 632 2659 quamquam
660 2620 801 2658 fortasse
831 2620 863 2650 td
897 2629 1044 2658 quoquc:
1077 2621 1130 2650 sed
1156 2621 1220 2650 cet.
1257 2619 1306 2650 Cf.
1335 2619 1352 2658 g
1378 2620 1429 2649 90,
1459 2620 1512 2655 ΚΗ,
1547 2620 1591 2649 13.
1622 2620 1679 2650 018:
1717 2621 1773 2650 etsi
1798 2621 1858 2650 eri!
1883 2621 1940 2650 lio(-
1962 2622 2102 2659 forfasse

324 2670 460 2699 durius:
484 2670 538 2699 sed
561 2672 759 2707 temptemus.
790 2669 885 2700 Ot'tic.
914 2670 970 2706 ΙΙΙ,
998 2670 1073 2700 39.»
1101 2671 1152 2700 W.
1181 2687 1222 2691 —
1248 2669 1277 2700 si.
1304 2670 1437 2699 modum
1463 2678 1639 2709 superscr.
1667 2673 1678 2699 l
1702 2670 1766 2700 ead
1808 2678 1852 2700 111.
1882 2671 1906 2700 G
1934 2687 1968 2691 —
1995 2675 2102 2700 nictus

324 2720 521 2750 celeritatem
545 2719 691 2758 Bentley
717 2718 791 2749 coll.
820 2718 908 2758 370.
934 2737 966 2741 —
995 2719 1024 2749 S.
1053 2720 1164 2750 deinde
1182 2720 1206 2750 Ο
1228 2736 1259 2741 -—
1290 2722 1321 2750 9.
1349 2721 1617 2758 quadripartitos
1641 2720 1665 2750 O
1686 2737 1719 2740 —
1750 2720 1800 2750 40.
1828 2720 2102 2757 eenzperalir>ozu7n

326 2770 389 2799 GR
417 2785 450 2789 —
480 2769 529 2798 42.
558 2769 772 2799 diminutione
796 2770 819 2799 B
847 2786 880 2789 —
909 2771 1076 2799 notanlem
1100 2773 1128 2799 el
1151 2770 1388 2809 siynifz'cantcm
1414 2770 1457 2800 C:
1491 2770 1574 2799 nolis
1597 2770 1782 2808 signantem
1809 2770 1844 2799 Ο.
1884 2768 2101 2808 “Tregderus

325 2821 444 2850 notam
477 2819 709 2859 corruptionis
744 2821 839 2858 (ante
873 2819 1052 2856 notantem)
1089 2818 1216 2849 nollem
1249 2819 1452 2850 addidisset.
1495 2819 1582 2856 Quid
1615 2820 1707 2850 enirn
1733 2819 1907 2849 ot'fendit‘.7
1944 2820 2100 2850 Duorum

325 2877 606 2908 synonymorum
638 2868 818 2907 (notantem
843 2870 877 2898 et
906 2868 1156 2908 significantem]
1191 2870 1414 2899 coniunctio?
1447 2868 1630 2900 Praecedit
1655 2869 1895 2898 moderatorem
1921 2872 1948 2898 et
1973 2869 2097 2899 ducem.

325 2922 375 2950 An
405 2919 568 2958 faslorum
598 2919 689 2948 dies?
725 2918 773 2949 Cf.
809 2919 915 2948 diem
945 2918 1061 2957 festum
1085 2919 1121 2948 de
1145 2918 1270 2957 fastis
1300 2919 1366 2949 suis
1398 2919 1508 2948 tollere
1534 2918 1643 2956 (cic),
1676 2919 1812 2957 signata
1836 2922 1984 2957 tempora
2006 2919 2101 2958 fastis

325 2969 344 2999 i.
373 2977 406 3007 q.
435 2970 591 3008 tempora
618 2968 788 2999 fastorum
814 2968 922 3006 (ovid.
952 2970 982 2999 F.
1011 2969 1050 3003 ΙΙ,
1079 2968 1121 3006 7).
1159 2970 1210 2999 An
1234 2969 1416 3007 fastorum,
1444 2969 1476 2999 in
1503 2977 1572 3008 quo
1592 2969 1862 3008 comparationis
1881 2970 1931 3000 vis
1948 2970 2011 3000 sita
2032 2972 2096 3005 est.

324 3028 341 3049 a
368 3019 434 3048 dies
458 3018 507 3048 sic
532 3017 750 3049 diiunctum?
776 3018 838 3049 Vid
878 3018 1014 3058 Madvig
1039 3017 1056 3056 g
1082 3017 1156 3053 467,
1184 3028 1213 3048 c.
1241 3017 1408 3049 Klotzium
1433 3018 1567 3049 luminis
1592 3019 1685 3056 quasi
1709 3019 1872 3057 fastorum
1896 3020 2098 3058 iungentem

325 3068 439 3099 ridere
465 3066 577 3098 licet.»
603 3068 657 3098 W.
689 3086 721 3090 —
756 3069 808 3098 115.
835 3072 1063 3106 noctnrmzque
1092 3068 1154 3097 GR
1194 3086 1226 3089 —
1261 3068 1310 3098 0¹6.
1339 3068 1465 3098 (luobus
1494 3077 1584 3098 corr.
1613 3067 1690 3098 ead.
1719 3077 1765 3099 m.
1794 3078 1833 3098 ex
1860 3069 1983 3099 duobus
2008 3070 2032 3100 R
2061 3085 2094 3090 —

326 3119 377 3149 0¹7.
403 3118 525 3148 cultam
550 3117 573 3148 C
604 3136 637 3139 —
666 3117 705 3148 49
745 3118 798 3147 ubi
820 3118 964 3158 horrifer
987 3118 1155 3155 aequisoni
1179 3118 1301 3147 sfria'm'
1324 3128 1355 3157 gy.
1383 3127 1425 3148 m.
1455 3119 1543 3148 nives
1568 3127 1608 3148 ex
1634 3119 1726 3148 Accii
1753 3117 1941 3149 Philocteta
1968 3119 2098 3150 Nonius

325 3178 357 3209 p.
385 3167 458 3198 346.
489 3185 522 3188 —
553 3167 603 3197 21.
630 3175 826 3203 antixoona
852 3169 894 3203 B;
927 3168 1114 3198 amisa-oona
1137 3168 1162 3197 G
1179 3168 1198 3197 lt
1228 3185 1267 3189 a
1295 3168 1347 3198 25.
1374 3167 1555 3207 laetificare
1579 3170 1603 3199 R
1633 3184 1666 3189 —
1695 3169 1747 3199 ε26.
1776 3167 1936 3199 bacarum
1960 3168 2096 3208 (bacca-

324 3226 400 3247 rum
418 3215 495 3247 cod.
516 3215 713 3255 Bamberg.)
732 3216 912 3247 ubertatem
935 3217 1155 3247 incurviscere
1179 3217 1308 3247 Nonius
1335 3226 1366 3257 p.
1389 3218 1461 3248 ⁴¹22.
1488 3235 1517 3239 —
1540 3218 1591 3248 31.
1613 3219 1748 3249 deorum
1766 3218 1933 3249 Bouhier:
1961 3218 2097 3248 deorum

324 3275 437 3300 eorum
460 3266 514 3307 (ex
537 3265 781 3306 geminatione)
808 3267 831 3296 G
846 3266 891 3303 R3
925 3267 1060 3298 deorum
1082 3275 1258 3305 eorumque
1282 3267 1326 3303 133
1353 3267 1489 3298 deorum
1514 3268 1724 3307 ipsorumque
1747 3267 1772 3298 Ο
1798 3284 1832 3289 -
1861 3266 1913 3298 33.
1940 3266 1990 3298 his
2014 3267 2037 3298 C
2053 3267 2091 3298 O.
