2249 3624
920 245 1258 288 FRAGMENTA.
1880 243 1961 285 943

217 356 306 392 lium
329 353 513 400 publicum
540 351 679 391 habuit,
708 361 757 386 an
783 352 960 387 rationem
982 351 1159 387 Cate'linae
1186 353 1315 387 habere
1340 351 1491 395 deberet,
1520 353 1552 385 si
1570 356 1698 397 peteret
1717 351 1956 388 consulatum.

214 429 300 454 nam
327 416 565 462 quaerebatur
591 415 882 459 repetundarum.
941 413 1099 450 Catilina
1126 416 1169 450 ob
1197 426 1275 450 eain
1303 425 1451 450 causam
1478 415 1611 449 destitit
1639 427 1661 449 a
1686 416 1869 460 petitione.

312 479 346 516 A
372 474 628 515 senatoribus
640 474 660 525 ’2
689 476 757 525 qui
786 481 824 513 te
853 476 1090 514 auctoritate
1119 488 1207 524 sua,
1238 474 1452 526 spoliatum
1481 476 1729 514 ornamentis
1757 475 1960 524 omnibus,

213 542 390 580 vinctum
418 549 549 590 paene
577 538 775 576 Africanis
803 537 1032 576 oratoribus
1061 538 1329 578 tradiderunt.

312 605 480 641 Diximus
508 604 612 638 modo
640 604 681 638 cle
706 604 783 638 lioc.
839 602 934 638 Nam
963 604 1136 638 iudicium
1171 616 1308 649 quoque
1334 609 1490 639 secutum
1515 605 1811 649 repetundarum,
1843 614 1866 637 a
1894 611 1994 647 ‹11105

213 670 286 715 ipse
312 679 375 714 per
402 669 595 711 infamiam
623 667 796 702 liberatus
823 672 872 702 cst
902 666 1073 711 Catilina,
1102 669 1162 703 sed
1190 669 1255 712 ita,
1286 673 1324 703 ut
1350 679 1429 703 eum
1456 673 1660 703 senatorum
1688 678 1783 702 urna
1811 668 1964 701 damna-

212 736 276 774 ret,
309 732 466 776 equitum
494 735 525 764 et
552 731 780 764 tribunorum
808 731 1018 765 absolveret.

309 791 371 830 Ab
401 792 580 842 equestri
610 790 767 840 ordine,
797 803 918 842 quem
949 791 1183 829 trucidasti?

311 856 481 901 Equester
508 857 596 891 ordo
623 866 690 901 pro
720 855 892 891 Cinnanis
917 857 1083 901 partibus
1110 861 1236 891 contra
1263 855 1403 891 Sullam
1429 861 1593 900 steterat,
1631 857 1832 901 multasque
1858 866 1966 901 pecu-

212 920 293 955 nias
321 919 566 954 abstulerant:
602 929 646 953 ea:
672 929 741 964 quo
769 920 965 954 saecularii
991 924 1094 954 erant
1122 920 1314 965 appellati:
1346 921 1518 965 multique
1545 920 1587 953 ob
1607 921 1681 954 eius
1707 921 1760 954 rei
1787 920 1966 954 invidiam
1985 923 2015 952 10

211 987 290 1029 post
318 980 509 1017 Sullanam
535 983 726 1016 victoriam
754 987 857 1016 erant
884 983 1073 1026 interfecti.

314 1044 346 1080 Α
373 1041 522 1093 plebe?
550 1042 613 1080 cui
641 1041 920 1093 spectaculum
949 1042 1036 1080 eius
1064 1040 1171 1080 modi
1200 1047 1267 1081 tua
1297 1041 1513 1081 crudelitas
1540 1043 1744 1093 praebuit,
1777 1048 1822 1082 ut
1847 1055 1966 1081 nemo

216 1105 302 1144 sine
329 1104 482 1155 gemitu
510 1117 556 1143 ae
584 1103 865 1143 recordatione
892 1104 1026 1144 luctus
1054 1104 1239 1156 aspicere
1268 1105 1409 1156 possit.

314 1170 482 1205 Eiusdem
508 1171 608 1204 ‘illius
637 1170 752 1206 Marii
782 1168 994 1206 Gratidiani
1021 1172 1116 1216 quod
1144 1176 1249 1216 caput
1286 1172 1455 1217 qestarit,
1487 1171 1607 1206 obicit.
1666 1169 1744 1214 Quo
1777 1171 1853 1206 loco
1880 1171 1968 1205 dicit

218 1230 413 1268 Catilinam
440 1237 544 1277 caput
572 1232 623 1268 M.
655 1232 773 1269 Marii
799 1238 970 1278 qestasse:
1983 1236 2017 1264 ⁴5

315 1292 432 1340 Quod
460 1299 583 1344 caput
610 1294 730 1333 etiam
758 1300 842 1333 tum
871 1294 1035 1346 plenum
1065 1295 1223 1333 animae
1252 1299 1292 1332 et
1318 1295 1484 1345 spiritus
1503 1293 1555 1333 ad
1575 1294 1727 1334 Sullam
1756 1305 1887 1344 usque
1915 1292 1966 1332 ab

217 1354 392 1394 Ianiculo
421 1355 472 1394 ad
499 1355 643 1394 aedem
671 1355 869 1406 Apollinis
899 1356 1086 1395 manibus
1114 1357 1202 1407 ipse
1232 1358 1316 1395 suis
1344 1356 1500 1395 detulit.

319 1417 453 1456 Omnia
478 1425 559 1455 sunt
587 1422 790 1464 manifesta.
832 1421 884 1456 Ne
912 1427 1029 1456 tamen
1058 1423 1195 1468 erretis,
1225 1423 1320 1466 quod
1346 1422 1400 1456 his
1429 1422 1646 1467 temporibus
1673 1422 1775 1456 aedes
1790 1419 1969 1466 Apollinis

217 1483 255 1517 in
273 1481 418 1517 Palatio
446 1484 491 1518 sit
520 1483 761 1527 nobilissima,
792 1485 1010 1519 admonendi
1036 1485 1130 1525 estis,
1161 1495 1233 1519 non
1260 1486 1352 1519 lianc
1371 1496 1393 1519 a
1415 1483 1578 1519 Cicerone
1596 1485 1810 1530 siynificari‚
1835 1488 1970 1529 utpote

218 1555 327 1590 quam
353 1550 432 1591 post
460 1551 608 1581 mortem
635 1548 744 1581 etiam
774 1546 951 1582 Ciceronis
978 1548 1100 1582 multis
1128 1549 1233 1582 annis
1262 1549 1457 1592 imperator
1487 1547 1630 1592 Caesar,
1660 1559 1762 1593 quem
1791 1558 1884 1582 nunc
1910 1548 1970 1581 di·
1984 1549 2020 1577 20

218 1615 301 1640 vum
329 1605 526 1651 Auqustum
553 1608 723 1647 dicimus,
767 1613 845 1652 post
872 1608 1058 1642 Actiacam
1085 1608 1276 1642 victoriam
1311 1608 1449 1651 fecerit,
1491 1609 1551 1643 sed
1584 1609 1687 1644 illam
1714 1611 1966 1650 demonstrari,

218 1678 310 1712 quae
337 1674 385 1703 est
413 1674 518 1704 extra
542 1674 688 1714 portam
718 1669 994 1709 Carmentalem,
1026 1671 1119 1704 inter
1146 1672 1266 1714 forum
1292 1670 1483 1705 Olitorium
1510 1676 1541 1706 et
1567 1674 1701 1708 circum
1730 1674 1968 1709 Flaminium.

218 1729 275 1766 Ea
300 1732 394 1766 enim
420 1732 499 1766 sola
527 1737 600 1767 tum
627 1734 768 1767 demum
796 1733 928 1768 Romae
955 1733 1134 1778 Apollinis
1161 1734 1276 1770 aedes,

321 1791 425 1838 Quid
455 1797 496 1830 tu
525 1797 641 1842 potes
669 1793 709 1831 in
738 1791 974 1831 defensione
1004 1799 1070 1832 tua
1097 1792 1248 1843 dicere,
1279 1793 1390 1846 quod
1416 1794 1567 1834 illinon
1586 1795 1791 1835 dixerint?
1820 1797 1846 1846 η’·
1866 1808 1971 1847 quae

220 1853 291 1893 tibi
319 1853 455 1892 dicere
481 1867 563 1893 non
589 1854 728 1893 licebit
755 1878 800 1883 —
1986 1868 2022 1897 25

223 1924 254 1954 et
278 1920 390 1965 paulo
415 1924 520 1964 post:

320 1980 505 2030 Denique
533 1978 586 2017 illi
616 1991 766 2030 negare
794 1986 1014 2031 potuerunt
1042 1986 1081 2019 et
1100 1986 1374 2031 negaverunt:
1406 1987 1449 2021 tu
1477 1982 1548 2021 tibi
1576 1995 1628 2022 ne
1656 1983 1851 2022 infitiandi
1881 1984 1973 2034 qui-

222 2040 316 2080 dem
354 2041 632 2092 impudentiae
671 2042 806 2081 locum
842 2043 1052 2094 reliquisti.
1117 2044 1250 2090 Quare
1279 2043 1487 2094 praeclara
1516 2044 1704 2084 dicentur
1730 2046 1878 2085 iudicia
1906 2052 1974 2085 tu-

220 2103 340 2154 lisse,
377 2104 430 2153 si,
467 2105 535 2155 qui
575 2105 814 2144 infitiantem
854 2105 1044 2146 Luscium
1083 2105 1430 2156 condemnarunt,
1473 2106 1685 2147 Catilinam
1725 2108 1976 2148 absolverint

223 2167 496 2205 confitentem.
1988 2181 2025 2211 30

323 2231 407 2276 Hic,
438 2242 540 2277 quem
567 2233 745 2277 nom-inat,
784 2232 825 2268 L.
857 2232 1026 2273 Luscius,
1069 2238 1172 2269 notus
1200 2236 1358 2269 centurio
1389 2233 1560 2271 Sullanus
1588 2237 1752 2282 dicesque
1779 2248 1795 2272 e
1821 2237 1976 2272 victoria

223 2295 339 2339 factus
366 2294 471 2341 (nam
497 2293 654 2337 amplius
681 2293 807 2328 centies
834 2293 1080 2339 possederat),
1112 2295 1306 2329 darnnatus
1333 2299 1410 2330 erat
1436 2306 1507 2330 non
1536 2296 1646 2331 multo
1674 2301 1755 2331 ante
1782 2307 1891 2341 quam
1921 2295 1976 2331 Ci-

225 2368 302 2393 cero
321 2358 429 2392 dioeit.
479 2354 647 2392 Obiectae
666 2361 746 2391 sunt
765 2357 797 2391 ei
817 2361 885 2391 tres
914 2359 1035 2392 caedes
1060 2359 1359 2402 proscriptorum.
1406 2358 1510 2394 Circa
1527 2361 1664 2395 eosdem
1683 2362 1757 2395 dies
1777 2360 1817 2395 L.
1840 2371 1977 2405 quoque

225 2419 404 2455 Bellienus
422 2421 616 2454 damnatus
643 2423 704 2459 est,
739 2430 840 2464 quem
863 2419 981 2455 Cicero
1011 2422 1062 2455 ait
1090 2422 1306 2456 avunculum
1333 2433 1403 2457 csse
1428 2421 1618 2458 Catilinae.
1672 2423 1743 2459 Ilic
1770 2429 1888 2458 autem
1907 2423 1978 2458 Lu-

227 2484 375 2519 cretium
404 2480 574 2527 Ofellam,
606 2483 831 2518 consulatum
858 2489 984 2519 contra
1009 2485 1229 2520 voluntatem
1258 2483 1380 2520 Sullae
1408 2487 1455 2520 ad
1482 2487 1699 2521 turbandum
1729 2491 1861 2522 statum
1889 2488 1977 2522 civi-
1991 2495 2028 2524 35

227 2548 311 2581 tatis
346 2550 539 2591 petentem,
582 2547 761 2581 occiderat
798 2548 897 2582 iussu
937 2546 1060 2583 Sullae
1091 2553 1172 2583 tunc
1207 2549 1408 2584 dictatoris.
1473 2549 1541 2584 His
1570 2561 1652 2595 erqo
1684 2555 1790 2595 neqat
1818 2551 1978 2595 iynotum

227 2620 320 2653 esse,
350 2620 430 2645 cum
456 2610 565 2644 etiam
591 2610 776 2654 imperitos
803 2621 838 2644 se
865 2611 1024 2646 homines
1052 2623 1123 2647 esse
1149 2616 1199 2652 et,
1233 2613 1265 2646 si
1292 2623 1394 2658 quem
1423 2614 1531 2648 etiam
1563 2614 1835 2656 interfecissent,
1868 2614 1978 2658 impe-

226 2673 345 2707 ratori
383 2683 424 2707 ac
459 2673 630 2707 dictatori
660 2673 825 2716 paruisse
860 2674 1037 2718 dicerent,
1068 2686 1110 2710 ac
1146 2680 1314 2721 neyarent
1342 2686 1500 2720 quoque:
1542 2675 1737 2711 Catilinam
1772 2686 1854 2711 vero
1891 2677 1979 2720 ‘infi-

229 2735 318 2770 tiari
353 2745 425 2769 non
457 2745 571 2780 posse.
640 2734 758 2770 Huius
796 2740 913 2771 autem
950 2738 1113 2772 criminis
1146 2738 1362 2783 periculum,
1399 2739 1494 2783 quod
1525 2739 1633 2773 obicit
1671 2737 1810 2779 Cicero,
1846 2750 1979 2784 paucos

226 2801 307 2843 post
346 2809 478 2833 menses
521 2797 678 2833 Catilina
717 2799 839 2835 subiit.
917 2800 999 2835 Post
1029 2803 1147 2846 effecta
1191 2803 1285 2836 enim
1321 2802 1469 2836 comitia
1503 2802 1713 2836 consularia
1739 2806 1770 2837 et
1804 2800 1980 2836 Catilinae
1994 2806 2031 2836 40

230 2860 412 2905 repulsam
437 2861 520 2904 fecit
547 2871 626 2895 eum
650 2870 751 2895 reum
778 2862 871 2896 inter
892 2863 1044 2898 sicarios
1065 2863 1104 2898 L.
1129 2863 1297 2899 Lucullus
1323 2869 1476 2909 paratus
1501 2865 1741 2909 eruditusque,
1771 2866 1833 2910 qui
1857 2869 1981 2910 postea

232 2923 455 2958 consulatum
483 2933 620 2968 quoque
644 2925 760 2968 petiit.

319 3020 350 3053 6.
380 3029 440 3060 per
462 3021 646 3062 infamiam]
672 3030 715 3053 an
741 3022 868 3054 excidit
891 3023 1047 3062 iudicum,
1073 3026 1110 3055 ut
1134 3033 1239 3066 supra
1265 3026 1362 3056 erat?
1397 3025 1454 3056 On.
1491 3041 1525 3047 -
1553 3026 1583 3056 7.
1616 3025 1835 3068 tribunorum]
1861 3036 1903 3058 an
1922 3036 1984 3058 ex-

235 3069 317 3101 cidit
339 3071 491 3102 aerarii‘?
527 3071 584 3102 On.
621 3089 656 3092 —
682 3071 735 3102 24.
762 3072 842 3102 Mihi
867 3073 900 3104 in
926 3076 1080 3105 mentem
1099 3076 1209 3106 venit:
1237 3076 1323 3113 quod
1345 3074 1416 3105 itti?
1438 3083 1550 3114 nempe
1573 3075 1740 3113 dicerunt,
1767 3077 1811 3107 ita
1837 3079 1873 3107 ut
1896 3077 1983 3107 haee

235 3118 304 3151 duo
328 3121 506 3160 postrema
531 3120 637 3151 verba
664 3121 801 3152 Asconii
826 3122 909 3153 sint:
943 3122 996 3153 vel
1022 3123 1134 3164 polius
1167 3125 1304 3156 inverso
1328 3124 1466 3155 ordine:
1497 3125 1626 3156 dicere?
1670 3126 1762 3158 Illine
1786 3127 1871 3166 quod
1893 3127 1984 3156 diace-

234 3168 338 3200 runt?
381 3170 421 3200 Ac
444 3169 500 3200 tibi
523 3171 589 3201 etc.
620 3186 653 3192 -—
681 3171 733 3201 ⁶27.
766 3172 894 3210 quidem
918 3170 933 3188 ²³
956 3173 1175 3211 impudentiae
1199 3183 1278 3206 cum
1311 3174 1470 3206 delectus
1501 3176 1598 3214 signo
1628 3175 1750 3207 Lamb.
1784 3174 1871 3206 Nihil
1901 3177 1983 3216 puto

236 3217 373 3250 deesse.
420 3219 642 3258 Impudentiae
665 3220 753 3251 locus
774 3221 938 3261 infitiandi
962 3224 1015 3253 est
1039 3223 1269 3264 impudentia,
1303 3233 1391 3264 quae
1416 3223 1615 3255 facultatem
1640 3227 1675 3256 et
1699 3225 1880 3256 audaciam
1906 3224 1984 3255 inti-

236 3267 344 3298 tiandi
368 3267 525 3308 praebet.
555 3287 589 3291 —
617 3269 669 3301 38.
695 3278 735 3300 ac
759 3278 881 3309 neyare
903 3279 1030 3310 quoque
1049 3277 1179 3311 possent
1203 3272 1361 3313 Madvigii
1377 3273 1542 3314 suspiciO.
1572 3289 1606 3297 -
1634 3273 1687 3306 41.
1713 3275 1745 3305 Si
1763 3275 1795 3305 in
1814 3274 1983 3306 Cicerone

236 3323 410 3357 versarer,
434 3326 683 3359 proponerem:
712 3320 766 3351 vir
785 3321 912 3360 peritus
934 3320 989 3353 vel
1010 3325 1192 3362 promptus.
1219 3321 1277 3353 On.
