2249 3624
870 208 1196 253 FRAGMENTA.
1801 206 1909 250 4047

155 318 252 364 Quin
279 323 309 355 et
331 320 527 365 praeterito
555 328 794 364 quaecumque
820 319 1000 353 notaveris
1026 328 1141 360 anno,

155 382 283 427 Confer
308 388 339 418 et
367 383 537 423 observa,
568 384 648 427 quis
667 383 789 416 sidera
815 392 976 426 quaeque
1002 382 1124 416 diebus

153 446 342 482 Humanos
367 446 511 492 suqiant
536 446 634 481 visus
667 446 853 490 suyiantve
884 443 1067 483 tenebras,

156 508 294 553 Quidve
321 513 458 544 astrum
485 513 645 543 moneat:
678 519 740 543 nec
767 508 813 542 sit
841 507 907 541 tibi
933 518 1104 552 quaerere
1130 507 1283 548 dutum,

156 571 254 616 Quid
280 572 333 607 vel
359 572 520 607 nascenti
546 572 705 616 primum
732 570 786 606 vel
812 573 945 615 quarta
980 570 1122 605 cadenti
1837 564 1909 603 420

153 634 273 672 Mense
301 636 415 679 serat,·
448 634 539 669 luces
565 644 720 679 namque
747 634 833 674 hae,
865 643 926 668 ceu
953 633 1099 668 vincula
1135 643 1267 667 ‘menses

157 696 371 734 connectunt
395 697 554 743 yeminos
582 701 687 742 atque
715 700 790 731 octo
817 696 979 731 noctibus
1007 696 1128 730 aether

153 759 329 796 Lubricus
356 764 418 803 est,
448 764 538 795 tecta
565 759 701 794 Phoebe
728 769 806 794 cum
834 758 909 794 luce
941 758 1099 793 laborat.

157 821 258 867 Quae
285 827 322 858 tu
347 823 380 857 si
407 826 517 857 totum
543 823 656 866 fueris
681 821 881 867 speculatus
908 822 947 856 in
974 831 1129 861 annum,

156 884 259 922 Certa
286 886 354 921 tibi
378 890 513 922 certum
536 889 676 931 promet
700 884 897 930 praesayia
925 883 1075 919 caelum.
1838 877 1910 917 425

764 1310 827 1351 IV.
886 1308 1279 1352 ALCYONES.

802 1441 1095 1475 ARGUMENTUM
1128 1441 1280 1472 NOBBH.

257 1558 382 1598 Iulius
424 1557 675 1610 Capitolinus
717 1558 758 1596 in
798 1557 1002 1597 Gordiano
1047 1570 1079 1597 c.
1125 1558 1159 1596 3.
1203 1569 1368 1596 carmen
1408 1557 1484 1596 hoc
1523 1556 1636 1596 titulo
1676 1557 1916 1608 inscriptum

161 1621 349 1662 Ciceroni
385 1625 601 1671 acceptum
639 1620 781 1658 referri
815 1625 999 1659 testatur.
1060 1618 1210 1673 [Verba
1249 1620 1336 1659 eius
1363 1621 1464 1659 haec
1492 1625 1604 1659 sunt:
1644 1619 1916 1659 «Adolescens

159 1697 250 1724 cum
293 1688 404 1722 esset
443 1682 693 1729 Gordianus,
734 1688 923 1734 poemata
963 1683 1147 1734 scripsit,
1179 1695 1284 1734 quae
1313 1683 1446 1722 omnia
1476 1688 1663 1731 exstant,
1706 1687 1745 1721 et
1773 1688 1949 1722 cunctas

157 1746 250 1797 illa,
281 1758 386 1798 quae
415 1746 558 1785 Cicero
588 1757 638 1783 ex
664 1745 869 1784 Demetrio
899 1750 940 1783 et
965 1748 1113 1794 Arato,
1158 1751 1197 1784 et
1223 1745 1509 1797 Alcyonas,
1547 1752 1586 1784 et
1613 1745 1848 1784 Uxorium
1878 1750 1919 1784 et

158 1808 344 1858 Nilum3
377 1819 483 1860 quae
512 1806 677 1859 quidem
705 1806 756 1847 ad
785 1807 861 1846 hoc
889 1808 1074 1858 scripsit,
1105 1814 1148 1846 ut
1177 1808 1384 1847 Ciceronis
1408 1814 1596 1859 poemata
1615 1808 1732 1846 nimis
1753 1808 1919 1859 antiqua

159 1867 452 1923 viderentur.’']
508 1870 662 1908 Nonius
702 1870 746 1921 (s.
785 1882 820 1909 v,
861 1871 1053 1909 Praevius
1081 1883 1121 1921 p.
1151 1871 1234 1920 65.)
1266 1870 1338 1909 hos
1367 1876 1503 1909 servat
1530 1870 1774 1918 versiculos,
1812 1882 1917 1921 quo-

163 1947 252 1974 rum
293 1933 473 1985 priorem
512 1932 721 1972 Ciceronis
755 1932 934 1972 editores
974 1934 1066 1971 olim
1092 1934 1307 1984 inceperet
1352 1932 1555 1984 Alcyon
1583 1932 1711 1971 hunc
1739 1934 1919 1984 genuit

160 2019 205 2025 —-
247 1996 499 2035 recentiores
540 1995 591 2034 de
633 1997 885 2035 coniectura:
927 1996 1205 2048 Alcyonem
1245 1997 1438 2047 genuit.
1504 1997 1586 2047 Ego
1626 2010 1717 2036 cum
1760 1997 1969 2036 Olivetoio

159 2059 351 2111 Alcyon
377 2070 527 2097 nomen
554 2070 628 2110 pro
655 2057 748 2097 libri
776 2058 889 2097 titulo
918 2058 1049 2098 habeo
1079 2064 1118 2097 et
1145 2060 1292 2111 prioris
1318 2071 1464 2098 versus
1493 2060 1736 2111 principium
1769 2059 1917 2099 deesse

159 2121 348 2162 arbitror.
405 2121 547 2161 Sermo
577 2126 641 2160 est
667 2126 825 2171 autem,
855 2127 899 2160 ut
925 2121 1111 2171 videtur,
1143 2123 1193 2161 de
1223 2123 1378 2174 Ceyce,
1409 2123 1579 2174 coniuge
1611 2123 1825 2175 Alcyones.

158 2211 179 2232 ⁵*
229 2210 249 2232 *
298 2209 408 2249 hunc
434 2209 594 2260 genuit,
624 2208 743 2249 claris
772 2209 967 2261 delapsus
997 2209 1047 2248 ab
1077 2210 1219 2260 astris,

158 2273 352 2312 Praevius
380 2285 549 2312 aurorae
577 2272 674 2312 solis
701 2273 916 2324 noctisque
944 2272 1126 2312 satelles.

630 2399 673 2442 V.
734 2398 1030 2442 UXORIUS.
1090 2397 1173 2455 [VI.
1234 2398 1452 2456 NILUS.]
1932 2420 1968 2449 ⁴5

848 2505 933 2547 VII.
997 2505 1025 2546 L
1045 2505 1061 2546 Ι
1078 2505 1116 2546 Μ
1134 2505 1169 2547 Ο
1187 2505 1233 2547 Ν.

804 2599 1101 2632 ARGUMENTUM
1125 2599 1277 2631 Nossssu.

259 2691 343 2729 Hoc
379 2689 558 2728 carmine
595 2688 792 2740 Tanaquil
826 2689 959 2729 Faber
995 2691 1235 2730 Ciceronem
1278 2692 1510 2742 suspicatur
1537 2692 1793 2744 complexum
1825 2706 1916 2734 esse

163 2753 454 2805 epigrammata
480 2753 521 2790 in
549 2753 657 2791 viros
686 2751 948 2793 clarissimos.
1004 2755 1087 2793 Hoc
1115 2756 1364 2806 epigramma
1391 2755 1430 2793 in
1460 2757 1499 2794 P.
1531 2756 1776 2805 Terentium,
1807 2756 1917 2807 quod

158 2817 201 2853 in
239 2815 417 2853 Terentii
455 2816 556 2864 vita,
599 2827 705 2866 quae
742 2815 982 2855 Suetonium
1016 2817 1140 2856 habet
1177 2823 1400 2864 auctorem,
1431 2830 1465 2855 c.
1496 2819 1529 2857 5.
1567 2824 1717 2868 exstat,
1756 2820 1967 2859 suerunteo

160 2877 229 2928 qui
256 2889 279 2917 a
306 2879 445 2917 nescio
474 2890 553 2929 quo
597 2878 866 2917 Grammatico
909 2881 1124 2919 confictum
1165 2886 1368 2931 putarent.
1426 2881 1506 2919 Sed
1548 2881 1621 2920 hoa
1661 2882 1795 2933 ipsum
1835 2894 1916 2920 non

160 2937 280 2978 modo
310 2939 355 2979 C.
383 2938 509 2979 Iulius
538 2941 690 2980 Caesar
717 2941 895 2980 imitatus
914 2948 997 2991 est,
1029 2942 1173 2982 eodem
1196 2955 1296 2982 usus
1317 2942 1482 2981 exordio
1505 2943 1572 2993 (cf.
1597 2944 1763 2983 Sueton.
1784 2943 1912 2993 ibid),

161 2999 236 3039 sed
263 3001 385 3040 etiam
411 3003 617 3042 Ausonius
644 3003 686 3041 in
713 3003 984 3055 Protreptico:

187 3286 200 3317 t
221 3236 281 3318 S(31.
307 3245 391 3292 quae
407 3237 517 3293 Cicero
534 3238 645 3278 edidit,
665 3239 810 3271 Marium
825 3243 854 3272 et
869 3240 1010 3274 Aratum
1031 3245 1061 3274 et
1086 3241 1248 3281 Alcyonas
1263 3245 1292 3274 et
1317 3242 1477 3274 Uxorium
1498 3246 1528 3275 et
1551 3243 1689 3275 Limona
1714 3243 1912 3276 Casauboni

164 3293 184 3317 e
245 3294 263 3317 a
279 3294 377 3331 masi}
400 3295 552 3329 suspice.
