2249 3624
602 155 690 196 Lus.
724 156 771 194 v.
813 154 910 195 cn.
942 154 1252 194 xxa-xxa.
1293 152 1352 206 §5
1384 151 1580 193 58—63.
1897 148 1977 190 347

205 267 342 319 ligneo
373 262 685 307 coniunxisset,
727 274 820 300 eum
862 261 1020 313 ipsum,
1062 274 1155 300 cum
1197 260 1327 299 forem
1362 259 1541 299 cubiculi
1575 258 1800 304 clauserat,
1842 257 1978 298 detor—

208 327 374 382 quebat.
426 325 625 376 idemque
657 336 750 362 cum
783 324 822 362 in
857 323 1148 362 communibus
1181 323 1390 375 suggestis
1422 323 1648 361 consistere
1682 334 1763 361 non
1795 321 1982 364 auderet,

209 386 442 430 contionari
475 400 526 426 ex
561 386 659 425 turri
693 386 774 424 alta
807 385 979 424 solebat.
1031 384 1098 423 60.
1132 387 1266 438 Atque
1300 385 1334 423 is
1368 398 1458 424 cum
1493 384 1574 436 pila
1607 384 1751 423 ludere
1785 383 1983 423 vellet——

211 450 398 492 studiose
429 449 538 488 enim
573 447 613 486 id
646 447 862 486 factitabat
893 447 1237 499 —tunicamque
1268 454 1463 500 poneret,
1496 446 1827 492 adulescentulo,
1859 458 1982 498 quem

211 512 393 557 amabat,
434 509 656 550 tradidisse
702 509 885 560 gladium
926 509 1093 548 dicitnr.
1154 510 1230 548 llic
1269 524 1360 549 cuni
1395 509 1564 562 quidam
1597 509 1812 548 familiaris
1843 508 2017 547 iocans&

212 575 387 615 dixisset
421 572 553 612 «Huic
585 572 756 624 quidem
794 577 906 610 certe
941 573 1063 610 vitani
1100 578 1210 610 tuam
1243 573 1517 617 committis‚»
1552 571 1854 623 adrisissetque
1883 569 1985 609 adu-

210 638 393 681 lescens,
436 640 661 686 utrumque
704 633 823 672 iussit
866 632 1064 679 interfici,
1107 634 1302 678 alterum,
1344 634 1441 686 quia
1476 635 1579 673 viani
1613 633 1986 673 demonstravisset

209 697 476 741 interimendi
516 696 601 742 sui,
640 696 835 741 alterurn,
877 696 975 748 quia
1007 696 1162 734 dictum
1203 696 1241 734 id
1277 698 1358 735 risu
1393 696 1720 748 adprobavisset.
1765 697 1902 747 Atque
1933 705 1983 732 eo

209 763 318 803 facto
351 761 408 800 sic
442 759 597 805 doluit,
631 759 734 798 nihil
768 765 811 798 111
843 758 982 798 tulerit
1014 759 1180 810 gravius
1215 759 1253 797 in
1289 760 1394 804 vita;
1430 772 1553 810 quein
1582 759 1691 797 enim
1716 757 1985 797 vehementer

209 828 367 866 amarat
397 821 622 861 occiderat.
674 822 740 860 Sic
774 820 1063 860 distrahuntur
1095 822 1134 859 in
1168 822 1394 859 contrarias
1429 821 1556 872 partis
1589 821 1881 873 impotentium
1912 826 2035 858 cu-to

210 887 424 940 piditates:
457 898 552 923 cum
584 884 680 923 huic
713 884 938 923 obsecutus
971 883 1051 929 sis,
1085 883 1142 922 illi
1177 889 1240 922 est
1272 883 1603 935 repugnandum.

321 948 434 987 xxi.
466 943 532 985 61.
567 947 832 998 Quamquam
865 946 930 985 hic
962 945 1131 997 quidem
1167 954 1365 999 tyrannus
1388 947 1476 998 ipsc.
1501 945 1700 986 iudicavit
1724 958 1849 998 quam
1873 951 1983 984 esset

206 1013 365 1053 beatus.
412 1010 511 1048 Nam
545 1022 638 1048 cum
671 1008 840 1061 quidam
873 1022 925 1047 ex
958 1009 1048 1047 eius
1071 1009 1426 1055 adsentatoribus,
1460 1009 1697 1055 Damocles,
1731 1020 1982 1048 commemo-

208 1079 316 1115 raret
348 1073 388 1112 in
413 1083 605 1110 sermone
630 1071 771 1121 copias
799 1070 903 1115 eius,
938 1067 1085 1123 [opess
1121 1071 1378 1110 maiestatem
1404 1071 1656 1117 dominatus,
1691 1084 1826 1110 rerum
1850 1070 1982 1109 abun-

207 1137 403 1181 dantiam,
437 1133 784 1185 magnificentiam
814 1134 980 1172 aedium
1005 1134 1223 1185 regiarum,
1258 1139 1512 1186 negaretque
1537 1147 1730 1186 umquam
1753 1133 2033 1172 beatiorem⁴5

207 1210 459 1252 quemquam
492 1195 642 1240 fuisse,
679 1195 832 1234 «Visne
865 1196 1028 1247 igitur»,
1062 1196 1216 1248 inquit,
1253 1210 1300 1235 uo
1328 1196 1545 1241 Damocle,
1578 1196 1778 1248 quoniam
1813 1202 1852 1234 te
1884 1193 1982 1234 baec

205 1261 290 1300 vita
320 1260 517 1302 delectat,
551 1258 639 1310 ipse
672 1270 761 1296 eam
795 1257 1014 1309 degustare
1046 1264 1086 1298 et
1117 1258 1324 1298 fortunam
1359 1260 1540 1312 experiri
1577 1262 1764 1299 meam‘b)
1807 1259 1908 1299 Cum
1940 1271 1983 1298 se

206 1324 276 1364 ille
308 1335 459 1374 cupere
492 1321 685 1366 dixisset,
718 1320 928 1360 conlocari
962 1321 1081 1359 iussit
1115 1321 1325 1360 bominem
1359 1322 1399 1360 in
1423 1334 1551 1360 aureo
1584 1321 1701 1367 lecto,
1734 1326 1861 1361 strato
1896 1321 1981 1374 pul·

207 1386 415 1426 cherrimo
448 1383 582 1423 textili
616 1383 814 1435 stragulo,
849 1382 1077 1435 magnificis
1109 1384 1308 1434 operibus
1342 1385 1466 1436 picto,
1498 1384 1735 1437 abacosque
1761 1384 1984 1436 compluris

207 1449 370 1489 ornavit
404 1452 577 1498 argento
608 1459 797 1498 auroque
831 1446 1004 1484 caelato.
1053 1447 1158 1484 'suni
1190 1448 1239 1486 ad
1273 1460 1455 1486 mensam
1482 1447 1634 1486 eximia
1668 1446 1800 1486 forma
1831 1454 2036 1499 puerosw

207 1510 391 1551 delectos
432 1509 549 1548 iussit
588 1509 814 1547 consistere
855 1522 1014 1560 eosque
1047 1515 1194 1548 nutum
1229 1510 1342 1549 illius
1375 1510 1579 1548 intuentis
1612 1510 1832 1562 diligenter
1865 1508 1985 1548 mini-

205 1581 350 1615 strare·
403 1570 467 1610 52.
500 1571 686 1610 Aderant
717 1577 948 1623 unguenta,
987 1584 1193 1618 coronae3
1241 1572 1573 1612 incendebantur
1606 1572 1774 1618 odores,
1818 1584 1984 1610 mensae

205 1634 572 1687 conquisitissimis
606 1634 741 1685 epulis
774 1633 1097 1690 extruebantur:
1132 1634 1368 1674 fortunatus
1402 1634 1479 1674 sibi
1514 1634 1728 1674 Damocles
1754 1633 1983 1673 videbatur.

204 1699 250 1738 In
284 1699 361 1736 hoc
396 1696 532 1735 medio
566 1702 770 1748 apparatu
803 1696 1031 1747 fulgentem
1057 1697 1242 1749 gladium
1266 1710 1287 1735 e
1311 1697 1497 1737 lacunari
1532 1704 1642 1737 saeta
1667 1697 1820 1749 equina
1842 1701 1984 1747 aptum

205 1760 367 1802 demitti
400 1759 539 1804 iussit,
573 1764 615 1798 ut
648 1759 907 1811 impenderet
941 1758 1051 1798 iilius
1085 1760 1194 1798 beati
1228 1760 1475 1799 cervicibus.
1522 1760 1665 1812 ltaque
1690 1773 1764 1799 nec
1787 1757 1984 1812 pulchros
1999 1765 2037 1795 ²5

203 1825 298 1864 illos
331 1821 638 1861 ministratores
669 1821 898 1873 aspiciebat
932 1835 1006 1860 nec
1041 1822 1208 1874 plenum
1232 1823 1330 1861 artis
1357 1828 1575 1875 argentum
1600 1836 1674 1861 nec
1699 1834 1865 1861 manum
1890 1832 1983 1872 por—

203 1886 364 1940 rigebat
398 1884 437 1924 in
472 1897 678 1930 mensam,
717 1885 795 1922 iain
829 1884 944 1936 ipsae
977 1884 1215 1924 defluebant
1246 1898 1453 1930 coronae;
1488 1884 1671 1938 denique
1704 1883 1895 1923 exoravit
1925 1888 1986 1935 ty-

203 1962 401 1993 rannum,
446 1953 488 1986 ut
522 1946 635 1986 abire
668 1947 831 1992 liceret,
872 1946 985 1999 quod
1022 1947 1102 1986 iani
1136 1948 1279 1987 beatus
1315 1948 1444 1988 nollet
1476 1961 1579 1987 esse.
1627 1948 1791 1987 Satisne
1826 1946 1989 1985 videtur

206 2011 441 2051 declarasse
473 2009 700 2063 Dionysius
733 2009 837 2047 nibil
870 2023 960 2048 esse
994 2010 1029 2048 ei
1064 2008 1253 2055 beatum,
1292 2010 1355 2049 cui
1391 2024 1556 2063 semper
1586 2010 1715 2063 aliqui
1747 2015 1882 2066 terror
1914 2008 1988 2047 im-

202 2074 412 2130 pendeat?
446 2075 580 2125 Atque
615 2072 652 2112 ei
686 2085 735 2111 ne
768 2074 975 2124 integrum
1000 2072 1170 2125 quidem
1204 2080 1313 2117 erat,
1350 2079 1393 2111 ut
1424 2073 1475 2112 ad
1508 2072 1707 2112 iustitiam
1733 2072 1986 2122 remigraret,
2001 2078 2039 2107 80

205 2136 361 2177 civibus
405 2132 639 2174 libertatem
683 2141 720 2173 et
762 2136 852 2174 iura
895 2134 1113 2181 redderet;
1163 2136 1213 2174 iis
1256 2136 1367 2175 enim
1411 2149 1454 2174 se
1487 2135 1735 2174 adulescens
1767 2132 1988 2186 inprovida

204 2204 341 2239 aetate
372 2197 588 2236 inretierat
620 2198 765 2236 erratis
799 2210 932 2250 eaque
965 2199 1250 2244 commiserat,
1286 2203 1327 2236 ut
1362 2198 1502 2237 salvus
1536 2211 1628 2237 esse
1659 2210 1741 2236 non
1767 2201 1921 2249 posset,
1954 2195 1987 2234 si

207 2275 333 2302 sanus
367 2272 458 2299 esse
490 2259 711 2310 coepisset.

322 2323 455 2362 xxii.
488 2320 554 2360 63.
589 2320 755 2368 Quanto
789 2335 916 2374 opero
953 2335 1049 2361 vcro
1082 2323 1288 2362 amicitias
1316 2323 1598 2368 desideraret,
1632 2335 1808 2375 quarum
1842 2320 1988 2361 infide-

207 2387 365 2426 litatem
400 2384 721 2429 extimescebat,
756 2384 985 2423 declaravit
1017 2385 1056 2423 in
1083 2385 1342 2438 Pythagoriis
1366 2385 1531 2425 duobus
1554 2386 1659 2431 illis,
1691 2397 1872 2437 quorum
1896 2390 2040 2423 cun135

206 2448 383 2488 alterum
407 2446 552 2486 vadem
589 2447 732 2485 mortis
755 2447 1005 2499 accepisset,
1038 2447 1157 2493 alter,
1192 2453 1235 2486 ut
1261 2447 1405 2486 vadem
1430 2461 1551 2487 suum
1576 2445 1789 2492 liberaret,
1824 2452 1989 2498 praesto

206 2509 354 2550 fuisset
383 2509 434 2548 ad
467 2508 611 2548 horam
644 2510 787 2548 mortis
812 2509 1076 2555 destinatam,
1114 2510 1301 2550 «Utinam
1326 2523 1444 2561 ego»,
1478 2510 1636 2563 inquit,
1674 2511 1846 2549 «tertius
1870 2509 1988 2549 vobis

211 2571 369 2611 amicus
401 2571 662 2610 adscriberes
683 2573 690 2610 Σ
710 2587 725 2606 υ
764 2571 898 2619 Quam
930 2571 1029 2611 huic
1062 2579 1149 2611 erat
1177 2573 1373 2612 miserum
1397 2585 1539 2612 carere
1562 2573 1865 2612 consuetudine
1887 2573 1989 2612 ami-

207 2647 368 2680 corum,
408 2633 609 2673 societate
652 2634 806 2677 vietus,
853 2647 1045 2674 sermone
1087 2635 1259 2674 omnino
1292 2635 1507 2682 familiari,
1551 2634 1710 2674 homini
1743 2634 1987 2688 praesertim

207 2696 330 2736 docto
364 2709 387 2736 a
412 2709 542 2749 puero
568 2701 609 2735 et
631 2695 787 2736 artibus
810 2697 1004 2749 ingenuis
1028 2697 1222 2736 erudito!
1259 2698 1514 2737 Mnsicorum
1539 2710 1636 2737 vero
1662 2696 1988 2750 perstudiosum,
2003 2700 2040 2730 020

208 2763 370 2811 poetam
405 2758 529 2798 etiam
562 2759 765 2811 tragicum
790 2781 841 2786 -
865 2772 989 2812 quam
1022 2760 1201 2806 bonum,
1235 2760 1337 2800 nibil
1370 2759 1420 2799 ad
1454 2773 1564 2806 rem3
1596 2760 1637 2799 in
1669 2760 1748 2799 hoc
1777 2760 1888 2799 enim
1920 2772 1989 2811 ge-

208 2833 306 2860 nere
339 2822 477 2860 nescio
510 2834 593 2874 quo
637 2827 757 2874 pacto
791 2822 919 2873 magis
952 2835 1077 2874 quam
1112 2824 1151 2861 in
1185 2822 1278 2861 aliis
1311 2836 1433 2861 suum
1465 2822 1617 2875 cuique
1650 2821 1871 2875 pulchrum
1903 2826 1988 2868 est;

297 2986 327 3017 3.
354 2990 453 3025 acque
475 2987 523 3018 his
547 2988 572 3017 G
601 3004 633 3008 —
663 2987 713 3017 12.
742 2988 901 3018 indicavit
928 2987 954 3018 O
972 3005 1013 3009 —
1039 2988 1090 3019 13,
1118 2996 1192 3017 cum
1218 2996 1286 3018 om.
1313 2985 1350 3017 G¹
1374 3004 1407 3008 —-
1437 2985 1488 3016 ⁴4.
1515 2995 1603 3025 (ρεε.
1631 2987 1725 3026 quod
1745 2987 1989 3019 membrorum

211 3037 483 3067 concinnitatem
501 3036 630 3071 turbat,
650 3035 718 3067 del.
737 3037 943 3075 Seyil'crtus.
966 3055 996 3059 -
1019 3038 1069 3068 15.
1090 3041 1314 3078 neynaretque
1335 3037 1359 3065 G
1383 3053 1415 3058 -
1438 3036 1491 3066 46.
1511 3037 1626 3076 inquid
1643 3038 1697 3067 G1:
1717 3046 1787 3068 oni.
1806 3034 1892 3066 R1—
1913 3038 1991 3067 haec

211 3088 241 3116 te
264 3086 288 3116 Ο
310 3103 343 3107 --
375 3086 422 3117 ¹7.
450 3095 523 3116 eam
547 3085 716 3117 Klotzius:
743 3087 856 3116 eadem
882 3088 927 3119 C:
956 3088 1089 3118 eandem
1116 3087 1152 3118 O.
1181 3087 1224 3118 Ct'
1254 3086 1296 3117 lV
1323 3086 1341 3125 g
1367 3086 1396 3115 6.
1421 3103 1452 3107 —
1482 3085 1534 3116 ⁴23.
1562 3087 1689 3125 aepulis
1713 3088 1736 3115 G
1753 3087 1775 3116 iz
1800 3104 1831 3108 —
1852 3085 1905 3117 ¹24.
1923 3086 1990 3125 ful—

212 3139 399 3175 gemtem--
416 3140 484 3168 sela
507 3138 581 3175 eqni
606 3141 719 3174 aptum
747 3137 866 3167 dirimit
891 3138 982 3168 iussit
1007 3138 1138 3168 Nonius
1165 3146 1196 3177 p.
1219 3137 1291 3167 2353.
1324 3154 1354 3157 ν-
1389 3139 1479 3165 saeta
1506 3136 1598 3166 GQR:
1625 3141 1701 3167 aeta
1726 3138 1781 3170 G¹2
1807 3140 1876 3167 sela
1900 3136 1925 3167 O
1953 3153 1986 3157 -

213 3186 267 3216 25.
286 3186 405 3217 dimitti
431 3188 451 3217 fl
475 3204 505 3208 —
536 3187 587 3218 ΞΕ).
607 3187 775 3225 dyonisius
794 3188 819 3217 G
835 3187 857 3217 R
882 3205 913 3209 —
941 3187 1049 3225 ntiqui
1073 3192 1182 3217 terror
1206 3187 1246 3217 B:
1275 3186 1402 3222 aliquid
1418 3193 1513 3215 error
1531 3187 1553 3215 G
1571 3186 1592 3216 R
1614 3203 1648 3207 —
1668 3186 1720 3216 31.
1740 3186 1788 3215 his
1805 3187 1890 3216 enim
1907 3186 1930 3216 C
1953 3202 1986 3206 ——

215 3233 268 3265 32.
294 3237 467 3266 comiserat!
492 3237 515 3267 R
536 3254 568 3258 --
597 3236 649 3267 34.
671 3237 881 3275 Quantopere
899 3236 923 3268 C
953 3254 986 3258 --
1014 3236 1066 3267 35
1087 3237 1300 3275 1>1mzaqmeis
1316 3236 1340 3265 O
1363 3252 1396 3257 —
1425 3234 1476 3265 36.
1503 3236 1589 3266 vade
1611 3236 1728 3266 mor-lis
1744 3236 1767 3266 G
1786 3236 1808 3266 R
1829 3253 1864 3257 —
1891 3234 1987 3269 alter,

216 3283 262 3324 uc]
287 3285 427 3316 atterum
445 3286 468 3317 C
491 3303 523 3308 —
552 3286 604 3317 37.
631 3286 746 3317 mortis
771 3286 812 3317 C:
841 3287 938 3317 morli
962 3285 1028 3317 alii.
1052 3303 1085 3308 —-
1106 3286 1159 3318 40.
1180 3286 1317 3326 ingeniis
1340 3286 1364 3316 R
1387 3303 1419 3307 -
1446 3286 1638 3317 misicorum
1655 3286 1738 3323 GR3
1764 3285 1925 3316 musicum
1948 3284 1984 3315 B.
