2249 3624
312 165 365 208 52
842 165 1270 206 ACADEMICORUM
1298 165 1540 206 PRIORUM

313 294 438 336 quam
477 281 663 321 dicerent
706 278 916 331 sapientes
962 277 1075 317 solos
1118 290 1256 330 reges,
1303 278 1414 318 solos
1457 278 1626 325 divites,
1672 277 1785 317 solos
1830 276 2069 318 formosos?

311 345 468 391 omnia,
511 357 618 397 quae
648 343 805 394 ubique
838 346 996 388 essent,
1038 340 1238 393 sapientis
1271 343 1390 380 esse?
1431 340 1641 380 neminem
1673 339 1910 387 consulem,
1952 353 2071 393 prae-

310 413 461 454 torem,
491 407 802 458 imperatorem,
835 403 975 443 nescio
1007 415 1059 442 an
1089 415 1140 441 ne
1173 403 1495 455 quinquevirum
1521 401 1691 454 quidem
1715 414 1968 455 quemquam
1989 402 2071 441 nisi

309 469 567 523 sapientem?
605 472 812 521 postremo
853 465 988 505 solum
1028 465 1180 511 civem,
1224 464 1358 504 solum
1399 465 1605 504 liberum?
1646 464 1894 517 insipientes
1926 477 2070 504 omnes

276 531 569 585 5peregrinos,
602 528 787 575 exsules,
819 540 980 575 servos,
1010 527 1223 567 furiosos?
1257 527 1446 580 denique,
1472 527 1624 579 scripta
1654 527 1856 581 Lycurgi,
1889 526 2071 573 Solonis,

308 593 528 634 duodecim
559 591 721 631 tabulas
754 595 917 630 nostras
949 603 1033 629 non
1065 603 1156 630 esse
1189 590 1332 642 leges?
1364 603 1416 629 ne
1446 589 1559 629 urbis
1590 588 1759 643 quidem
1784 595 1855 629 aut
1877 589 2070 635 civitatis,

306 658 385 698 nisi
422 669 530 710 quae
562 660 700 695 essent
738 654 1023 707 sapientium?
1083 649 1176 691 437.
1208 653 1321 692 Haec
1354 653 1446 700 tibi,
1486 652 1686 699 Luculle,
1727 652 1760 692 si
1793 666 1836 692 es
1868 651 2070 692 adsensus

305 718 528 765 Antiocho,
559 716 754 757 familiari
785 722 876 763 tuo,
908 720 992 755 tam
1023 721 1120 755 sunt
1150 714 1414 755 defendenda
1436 728 1561 769 quam
1583 716 1772 754 moenia:
1805 713 1908 753 mihi
1929 718 2067 753 autem

304 783 416 823 bono
451 781 594 828 modo,
625 784 784 819 tantum
817 784 1021 830 quantum
1053 777 1276 817 videbitur.

256 855 292 884 «1ο
416 844 540 884 XLV.
572 842 672 895 Legi
704 841 814 894 apud
847 840 1171 887 Clitomachum,
1204 854 1297 880 cum
1331 841 1566 881 Carneades
1597 846 1637 880 et
1668 840 1833 880 Stoicus
1863 838 2069 891 Diogenes

304 908 354 948 ad
387 912 576 947 senatum
607 905 651 944 in
685 903 888 957 Capitolio
921 908 1094 950 starent,
1135 903 1287 943 Aulum
1316 904 1535 950 Albinum,
1576 903 1649 957 qui
1681 909 1767 942 tum
1797 903 1840 942 P.
1875 902 2069 954 Scipione

304 976 345 1010 et
376 972 428 1010 M.
452 968 649 1010 Marcello
682 966 928 1007 consulibus
960 971 1126 1020 praetor
1147 971 1278 1013 esset,
1312 979 1425 1013 eum,
1457 967 1644 1020 quicum
1667 978 1743 1006 avo
1765 969 1850 1012 tuo,
1882 964 2068 1011 Luculle,

303 1033 448 1073 consul
488 1032 584 1079 fuit,
633 1031 801 1070 doctum
842 1042 941 1068 sane
982 1029 1213 1075 hominem,
1260 1034 1304 1068 ut
1344 1029 1500 1068 indicat
1540 1028 1669 1082 ipsius
1705 1027 1878 1067 historia
1918 1025 2070 1078 scripta

303 1097 480 1143 Graece,
521 1095 730 1134 iocantem
763 1092 921 1132 dixisse
955 1091 1181 1131 Carneadi:
1225 1091 1335 1144 «Ego
1367 1091 1461 1138 tibi,
1507 1089 1742 1137 Carneade,
1783 1092 1946 1142 praetor
1977 1101 2068 1127 esse

251 1166 286 1195 45
302 1172 387 1199 non
425 1157 588 1205 videor,
631 1156 730 1210 quia
769 1155 934 1208 sapiens
974 1167 1057 1194 non
1097 1167 1211 1201 sum3
1249 1167 1326 1192 nec
1357 1153 1460 1193 haec
1491 1153 1590 1193 urbs
1620 1166 1698 1192 nec
1728 1152 1770 1191 in
1803 1165 1853 1192 ea
1883 1150 2067 1191 civitas.»

301 1223 405 1262 Tum
436 1221 529 1260 ille:
571 1218 707 1258 «Huic
740 1218 878 1257 Stoico
910 1230 993 1256 non
1024 1216 1216 1256 videris.»
1270 1216 1516 1255 Aristoteles
1547 1221 1618 1255 aut
1650 1216 1928 1262 Xenocrates,
1961 1226 2069 1266 quos

298 1283 530 1324 Antiochus
571 1281 691 1335 sequi
730 1279 919 1326 volebat,
961 1292 1044 1318 non
1077 1278 1351 1317 dubitavisset
1382 1279 1483 1331 quin
1515 1284 1555 1317 et
1590 1282 1759 1330 praetor
1788 1276 1858 1316 ille
1889 1281 2000 1316 esset
2030 1280 2070 1315 et

298 1348 429 1387 Roma
458 1345 556 1386 urbs
589 1349 630 1384 et
661 1357 751 1383 eam
775 1342 919 1382 civitas
943 1341 1159 1380 incoleret.
1211 1340 1293 1380 Sed
1325 1341 1396 1380 ille
1428 1346 1569 1380 noster
1601 1345 1664 1380 est
1694 1339 1835 1392 plane,
1867 1343 1914 1378 ut
1944 1350 2069 1391 supra

300 1410 411 1457 dixi,
455 1408 620 1448 Stoicus
659 1418 868 1460 perpauca
908 1404 1158 1443 balbutiens.
1221 1401 1313 1442 438.
1351 1404 1436 1443 Vos
1475 1409 1611 1443 autem
1654 1402 1754 1441 mihi
1785 1402 1968 1449 verenti,
2016 1413 2068 1440 ne

251 1473 414 1514 2olabar
452 1472 502 1512 ad
542 1470 848 1524 opinationem,
887 1472 928 1506 et
964 1466 1124 1520 aliquid
1164 1466 1393 1506 adsciscam
1434 1472 1475 1506 et
1512 1466 1763 1519 conprobem
1796 1465 2068 1518 incognitum,

300 1536 414 1590 quod
446 1534 617 1574 minime
648 1532 794 1579 vultis,
826 1530 928 1584 quid
962 1529 1123 1569 consilii
1155 1530 1292 1569 datis?
1339 1531 1532 1569 Testatur
1554 1542 1678 1581 saepe
1703 1528 1960 1581 Chrysippus
1984 1533 2067 1567 tres

299 1599 409 1639 solas
442 1610 533 1637 esse
566 1595 814 1641 sententias,
847 1605 952 1647 quae
976 1591 1145 1631 defendi
1167 1592 1346 1644 possint,
1380 1592 1430 1631 de
1452 1591 1606 1630 finibus
1631 1591 1858 1637 bonorum3
1892 1589 2068 1629 circum-

299 1661 401 1701 cidit
446 1666 487 1700 et
531 1663 720 1711 amputat
762 1655 1093 1695 multitudinem:
1140 1659 1211 1694 aut
1257 1655 1367 1694 enim
1407 1654 1670 1694 honestatem
1711 1667 1802 1693 esse
1840 1653 1968 1693 finem
1998 1657 2068 1692 aut

298 1724 553 1777 voluptatem
586 1726 656 1761 aut
685 1726 931 1771 utrumque3
975 1731 1069 1757 nam
1106 1717 1175 1770 qui
1208 1731 1416 1757 summum
1448 1717 1603 1756 bonum
1636 1716 1776 1756 dicant
1806 1716 1849 1755 id
1882 1729 1994 1763 esse,
2035 1714 2068 1754 si

247 1792 282 1821 25
299 1799 493 1827 vacemus
533 1784 646 1824 omni
687 1782 899 1828 molestia,
946 1793 1018 1820 eos
1050 1779 1300 1819 invidiosum
1340 1792 1493 1819 nomen
1526 1779 1749 1831 voluptatis
1781 1777 1949 1831 fugere,
1992 1776 2067 1817 sed

297 1849 340 1889 in
371 1848 583 1889 vicinitate
615 1845 799 1886 versari:
837 1844 950 1897 quod
981 1842 1117 1882 facere
1150 1855 1221 1881 eos
1255 1843 1398 1890 etiam,
1431 1842 1501 1894 qui
1533 1841 1636 1880 illud
1667 1841 1778 1880 idem
1810 1854 1903 1880 cum
1934 1840 2067 1879 hone-

298 1916 403 1952 state
434 1910 755 1961 coniungerent,
798 1919 873 1945 nec
906 1905 1035 1945 multo
1068 1918 1186 1944 secus
1218 1918 1308 1952 eos,
1348 1907 1420 1958 qui
1451 1905 1502 1943 ad
1534 1905 1797 1943 honestatem
1830 1904 1963 1956 prima
1993 1915 2066 1941 na-

296 1979 413 2014 turae
445 1971 662 2013 commoda
686 1969 983 2021 adiungerent:
1016 1969 1073 2007 ita
1095 1968 1167 2007 tris
1189 1968 1388 2020 relinquit
1409 1967 1652 2013 sententias,
1685 1980 1787 2019 quas
1820 1971 1939 2019 putat
1970 1977 2066 2018 pro-

297 2036 491 2076 babiliter
530 2046 655 2087 posse
697 2031 878 2071 defendi.
947 2028 1033 2069 1:39.
1074 2031 1132 2069 Sit
1168 2043 1267 2069 sane
1308 2031 1364 2069 ita
1404 2051 1458 2059 -
1490 2042 1743 2082 quamquam
1774 2042 1798 2068 a
1828 2027 2066 2068 Polemonis

248 2106 286 2136 30
300 2105 340 2140 et
371 2098 735 2152 Peripateticorum
769 2099 809 2133 et
840 2092 1032 2132 Antiochi
1063 2090 1216 2131 finibus
1247 2106 1330 2131 non
1362 2091 1480 2131 facile
1510 2092 1704 2139 divellor,
1735 2105 1811 2131 nec
1841 2091 2066 2144 quicquam

297 2162 434 2201 haheo
466 2159 601 2199 adhuc
632 2156 891 2210 probabilius
913 2176 988 2201 —,
1020 2168 1161 2193 verum
1196 2160 1331 2193 tamen
1356 2154 1493 2201 video,
1525 2168 1649 2206 quam
1673 2154 1854 2193 suaviter
1875 2153 2066 2204 voluptas

299 2224 492 2264 sensibus
514 2221 669 2261 nostris
690 2218 937 2258 blandiatur.
984 2217 1122 2255 Labor
1144 2230 1212 2263 eo,
1246 2222 1290 2255 ut
1311 2216 1522 2256 adsentiar
1542 2216 1723 2267 Epicuro
1746 2221 1816 2254 aut
1835 2215 2064 2268 Aristippo:

298 2290 466 2327 revocat
496 2284 626 2325 virtus
658 2282 724 2321 vel
754 2280 893 2333 potius
925 2278 1141 2331 reprendit
1171 2292 1317 2318 manu:
1351 2279 1557 2331 pecudum
1589 2278 1684 2317 illos
1716 2283 1853 2317 motus
1885 2290 1977 2317 esse
2005 2276 2067 2316 di-

301 2350 376 2397 cit,
407 2348 620 2388 hominem
650 2345 784 2397 iungit
814 2342 905 2382 deo.
955 2343 1129 2381 Possum
1161 2355 1252 2381 esse
1283 2342 1467 2388 medius,
1498 2345 1562 2387 ut,
1595 2340 1793 2393 quoniam
1815 2340 2066 2393 Aristippus,

249 2419 285 2449 35
300 2412 421 2466 quasi
451 2411 636 2450 animum
666 2407 827 2447 nullum
859 2405 1106 2451 habeamus,
1139 2417 1288 2457 corpus
1321 2404 1453 2444 solum
1478 2408 1639 2450 tuetur,
1671 2404 1801 2450 Zeno,
1836 2402 1955 2456 quasi
1978 2415 2067 2442 cor-

300 2474 411 2527 poris
443 2473 573 2513 simus
605 2476 822 2523 expertes,
863 2468 1047 2508 animum
1080 2466 1215 2507 solum
1249 2466 1545 2519 conplectitur,
1584 2470 1631 2505 ut
1664 2464 1972 2518 Calliphontem
2001 2477 2067 2505 se-

388 2656 419 2686 5.
446 2653 571 2685 ersules
595 2651 651 2683 A¹z
679 2650 789 2682 exules
813 2649 888 2681 AQB
903 2649 927 2680 E
943 2649 968 2679 G
989 2666 1022 2670 -—
1048 2647 1189 2687 furiosos
1213 2647 1373 2685 denique?
1397 2646 1522 2677 Davies
1543 2663 1577 2667 —
1604 2645 1749 2686 lycus-qis
1771 2643 1810 2676 Βι
1830 2664 1865 2669 -
1885 2646 1915 2677 6.
1936 2646 2065 2686 quidem

299 2704 490 2736 Manutius:
525 2702 660 2740 denique
686 2699 788 2732 codd.
816 2700 849 2729 et
875 2699 918 2735 03
954 2697 1083 2737 quictem
1107 2698 1243 2736 denique
1266 2696 1379 2735 Klotz,
1414 2697 1555 2728 Manulii
1588 2698 1669 2726 nota
1695 2694 1816 2727 leviter
1840 2695 2000 2736 inspecta
2026 2714 2062 2719 —

299 2756 330 2787 8.
356 2754 466 2786 menia
490 2755 516 2784 A
543 2770 577 2774 —
604 2750 635 2781 9.
662 2749 781 2780 bonum
805 2751 831 2779 A
860 2765 893 2769 -
929 2748 980 2778 40.
1007 2751 1087 2786 opat
1113 2749 1137 2778 A
1166 2764 1200 2768 —
1241 2747 1288 2777 ll.
1315 2747 1471 2786 capitulio
1497 2748 1521 2777 A
1545 2764 1587 2769 —-
1620 2746 1767 2785 alpinum
1792 2747 1816 2777 B
1846 2764 1881 2769 —
1912 2746 1968 2785 qui
1991 2754 2066 2777 cum

297 2808 326 2836 A
352 2822 386 2827 —
420 2803 467 2835 ¹4.
494 2802 691 2833 iudicantem
715 2800 738 2830 B
766 2816 800 2821 —
830 2798 880 2828 46.
907 2797 986 2827 vide
1012 2806 1054 2828 ne
1080 2796 1187 2826 Sloico
1212 2796 1255 2826 sit
1279 2789 1450 2835 glossema
1470 2813 1506 2818 --
1536 2796 1586 2827 ¹18.
1614 2796 1664 2826 illc
1688 2796 1950 2833 vestet-Davie53
1978 2796 2013 2826 at
2030 2803 2063 2826 v,

299 2854 317 2894 g
344 2853 405 2885 1143
432 2853 476 2883 in.
506 2869 539 2873 —
563 2850 679 2889 plane,
706 2853 741 2879 ul
763 2856 865 2887 supra
883 2848 985 2878 dicius
1002 2847 1093 2886 (sic),
1121 2846 1248 2876 Sloicus
1268 2855 1437 2884 perpauca
1463 2845 1656 2876 balbzettiens
1679 2844 1787 2876 habet
1803 2845 1933 2876 Nonius
1957 2853 1990 2885 p.
2010 2844 2062 2876 80.

301 2921 335 2926 —
365 2903 416 2934 49.
443 2901 634 2932 balbulliens
658 2900 680 2929 Β
709 2916 742 2919 --
768 2898 891 2929 verenti
916 2905 953 2928 ne
970 2896 1102 2927 Christ:
1130 2904 1206 2926 uere
1230 2895 1314 2926 mine
1338 2892 1389 2933 B¹‚
1416 2895 1575 2926 ueremini
1598 2904 1636 2926 ne
1661 2895 1740 2926 ΑΒ2
1757 2895 1878 2933 EGO,
1905 2893 1967 2926 sed
1983 2894 2065 2926 mini

297 2955 324 2985 A
349 2952 457 2983 habet
480 2952 513 2981 in
538 2958 624 2981 ras.:
658 2949 714 2987 qui
742 2948 896 2979 veremini
925 2956 964 2977 ne
986 2945 1150 2985 Bentley,
1182 2945 1288 2976 vereri
1309 2945 1464 2975 videmini
1488 2953 1526 2975 ne
1549 2944 1692 2981 Lainl).;
1730 2944 1772 2975 cf.
1799 2954 1832 2985 p.
1860 2943 1913 2983 48,
1940 2943 1993 2975 43.
2023 2961 2058 2967 -

297 3003 350 3034 20.
377 3001 598 3040 opinationem
621 2996 785 3036 Bentley:
820 2997 1003 3036 opinionem
1027 2995 1129 3026 codd.
1157 2997 1188 3025 el
1215 2996 1239 3025 O
1266 3012 1301 3016 -ν
1336 2996 1386 3025 21.
1414 2996 1473 3025 tris
1497 2997 1538 3025 G:
1575 2995 1614 3025 lis
1637 2996 1680 3033 B,
1714 2998 1747 3033 ly
1771 2996 1817 3032 A,
1844 2996 1909 3024 ires
1932 2993 1996 3024 EO
2024 3010 2059 3016 —-

297 3053 351 3083 ⁰22.
371 3061 437 3091 qua
452 3053 479 3082 A
493 3051 516 3081 E
531 3052 556 3080 G
579 3065 614 3071 -
641 3049 679 3078 cle
699 3047 817 3087 finibus
841 3056 874 3077 r:
901 3048 1033 3088 definita
1050 3047 1085 3084 B,
1113 3045 1250 3086 definitis
1266 3047 1293 3076 A
1307 3045 1331 3076 E
1345 3046 1370 3075 G
1384 3054 1404 3075 v
1424 3061 1458 3067 -
1487 3045 1539 3076 23.
1565 3045 1651 3076 enim
1667 3053 1737 3076 om.
1756 3042 1794 3075 B¹
1812 3060 1847 3065 —
1874 3042 1928 3075 24.
1946 3046 2059 3074 ulrum

298 3102 322 3133 B
344 3119 377 3123 —
405 3101 457 3132 28.
483 3098 654 3131 commoda
677 3099 699 3128 A
722 3106 810 3127 corr.
831 3106 871 3128 ex
896 3097 1055 3137 quomodo
1075 3113 1107 3117 —
1136 3096 1289 3134 relinquit
1312 3096 1336 3126 A
1353 3096 1375 3125 B
1393 3095 1414 3125 E
1430 3096 1454 3125 G
1478 3094 1550 3134 (sc-l
1575 3093 1615 3126 Αι
1630 3095 1665 3125 ss¹
1680 3095 1703 3125 G
1729 3094 1905 3134 relinquid)
1928 3093 2062 3133 reliquit

297 3160 368 3188 rv;
393 3150 534 3189 relinqui
559 3150 583 3179 O
609 3156 690 3179 cum
715 3148 905 3178 Goerenzio
934 3165 968 3169 -
992 3149 1089 3186 pulul-
1113 3143 1167 3176 13¹:
1192 3148 1283 3184 piacl
1307 3147 1333 3175 A
1347 3142 1461 3176 B²EG
1477 3145 1501 3175 O
1526 3145 1573 3184 (in
1600 3145 1622 3175 B
1644 3147 1734 3183 pulei
1760 3144 1837 3176 ead.
1864 3153 1911 3176 m.
1938 3152 2061 3175 corre-

298 3205 394 3232 ctum
418 3201 480 3237 est)
509 3215 543 3220 —
579 3198 631 3229 30.
659 3197 848 3228 Clitomachi
874 3198 1093 3228 lter-mannus
1118 3204 1150 3235 p.
1177 3195 1250 3226 475.
1281 3212 1315 3216 —-
1348 3204 1449 3233 neque
1481 3196 1545 3226 GO
1574 3212 1609 3217 —
1643 3195 1695 3226 32.
1722 3194 1935 3226 blandiantur
1958 3193 1997 3226 B¹
2022 3210 2057 3216 —

297 3251 391 3282 labor
420 3259 455 3281 eo
480 3251 647 3280 Gruterus
678 3249 711 3278 et
742 3248 903 3278 tRuietus:
935 3247 1049 3277 laboro
1079 3248 1103 3277 A
1120 3241 1213 3282 3²15,
1247 3244 1357 3276 labore
1381 3243 1457 3276 B¹G
1484 3262 1517 3266 —
1545 3245 1721 3284 Aristippo.
1748 3246 1889 3277 Revocal
1912 3243 1994 3277 edd.
2022 3261 2056 3265 —

299 3300 350 3333 34.
375 3301 469 3342 iungi
493 3300 617 3332 Davies
641 3299 715 3330 sine
741 3306 843 3329 causa
871 3315 905 3319 —
933 3297 985 3328 35.
1011 3297 1164 3328 habemus
1187 3294 1225 3326 A¹
1252 3312 1285 3317 -
1314 3295 1366 3326 36.
1392 3298 1428 3325 ul
1451 3296 1530 3325 ante
1556 3294 1638 3326 Call.
1665 3293 1733 3327 del.
1760 3294 1881 3327 Lamh.
