2249 3624
366 172 447 218 314
805 181 1229 221 TUSCULANARUM
1257 180 1694 222 DISPUTATIONUM

363 283 537 338 primam
563 285 768 338 speciem,
799 291 845 326 ut
866 287 1170 334 misericordia,
1202 285 1432 339 aegritudo,
1455 290 1603 326 metus.
1645 286 1963 339 Aegrotationes
1984 291 2123 327 autem

363 346 581 401 morbique
621 348 855 388 animorum
895 347 1105 389 difficilius
1147 347 1268 388 evelli
1307 361 1430 400 posse
1470 353 1668 401 putantur
1698 361 1823 402 quam
1862 362 2023 388 summa
2052 348 2124 388 illa

361 408 479 455 vitia,
512 423 619 462 quae
649 411 870 451 virtutibus
903 416 999 451 sunt
1031 410 1252 450 contraria.
1299 410 1453 450 Morbis
1486 410 1593 449 enim
1626 410 1886 450 manentibus
1907 411 2007 450 vitia
2029 411 2125 450 sub-

362 470 444 510 lata
487 484 579 511 esse
617 479 814 527 possunt,
858 473 928 526 qui
972 486 1055 512 non
1088 477 1169 512 tam
1202 472 1394 511 celeriter
1424 478 1624 512 sanantur
1654 485 1775 526 quam
1808 472 1879 511 illa
1908 472 2124 513 tolluntur.

329 530 428 572 533.
458 533 597 574 Habes
628 548 693 581 ea,
727 548 834 588 quae
866 535 915 574 de
947 534 1330 587 perturbationibus
1359 535 1575 574 enucleate
1598 535 1811 587 disputant
1836 534 1986 582 Stoici,
2019 548 2124 588 quae

363 596 515 649 λογικά
535 597 762 650 appellant,
789 597 889 649 quia
911 596 1173 636 disseruntur
1194 597 1412 636 subtilius:
1445 611 1495 636 ex
1519 597 1671 650 quibus
1697 597 1891 650 quoniam
1913 603 2125 650 tamquam

361 671 414 698 ex
456 659 712 711 scrupulosis
755 659 915 698 cotibus
957 658 1193 711 enavigavit
1223 659 1376 705 oratio,
1416 659 1605 712 reliquae
1638 658 1929 711 disputationis
1961 672 2123 699 cursum

360 724 597 768 teneamus,
642 720 765 760 modo
811 721 908 760 satis
954 720 1025 760 illa
1065 720 1248 760 dilucide
1289 720 1515 760 dixerimus
1561 735 1634 775 pro
1682 735 1818 761 rerum
1859 720 2123 760 obscuritate.

359 782 406 822 A.
438 783 609 822 Prorsus
641 783 762 830 satis,
794 782 866 822 sed
899 783 933 822 si
966 796 1072 836 quae
1105 783 1344 836 diligentius
1377 789 1497 823 erunt
1529 783 1843 836 cognoscenda,
1877 796 2125 836 quaeremus

309 853 344 881 ⁴0
359 845 482 885 alias:
514 858 622 884 nunc
654 845 765 892 vela,
797 858 904 898 quae
936 844 1061 884 modo
1094 845 1281 891 dicebas,
1315 850 1583 899 expectamus
1615 850 1656 884 et
1686 858 1867 884 cursum.

470 907 559 946 XV.
590 904 656 945 34.
693 908 749 946 M.
782 906 979 955 Quando,
1020 912 1064 947 ut
1103 907 1198 946 aliis
1242 907 1346 947 locis
1379 907 1429 946 de
1461 907 1612 947 virtute
1645 913 1685 947 et
1716 907 1898 946 diximus
1930 912 1970 945 et
2000 918 2124 959 saepe

358 968 579 1008 dicendum
611 969 690 1009 erit
719 993 773 998 -
802 969 1027 1023 pleraeque
1060 970 1168 1009 enim
1202 970 1488 1023 quaestiones,
1522 982 1629 1022 quae
1661 969 1712 1008 ad
1744 969 1867 1008 vitam
1900 982 2124 1022 moresque

357 1031 584 1084 pertinent,
617 1045 639 1071 a
670 1032 833 1072 virtutis
864 1031 977 1071 fonte
1009 1031 1217 1071 ducuntur
1242 1055 1316 1079 —-,
1349 1031 1517 1084 quando
1552 1031 1676 1084 igitur
1697 1030 1828 1070 virtus
1860 1035 1924 1070 est
1945 1030 2123 1070 adfectio

357 1093 482 1133 animi
515 1102 708 1134 constans
740 1094 1100 1147 conveniensque,
1132 1093 1363 1133 laudabiles
1396 1091 1580 1132 efficiens
1613 1106 1706 1139 eos,
1738 1093 1779 1132 in
1803 1093 1954 1146 quibus
1978 1098 2051 1140 est,
2084 1098 2125 1133 et

308 1162 341 1190 ⁴5
356 1156 447 1209 ipsa
478 1170 552 1210 per
582 1170 648 1204 se,
680 1169 753 1196 sua
785 1162 954 1209 sponte,
997 1162 1189 1209 separata
1221 1156 1344 1196 etiam
1377 1155 1555 1195 utilitate
1587 1155 1827 1202 laudabilis,
1867 1168 1918 1194 ex
1951 1168 2000 1194 ea
2029 1168 2125 1208 pro-

356 1216 597 1258 ficiscuntur
624 1219 826 1259 honestae
849 1218 1104 1265 voluntates,
1138 1218 1389 1265 sententiae,
1422 1218 1607 1257 actiones
1631 1218 1851 1271 omnisque
1872 1223 1984 1257 recta
2006 1218 2124 1264 ratio,

358 1294 610 1335 quamquam
648 1282 739 1335 ipsa
777 1281 908 1320 virtus
950 1280 1207 1320 brevissume
1241 1286 1352 1320 recta
1382 1280 1487 1320 ratio
1519 1278 1600 1320 dici
1632 1285 1783 1332 potest.
1831 1280 1967 1319 Huius
1998 1279 2126 1332 igitur

354 1343 518 1383 virtutis
550 1345 758 1383 contraria
789 1347 850 1382 est
884 1342 1087 1382 vitiositas
1109 1365 1160 1370 —
1184 1343 1243 1382 sic
1275 1343 1385 1382 enim
1409 1342 1517 1381 malo
1542 1355 1665 1394 quam
1688 1341 1887 1381 malitiam
1911 1342 2123 1395 appellare

355 1418 464 1452 eam,
506 1418 630 1459 quam
673 1406 817 1445 Graeci
857 1412 1014 1445 κακίαν
1051 1404 1289 1458 appellant3
1333 1417 1425 1443 nam
1463 1404 1620 1444 malitia
1653 1405 1753 1443 certi
1784 1403 2001 1444 cuiusdam
2031 1405 2123 1445 vitii

303 1474 507 1508 20nomen
547 1473 628 1515 est,
674 1468 879 1507 vitiositas
921 1467 1105 1506 omnium
1138 1481 1217 1515 —3
1269 1480 1320 1506 ex
1361 1479 1439 1519 qua
1480 1466 1743 1506 concitantur
1774 1464 2121 1518 perturbationes,

354 1544 460 1584 quae
492 1535 604 1577 sunt,
635 1536 681 1570 ut
710 1529 833 1583 paulo
865 1536 961 1570 ante
994 1530 1193 1576 diximus,
1227 1528 1382 1568 turbidi
1415 1529 1646 1567 animorum
1670 1530 1950 1582 concitatique
1973 1535 2122 1578 motus,

353 1594 486 1634 aversi
529 1606 550 1633 a
590 1593 748 1634 ratione
788 1598 828 1632 et
863 1592 1139 1631 inimicissimi
1172 1592 1322 1630 mentis
1355 1591 1548 1643 vitaeque
1580 1591 1843 1643 tranquillae.
1905 1592 2123 1644 Inportant

353 1656 463 1696 enim
494 1655 777 1709 aegritudines
808 1655 954 1694 anxias
986 1660 1109 1707 atque
1142 1653 1310 1693 acerbas
1342 1653 1588 1706 animosque
1620 1652 1823 1705 adfligunt
1844 1659 1885 1692 et
1907 1653 2124 1693 debilitant

352 1724 490 1766 metu3
534 1718 644 1757 idem
684 1717 943 1756 inflammant
982 1716 1239 1768 adpetitione
1273 1716 1416 1762 nimia,
1460 1728 1583 1768 quam
1617 1721 1704 1754 tum
1737 1716 2005 1768 cupiditatem
2036 1720 2123 1755 tum

302 1780 564 1820 25libidinem
599 1779 797 1826 dicimus,
837 1779 1109 1831 inpotentiam
1142 1778 1349 1831 quandam
1382 1778 1508 1816 animi
1540 1790 1562 1817 a
1601 1778 1876 1830 temperantia
1908 1784 1949 1817 et
1979 1777 2122 1817 mode-

352 1843 511 1883 ratione
542 1842 765 1896 plurimum
797 1841 1082 1881 dissidentem.
1129 1838 1194 1879 3³5.
1230 1841 1347 1888 Quae
1380 1840 1605 1893 siquando
1638 1840 1787 1892 adepta
1811 1841 1889 1880 erit
1909 1840 1975 1887 id,
2008 1838 2123 1893 quod

352 1905 390 1945 ei
427 1904 552 1944 fuerit
589 1904 876 1958 concupitum,
923 1910 1009 1944 tum
1053 1903 1258 1943 ecferetur
1299 1903 1532 1950 alacritate,
1579 1907 1634 1943 ut
1671 1903 1806 1943 nihil
1849 1903 1886 1943 ei
1918 1907 2125 1942 constet

436 2048 467 2079 2.
494 2047 541 2078 illi
566 2047 603 2078 (3¹
629 2064 663 2068 —
697 2046 728 2078 4.
752 2050 886 2086 possunt
911 2046 1117 2078 Lambinus:
1153 2055 1213 2077 non
1243 2050 1376 2085 possunt
1403 2046 1425 2076 C
1454 2063 1487 2067 —
1517 2046 1572 2084 qui
1598 2046 1775 2076 Davisius:
1812 2046 1892 2085 quia
1917 2045 1962 2081 (33
1991 2045 2069 2084 quia
2093 2046 2125 2075 hi

352 2097 548 2129 Lambinus.
577 2114 611 2118 —
640 2098 670 2127 5.
697 2096 822 2127 habes-
839 2114 856 2119 -
873 2097 1041 2134 dispumat.
1065 2096 1196 2127 Nonius
1223 2105 1255 2136 p.
1276 2096 1327 2126 60.
1350 2113 1383 2117 —
1412 2095 1441 2127 6.
1471 2093 1604 2137 λογικά
1629 2104 1713 2127 nos:
1741 2096 1850 2136 logica
1876 2097 1898 2127 C
1916 2096 1940 2126 Ο
1969 2113 2003 2118 —
2030 2096 2060 2126 7.
2082 2104 2126 2126 ex

350 2149 394 2179 C:
421 2156 437 2178 e
460 2148 484 2178 Ο
513 2165 546 2168 -
573 2147 748 2186 scruplosis
773 2148 793 2177 R
825 2149 858 2177 et
885 2147 1133 2186 (superscripta
1162 2146 1210 2177 litt
1251 2155 1271 2176 u
1295 2146 1420 2176 eadem
1448 2155 1480 2177 m
1503 2157 1507 2181 ,ῑ
1535 2150 1577 2177 (31
1611 2148 1775 2185 seruposis
1800 2146 2006 2181 Lambinus,
2034 2147 2058 2177 O
2087 2164 2121 2168 —-

349 2198 379 2229 9.
407 2206 490 2236 quae
514 2198 749 2237 superscripta
776 2196 834 2227 litt..
864 2206 884 2226 a
909 2197 951 2229 ss:
987 2205 1054 2235 qua
1079 2196 1102 2226 O
1129 2213 1163 2217 —
1198 2197 1248 2226 ΙΙ.
1278 2201 1310 2226 ut
1335 2197 1408 2226 aliis
1434 2197 1514 2227 loris
1545 2198 1582 2227 de
1614 2197 1734 2227 virtute
1765 2199 1793 2227 et
1825 2198 1970 2228 discimus
2002 2198 2125 2228 Manu-

350 2248 435 2278 tius:
468 2251 496 2277 et
529 2248 604 2277 aliis
632 2247 709 2277 locis
740 2247 777 2276 de
809 2247 930 2276 uirsuze
960 2250 989 2276 ef.
1021 2247 1168 2276 dirimas
1194 2246 1237 2282 C}
1272 2249 1301 2276 et
1325 2246 1400 2276 aliis
1428 2246 1506 2276 locis
1532 2246 1570 2276 (Ie
1605 2247 1722 2276 rit-Aule
1747 2246 1893 2277 dioeimus
1916 2246 1953 2283 Ο,
1991 2254 2124 2286 «quam

348 2298 556 2337 scripturam
588 2295 708 2328 falsam
741 2305 818 2327 esse
853 2296 904 2326 illa
939 2295 1107 2328 clamant.
1136 2304 1226 2335 quae
1263 2295 1486 2335 parenthesin
1512 2298 1725 2335 sequuntur:
1767 2304 1881 2335 neque
1908 2296 2000 2325 enim
2026 2295 2123 2335 prius

349 2345 447 2383 illud,
481 2347 519 2377 de
546 2347 669 2377 *virtute
702 2346 888 2377 Ciceronem
921 2350 949 2376 el
982 2347 1058 2376 aliis
1085 2347 1164 2376 locis
1188 2346 1307 2376 dimisse
1335 2348 1365 2375 et
1388 2354 1483 2383 saepe
1507 2346 1672 2376 dic-lurum
1696 2354 1772 2378 esse,
1799 2346 1980 2385 repetitur,
2008 2353 2123 2381 neque

349 2404 491 2427 causam
527 2395 631 2427 ullam
664 2395 788 2433 habet,
823 2405 885 2426 cur
917 2404 958 2426 er
990 2396 1111 2426 virtute
1137 2396 1393 2435 proficiscantur
1415 2395 1568 2426 honestae
1591 2395 1782 2426 voluntates.
1810 2394 1859 2426 Cf.
1887 2395 1904 2432 ,Ε
1929 2394 1966 2425 5;
2001 2395 2064 2425 Sed
2087 2394 2125 2426 de

348 2446 462 2477 celeris
483 2447 600 2477 studiis
623 2446 709 2477 alio
733 2447 823 2476 loco
847 2449 883 2476 et
908 2446 1107 2483 dicemus,
1132 2446 1159 2475 si
1184 2454 1259 2475 usus
1282 2445 1400 2483 suerit,
1426 2448 1459 2475 et
1482 2453 1609 2483 saepe
1634 2445 1832 2474 diximus.
1871 2445 1943 2477 Cat.
1968 2445 2011 2477 M.
2039 2445 2057 2484 ἓ
2083 2444 2121 2476 3:

349 2496 411 2526 Sed
434 2496 471 2526 cle
495 2496 608 2526 ceteris
636 2500 669 2526 el
700 2496 884 2526 dicimus
910 2495 1040 2525 malfa
1067 2499 1102 2525 e!
1128 2503 1247 2533 saepe
1271 2495 1487 2525 dicemus.»
1514 2495 1568 2525 W.
1599 2512 1632 2516 —
1660 2494 1712 2525 ⁴7.
1741 2493 1972 2526 breuissumme
1995 2496 2124 2535 (priore

349 2554 380 2575 m
404 2547 586 2585 expuncta)
614 2546 658 2581 G;
686 2544 793 2575 breui.»-
816 2552 940 2583 summe
966 2545 987 2574 B
1018 2562 1050 2565 —
1082 2544 1131 2575 18.
1159 2544 1293 2573 uirtutis
1318 2544 1343 2572 G
1360 2544 1400 2574 13:
1437 2544 1546 2574 uirtus
1571 2544 1592 2573 R
1621 2560 1655 2564 —
1686 2543 1738 2574 20.
1765 2544 1973 2574 concitantur
1998 2545 2125 2576 Came-

350 2595 479 2626 rarius:
507 2597 697 2633 coquantur
721 2595 745 2626 C
771 2613 814 2617 —
838 2594 888 2625 «24.
918 2602 1021 2634 quam
1045 2593 1124 2632 tum]
1153 2597 1314 2631 quonium
1340 2594 1363 2623 G
1394 2610 1427 2614 —
1456 2594 1508 2624 25.
1536 2593 1640 2623 animi
1664 2593 1694 2632 a]
1721 2593 1837 2623 anima
1861 2592 1994 2627 GRB¹;
2021 2595 2125 2624 animi

348 2642 386 2675 B*2
411 2661 444 2666 —
472 2645 524 2675 26.
553 2646 671 2684 adepta
697 2646 758 2675 erit
784 2644 992 2676 Lambinus:
1019 2645 1290 2682 enclemplaretur
1315 2643 1339 2673 C
1361 2658 1395 2664 -
1424 2642 1476 2672 027.
1504 2643 1663 2680 ecferetur
1686 2643 1747 2673 W:
1773 2643 1835 2680 [erl
1853 2642 1895 2672 C:
1920 2644 2027 2681 serim·
2043 2643 2122 2675 cod.

349 2694 587 2734 Gryphianus:
621 2696 761 2733 affertur
790 2697 824 2725 et
848 2704 886 2724 ca
909 2694 1015 2733 fertur
1039 2692 1112 2723 alii:
1149 2693 1284 2732 efl'erlur
1308 2692 1350 2722 Ο,
1393 2693 1456 2722 «ln
1482 2701 1519 2722 ea
1542 2692 1661 2730 femur,
1694 2692 1834 2730 affertur
1859 2690 1965 2722 latere
1990 2694 2126 2732 effertur

350 2743 516 2783 (ecfertur)
543 2743 626 2774 vidit
650 2743 825 2775 Bentleius
852 2744 971 2783 [immo
997 2744 1175 2779 Davisius,
1209 2743 1307 2773 cuius
1340 2741 1626 2773 emendationem
1652 2742 1868 2781 ingeniosam
1893 2745 1994 2773 vocat
2019 2743 2125 2775 Bent-

349 2792 430 2832 leyJ.
466 2794 515 2824 De
542 2802 580 2824 ea
608 2793 911 2833 perturbatzonum
939 2795 1048 2833 perte⁷
1077 2801 1166 2831 quae
1193 2795 1244 2822 est
1263 2792 1388 2821 laz’lilia
1405 2792 1555 2831 gestiens,
1583 2800 1648 2831 qua
1668 2792 1804 2822 animus
1825 2793 1967 2823 inaniter
1981 2796 2010 2823 et
2027 2794 2125 2833 effuse

349 2842 493 2873 exsultat
518 2842 546 2881 (g
566 2843 615 2873 13.
645 2843 682 2879 V,
703 2843 760 2876 116:
790 2843 892 2873 Stoici
911 2843 954 2873 ita
974 2842 1202 2880 definiebant,
1229 2838 1371 2883 ἄλογον
1395 2837 1609 2885 ἔπαρσιν,
1636 2842 1703 2872 sine
1719 2843 1847 2873 ratione
1871 2842 2120 2883 elationem),

351 2892 474 2922 Cicero
500 2900 642 2932 semper
665 2892 824 2930 ecferendi
852 2892 882 2928 [i.
911 2901 941 2923 e.
969 2890 1182 2929 exsultandi⁷
1210 2890 1400 2931 gestiendi,
1430 2890 1636 2929 bacchandi)
1663 2890 1772 2922 verbo
1798 2892 1924 2927 ulitur;
1950 2891 2018 2923 vid.
2040 2891 2057 2932 S
2082 2893 2122 2923 ⁴2

349 2941 494 2978 laetitia,
521 2945 554 2971 ιιι
579 2942 698 2979 adepta
724 2942 791 2971 iam
815 2942 942 2980 aliquid
967 2942 1191 2979 concupitum.
1217 2941 1384 2980 ecferatur
1408 2944 1435 2970 et
1458 2942 1587 2979 yesliat.
1620 2941 1666 2972 14.
1688 2940 1739 2971 37.
1760 2941 1800 2972 39
1819 2942 1968 2979 qamt·-
1986 2941 2123 2980 adeptus

348 2991 474 3030 ecferas
497 2994 525 3021 te
550 2991 722 3021 insolenter
747 2991 800 3024 (cf.
829 2992 846 3031 g
872 2991 937 3027 ΞΟ).
974 2990 1026 3021 66.
1053 2991 1106 3022 68.
1134 2991 1172 3026 V,
1202 2992 1250 3021 ⁴6.
1285 2991 1330 3021 ¹7.
1359 2991 1414 3023 111.
1440 2991 1492 3021 253.
1522 2990 1572 3022 24..
1606 2990 1710 3021 Acad.
1739 2991 1763 3027 I.
1790 2990 1849 3022 38:
1878 2989 1919 3021 cf.
1948 2999 1980 3030 p.
2009 2991 2119 3022 Deiot.

349 3041 367 3079 g·
392 3040 444 3071 ⁶26.
472 3039 513 3070 ad
542 3040 632 3070 Fam.
661 3041 699 3078 ΙΙ,
728 3041 780 3076 rto,
808 3043 836 3070 4.
865 3041 903 3076 X,
932 3041 983 3077 1¹2,
1012 3041 1041 3071 Ξ.
1069 3040 1111 3071 de
1140 3041 1207 3071 liin.
1236 3040 1274 3073 V,
1303 3040 1355 3069 til.
1382 3040 1425 3070 (le
1453 3041 1535 3080 Rep.
1558 3041 1683 3074 111.st
1712 3041 1806 3071 Ferri
1832 3041 1862 3078 (i.
1891 3049 1921 3071 e.
1947 3041 2040 3079 rapi,
2069 3041 2121 3071 in-

348 3089 446 3120 citari
477 3089 519 3119 ad
550 3088 678 3129 aliquid
704 3090 911 3130 potiundum
937 3089 1169 3129 agendumve}
1199 3092 1293 3120 recte
1320 3089 1445 3120 dicitur
1470 3090 1512 3120 de
1542 3090 1674 3121 libidine
1698 3091 1844 3129 eiusque
1870 3089 2027 3130 partibus
2053 3090 2118 3128 (ΙΙΙ,

351 3139 384 3169 Η
415 3137 457 3169 cs.
486 3138 540 3175 lv„
570 3139 638 3168 wi:
673 3140 729 3178 qui
763 3142 881 3170 autem
910 3140 1035 3170 laetitia
1059 3140 1162 3169 ‘nimia
1196 3138 1432 3178 perturbatur,
1461 3140 1553 3179 quod
1579 3140 1799 3180 concupivit,
1834 3147 1875 3169 eo
1901 3139 2029 3179 potitus
2054 3141 2117 3177 est,

351 3196 417 3219 nec
442 3196 544 3227 agere
571 3188 760 3228 quicquam
787 3190 868 3226 vult,
895 3190 970 3225 sed,
998 3188 1055 3219 ubi
1081 3189 1123 3220 sit
1149 3188 1275 3227 quidve
1294 3191 1388 3226 agat,
1418 3189 1545 3223 nescit,
1574 3189 1592 3220 i.
1614 3198 1643 3219 e.
1665 3190 1810 3228 effertur.
1837 3188 1904 3219 Sed
1924 3197 1966 3219 ne
1985 3189 2120 3228 effertur

350 3237 492 3278 quiden]
526 3237 606 3267 viiio
640 3239 753 3267 caret:
791 3242 869 3277 post
900 3238 1013 3269 sutura
1046 3241 1203 3278 tempora
1236 3237 1370 3276 (adepta
1399 3239 1476 3275 eris,
1513 3238 1615 3277 fuerit
1638 3239 1859 3278 concupitum)
1895 3246 2039 3269 necesse
2066 3239 2119 3269 est

350 3286 473 3319 scribi:
501 3287 663 3326 efferetur.
698 3287 875 3318 Praesenti
901 3291 1060 3329 tempore
1080 3288 1202 3319 Cicero
1219 3286 1421 3327 generalem
1439 3288 1651 3319 sententiam
1668 3288 1718 3320 sic
1737 3288 1969 3320 enuntiasset:
1996 3288 2117 3328 adepta
