2249 3624
399 179 481 222 338
834 182 1262 224 TUSCULANARUM
1293 180 1732 222 DISPUTATIONUM

400 305 527 334 ausus
558 290 664 331 elate
696 294 737 330 et
768 289 904 343 ample
943 289 1081 343 loqui,
1120 302 1213 328 cum
1250 287 1466 327 humiliter
1496 287 1762 340 demisseque
1793 286 1978 326 sentiret.
2033 286 2167 335 Quam

399 355 527 401 bene,
560 366 642 393 non
678 352 918 406 quaeritur;
951 357 1192 391 constanter
1222 349 1392 403 quidem
1424 355 1548 389 certe.
1593 349 1736 402 Itaque
1768 348 1868 388 mihi
1897 349 2063 401 placere
2085 363 2171 390 non

400 418 505 458 solet
534 414 838 469 consequentia
867 412 1198 466 reprehendere,
1232 425 1324 451 cum
1356 411 1491 464 prima
1521 411 1788 450 concesseris.
1829 411 1906 450 Hic
1928 417 2067 452 autem
2089 411 2172 450 ele-

400 479 666 532 gantissimus
707 477 889 517 omnium
930 474 1281 528 philosophorum
1319 480 1358 513 et
1400 473 1709 513 eruditissimus
1744 486 1827 513 non
1864 486 2015 526 magno
2046 486 2173 527 opere

365 540 740 596 breprehenditum
774 552 867 578 cum
899 538 977 576 tria
1008 549 1161 588 genera
1195 535 1296 575 dicit
1326 536 1556 582 bonorum3
1588 541 1765 575 vexatur
1795 541 1934 575 autem
1967 536 2018 575 ab
2040 536 2175 575 omni-

400 603 498 651 bus,
538 603 716 656 primum
758 601 799 639 in
841 614 890 639 eo
930 599 1058 645 libro,
1101 612 1224 651 quem
1267 598 1432 652 scripsit
1470 598 1521 638 de
1553 600 1637 638 vita
1675 598 1815 645 beata,
1856 599 1899 638 in
1931 612 2016 652 quo
2048 597 2176 637 multa

400 665 604 719 disputat,
636 676 761 716 quam
794 662 845 702 ob
878 675 962 700 rem
995 661 1051 707 is,
1084 661 1153 713 qui
1174 666 1430 714 torqueatur,
1462 662 1533 714 qui
1555 661 1775 707 crucietur,
1807 661 1955 700 heatus
1978 674 2071 701 esse
2091 673 2177 700 non

398 728 551 781 possit;
584 727 626 766 in
658 739 706 764 eo
739 724 862 764 etiam
895 728 1067 776 putatur
1087 722 1241 769 dicere,
1272 723 1312 762 in
1340 729 1473 763 rotam
1496 723 1656 762 beatam
1680 724 1806 763 vitam
1827 736 1913 762 non
1939 723 2176 763 escendere.

398 791 491 829 Non
537 801 714 841 usquam
761 786 803 825 id
847 785 1020 838 quidem
1067 785 1167 825 dicit
1210 786 1404 832 omniun,
1448 785 1520 825 sed
1563 799 1670 838 quae
1711 785 1830 832 dicit,
1872 785 1985 825 idem
2022 785 2175 825 valent.

351 851 465 892 2025.
507 852 678 891 Possum
716 849 861 901 igitur,
902 848 967 887 cui
1009 849 1284 887 concesserim
1325 848 1368 888 in
1410 847 1530 886 malis
1568 860 1659 887 esse
1692 847 1857 888 dolores
1890 847 2100 899 corporis,
2132 846 2176 886 in

399 914 517 954 malis
551 911 769 963 naufragia
800 910 1010 956 fortunae,
1047 910 1143 949 huic
1173 923 1418 950 suscensere
1451 909 1604 948 dicenti
1637 923 1720 948 non
1753 909 1888 949 omnis
1918 909 2052 949 bonos
2085 922 2176 949 esse

398 977 564 1022 beatos,
597 988 690 1014 cum
723 973 766 1012 in
798 973 934 1012 omnis
965 973 1099 1012 bonos
1133 986 1198 1019 ea,
1232 986 1340 1026 quae
1369 972 1439 1011 ille
1461 973 1503 1011 in
1527 972 1644 1011 malis
1666 978 1880 1018 numerat,
1912 972 2060 1011 cadere
2082 985 2177 1024 pos-

399 1039 508 1078 sint?
549 1038 736 1076 Vexatur
775 1035 888 1074 idem
927 1035 1242 1088 Theophrastus
1281 1041 1321 1075 et
1362 1035 1480 1074 libris
1513 1040 1553 1073 et
1583 1033 1739 1073 scholis
1771 1034 1957 1073 omnium
1989 1033 2177 1087 philoso-

398 1101 594 1155 phorum,
627 1098 740 1152 quod
773 1098 816 1137 in
850 1097 1105 1138 Callisthene
1137 1111 1213 1136 suo
1246 1097 1426 1136 laudarit
1456 1096 1570 1135 illam
1603 1096 1874 1136 sententiam:

348 1172 384 1199 45
723 1161 885 1200 Vitam
918 1160 1057 1213 regit
1086 1159 1327 1205 fortuna,
1362 1173 1456 1199 non
1490 1159 1778 1212 sapientia.

397 1227 560 1279 Negant
597 1224 647 1264 ab
689 1223 777 1263 ullo
820 1221 1072 1276 philosopho
1106 1223 1330 1275 quicquam
1364 1222 1522 1261 dictum
1555 1234 1647 1261 esse
1679 1221 1934 1274 languidius.
1982 1222 2106 1261 Recte
2136 1220 2179 1260 id

399 1289 588 1343 quidem,
626 1286 698 1327 sed
740 1285 843 1325 nihil
875 1284 1076 1336 intellego
1109 1284 1191 1324 dici
1224 1285 1411 1337 potuisse
1443 1284 1718 1324 constantius.
1772 1284 1816 1323 Si
1849 1284 1958 1323 enim
1990 1289 2052 1324 tot
2082 1287 2179 1323 sunt

398 1352 441 1391 in
473 1363 647 1404 corpore
678 1348 805 1394 bona,
838 1352 899 1387 tot
930 1352 1049 1386 extra
1081 1359 1233 1398 corpus
1265 1348 1308 1386 in
1342 1360 1439 1387 casu
1463 1352 1588 1400 atque
1615 1346 1804 1392 fortuna,
1837 1360 1977 1386 nonne
1999 1359 2179 1386 consen-

399 1421 566 1455 taneum
599 1417 662 1452 est
694 1411 785 1465 plus
816 1409 1045 1454 fortunam,
1087 1422 1193 1462 quae
1226 1409 1394 1449 domina
1426 1423 1564 1449 rerum
1598 1410 1650 1449 sit
1683 1416 1723 1449 et
1755 1416 2022 1449 externarum
2055 1415 2096 1449 et
2125 1408 2178 1449 ad

351 1485 387 1514 ιο
400 1490 551 1530 corpus
582 1474 902 1528 pertinentium,
936 1485 1060 1525 quam
1087 1471 1305 1511 consilium
1328 1472 1497 1512 valere?
1550 1471 1614 1511 26.
1639 1475 1701 1511 An
1724 1472 1928 1512 malumus
1949 1471 2178 1525 Epicurum

399 1539 581 1580 imitari?
630 1537 702 1590 qui
748 1535 876 1575 multa
917 1535 1129 1588 praeclare
1169 1547 1294 1587 saepe
1337 1535 1461 1581 dicit;
1511 1548 1636 1588 quam
1677 1535 1785 1574 enim
1827 1535 1904 1574 sibi
1939 1540 2179 1575 constanter

401 1602 788 1653 convenienterque
820 1599 949 1644 dicat,
983 1612 1065 1637 non
1098 1597 1268 1636 laborat.
1322 1597 1482 1636 Laudat
1513 1603 1681 1637 tenuem
1713 1597 1892 1637 victum:
1933 1596 2177 1651 philosophi

400 1664 442 1705 id
474 1663 664 1718 quidem,
703 1661 775 1701 sed
814 1662 846 1700 si
886 1661 1076 1700 Socrates
1108 1665 1179 1699 aut
1210 1659 1479 1699 Antisthenes
1512 1660 1690 1707 diceret,
1731 1674 1814 1699 non
1848 1661 1902 1706 is,
1945 1661 2016 1714 qui
2051 1659 2174 1701 finem

400 1728 609 1768 bonorum
641 1725 894 1777 voluptatem
919 1736 1012 1762 esse
1034 1722 1200 1762 dixerit.
1242 1722 1373 1773 Negat
1394 1735 1650 1775 quemquam
1672 1722 1854 1762 iucunde
1876 1737 2001 1775 posse
2024 1723 2177 1772 vivere,

351 1791 480 1831 asnisi
513 1789 623 1829 idem
655 1787 848 1832 honeste,
892 1785 1102 1839 sapienter
1135 1786 1329 1837 iusteque
1362 1785 1497 1824 vivat:
1540 1785 1644 1824 nihil
1678 1785 1863 1837 gravius,
1903 1785 2009 1825 nihil
2040 1786 2180 1839 philo—

402 1853 552 1907 sophia
582 1850 764 1903 dignius,
796 1848 875 1887 nisi
907 1848 1019 1887 idem
1052 1847 1129 1887 hoc
1154 1848 1292 1900 ipsum
1314 1846 1503 1893 honeste,
1527 1847 1752 1900 sapienter,
1784 1848 1890 1888 iuste
1912 1848 1963 1888 ad
1988 1849 2180 1902 volupta-

402 1922 484 1956 tem
516 1913 703 1954 referret.
751 1911 862 1959 Quid
895 1910 1042 1950 melius
1077 1922 1205 1963 quam
1237 1909 1445 1949 fortunam
1470 1910 1663 1962 exiguam
1694 1910 1947 1950 intervenire
1970 1911 2178 1964 sapienti?

403 1979 474 2019 sed
506 1977 586 2017 hoc
617 1976 706 2015 isne
738 1973 857 2020 dicit,
894 1973 966 2025 qui
999 1986 1093 2011 cum
1126 1972 1314 2011 dolorem
1347 1985 1431 2010 non
1465 1972 1589 2012 modo
1623 1986 1865 2012 maxumum
1898 1973 2072 2022 malum,
2105 1974 2180 2014 sed

403 2041 539 2082 solum
572 2039 723 2078 malum
757 2037 880 2075 etiam
914 2035 1082 2081 dixerit,
1116 2041 1202 2074 toto
1235 2048 1411 2087 corpore
1445 2035 1624 2088 opprimi
1656 2035 1788 2088 possit
1817 2035 2032 2076 doloribus
2065 2049 2180 2077 acer-

353 2104 533 2144 aorumis
573 2107 678 2147 tum,
721 2112 813 2138 cum
854 2098 1033 2137 maxime
1071 2104 1215 2137 contra
1253 2096 1460 2137 fortunam
1500 2097 1733 2149 glorietur?
1794 2095 1857 2136 27.
1898 2098 2022 2146 Quod
2064 2098 2178 2138 idem

404 2164 648 2207 melioribus
679 2162 804 2202 etiam
836 2161 973 2200 verbis
1004 2160 1287 2200 Metrodorus:
1323 2160 1590 2213 Occupavi
1629 2166 1696 2207 te,
1736 2160 1894 2213 inquit,
1926 2161 2180 2209 Fortuna,

403 2235 562 2283 atque
593 2225 703 2279 cepi
736 2224 1009 2276 omnisque
1041 2224 1217 2263 aditus
1250 2230 1366 2263 tuos
1397 2223 1708 2269 interclusi,
1740 2229 1793 2262 ut
1823 2224 1878 2263 ad
1912 2237 1983 2263 me
2013 2223 2181 2277 adspi-

403 2304 526 2331 rare
568 2302 669 2329 non
712 2300 915 2341 posses.
970 2286 1203 2332 Praeclare,
1247 2287 1281 2325 si
1319 2287 1458 2325 Aristo
1502 2285 1627 2325 Chius
1670 2292 1740 2325 aut
1770 2286 1803 2325 si
1838 2286 2005 2326 Stoicus
2036 2287 2180 2326 Zenon

405 2353 581 2400 diceret,
614 2351 686 2405 qui
720 2350 798 2389 nisi
832 2350 944 2403 quod
977 2355 1096 2402 turpe
1129 2354 1239 2388 esset
1261 2348 1364 2387 nihil
1388 2348 1543 2387 malum
1566 2347 1750 2388 duceret.
1797 2349 1858 2388 Tu
1881 2362 1993 2395 vero,
2025 2349 2180 2388 Metro-

354 2416 525 2462 amore,
558 2415 629 2469 qui
661 2426 784 2454 omne
816 2412 969 2452 bonum
1003 2413 1044 2452 in
1078 2411 1306 2451 visceribus
1339 2411 1621 2465 medullisque
1649 2411 1884 2452 condideris
1907 2417 1946 2451 et
1968 2409 2180 2451 definieris

405 2491 614 2519 summum
650 2477 806 2516 bonum
845 2473 959 2514 firma
993 2474 1181 2526 corporis
1217 2473 1454 2514 adfectione
1492 2475 1792 2528 explorataque
1825 2476 1908 2514 eius
1940 2488 2013 2528 spe
2049 2474 2182 2515 conti-

405 2542 514 2588 neri,
545 2541 754 2580 Fortunae
787 2537 923 2577 aditus
954 2537 1255 2577 inter-elusisti?
1296 2536 1388 2585 Quo
1419 2538 1576 2577 modo?
1609 2539 1688 2577 isto
1722 2539 1834 2577 enim
1864 2538 1976 2577 bono
2005 2538 2085 2578 iam
2108 2550 2182 2577 ex-

405 2603 556 2657 poliari
588 2607 720 2656 potes.

491 2813 521 2845 4.
548 2820 747 2853 magnopere
776 2812 800 2843 C
835 2827 868 2833 -—
908 2812 938 2842 ὅ.
966 2811 1029 2841 diei
1059 2811 1122 2841 GR
1157 2829 1187 2832 —
1223 2811 1253 2842 8.
1280 2809 1401 2850 rotam]
1433 2813 1541 2841 rotam
1573 2810 1604 2840 id
1636 2814 1680 2841 es!
1713 2818 1815 2850 yenus
1839 2811 2005 2848 quoddam
2028 2812 2182 2843 tormenti

405 2865 493 2904 apud
516 2871 629 2905 yrecos
655 2864 696 2894 C.
730 2861 791 2893 sed
819 2861 850 2893 in
878 2861 901 2892 R
926 2859 1044 2892 verbis
1076 2860 1109 2890 id
1140 2864 1185 2891 est
1202 2877 1248 2882 --
1266 2868 1379 2900 grecos
1404 2860 1546 2900 antiquo
1571 2861 1768 2891 atramento
1799 2859 1887 2891 linea
1913 2859 2088 2893 subducta
2113 2862 2178 2893 est.

404 2912 490 2944 Vide
515 2913 558 2944 ad
584 2913 595 2943 1
621 2912 639 2953 ἓ
663 2912 715 2942 52.
747 2929 780 2933 —
807 2911 988 2941 escenderet
1013 2910 1096 2940 GR:
1131 2910 1306 2941 ascendere
1329 2910 1352 2941 B
1382 2927 1414 2932 —
1444 2910 1495 2941 Μ.
1521 2918 1706 2941 suscensere
1730 2911 1772 2941 R:
1800 2918 1987 2941 succensere
2011 2910 2114 2942 GBO
2141 2926 2177 2932 -

406 2962 456 2994 ⁴3.
482 2963 577 2995 scolis
601 2963 663 2994 GR
692 2979 724 2983 —
754 2962 806 2993 22.
833 2961 937 2992 lauda
962 2960 1025 2991 GR
1052 2961 1084 2991 et
1108 2962 1296 3000 “super-scr.
1317 2959 1383 2990 ead
1416 2968 1460 2991 m.
1483 2960 1530 2995 at)
1557 2961 1579 2991 Β
1610 2978 1635 2981 -
1670 2959 1722 2991 24.
1749 2967 1815 2991 esse
1839 2967 1908 2991 om.
1931 2957 1969 2990 G¹
1991 2977 2020 2982 -
2051 2959 2103 2990 27.
2123 2959 2180 3000 qui

405 3013 469 3044 GR
495 3014 530 3043 et
553 3011 743 3051 (superscr.
773 3010 849 3042 ead.
877 3019 922 3042 m.
951 3010 979 3044 d:
1006 3010 1030 3040 B
1059 3026 1092 3031 -
1128 3010 1180 3041 28.
1208 3010 1295 3040 hisne
1321 3010 1344 3039 G
1361 3010 1392 3041 R·
1420 3027 1453 3031 -
1488 3009 1539 3040 30.
1568 3010 1654 3049 quod
1681 3010 1831 3041 idem--
1849 3009 2057 3041 Metrodorus
2080 3016 2180 3040 occu·

399 3063 493 3102 pavit
517 3062 647 3094 Nonius
675 3069 706 3100 p.
727 3060 801 3092 355.
832 3078 863 3083 -
895 3060 947 3091 32.
975 3061 1063 3099 coepi
1088 3060 1111 3090 R
1142 3076 1173 3080 —
1203 3058 1255 3089 33.
1283 3059 1479 3090 aristochtus
1504 3061 1560 3091 G1:
1587 3059 1802 3090 aristocchius
1820 3058 1862 3095 R,
1889 3058 2125 3089 aristhoceht'us
2140 3057 2181 3090 G²

404 3127 436 3135 —
467 3111 550 3142 Zeno
575 3111 600 3141 O
627 3126 660 3131 —
690 3110 743 3143 36.
769 3111 902 3149 corpori
927 3111 950 3141 G
970 3111 991 3141 R
1018 3127 1058 3132 -—-
1083 3110 1151 3140 eius
1176 3108 1384 3140 Lambinus:
1413 3117 1483 3139 om.
1511 3109 1534 3140 C
1551 3110 1592 3141 O.
1621 3108 1670 3140 Cf.
1699 3108 1742 3140 de
1767 3107 1864 3139 offic.
1892 3108 1934 3138 ΙΙΙ
1960 3107 1978 3148 ξ
2004 3107 2082 3138 447:
2108 3106 2180 3138 υἰια

403 3161 506 3191 omnis
531 3159 628 3191 beata
652 3162 800 3199 corporis
821 3163 920 3200 firma
944 3160 1176 3190 constitutione
1199 3159 1365 3197 eiusque
1390 3159 1709 3190 constitutionis
1731 3166 1787 3197 spe
1809 3157 1985 3196 eaeplorata
2003 3156 2092 3196 (uta
2107 3156 2180 3188 Me-

402 3210 536 3241 erodoro
566 3209 722 3248 scriptum
754 3210 812 3248 est)
841 3209 1036 3240 conlinelw‘.
1079 3207 1243 3240 Clemens
1274 3206 1368 3238 Alex.
1396 3209 1434 3238 ll.
1463 3208 1590 3239 Strom.
1617 3216 1650 3248 p.
1677 3206 1759 3239 498:
1789 3201 1950 3248 Ἀγαθὸν
1978 3202 2115 3246 ψυχῆς
2145 3205 2180 3237 τί
2233 3227 2237 3233 .

402 3255 496 3292 ἄλλο
527 3253 553 3300 ἦ
586 3253 629 3290 τὸ
660 3255 804 3302 σαρκὸς
837 3254 1022 3297 εὐσταθὲς
1053 3255 1282 3299 κατάστημα
1313 3257 1374 3287 καὶ
1407 3254 1450 3288 τὸ
1482 3258 1565 3302 περὶ
1598 3254 1738 3298 ταύτης
1768 3252 1903 3288 πιστὸν
1938 3251 2113 3297 ἔλπισμα.
2142 3271 2176 3277 -

402 3308 563 3340 contineri
587 3306 680 3340 delet
704 3306 795 3338 Bake
821 3306 841 3338 l.
869 3306 888 3338 l.
917 3316 948 3348 p.
979 3307 1051 3340 408.
1082 3322 1116 3330 -
1145 3307 1197 3339 37.
1225 3305 1396 3346 expoliare
1410 3309 1515 3346 potest
1540 3307 1582 3338 C.
