<?xml version="1.0" encoding="UTF-8"?>
<!DOCTYPE html PUBLIC "-//W3C//DTD XHTML 1.0 Transitional//EN"
    "http://www.w3.org/TR/xhtml1/DTD/xhtml1-transitional.dtd">
<html xmlns="http://www.w3.org/1999/xhtml" xml:lang="en" lang="en">
 <head>
  <title>
</title>
<meta http-equiv="Content-Type" content="text/html;charset=utf-8" />
  <meta name='ocr-system' content='tesseract 3.04.00' />
  <meta name='ocr-capabilities' content='ocr_page ocr_carea ocr_par ocr_line ocrx_word'/>
</head>
<body>
  <div class='ocr_page' id='page_1' title='image "./operaquaesupersu04ciceuoft_0146.png"; bbox 0 0 2249 3624; ppageno 0'>
   <div class='ocr_carea' id='block_1_1' title="bbox 326 113 1699 164">
    <p class='ocr_par' dir='ltr' id='par_1_1' title="bbox 326 113 1699 164">
     <span class='ocr_line' id='line_1_1' title="bbox 326 113 1699 164; baseline 0.007 -9"><span class='ocrx_word' id='word_1_1' title='bbox 326 113 403 155; x_wconf 51' lang='grc' dir='ltr'>ί124</span> <span class='ocrx_word' id='word_1_2' title='bbox 708 120 776 160; x_wconf 94' lang='lat' dir='ltr'>DE</span> <span class='ocrx_word' id='word_1_3' title='bbox 809 118 1014 160; x_wconf 91' lang='lat' dir='ltr'>FINIBUS</span> <span class='ocrx_word' id='word_1_4' title='bbox 1045 119 1306 161; x_wconf 90' lang='lat' dir='ltr'>BONORUM</span> <span class='ocrx_word' id='word_1_5' title='bbox 1335 121 1403 162; x_wconf 93' lang='lat' dir='ltr'>ET</span> <span class='ocrx_word' id='word_1_6' title='bbox 1434 123 1699 164; x_wconf 86' lang='lat' dir='ltr'>MALORUM</span> 
     </span>
    </p>
   </div>
   <div class='ocr_carea' id='block_1_2' title="bbox 264 232 2083 2408">
    <p class='ocr_par' dir='ltr' id='par_1_2' title="bbox 264 232 2083 2408">
     <span class='ocr_line' id='line_1_2' title="bbox 322 232 1334 286; baseline 0.002 -15"><span class='ocrx_word' id='word_1_7' title='bbox 322 232 429 272; x_wconf 85' lang='lat' dir='ltr'>Huic</span> <span class='ocrx_word' id='word_1_8' title='bbox 459 232 663 286; x_wconf 84' lang='lat' dir='ltr'><strong>Epicurus</strong></span> <span class='ocrx_word' id='word_1_9' title='bbox 693 236 956 285; x_wconf 84' lang='lat' dir='ltr'>praecentet,</span> <span class='ocrx_word' id='word_1_10' title='bbox 988 232 1022 272; x_wconf 91' lang='lat' dir='ltr'>si</span> <span class='ocrx_word' id='word_1_11' title='bbox 1052 237 1210 286; x_wconf 90' lang='lat' dir='ltr'>potest,</span> <span class='ocrx_word' id='word_1_12' title='bbox 1241 247 1334 273; x_wconf 90' lang='lat' dir='ltr'>cum</span> 
     </span>
     <span class='ocr_line' id='line_1_3' title="bbox 573 294 1571 347; baseline 0.004 -14"><span class='ocrx_word' id='word_1_13' title='bbox 573 295 606 334; x_wconf 89' lang='lat' dir='ltr'>E</span> <span class='ocrx_word' id='word_1_14' title='bbox 639 294 878 347; x_wconf 88' lang='lat' dir='ltr'>viperino</span> <span class='ocrx_word' id='word_1_15' title='bbox 909 307 1081 333; x_wconf 90' lang='lat' dir='ltr'>morsu</span> <span class='ocrx_word' id='word_1_16' title='bbox 1112 308 1276 335; x_wconf 89' lang='lat' dir='ltr'>venae</span> <span class='ocrx_word' id='word_1_17' title='bbox 1308 295 1571 336; x_wconf 90' lang='lat' dir='ltr'>viscerum</span> 
     </span>
     <span class='ocr_line' id='line_1_4' title="bbox 575 356 1781 399; baseline 0.003 -4"><span class='ocrx_word' id='word_1_18' title='bbox 575 357 773 396; x_wconf 90' lang='lat' dir='ltr'>Veneno</span> <span class='ocrx_word' id='word_1_19' title='bbox 804 356 1036 396; x_wconf 84' lang='lat' dir='ltr'>imbutae</span> <span class='ocrx_word' id='word_1_20' title='bbox 1068 361 1265 397; x_wconf 90' lang='lat' dir='ltr'>taetros</span> <span class='ocrx_word' id='word_1_21' title='bbox 1298 359 1577 398; x_wconf 87' lang='lat' dir='ltr'>cruciatus</span> <span class='ocrx_word' id='word_1_22' title='bbox 1609 359 1781 399; x_wconf 86' lang='lat' dir='ltr'>cient!</span> 
     </span>
     <span class='ocr_line' id='line_1_5' title="bbox 325 418 2079 472; baseline 0.004 -14"><span class='ocrx_word' id='word_1_23' title='bbox 325 419 393 458; x_wconf 88' lang='lat' dir='ltr'>Sic</span> <span class='ocrx_word' id='word_1_24' title='bbox 423 420 650 472; x_wconf 87' lang='lat' dir='ltr'>Epicurus:</span> <span class='ocrx_word' id='word_1_25' title='bbox 682 418 932 459; x_wconf 81' lang='lat' dir='ltr'>Philocteta!</span> <span class='ocrx_word' id='word_1_26' title='bbox 965 419 999 458; x_wconf 91' lang='lat' dir='ltr'>si</span> <span class='ocrx_word' id='word_1_27' title='bbox 1031 420 1166 472; x_wconf 89' lang='lat' dir='ltr'>gravis</span> <span class='ocrx_word' id='word_1_28' title='bbox 1197 419 1336 468; x_wconf 89' lang='lat' dir='ltr'>dolor,</span> <span class='ocrx_word' id='word_1_29' title='bbox 1367 421 1516 460; x_wconf 89' lang='lat' dir='ltr'>brevis.</span> <span class='ocrx_word' id='word_1_30' title='bbox 1578 422 1630 460; x_wconf 89' lang='lat' dir='ltr'>At</span> <span class='ocrx_word' id='word_1_31' title='bbox 1660 421 1740 461; x_wconf 90' lang='lat' dir='ltr'>iam</span> <span class='ocrx_word' id='word_1_32' title='bbox 1772 421 1977 463; x_wconf 88' lang='lat' dir='ltr'>decimum</span> <span class='ocrx_word' id='word_1_33' title='bbox 2007 439 2079 465; x_wconf 86' lang='lat' dir='ltr'>an-</span> 
     </span>
     <span class='ocr_line' id='line_1_6' title="bbox 291 481 2075 534; baseline 0.003 -14"><span class='ocrx_word' id='word_1_34' title='bbox 291 489 420 520; x_wconf 83' lang='lat' dir='ltr'>5num</span> <span class='ocrx_word' id='word_1_35' title='bbox 451 483 493 521; x_wconf 89' lang='lat' dir='ltr'>in</span> <span class='ocrx_word' id='word_1_36' title='bbox 525 482 725 534; x_wconf 91' lang='lat' dir='ltr'>spelunca</span> <span class='ocrx_word' id='word_1_37' title='bbox 753 481 881 521; x_wconf 85' lang='lat' dir='ltr'>iacet!</span> <span class='ocrx_word' id='word_1_38' title='bbox 916 481 984 521; x_wconf 86' lang='lat' dir='ltr'>«Si</span> <span class='ocrx_word' id='word_1_39' title='bbox 1007 481 1169 534; x_wconf 92' lang='lat' dir='ltr'>longus,</span> <span class='ocrx_word' id='word_1_40' title='bbox 1202 482 1327 530; x_wconf 90' lang='lat' dir='ltr'>levis;</span> <span class='ocrx_word' id='word_1_41' title='bbox 1360 482 1429 522; x_wconf 90' lang='lat' dir='ltr'>dat</span> <span class='ocrx_word' id='word_1_42' title='bbox 1450 483 1559 522; x_wconf 93' lang='lat' dir='ltr'>enim</span> <span class='ocrx_word' id='word_1_43' title='bbox 1579 483 1798 524; x_wconf 89' lang='lat' dir='ltr'>intervalla</span> <span class='ocrx_word' id='word_1_44' title='bbox 1820 490 1860 524; x_wconf 88' lang='lat' dir='ltr'>et</span> <span class='ocrx_word' id='word_1_45' title='bbox 1879 486 2075 526; x_wconf 81' lang='lat' dir='ltr'>relaxat.»</span> 
     </span>
     <span class='ocr_line' id='line_1_7' title="bbox 323 541 2080 601; baseline 0.005 -21"><span class='ocrx_word' id='word_1_46' title='bbox 323 541 388 581; x_wconf 78' lang='lat'>95.</span> <span class='ocrx_word' id='word_1_47' title='bbox 420 543 603 583; x_wconf 90' lang='lat' dir='ltr'>Primum</span> <span class='ocrx_word' id='word_1_48' title='bbox 634 558 718 584; x_wconf 91' lang='lat' dir='ltr'>non</span> <span class='ocrx_word' id='word_1_49' title='bbox 749 558 898 597; x_wconf 88' lang='lat' dir='ltr'>saepe,</span> <span class='ocrx_word' id='word_1_50' title='bbox 931 543 1083 584; x_wconf 92' lang='lat' dir='ltr'>deinde</span> <span class='ocrx_word' id='word_1_51' title='bbox 1114 557 1220 597; x_wconf 90' lang='lat' dir='ltr'>quae</span> <span class='ocrx_word' id='word_1_52' title='bbox 1253 550 1315 584; x_wconf 92' lang='lat' dir='ltr'>est</span> <span class='ocrx_word' id='word_1_53' title='bbox 1344 545 1423 584; x_wconf 86' lang='lat' dir='ltr'>ista</span> <span class='ocrx_word' id='word_1_54' title='bbox 1447 545 1664 592; x_wconf 79' lang='lat' dir='ltr'>relaxatio,</span> <span class='ocrx_word' id='word_1_55' title='bbox 1696 559 1788 585; x_wconf 87' lang='lat' dir='ltr'>cum</span> <span class='ocrx_word' id='word_1_56' title='bbox 1812 552 1851 586; x_wconf 89' lang='lat' dir='ltr'>et</span> <span class='ocrx_word' id='word_1_57' title='bbox 1871 549 2080 601; x_wconf 88' lang='lat' dir='ltr'>praeteriti</span> 
     </span>
     <span class='ocr_line' id='line_1_8' title="bbox 322 605 2080 662; baseline 0.003 -18"><span class='ocrx_word' id='word_1_58' title='bbox 322 605 478 645; x_wconf 90' lang='lat' dir='ltr'>doloris</span> <span class='ocrx_word' id='word_1_59' title='bbox 518 607 719 647; x_wconf 92' lang='lat' dir='ltr'>memoria</span> <span class='ocrx_word' id='word_1_60' title='bbox 757 620 903 647; x_wconf 87' lang='lat' dir='ltr'>recens</span> <span class='ocrx_word' id='word_1_61' title='bbox 946 611 1009 646; x_wconf 88' lang='lat' dir='ltr'>est</span> <span class='ocrx_word' id='word_1_62' title='bbox 1038 611 1078 645; x_wconf 89' lang='lat' dir='ltr'>et</span> <span class='ocrx_word' id='word_1_63' title='bbox 1106 605 1234 645; x_wconf 89' lang='lat' dir='ltr'>futuri</span> <span class='ocrx_word' id='word_1_64' title='bbox 1267 611 1394 660; x_wconf 88' lang='lat' dir='ltr'>atque</span> <span class='ocrx_word' id='word_1_65' title='bbox 1424 606 1704 661; x_wconf 90' lang='lat' dir='ltr'>impendentis</span> <span class='ocrx_word' id='word_1_66' title='bbox 1735 612 1902 662; x_wconf 90' lang='lat' dir='ltr'>torquet</span> <span class='ocrx_word' id='word_1_67' title='bbox 1931 611 2080 650; x_wconf 77' lang='lat' dir='ltr'>timor?</span> 
     </span>
     <span class='ocr_line' id='line_1_9' title="bbox 324 667 2083 726; baseline 0.004 -20"><span class='ocrx_word' id='word_1_68' title='bbox 324 667 581 707; x_wconf 74' lang='lat' dir='ltr'>1.‹Moriatur»</span> <span class='ocrx_word' id='word_1_69' title='bbox 628 669 777 723; x_wconf 88' lang='lat' dir='ltr'>inquit.</span> <span class='ocrx_word' id='word_1_70' title='bbox 836 670 1029 708; x_wconf 86' lang='lat' dir='ltr'>Fortasse</span> <span class='ocrx_word' id='word_1_71' title='bbox 1069 668 1110 707; x_wconf 95' lang='lat' dir='ltr'>id</span> <span class='ocrx_word' id='word_1_72' title='bbox 1150 669 1368 721; x_wconf 89' lang='lat' dir='ltr'>optimum,</span> <span class='ocrx_word' id='word_1_73' title='bbox 1418 669 1490 708; x_wconf 90' lang='lat' dir='ltr'>sed</span> <span class='ocrx_word' id='word_1_74' title='bbox 1531 669 1602 708; x_wconf 92' lang='lat' dir='ltr'>ubi</span> <span class='ocrx_word' id='word_1_75' title='bbox 1632 669 1735 710; x_wconf 91' lang='lat' dir='ltr'>illud</span> <span class='ocrx_word' id='word_1_76' title='bbox 1769 672 1888 724; x_wconf 80' lang='lat' dir='ltr'>«plus</span> <span class='ocrx_word' id='word_1_77' title='bbox 1918 686 2083 726; x_wconf 88' lang='lat' dir='ltr'>semper</span> 
     </span>
     <span class='ocr_line' id='line_1_10' title="bbox 320 729 2080 783; baseline 0.003 -14"><span class='ocrx_word' id='word_1_78' title='bbox 320 729 602 783; x_wconf 81' lang='lat' dir='ltr'>voluptatis›)‘?</span> <span class='ocrx_word' id='word_1_79' title='bbox 635 732 678 771; x_wconf 91' lang='lat' dir='ltr'>Si</span> <span class='ocrx_word' id='word_1_80' title='bbox 709 732 820 772; x_wconf 91' lang='lat' dir='ltr'>enim</span> <span class='ocrx_word' id='word_1_81' title='bbox 852 732 909 771; x_wconf 92' lang='lat' dir='ltr'>ita</span> <span class='ocrx_word' id='word_1_82' title='bbox 939 736 1024 779; x_wconf 89' lang='lat' dir='ltr'>est,</span> <span class='ocrx_word' id='word_1_83' title='bbox 1056 730 1150 770; x_wconf 85' lang='lat' dir='ltr'>vide</span> <span class='ocrx_word' id='word_1_84' title='bbox 1181 744 1233 770; x_wconf 89' lang='lat' dir='ltr'>ne</span> <span class='ocrx_word' id='word_1_85' title='bbox 1263 730 1424 771; x_wconf 89' lang='lat' dir='ltr'>facinus</span> <span class='ocrx_word' id='word_1_86' title='bbox 1455 730 1603 779; x_wconf 89' lang='lat' dir='ltr'>facias,</span> <span class='ocrx_word' id='word_1_87' title='bbox 1636 744 1726 771; x_wconf 89' lang='lat' dir='ltr'>cum</span> <span class='ocrx_word' id='word_1_88' title='bbox 1759 734 1862 773; x_wconf 90' lang='lat' dir='ltr'>mori</span> <span class='ocrx_word' id='word_1_89' title='bbox 1890 735 2080 775; x_wconf 85' lang='lat' dir='ltr'>suadeas.</span> 
     </span>
     <span class='ocr_line' id='line_1_11' title="bbox 274 792 2081 846; baseline 0.004 -17"><span class='ocrx_word' id='word_1_90' title='bbox 274 801 305 829; x_wconf 79' lang='lat'>10</span> <span class='ocrx_word' id='word_1_91' title='bbox 320 792 463 832; x_wconf 90' lang='lat' dir='ltr'>Potius</span> <span class='ocrx_word' id='word_1_92' title='bbox 501 807 599 846; x_wconf 89' lang='lat' dir='ltr'>ergo</span> <span class='ocrx_word' id='word_1_93' title='bbox 642 794 713 834; x_wconf 90' lang='lat' dir='ltr'>illa</span> <span class='ocrx_word' id='word_1_94' title='bbox 751 794 962 841; x_wconf 88' lang='lat' dir='ltr'>dicantur,</span> <span class='ocrx_word' id='word_1_95' title='bbox 1007 797 1129 845; x_wconf 87' lang='lat' dir='ltr'>turpe</span> <span class='ocrx_word' id='word_1_96' title='bbox 1167 805 1276 839; x_wconf 88' lang='lat' dir='ltr'>esse,</span> <span class='ocrx_word' id='word_1_97' title='bbox 1319 794 1396 833; x_wconf 92' lang='lat' dir='ltr'>viri</span> <span class='ocrx_word' id='word_1_98' title='bbox 1436 807 1521 833; x_wconf 91' lang='lat' dir='ltr'>non</span> <span class='ocrx_word' id='word_1_99' title='bbox 1558 807 1648 833; x_wconf 91' lang='lat' dir='ltr'>esse</span> <span class='ocrx_word' id='word_1_100' title='bbox 1685 795 1893 836; x_wconf 90' lang='lat' dir='ltr'>debilitari</span> <span class='ocrx_word' id='word_1_101' title='bbox 1924 797 2081 844; x_wconf 91' lang='lat' dir='ltr'>dolore,</span> 
     </span>
     <span class='ocr_line' id='line_1_12' title="bbox 318 854 2077 911; baseline 0.003 -18"><span class='ocrx_word' id='word_1_102' title='bbox 318 854 473 908; x_wconf 85' lang='lat' dir='ltr'>frangi,</span> <span class='ocrx_word' id='word_1_103' title='bbox 505 856 789 896; x_wconf 89' lang='lat' dir='ltr'>succumbere.</span> <span class='ocrx_word' id='word_1_104' title='bbox 841 857 942 896; x_wconf 90' lang='lat' dir='ltr'>Nam</span> <span class='ocrx_word' id='word_1_105' title='bbox 975 856 1054 895; x_wconf 89' lang='lat' dir='ltr'>ista</span> <span class='ocrx_word' id='word_1_106' title='bbox 1074 859 1210 894; x_wconf 91' lang='lat' dir='ltr'>vestra</span> <span class='ocrx_word' id='word_1_107' title='bbox 1228 855 1303 894; x_wconf 53' lang='lat' dir='ltr'>«Si</span> <span class='ocrx_word' id='word_1_108' title='bbox 1325 856 1474 908; x_wconf 85' lang='lat' dir='ltr'>gravis,</span> <span class='ocrx_word' id='word_1_109' title='bbox 1504 856 1663 904; x_wconf 90' lang='lat' dir='ltr'>brevis;</span> <span class='ocrx_word' id='word_1_110' title='bbox 1695 858 1728 896; x_wconf 88' lang='lat' dir='ltr'>si</span> <span class='ocrx_word' id='word_1_111' title='bbox 1750 858 1919 911; x_wconf 88' lang='lat' dir='ltr'>longus,</span> <span class='ocrx_word' id='word_1_112' title='bbox 1950 859 2077 899; x_wconf 82' lang='lat' dir='ltr'>levis»</span> 
     </span>
     <span class='ocr_line' id='line_1_13' title="bbox 319 916 2081 971; baseline 0.003 -15"><span class='ocrx_word' id='word_1_113' title='bbox 319 916 474 957; x_wconf 90' lang='lat' dir='ltr'>dictata</span> <span class='ocrx_word' id='word_1_114' title='bbox 495 924 604 958; x_wconf 91' lang='lat' dir='ltr'>sunt.</span> <span class='ocrx_word' id='word_1_115' title='bbox 647 919 835 966; x_wconf 88' lang='lat' dir='ltr'>Virtutis,</span> <span class='ocrx_word' id='word_1_116' title='bbox 858 918 1156 971; x_wconf 85' lang='lat' dir='ltr'>magnitudinis</span> <span class='ocrx_word' id='word_1_117' title='bbox 1177 919 1319 965; x_wconf 89' lang='lat' dir='ltr'>animi,</span> <span class='ocrx_word' id='word_1_118' title='bbox 1341 919 1583 971; x_wconf 88' lang='lat' dir='ltr'>patientiae,</span> <span class='ocrx_word' id='word_1_119' title='bbox 1605 919 1862 960; x_wconf 86' lang='lat' dir='ltr'>fortitudinis</span> <span class='ocrx_word' id='word_1_120' title='bbox 1884 920 2081 962; x_wconf 88' lang='lat' dir='ltr'>fomentis</span> 
     </span>
     <span class='ocr_line' id='line_1_14' title="bbox 319 978 794 1034; baseline 0.008 -16"><span class='ocrx_word' id='word_1_121' title='bbox 319 978 439 1019; x_wconf 90' lang='lat' dir='ltr'>dolor</span> <span class='ocrx_word' id='word_1_122' title='bbox 468 981 648 1034; x_wconf 88' lang='lat' dir='ltr'>mitigari</span> <span class='ocrx_word' id='word_1_123' title='bbox 679 982 794 1022; x_wconf 88' lang='lat' dir='ltr'>solet.</span> 
     </span>
     <span class='ocr_line' id='line_1_15' title="bbox 431 1042 2082 1097; baseline 0.002 -15"><span class='ocrx_word' id='word_1_124' title='bbox 431 1043 566 1083; x_wconf 88' lang='lat' dir='ltr'><strong>XXX.</strong></span> <span class='ocrx_word' id='word_1_125' title='bbox 597 1042 663 1084; x_wconf 85' lang='lat'>96.</span> <span class='ocrx_word' id='word_1_126' title='bbox 695 1045 827 1092; x_wconf 90' lang='lat' dir='ltr'>Audi,</span> <span class='ocrx_word' id='word_1_127' title='bbox 858 1057 910 1084; x_wconf 89' lang='lat' dir='ltr'>ne</span> <span class='ocrx_word' id='word_1_128' title='bbox 940 1044 1065 1097; x_wconf 90' lang='lat' dir='ltr'>longe</span> <span class='ocrx_word' id='word_1_129' title='bbox 1095 1043 1259 1090; x_wconf 90' lang='lat' dir='ltr'>abeam,</span> <span class='ocrx_word' id='word_1_130' title='bbox 1292 1043 1471 1083; x_wconf 90' lang='lat' dir='ltr'>moriens</span> <span class='ocrx_word' id='word_1_131' title='bbox 1503 1043 1602 1097; x_wconf 91' lang='lat' dir='ltr'>quid</span> <span class='ocrx_word' id='word_1_132' title='bbox 1635 1043 1746 1083; x_wconf 88' lang='lat' dir='ltr'>dicat</span> <span class='ocrx_word' id='word_1_133' title='bbox 1774 1044 2000 1097; x_wconf 86' lang='lat' dir='ltr'>Epicurus,</span> <span class='ocrx_word' id='word_1_134' title='bbox 2039 1052 2082 1086; x_wconf 89' lang='lat' dir='ltr'>ut</span> 
     </span>
     <span class='ocr_line' id='line_1_16' title="bbox 269 1105 2079 1159; baseline 0.002 -14"><span class='ocrx_word' id='word_1_135' title='bbox 269 1105 534 1159; x_wconf 65' lang='lat' dir='ltr'>isintellegas</span> <span class='ocrx_word' id='word_1_136' title='bbox 578 1106 686 1147; x_wconf 85' lang='lat' dir='ltr'>sacta</span> <span class='ocrx_word' id='word_1_137' title='bbox 728 1108 816 1148; x_wconf 89' lang='lat' dir='ltr'>eius</span> <span class='ocrx_word' id='word_1_138' title='bbox 857 1120 950 1147; x_wconf 88' lang='lat' dir='ltr'>cum</span> <span class='ocrx_word' id='word_1_139' title='bbox 982 1106 1101 1146; x_wconf 87' lang='lat' dir='ltr'>dictis</span> <span class='ocrx_word' id='word_1_140' title='bbox 1134 1105 1383 1159; x_wconf 86' lang='lat' dir='ltr'>discrepare.</span> <span class='ocrx_word' id='word_1_141' title='bbox 1443 1106 1707 1159; x_wconf 88' lang='lat' dir='ltr'>Epicurus</span> <span class='ocrx_word' id='word_1_142' title='bbox 1753 1107 2079 1148; x_wconf 89' lang='lat' dir='ltr'>Hermarcho</span> 
     </span>
     <span class='ocr_line' id='line_1_17' title="bbox 319 1168 2079 1223; baseline 0.001 -15"><span class='ocrx_word' id='word_1_143' title='bbox 319 1168 567 1208; x_wconf 90' lang='lat' dir='ltr'>salutem.</span> <span class='ocrx_word' id='word_1_144' title='bbox 630 1169 747 1210; x_wconf 91' lang='lat' dir='ltr'>Cum</span> <span class='ocrx_word' id='word_1_145' title='bbox 787 1182 1087 1223; x_wconf 85' lang='lat' dir='ltr'>ageremus,</span> <span class='ocrx_word' id='word_1_146' title='bbox 1129 1168 1285 1222; x_wconf 82' lang='lat' dir='ltr'>inquit,</span> <span class='ocrx_word' id='word_1_147' title='bbox 1333 1169 1477 1208; x_wconf 86' lang='lat' dir='ltr'>vitae</span> <span class='ocrx_word' id='word_1_148' title='bbox 1518 1168 1721 1208; x_wconf 88' lang='lat' dir='ltr'>beatum</span> <span class='ocrx_word' id='word_1_149' title='bbox 1772 1174 1821 1208; x_wconf 86' lang='lat' dir='ltr'>et</span> <span class='ocrx_word' id='word_1_150' title='bbox 1861 1170 2079 1210; x_wconf 90' lang='lat' dir='ltr'>eundem</span> 
     </span>
     <span class='ocr_line' id='line_1_18' title="bbox 318 1230 2079 1284; baseline 0 -13"><span class='ocrx_word' id='word_1_151' title='bbox 318 1245 621 1284; x_wconf 89' lang='lat' dir='ltr'>supremum</span> <span class='ocrx_word' id='word_1_152' title='bbox 653 1232 804 1280; x_wconf 89' lang='lat' dir='ltr'>diem,</span> <span class='ocrx_word' id='word_1_153' title='bbox 836 1231 1208 1272; x_wconf 85' lang='lat' dir='ltr'>scribebamus</span> <span class='ocrx_word' id='word_1_154' title='bbox 1241 1230 1385 1270; x_wconf 90' lang='lat' dir='ltr'>haec.</span> <span class='ocrx_word' id='word_1_155' title='bbox 1437 1231 1589 1270; x_wconf 88' lang='lat' dir='ltr'>Tanti</span> <span class='ocrx_word' id='word_1_156' title='bbox 1620 1231 1845 1271; x_wconf 91' lang='lat' dir='ltr'>aderant</span> <span class='ocrx_word' id='word_1_157' title='bbox 1873 1231 2079 1272; x_wconf 89' lang='lat' dir='ltr'>vesicae</span> 
     </span>
     <span class='ocr_line' id='line_1_19' title="bbox 318 1292 2081 1346; baseline 0 -12"><span class='ocrx_word' id='word_1_158' title='bbox 318 1300 367 1334; x_wconf 89' lang='lat' dir='ltr'>et</span> <span class='ocrx_word' id='word_1_159' title='bbox 393 1294 670 1334; x_wconf 89' lang='lat' dir='ltr'>torminum</span> <span class='ocrx_word' id='word_1_160' title='bbox 701 1295 890 1342; x_wconf 91' lang='lat' dir='ltr'>morbi,</span> <span class='ocrx_word' id='word_1_161' title='bbox 921 1300 971 1334; x_wconf 90' lang='lat' dir='ltr'>ut</span> <span class='ocrx_word' id='word_1_162' title='bbox 992 1294 1131 1334; x_wconf 90' lang='lat' dir='ltr'>nihil</span> <span class='ocrx_word' id='word_1_163' title='bbox 1152 1292 1209 1333; x_wconf 91' lang='lat' dir='ltr'>ad</span> <span class='ocrx_word' id='word_1_164' title='bbox 1234 1307 1408 1333; x_wconf 88' lang='lat' dir='ltr'>eorum</span> <span class='ocrx_word' id='word_1_165' title='bbox 1431 1293 1863 1346; x_wconf 86' lang='lat' dir='ltr'>magnitudinem</span> <span class='ocrx_word' id='word_1_166' title='bbox 1894 1300 2081 1346; x_wconf 89' lang='lat' dir='ltr'>posset</span> 
     </span>
     <span class='ocr_line' id='line_1_20' title="bbox 317 1356 2082 1402; baseline -0.001 -5"><span class='ocrx_word' id='word_1_167' title='bbox 317 1358 590 1397; x_wconf 85' lang='lat' dir='ltr'>accedere.</span> <span class='ocrx_word' id='word_1_168' title='bbox 634 1357 831 1397; x_wconf 88' lang='lat' dir='ltr'>Miserum</span> <span class='ocrx_word' id='word_1_169' title='bbox 852 1357 1086 1397; x_wconf 86' lang='lat' dir='ltr'>hominem!</span> <span class='ocrx_word' id='word_1_170' title='bbox 1128 1356 1171 1395; x_wconf 90' lang='lat' dir='ltr'>Si</span> <span class='ocrx_word' id='word_1_171' title='bbox 1195 1356 1316 1396; x_wconf 93' lang='lat' dir='ltr'>dolor</span> <span class='ocrx_word' id='word_1_172' title='bbox 1338 1369 1543 1395; x_wconf 90' lang='lat' dir='ltr'>summum</span> <span class='ocrx_word' id='word_1_173' title='bbox 1566 1356 1721 1395; x_wconf 89' lang='lat' dir='ltr'>malum</span> <span class='ocrx_word' id='word_1_174' title='bbox 1744 1361 1824 1402; x_wconf 90' lang='lat' dir='ltr'>est,</span> <span class='ocrx_word' id='word_1_175' title='bbox 1859 1356 1939 1396; x_wconf 89' lang='lat' dir='ltr'>dici</span> <span class='ocrx_word' id='word_1_176' title='bbox 1962 1357 2082 1398; x_wconf 89' lang='lat' dir='ltr'>aliter</span> 
     </span>
     <span class='ocr_line' id='line_1_21' title="bbox 267 1417 2079 1474; baseline 0 -15"><span class='ocrx_word' id='word_1_177' title='bbox 267 1427 303 1455; x_wconf 74' lang='lat'>20</span> <span class='ocrx_word' id='word_1_178' title='bbox 318 1434 401 1460; x_wconf 90' lang='lat' dir='ltr'>non</span> <span class='ocrx_word' id='word_1_179' title='bbox 431 1425 583 1474; x_wconf 89' lang='lat' dir='ltr'>potest.</span> <span class='ocrx_word' id='word_1_180' title='bbox 635 1419 717 1459; x_wconf 88' lang='lat' dir='ltr'>Sed</span> <span class='ocrx_word' id='word_1_181' title='bbox 748 1420 968 1460; x_wconf 85' lang='lat' dir='ltr'>audiamus</span> <span class='ocrx_word' id='word_1_182' title='bbox 999 1419 1157 1472; x_wconf 88' lang='lat' dir='ltr'>ipsum:</span> <span class='ocrx_word' id='word_1_183' title='bbox 1198 1417 1682 1471; x_wconf 87' lang='lat' dir='ltr'>Compensabatur,</span> <span class='ocrx_word' id='word_1_184' title='bbox 1714 1418 1871 1471; x_wconf 90' lang='lat' dir='ltr'>inquit,</span> <span class='ocrx_word' id='word_1_185' title='bbox 1903 1423 2079 1459; x_wconf 88' lang='lat' dir='ltr'>tamen</span> 
     </span>
     <span class='ocr_line' id='line_1_22' title="bbox 317 1480 2081 1534; baseline 0 -12"><span class='ocrx_word' id='word_1_186' title='bbox 317 1496 427 1522; x_wconf 86' lang='lat' dir='ltr'>cum</span> <span class='ocrx_word' id='word_1_187' title='bbox 457 1482 539 1522; x_wconf 88' lang='lat' dir='ltr'>his</span> <span class='ocrx_word' id='word_1_188' title='bbox 571 1482 822 1522; x_wconf 89' lang='lat' dir='ltr'>omnibus</span> <span class='ocrx_word' id='word_1_189' title='bbox 853 1482 1015 1522; x_wconf 90' lang='lat' dir='ltr'>animi</span> <span class='ocrx_word' id='word_1_190' title='bbox 1047 1481 1287 1528; x_wconf 90' lang='lat' dir='ltr'>laetitia,</span> <span class='ocrx_word' id='word_1_191' title='bbox 1328 1493 1481 1534; x_wconf 87' lang='lat' dir='ltr'>quam</span> <span class='ocrx_word' id='word_1_192' title='bbox 1522 1480 1803 1532; x_wconf 90' lang='lat' dir='ltr'>capiebam</span> <span class='ocrx_word' id='word_1_193' title='bbox 1834 1483 2081 1522; x_wconf 88' lang='lat' dir='ltr'>memoria</span> 
     </span>
     <span class='ocr_line' id='line_1_23' title="bbox 317 1542 2080 1597; baseline 0 -13"><span class='ocrx_word' id='word_1_194' title='bbox 317 1545 591 1584; x_wconf 88' lang='lat' dir='ltr'>rationum</span> <span class='ocrx_word' id='word_1_195' title='bbox 641 1544 1096 1597; x_wconf 85' lang='lat' dir='ltr'>inventorumque</span> <span class='ocrx_word' id='word_1_196' title='bbox 1141 1549 1464 1583; x_wconf 84' lang='lat' dir='ltr'>nostrorum.</span> <span class='ocrx_word' id='word_1_197' title='bbox 1526 1542 1621 1581; x_wconf 88' lang='lat' dir='ltr'>Sed</span> <span class='ocrx_word' id='word_1_198' title='bbox 1662 1548 1736 1589; x_wconf 88' lang='lat' dir='ltr'>tu,</span> <span class='ocrx_word' id='word_1_199' title='bbox 1775 1547 1830 1582; x_wconf 91' lang='lat' dir='ltr'>ut</span> <span class='ocrx_word' id='word_1_200' title='bbox 1871 1542 2080 1596; x_wconf 88' lang='lat' dir='ltr'>dignum</span> 
     </span>
     <span class='ocr_line' id='line_1_24' title="bbox 317 1604 2081 1661; baseline 0.001 -15"><span class='ocrx_word' id='word_1_201' title='bbox 317 1612 395 1647; x_wconf 91' lang='lat' dir='ltr'>est</span> <span class='ocrx_word' id='word_1_202' title='bbox 436 1612 527 1647; x_wconf 91' lang='lat' dir='ltr'>tua</span> <span class='ocrx_word' id='word_1_203' title='bbox 564 1621 685 1661; x_wconf 85' lang='lat' dir='ltr'>erga</span> <span class='ocrx_word' id='word_1_204' title='bbox 727 1621 800 1647; x_wconf 91' lang='lat' dir='ltr'>me</span> <span class='ocrx_word' id='word_1_205' title='bbox 839 1612 889 1647; x_wconf 92' lang='lat' dir='ltr'>et</span> <span class='ocrx_word' id='word_1_206' title='bbox 928 1605 1334 1661; x_wconf 86' lang='lat' dir='ltr'>philosophiam</span> <span class='ocrx_word' id='word_1_207' title='bbox 1364 1604 1644 1644; x_wconf 91' lang='lat' dir='ltr'>voluntate</span> <span class='ocrx_word' id='word_1_208' title='bbox 1676 1605 1737 1644; x_wconf 94' lang='lat' dir='ltr'>ab</span> <span class='ocrx_word' id='word_1_209' title='bbox 1769 1606 2081 1647; x_wconf 90' lang='lat' dir='ltr'>adulescen-</span> 
     </span>
     <span class='ocr_line' id='line_1_25' title="bbox 317 1665 2081 1725; baseline 0.001 -17"><span class='ocrx_word' id='word_1_210' title='bbox 317 1669 432 1708; x_wconf 85' lang='lat' dir='ltr'>tulo</span> <span class='ocrx_word' id='word_1_211' title='bbox 465 1677 739 1725; x_wconf 87' lang='lat' dir='ltr'>suscepta,</span> <span class='ocrx_word' id='word_1_212' title='bbox 770 1670 854 1710; x_wconf 89' lang='lat' dir='ltr'>fac</span> <span class='ocrx_word' id='word_1_213' title='bbox 885 1676 937 1710; x_wconf 92' lang='lat' dir='ltr'>ut</span> <span class='ocrx_word' id='word_1_214' title='bbox 967 1668 1261 1710; x_wconf 85' lang='lat' dir='ltr'>Metrodori</span> <span class='ocrx_word' id='word_1_215' title='bbox 1293 1673 1475 1707; x_wconf 90' lang='lat' dir='ltr'>tueare</span> <span class='ocrx_word' id='word_1_216' title='bbox 1506 1667 1725 1708; x_wconf 83' lang='lat' dir='ltr'>liberos.</span> <span class='ocrx_word' id='word_1_217' title='bbox 1785 1665 1851 1707; x_wconf 87' lang='lat'>97.</span> <span class='ocrx_word' id='word_1_218' title='bbox 1882 1669 1973 1709; x_wconf 93' lang='lat' dir='ltr'>Non</span> <span class='ocrx_word' id='word_1_219' title='bbox 2005 1683 2081 1722; x_wconf 88' lang='lat' dir='ltr'>ego</span> 
     </span>
     <span class='ocr_line' id='line_1_26' title="bbox 264 1729 2079 1784; baseline 0 -13"><span class='ocrx_word' id='word_1_220' title='bbox 264 1740 300 1767; x_wconf 75' lang='lat'>‘25</span> <span class='ocrx_word' id='word_1_221' title='bbox 316 1732 397 1771; x_wconf 89' lang='lat' dir='ltr'>iam</span> <span class='ocrx_word' id='word_1_222' title='bbox 414 1732 769 1784; x_wconf 81' lang='lat' dir='ltr'>Epaminondae,</span> <span class='ocrx_word' id='word_1_223' title='bbox 802 1746 885 1772; x_wconf 92' lang='lat' dir='ltr'>non</span> <span class='ocrx_word' id='word_1_224' title='bbox 914 1732 1127 1772; x_wconf 87' lang='lat' dir='ltr'>Leonidae</span> <span class='ocrx_word' id='word_1_225' title='bbox 1149 1735 1322 1770; x_wconf 87' lang='lat' dir='ltr'>mortem</span> <span class='ocrx_word' id='word_1_226' title='bbox 1346 1729 1471 1769; x_wconf 89' lang='lat' dir='ltr'>huius</span> <span class='ocrx_word' id='word_1_227' title='bbox 1493 1729 1616 1769; x_wconf 87' lang='lat' dir='ltr'>morti</span> <span class='ocrx_word' id='word_1_228' title='bbox 1638 1735 1871 1783; x_wconf 87' lang='lat' dir='ltr'>antepono,</span> <span class='ocrx_word' id='word_1_229' title='bbox 1904 1745 2079 1784; x_wconf 89' lang='lat' dir='ltr'>quorum</span> 
     </span>
     <span class='ocr_line' id='line_1_27' title="bbox 314 1792 2080 1846; baseline 0 -13"><span class='ocrx_word' id='word_1_230' title='bbox 314 1794 419 1833; x_wconf 87' lang='lat' dir='ltr'>alter</span> <span class='ocrx_word' id='word_1_231' title='bbox 449 1808 542 1834; x_wconf 85' lang='lat' dir='ltr'>cum</span> <span class='ocrx_word' id='word_1_232' title='bbox 573 1796 744 1836; x_wconf 87' lang='lat' dir='ltr'>vicisset</span> <span class='ocrx_word' id='word_1_233' title='bbox 772 1795 1127 1836; x_wconf 87' lang='lat' dir='ltr'>Lacedaemonios</span> <span class='ocrx_word' id='word_1_234' title='bbox 1159 1793 1269 1846; x_wconf 92' lang='lat' dir='ltr'>apud</span> <span class='ocrx_word' id='word_1_235' title='bbox 1302 1792 1555 1832; x_wconf 86' lang='lat' dir='ltr'>Mantineam</span> <span class='ocrx_word' id='word_1_236' title='bbox 1586 1796 1713 1845; x_wconf 91' lang='lat' dir='ltr'>atque</span> <span class='ocrx_word' id='word_1_237' title='bbox 1744 1793 1834 1845; x_wconf 91' lang='lat' dir='ltr'>ipse</span> <span class='ocrx_word' id='word_1_238' title='bbox 1857 1794 1970 1845; x_wconf 89' lang='lat' dir='ltr'>gravi</span> <span class='ocrx_word' id='word_1_239' title='bbox 1992 1794 2080 1833; x_wconf 91' lang='lat' dir='ltr'>vul-</span> 
     </span>
     <span class='ocr_line' id='line_1_28' title="bbox 315 1855 2082 1911; baseline 0.001 -16"><span class='ocrx_word' id='word_1_240' title='bbox 315 1870 414 1897; x_wconf 89' lang='lat' dir='ltr'>nere</span> <span class='ocrx_word' id='word_1_241' title='bbox 446 1859 676 1898; x_wconf 83' lang='lat' dir='ltr'>exanimari</span> <span class='ocrx_word' id='word_1_242' title='bbox 707 1872 751 1898; x_wconf 91' lang='lat' dir='ltr'>se</span> <span class='ocrx_word' id='word_1_243' title='bbox 782 1859 961 1905; x_wconf 90' lang='lat' dir='ltr'>videret,</span> <span class='ocrx_word' id='word_1_244' title='bbox 993 1863 1038 1897; x_wconf 88' lang='lat' dir='ltr'>ut</span> <span class='ocrx_word' id='word_1_245' title='bbox 1067 1857 1243 1911; x_wconf 84' lang='lat' dir='ltr'>primum</span> <span class='ocrx_word' id='word_1_246' title='bbox 1277 1855 1478 1907; x_wconf 85' lang='lat' dir='ltr'>dispexit,</span> <span class='ocrx_word' id='word_1_247' title='bbox 1513 1855 1718 1907; x_wconf 87' lang='lat' dir='ltr'>quaesivit</span> <span class='ocrx_word' id='word_1_248' title='bbox 1749 1855 1944 1895; x_wconf 87' lang='lat' dir='ltr'>salvusne</span> <span class='ocrx_word' id='word_1_249' title='bbox 1971 1861 2082 1896; x_wconf 88' lang='lat' dir='ltr'>esset</span> 
     </span>
     <span class='ocr_line' id='line_1_29' title="bbox 315 1917 2080 1973; baseline -0.001 -14"><span class='ocrx_word' id='word_1_250' title='bbox 315 1921 502 1973; x_wconf 70' lang='lat' dir='ltr'>clipeus?</span> <span class='ocrx_word' id='word_1_251' title='bbox 554 1920 655 1960; x_wconf 89' lang='lat' dir='ltr'>Cum</span> <span class='ocrx_word' id='word_1_252' title='bbox 694 1921 853 1960; x_wconf 90' lang='lat' dir='ltr'>salvum</span> <span class='ocrx_word' id='word_1_253' title='bbox 891 1933 981 1959; x_wconf 90' lang='lat' dir='ltr'>esse</span> <span class='ocrx_word' id='word_1_254' title='bbox 1020 1921 1167 1959; x_wconf 84' lang='lat' dir='ltr'>flentes</span> <span class='ocrx_word' id='word_1_255' title='bbox 1208 1918 1269 1957; x_wconf 91' lang='lat' dir='ltr'>sui</span> <span class='ocrx_word' id='word_1_256' title='bbox 1313 1917 1651 1969; x_wconf 84' lang='lat' dir='ltr'>respondissent,</span> <span class='ocrx_word' id='word_1_257' title='bbox 1691 1917 1856 1969; x_wconf 87' lang='lat' dir='ltr'>rogavit</span> <span class='ocrx_word' id='word_1_258' title='bbox 1886 1924 2080 1958; x_wconf 88' lang='lat' dir='ltr'>essentne</span> 
     </span>
     <span class='ocr_line' id='line_1_30' title="bbox 314 1979 2079 2036; baseline -0.002 -13"><span class='ocrx_word' id='word_1_259' title='bbox 314 1983 395 2023; x_wconf 85' lang='lat' dir='ltr'>fusi</span> <span class='ocrx_word' id='word_1_260' title='bbox 425 1983 596 2023; x_wconf 77' lang='lat' dir='ltr'>hostes?</span> <span class='ocrx_word' id='word_1_261' title='bbox 631 1982 732 2023; x_wconf 88' lang='lat' dir='ltr'>Cum</span> <span class='ocrx_word' id='word_1_262' title='bbox 763 1984 805 2023; x_wconf 94' lang='lat' dir='ltr'>id</span> <span class='ocrx_word' id='word_1_263' title='bbox 838 1995 1028 2036; x_wconf 89' lang='lat' dir='ltr'>quoque,</span> <span class='ocrx_word' id='word_1_264' title='bbox 1060 1987 1105 2021; x_wconf 90' lang='lat' dir='ltr'>ut</span> <span class='ocrx_word' id='word_1_265' title='bbox 1137 1981 1351 2034; x_wconf 89' lang='lat' dir='ltr'>cupiebat,</span> <span class='ocrx_word' id='word_1_266' title='bbox 1383 1979 1633 2026; x_wconf 89' lang='lat' dir='ltr'>audivisset,</span> <span class='ocrx_word' id='word_1_267' title='bbox 1666 1980 1789 2019; x_wconf 89' lang='lat' dir='ltr'>evelli</span> <span class='ocrx_word' id='word_1_268' title='bbox 1822 1979 1946 2020; x_wconf 88' lang='lat' dir='ltr'>iussit</span> <span class='ocrx_word' id='word_1_269' title='bbox 1976 1994 2079 2028; x_wconf 91' lang='lat' dir='ltr'>eam,</span> 
     </span>
     <span class='ocr_line' id='line_1_31' title="bbox 264 2042 2082 2100; baseline -0.001 -15"><span class='ocrx_word' id='word_1_270' title='bbox 264 2053 300 2080; x_wconf 82' lang='grc'>30</span> <span class='ocrx_word' id='word_1_271' title='bbox 315 2059 397 2100; x_wconf 92' lang='lat' dir='ltr'>qua</span> <span class='ocrx_word' id='word_1_272' title='bbox 437 2051 524 2085; x_wconf 86' lang='lat' dir='ltr'>erat</span> <span class='ocrx_word' id='word_1_273' title='bbox 562 2043 804 2092; x_wconf 84' lang='lat' dir='ltr'>transfixus,</span> <span class='ocrx_word' id='word_1_274' title='bbox 849 2045 1023 2084; x_wconf 83' lang='lat' dir='ltr'>hastam.</span> <span class='ocrx_word' id='word_1_275' title='bbox 1085 2044 1145 2083; x_wconf 89' lang='lat' dir='ltr'>lta</span> <span class='ocrx_word' id='word_1_276' title='bbox 1182 2043 1313 2082; x_wconf 87' lang='lat' dir='ltr'>multo</span> <span class='ocrx_word' id='word_1_277' title='bbox 1346 2042 1548 2094; x_wconf 89' lang='lat' dir='ltr'>sanguine</span> <span class='ocrx_word' id='word_1_278' title='bbox 1580 2042 1749 2096; x_wconf 88' lang='lat' dir='ltr'>profuso</span> <span class='ocrx_word' id='word_1_279' title='bbox 1782 2042 1823 2081; x_wconf 90' lang='lat' dir='ltr'>in</span> <span class='ocrx_word' id='word_1_280' title='bbox 1856 2043 2011 2082; x_wconf 88' lang='lat' dir='ltr'>laetitia</span> <span class='ocrx_word' id='word_1_281' title='bbox 2042 2049 2082 2083; x_wconf 82' lang='lat' dir='ltr'>et</span> 
     </span>
     <span class='ocr_line' id='line_1_32' title="bbox 314 2104 2079 2152; baseline -0.002 -4"><span class='ocrx_word' id='word_1_282' title='bbox 314 2108 489 2148; x_wconf 88' lang='lat' dir='ltr'>victoria</span> <span class='ocrx_word' id='word_1_283' title='bbox 530 2113 594 2147; x_wconf 90' lang='lat' dir='ltr'>est</span> <span class='ocrx_word' id='word_1_284' title='bbox 632 2112 835 2147; x_wconf 91' lang='lat' dir='ltr'>mortuus.</span> <span class='ocrx_word' id='word_1_285' title='bbox 900 2106 1108 2145; x_wconf 91' lang='lat' dir='ltr'>Leonidas</span> <span class='ocrx_word' id='word_1_286' title='bbox 1149 2110 1309 2151; x_wconf 88' lang='lat' dir='ltr'>autem,</span> <span class='ocrx_word' id='word_1_287' title='bbox 1349 2117 1424 2143; x_wconf 79' lang='lat' dir='ltr'>rex</span> <span class='ocrx_word' id='word_1_288' title='bbox 1466 2104 1916 2152; x_wconf 84' lang='lat' dir='ltr'>Lacedaemoniorum,</span> <span class='ocrx_word' id='word_1_289' title='bbox 1956 2119 2000 2145; x_wconf 93' lang='lat' dir='ltr'>se</span> <span class='ocrx_word' id='word_1_290' title='bbox 2038 2105 2079 2145; x_wconf 93' lang='lat' dir='ltr'>in</span> 
     </span>
     <span class='ocr_line' id='line_1_33' title="bbox 315 2167 2080 2224; baseline -0.001 -14"><span class='ocrx_word' id='word_1_291' title='bbox 315 2170 608 2224; x_wconf 78' lang='lat' dir='ltr'>Thermopylis</span> <span class='ocrx_word' id='word_1_292' title='bbox 640 2176 936 2223; x_wconf 87' lang='lat' dir='ltr'>trecentosque</span> <span class='ocrx_word' id='word_1_293' title='bbox 969 2182 1061 2215; x_wconf 90' lang='lat' dir='ltr'>eos,</span> <span class='ocrx_word' id='word_1_294' title='bbox 1097 2181 1202 2221; x_wconf 90' lang='lat' dir='ltr'>quos</span> <span class='ocrx_word' id='word_1_295' title='bbox 1235 2167 1438 2205; x_wconf 84' lang='lat' dir='ltr'>eduxerat</span> <span class='ocrx_word' id='word_1_296' title='bbox 1468 2167 1633 2218; x_wconf 86' lang='lat' dir='ltr'>Sparta,</span> <span class='ocrx_word' id='word_1_297' title='bbox 1666 2180 1759 2206; x_wconf 85' lang='lat' dir='ltr'>cum</span> <span class='ocrx_word' id='word_1_298' title='bbox 1791 2172 1902 2207; x_wconf 89' lang='lat' dir='ltr'>esset</span> <span class='ocrx_word' id='word_1_299' title='bbox 1930 2182 2080 2222; x_wconf 93' lang='lat' dir='ltr'>propo-</span> 
     </span>
     <span class='ocr_line' id='line_1_34' title="bbox 315 2229 2079 2285; baseline -0.001 -12"><span class='ocrx_word' id='word_1_300' title='bbox 315 2234 393 2273; x_wconf 91' lang='lat' dir='ltr'>sita</span> <span class='ocrx_word' id='word_1_301' title='bbox 435 2239 505 2273; x_wconf 87' lang='lat' dir='ltr'>aut</span> <span class='ocrx_word' id='word_1_302' title='bbox 544 2232 644 2285; x_wconf 89' lang='lat' dir='ltr'>fuga</span> <span class='ocrx_word' id='word_1_303' title='bbox 683 2232 814 2285; x_wconf 89' lang='lat' dir='ltr'>turpis</span> <span class='ocrx_word' id='word_1_304' title='bbox 856 2236 927 2271; x_wconf 88' lang='lat' dir='ltr'>aut</span> <span class='ocrx_word' id='word_1_305' title='bbox 965 2230 1149 2284; x_wconf 85' lang='lat' dir='ltr'>gloriosa</span> <span class='ocrx_word' id='word_1_306' title='bbox 1179 2243 1307 2275; x_wconf 91' lang='lat' dir='ltr'>mors,</span> <span class='ocrx_word' id='word_1_307' title='bbox 1351 2230 1549 2281; x_wconf 86' lang='lat' dir='ltr'>opposuit</span> <span class='ocrx_word' id='word_1_308' title='bbox 1578 2229 1781 2268; x_wconf 86' lang='lat' dir='ltr'>hostibus.</span> <span class='ocrx_word' id='word_1_309' title='bbox 1841 2231 2079 2271; x_wconf 84' lang='lat' dir='ltr'>Praeclarae</span> 
     </span>
     <span class='ocr_line' id='line_1_35' title="bbox 316 2290 2079 2347; baseline -0.002 -12"><span class='ocrx_word' id='word_1_310' title='bbox 316 2300 468 2335; x_wconf 89' lang='lat' dir='ltr'>mortes</span> <span class='ocrx_word' id='word_1_311' title='bbox 509 2300 606 2334; x_wconf 90' lang='lat' dir='ltr'>sunt</span> <span class='ocrx_word' id='word_1_312' title='bbox 645 2294 960 2347; x_wconf 87' lang='lat' dir='ltr'>imperatoriae:</span> <span class='ocrx_word' id='word_1_313' title='bbox 1002 2290 1241 2345; x_wconf 91' lang='lat' dir='ltr'>philosophi</span> <span class='ocrx_word' id='word_1_314' title='bbox 1274 2294 1413 2329; x_wconf 87' lang='lat' dir='ltr'>autem</span> <span class='ocrx_word' id='word_1_315' title='bbox 1444 2290 1486 2329; x_wconf 89' lang='lat' dir='ltr'>in</span> <span class='ocrx_word' id='word_1_316' title='bbox 1520 2291 1606 2330; x_wconf 90' lang='lat' dir='ltr'>suis</span> <span class='ocrx_word' id='word_1_317' title='bbox 1638 2291 1799 2330; x_wconf 85' lang='lat' dir='ltr'>lectulis</span> <span class='ocrx_word' id='word_1_318' title='bbox 1831 2292 2079 2346; x_wconf 89' lang='lat' dir='ltr'>plerumque</span> 
     </span>
     <span class='ocr_line' id='line_1_36' title="bbox 264 2353 2078 2408; baseline -0.002 -11"><span class='ocrx_word' id='word_1_319' title='bbox 264 2365 300 2393; x_wconf 77' lang='lat'>35</span> <span class='ocrx_word' id='word_1_320' title='bbox 317 2357 562 2397; x_wconf 90' lang='lat' dir='ltr'>moriuntur.</span> <span class='ocrx_word' id='word_1_321' title='bbox 613 2356 754 2396; x_wconf 86' lang='lat' dir='ltr'>Refert</span> <span class='ocrx_word' id='word_1_322' title='bbox 785 2361 946 2403; x_wconf 87' lang='lat' dir='ltr'>tamen,</span> <span class='ocrx_word' id='word_1_323' title='bbox 978 2368 1061 2408; x_wconf 89' lang='lat' dir='ltr'>quo</span> <span class='ocrx_word' id='word_1_324' title='bbox 1092 2353 1230 2393; x_wconf 90' lang='lat' dir='ltr'>modo.</span> <span class='ocrx_word' id='word_1_325' title='bbox 1272 2354 1419 2391; x_wconf 79' lang='lat' dir='ltr'>Beatus</span> <span class='ocrx_word' id='word_1_326' title='bbox 1449 2353 1526 2392; x_wconf 90' lang='lat' dir='ltr'>sibi</span> <span class='ocrx_word' id='word_1_327' title='bbox 1559 2353 1724 2392; x_wconf 83' lang='lat' dir='ltr'>videtur</span> <span class='ocrx_word' id='word_1_328' title='bbox 1755 2367 1846 2393; x_wconf 89' lang='lat' dir='ltr'>esse</span> <span class='ocrx_word' id='word_1_329' title='bbox 1877 2355 2078 2394; x_wconf 86' lang='lat' dir='ltr'>moriens:</span> 
     </span>
    </p>
   </div>
   <div class='ocr_carea' id='block_1_3' title="bbox 427 2466 2069 2470">
    <p class='ocr_par' dir='ltr' id='par_1_3' title="bbox 427 2466 2069 2470">
     <span class='ocr_line' id='line_1_37' title="bbox 427 2466 2069 2470; baseline 0 0"><span class='ocrx_word' id='word_1_330' title='bbox 427 2466 2069 2470; x_wconf 95' lang='lat' dir='ltr'> </span> 
     </span>
    </p>
   </div>
   <div class='ocr_carea' id='block_1_4' title="bbox 1103 2465 2069 2470">
    <p class='ocr_par' dir='ltr' id='par_1_4' title="bbox 1103 2465 2069 2470">
     <span class='ocr_line' id='line_1_38' title="bbox 1103 2465 2069 2470; baseline 0 0"><span class='ocrx_word' id='word_1_331' title='bbox 1103 2465 2069 2470; x_wconf 95' lang='lat' dir='ltr'> </span> 
     </span>
    </p>
   </div>
   <div class='ocr_carea' id='block_1_5' title="bbox 314 2545 2082 3237">
    <p class='ocr_par' dir='ltr' id='par_1_5' title="bbox 314 2545 2082 3237">
     <span class='ocr_line' id='line_1_39' title="bbox 403 2545 2080 2589; baseline -0.003 -9"><span class='ocrx_word' id='word_1_332' title='bbox 403 2551 431 2580; x_wconf 75' lang='lat'>4.</span> <span class='ocrx_word' id='word_1_333' title='bbox 456 2552 644 2589; x_wconf 78' lang='lat' dir='ltr'>praecentet</span> <span class='ocrx_word' id='word_1_334' title='bbox 667 2550 709 2580; x_wconf 90' lang='lat' dir='ltr'>B:</span> <span class='ocrx_word' id='word_1_335' title='bbox 738 2552 766 2579; x_wconf 70' lang='lat' dir='ltr'>et</span> <span class='ocrx_word' id='word_1_336' title='bbox 790 2550 834 2585; x_wconf 83' lang='grc' dir='ltr'>Α;</span> <span class='ocrx_word' id='word_1_337' title='bbox 860 2550 1076 2586; x_wconf 70' lang='lat' dir='ltr'>competenter</span> <span class='ocrx_word' id='word_1_338' title='bbox 1100 2549 1128 2576; x_wconf 76' lang='lat' dir='ltr'>ec</span> <span class='ocrx_word' id='word_1_339' title='bbox 1147 2547 1188 2581; x_wconf 56' lang='grc' dir='ltr'>(ἐς</span> <span class='ocrx_word' id='word_1_340' title='bbox 1215 2548 1383 2584; x_wconf 74' lang='lat' dir='ltr'>comparet</span> <span class='ocrx_word' id='word_1_341' title='bbox 1406 2553 1439 2576; x_wconf 82' lang='lat' dir='ltr'>se</span> <span class='ocrx_word' id='word_1_342' title='bbox 1462 2546 1487 2576; x_wconf 90' lang='lat' dir='ltr'>O</span> <span class='ocrx_word' id='word_1_343' title='bbox 1508 2562 1540 2566; x_wconf 87' lang='lat'><em>-</em></span> <span class='ocrx_word' id='word_1_344' title='bbox 1568 2545 1606 2585; x_wconf 83' lang='lat' dir='ltr'>si]</span> <span class='ocrx_word' id='word_1_345' title='bbox 1631 2545 1658 2575; x_wconf 79' lang='lat' dir='ltr'>si</span> <span class='ocrx_word' id='word_1_346' title='bbox 1682 2545 1737 2584; x_wconf 80' lang='lat' dir='ltr'>qm&#39;</span> <span class='ocrx_word' id='word_1_347' title='bbox 1760 2545 1783 2575; x_wconf 93' lang='lat' dir='ltr'>C</span> <span class='ocrx_word' id='word_1_348' title='bbox 1803 2564 1843 2567; x_wconf 86' lang='lat'>—-</span> <span class='ocrx_word' id='word_1_349' title='bbox 1864 2550 1978 2585; x_wconf 76' lang='lat' dir='ltr'>polest,</span> <span class='ocrx_word' id='word_1_350' title='bbox 2006 2556 2080 2578; x_wconf 84' lang='lat' dir='ltr'>cum</span> 
     </span>
     <span class='ocr_line' id='line_1_40' title="bbox 315 2594 2078 2640; baseline -0.002 -9"><span class='ocrx_word' id='word_1_351' title='bbox 315 2602 342 2631; x_wconf 88' lang='lat' dir='ltr'>E</span> <span class='ocrx_word' id='word_1_352' title='bbox 364 2601 550 2640; x_wconf 75' lang='lat' dir='ltr'>viperino</span> <span class='ocrx_word' id='word_1_353' title='bbox 582 2608 644 2631; x_wconf 88' lang='lat' dir='ltr'>nos</span> <span class='ocrx_word' id='word_1_354' title='bbox 671 2598 763 2638; x_wconf 80' lang='lat' dir='ltr'>(coll.</span> <span class='ocrx_word' id='word_1_355' title='bbox 792 2599 892 2630; x_wconf 89' lang='lat' dir='ltr'>Tusc.</span> <span class='ocrx_word' id='word_1_356' title='bbox 921 2599 948 2628; x_wconf 86' lang='lat'>11</span> <span class='ocrx_word' id='word_1_357' title='bbox 975 2597 992 2638; x_wconf 65' lang='lat' dir='ltr'>g</span> <span class='ocrx_word' id='word_1_358' title='bbox 1020 2598 1058 2628; x_wconf 67' lang='lat'>49</span> <span class='ocrx_word' id='word_1_359' title='bbox 1085 2598 1118 2627; x_wconf 86' lang='lat' dir='ltr'>et</span> <span class='ocrx_word' id='word_1_360' title='bbox 1142 2596 1251 2627; x_wconf 72' lang='lat' dir='ltr'>Nonio</span> <span class='ocrx_word' id='word_1_361' title='bbox 1277 2605 1310 2635; x_wconf 90' lang='lat' dir='ltr'>p.</span> <span class='ocrx_word' id='word_1_362' title='bbox 1337 2594 1439 2633; x_wconf 47' lang='lat'><strong>32³0:</strong></span> <span class='ocrx_word' id='word_1_363' title='bbox 1474 2597 1577 2634; x_wconf 77' lang='lat' dir='ltr'>polest</span> <span class='ocrx_word' id='word_1_364' title='bbox 1600 2596 1653 2625; x_wconf 73' lang='lat' dir='ltr'>cui</span> <span class='ocrx_word' id='word_1_365' title='bbox 1676 2596 1825 2634; x_wconf 72' lang='lat' dir='ltr'>viperino</span> <span class='ocrx_word' id='word_1_366' title='bbox 1849 2596 1933 2634; x_wconf 78' lang='lat' dir='ltr'>AB;</span> <span class='ocrx_word' id='word_1_367' title='bbox 1962 2601 2078 2636; x_wconf 78' lang='lat' dir='ltr'>potest.</span> 
     </span>
     <span class='ocr_line' id='line_1_41' title="bbox 314 2644 2076 2688; baseline -0.002 -7"><span class='ocrx_word' id='word_1_368' title='bbox 314 2650 608 2688; x_wconf 80' lang='lat' dir='ltr'>cui-uipcrino</span> <span class='ocrx_word' id='word_1_369' title='bbox 634 2650 682 2683; x_wconf 73' lang='lat' dir='ltr'>M:</span> <span class='ocrx_word' id='word_1_370' title='bbox 713 2651 840 2688; x_wconf 75' lang='lat' dir='ltr'>potest:</span> <span class='ocrx_word' id='word_1_371' title='bbox 873 2647 944 2679; x_wconf 78' lang='lat' dir='ltr'>Cui</span> <span class='ocrx_word' id='word_1_372' title='bbox 974 2647 1172 2685; x_wconf 66' lang='lat' dir='ltr'>viperino</span> <span class='ocrx_word' id='word_1_373' title='bbox 1203 2647 1227 2677; x_wconf 92' lang='lat' dir='ltr'>O</span> <span class='ocrx_word' id='word_1_374' title='bbox 1261 2664 1293 2667; x_wconf 85' lang='lat'><em>-</em></span> <span class='ocrx_word' id='word_1_375' title='bbox 1331 2646 1361 2676; x_wconf 84' lang='lat'>3.</span> <span class='ocrx_word' id='word_1_376' title='bbox 1389 2649 1487 2677; x_wconf 78' lang='lat' dir='ltr'>tetros</span> <span class='ocrx_word' id='word_1_377' title='bbox 1519 2646 1589 2677; x_wconf 86' lang='lat' dir='ltr'>Mo</span> <span class='ocrx_word' id='word_1_378' title='bbox 1616 2662 1650 2666; x_wconf 91' lang='lat'>—</span> <span class='ocrx_word' id='word_1_379' title='bbox 1684 2644 1713 2677; x_wconf 75' lang='lat'>4.</span> <span class='ocrx_word' id='word_1_380' title='bbox 1740 2645 1785 2675; x_wconf 77' lang='lat' dir='ltr'>sic</span> <span class='ocrx_word' id='word_1_381' title='bbox 1809 2645 1853 2675; x_wconf 88' lang='lat' dir='ltr'>B:</span> <span class='ocrx_word' id='word_1_382' title='bbox 1884 2646 1925 2676; x_wconf 76' lang='lat' dir='ltr'>sit</span> <span class='ocrx_word' id='word_1_383' title='bbox 1948 2647 2013 2677; x_wconf 78' lang='lat' dir='ltr'>AO</span> <span class='ocrx_word' id='word_1_384' title='bbox 2042 2663 2076 2668; x_wconf 94' lang='lat'><em>—</em></span> 
     </span>
     <span class='ocr_line' id='line_1_42' title="bbox 315 2695 2077 2739; baseline -0.001 -9"><span class='ocrx_word' id='word_1_385' title='bbox 315 2700 477 2739; x_wconf 77' lang='lat' dir='ltr'>Epicurus</span> <span class='ocrx_word' id='word_1_386' title='bbox 500 2699 693 2730; x_wconf 75' lang='lat' dir='ltr'>Philocteta:</span> <span class='ocrx_word' id='word_1_387' title='bbox 719 2698 755 2729; x_wconf 83' lang='lat' dir='ltr'>Si</span> <span class='ocrx_word' id='word_1_388' title='bbox 771 2698 796 2728; x_wconf 89' lang='lat' dir='ltr'><em>O</em></span> <span class='ocrx_word' id='word_1_389' title='bbox 817 2715 851 2721; x_wconf 90' lang='lat'>—-</span> <span class='ocrx_word' id='word_1_390' title='bbox 877 2696 990 2737; x_wconf 67' lang='lat' dir='ltr'>gravis</span> <span class='ocrx_word' id='word_1_391' title='bbox 1013 2696 1122 2734; x_wconf 71' lang='lat' dir='ltr'>dolor,</span> <span class='ocrx_word' id='word_1_392' title='bbox 1149 2696 1264 2736; x_wconf 73' lang='lat' dir='ltr'>brevis]</span> <span class='ocrx_word' id='word_1_393' title='bbox 1290 2695 1398 2726; x_wconf 85' lang='lat' dir='ltr'>breuis</span> <span class='ocrx_word' id='word_1_394' title='bbox 1420 2696 1513 2726; x_wconf 77' lang='lat' dir='ltr'>dolor</span> <span class='ocrx_word' id='word_1_395' title='bbox 1536 2696 1616 2726; x_wconf 76' lang='lat' dir='ltr'>leuis</span> <span class='ocrx_word' id='word_1_396' title='bbox 1638 2696 1702 2726; x_wconf 69' lang='lat' dir='ltr'>AB</span> <span class='ocrx_word' id='word_1_397' title='bbox 1723 2713 1755 2716; x_wconf 98' lang='lat'><strong>—</strong></span> <span class='ocrx_word' id='word_1_398' title='bbox 1785 2696 1816 2726; x_wconf 78' lang='lat'>5.</span> <span class='ocrx_word' id='word_1_399' title='bbox 1843 2695 1933 2736; x_wconf 80' lang='lat' dir='ltr'>leuis]</span> <span class='ocrx_word' id='word_1_400' title='bbox 1959 2697 2038 2728; x_wconf 81' lang='lat' dir='ltr'>lenis</span> <span class='ocrx_word' id='word_1_401' title='bbox 2053 2699 2077 2729; x_wconf 89' lang='grc' dir='ltr'>Α</span> 
     </span>
     <span class='ocr_line' id='line_1_43' title="bbox 319 2745 2075 2788; baseline -0.001 -8"><span class='ocrx_word' id='word_1_402' title='bbox 319 2767 352 2772; x_wconf 82' lang='lat'>—-</span> <span class='ocrx_word' id='word_1_403' title='bbox 380 2750 409 2780; x_wconf 84' lang='lat'>6.</span> <span class='ocrx_word' id='word_1_404' title='bbox 436 2748 520 2788; x_wconf 82' lang='lat' dir='ltr'>cum]</span> <span class='ocrx_word' id='word_1_405' title='bbox 546 2757 631 2787; x_wconf 84' lang='lat' dir='ltr'>quae</span> <span class='ocrx_word' id='word_1_406' title='bbox 653 2749 677 2779; x_wconf 88' lang='lat' dir='ltr'>B</span> <span class='ocrx_word' id='word_1_407' title='bbox 706 2766 740 2770; x_wconf 97' lang='lat'><strong>—</strong></span> <span class='ocrx_word' id='word_1_408' title='bbox 774 2749 805 2778; x_wconf 78' lang='lat'>7.</span> <span class='ocrx_word' id='word_1_409' title='bbox 837 2755 947 2778; x_wconf 78' lang='lat' dir='ltr'>recens</span> <span class='ocrx_word' id='word_1_410' title='bbox 969 2747 1009 2777; x_wconf 72' lang='lat' dir='ltr'>sic</span> <span class='ocrx_word' id='word_1_411' title='bbox 1033 2749 1061 2777; x_wconf 77' lang='lat' dir='ltr'>et</span> <span class='ocrx_word' id='word_1_412' title='bbox 1085 2746 1111 2777; x_wconf 77' lang='lat' dir='ltr'><strong>A</strong></span> <span class='ocrx_word' id='word_1_413' title='bbox 1135 2763 1178 2768; x_wconf 83' lang='lat'>——</span> <span class='ocrx_word' id='word_1_414' title='bbox 1210 2746 1239 2776; x_wconf 83' lang='grc'>9.</span> <span class='ocrx_word' id='word_1_415' title='bbox 1266 2746 1371 2785; x_wconf 77' lang='lat' dir='ltr'>facias</span> <span class='ocrx_word' id='word_1_416' title='bbox 1393 2746 1523 2784; x_wconf 79' lang='lat' dir='ltr'>facinus</span> <span class='ocrx_word' id='word_1_417' title='bbox 1546 2746 1569 2775; x_wconf 86' lang='lat' dir='ltr'>B</span> <span class='ocrx_word' id='word_1_418' title='bbox 1597 2762 1631 2766; x_wconf 92' lang='lat'>—</span> <span class='ocrx_word' id='word_1_419' title='bbox 1659 2745 1744 2776; x_wconf 67' lang='lat' dir='ltr'>⁴mori</span> <span class='ocrx_word' id='word_1_420' title='bbox 1767 2745 1793 2775; x_wconf 75' lang='lat' dir='ltr'>si</span> <span class='ocrx_word' id='word_1_421' title='bbox 1816 2746 1930 2777; x_wconf 80' lang='lat' dir='ltr'>uideas</span> <span class='ocrx_word' id='word_1_422' title='bbox 1954 2747 1975 2777; x_wconf 90' lang='lat' dir='ltr'>B</span> <span class='ocrx_word' id='word_1_423' title='bbox 1991 2748 2014 2778; x_wconf 88' lang='lat' dir='ltr'>E</span> <span class='ocrx_word' id='word_1_424' title='bbox 2041 2764 2075 2770; x_wconf 92' lang='lat'>—</span> 
     </span>
     <span class='ocr_line' id='line_1_44' title="bbox 316 2794 2082 2840; baseline -0.002 -9"><span class='ocrx_word' id='word_1_425' title='bbox 316 2801 367 2832; x_wconf 67' lang='grc' dir='ltr'>Η.</span> <span class='ocrx_word' id='word_1_426' title='bbox 394 2803 429 2831; x_wconf 74' lang='lat' dir='ltr'>uc</span> <span class='ocrx_word' id='word_1_427' title='bbox 451 2799 618 2840; x_wconf 73' lang='lat' dir='ltr'>intelleyas</span> <span class='ocrx_word' id='word_1_428' title='bbox 640 2799 723 2830; x_wconf 74' lang='lat' dir='ltr'>AB:</span> <span class='ocrx_word' id='word_1_429' title='bbox 751 2801 779 2829; x_wconf 75' lang='lat' dir='ltr'>et</span> <span class='ocrx_word' id='word_1_430' title='bbox 803 2797 944 2837; x_wconf 61' lang='lat' dir='ltr'>intellige</span> <span class='ocrx_word' id='word_1_431' title='bbox 968 2798 992 2827; x_wconf 94' lang='lat' dir='ltr'>O</span> <span class='ocrx_word' id='word_1_432' title='bbox 1015 2812 1048 2817; x_wconf 96' lang='lat'>—</span> <span class='ocrx_word' id='word_1_433' title='bbox 1078 2796 1129 2826; x_wconf 75' lang='lat'>47.</span> <span class='ocrx_word' id='word_1_434' title='bbox 1149 2796 1236 2826; x_wconf 82' lang='lat' dir='ltr'>haec.</span> <span class='ocrx_word' id='word_1_435' title='bbox 1259 2795 1363 2835; x_wconf 70' lang='lat' dir='ltr'>Tanti]</span> <span class='ocrx_word' id='word_1_436' title='bbox 1388 2796 1436 2826; x_wconf 74' lang='lat' dir='ltr'>Ne</span> <span class='ocrx_word' id='word_1_437' title='bbox 1452 2794 1535 2825; x_wconf 75' lang='lat' dir='ltr'>tanti</span> <span class='ocrx_word' id='word_1_438' title='bbox 1553 2795 1574 2824; x_wconf 87' lang='grc' dir='ltr'><strong>Β</strong></span> <span class='ocrx_word' id='word_1_439' title='bbox 1594 2811 1628 2815; x_wconf 89' lang='grc'><strong>-</strong></span> <span class='ocrx_word' id='word_1_440' title='bbox 1657 2795 1740 2825; x_wconf 80' lang='lat' dir='ltr'>tanti</span> <span class='ocrx_word' id='word_1_441' title='bbox 1763 2795 1903 2826; x_wconf 72' lang='lat' dir='ltr'>aderant</span> <span class='ocrx_word' id='word_1_442' title='bbox 1927 2798 1971 2827; x_wconf 81' lang='lat' dir='ltr'>A:</span> <span class='ocrx_word' id='word_1_443' title='bbox 1998 2797 2082 2828; x_wconf 77' lang='lat' dir='ltr'>tanti</span> 
     </span>
     <span class='ocr_line' id='line_1_45' title="bbox 314 2843 2077 2886; baseline -0.002 -5"><span class='ocrx_word' id='word_1_444' title='bbox 314 2854 423 2881; x_wconf 81' lang='lat' dir='ltr'>aulem</span> <span class='ocrx_word' id='word_1_445' title='bbox 439 2851 483 2886; x_wconf 75' lang='lat' dir='ltr'>B3</span> <span class='ocrx_word' id='word_1_446' title='bbox 510 2850 596 2880; x_wconf 76' lang='lat' dir='ltr'>tanti</span> <span class='ocrx_word' id='word_1_447' title='bbox 618 2852 727 2879; x_wconf 85' lang='lat' dir='ltr'>aulem</span> <span class='ocrx_word' id='word_1_448' title='bbox 750 2848 893 2878; x_wconf 71' lang='lat' dir='ltr'>aderant</span> <span class='ocrx_word' id='word_1_449' title='bbox 916 2847 942 2877; x_wconf 92' lang='lat' dir='ltr'>D</span> <span class='ocrx_word' id='word_1_450' title='bbox 958 2846 987 2876; x_wconf 79' lang='lat' dir='ltr'><strong>M</strong></span> <span class='ocrx_word' id='word_1_451' title='bbox 1002 2846 1038 2876; x_wconf 94' lang='lat' dir='ltr'>O.</span> <span class='ocrx_word' id='word_1_452' title='bbox 1072 2846 1182 2876; x_wconf 83' lang='lat' dir='ltr'>Etiam</span> <span class='ocrx_word' id='word_1_453' title='bbox 1208 2845 1240 2876; x_wconf 88' lang='lat' dir='ltr'>in</span> <span class='ocrx_word' id='word_1_454' title='bbox 1259 2845 1401 2876; x_wconf 83' lang='lat' dir='ltr'>Graecis</span> <span class='ocrx_word' id='word_1_455' title='bbox 1418 2843 1536 2875; x_wconf 65' lang='lat' dir='ltr'>verbis</span> <span class='ocrx_word' id='word_1_456' title='bbox 1560 2853 1615 2884; x_wconf 85' lang='lat' dir='ltr'>ap.</span> <span class='ocrx_word' id='word_1_457' title='bbox 1643 2845 1786 2883; x_wconf 80' lang='lat' dir='ltr'>Diogen.</span> <span class='ocrx_word' id='word_1_458' title='bbox 1813 2845 1926 2876; x_wconf 71' lang='lat' dir='ltr'>Laert.</span> <span class='ocrx_word' id='word_1_459' title='bbox 1952 2846 1999 2883; x_wconf 76' lang='lat' dir='ltr'>X,</span> <span class='ocrx_word' id='word_1_460' title='bbox 2025 2847 2077 2878; x_wconf 75' lang='lat'>⁶22.</span> 
     </span>
     <span class='ocr_line' id='line_1_46' title="bbox 315 2893 2077 2940; baseline -0.002 -9"><span class='ocrx_word' id='word_1_461' title='bbox 315 2900 414 2931; x_wconf 82' lang='lat' dir='ltr'>deest</span> <span class='ocrx_word' id='word_1_462' title='bbox 443 2898 609 2940; x_wconf 81' lang='lat' dir='ltr'>particula</span> <span class='ocrx_word' id='word_1_463' title='bbox 642 2898 874 2929; x_wconf 68' lang='lat' dir='ltr'>adversativa.</span> <span class='ocrx_word' id='word_1_464' title='bbox 911 2914 941 2918; x_wconf 91' lang='lat'><strong>—</strong></span> <span class='ocrx_word' id='word_1_465' title='bbox 977 2896 1027 2927; x_wconf 59' lang='lat'>118.</span> <span class='ocrx_word' id='word_1_466' title='bbox 1055 2896 1233 2926; x_wconf 69' lang='lat' dir='ltr'>torminum</span> <span class='ocrx_word' id='word_1_467' title='bbox 1262 2894 1426 2925; x_wconf 76' lang='lat' dir='ltr'>ABCD:</span> <span class='ocrx_word' id='word_1_468' title='bbox 1458 2894 1618 2924; x_wconf 74' lang='lat' dir='ltr'>viscerum</span> <span class='ocrx_word' id='word_1_469' title='bbox 1650 2893 1753 2924; x_wconf 75' lang='lat' dir='ltr'>codd.</span> <span class='ocrx_word' id='word_1_470' title='bbox 1787 2894 1992 2927; x_wconf 81' lang='lat' dir='ltr'>deteriores.</span> <span class='ocrx_word' id='word_1_471' title='bbox 2027 2896 2077 2927; x_wconf 86' lang='lat' dir='ltr'>Cf.</span> 
     </span>
     <span class='ocr_line' id='line_1_47' title="bbox 316 2943 2076 2988; baseline -0.002 -7"><span class='ocrx_word' id='word_1_472' title='bbox 316 2949 398 2981; x_wconf 85' lang='lat' dir='ltr'>Plin.</span> <span class='ocrx_word' id='word_1_473' title='bbox 425 2951 463 2981; x_wconf 87' lang='lat' dir='ltr'>N.</span> <span class='ocrx_word' id='word_1_474' title='bbox 491 2950 530 2980; x_wconf 87' lang='lat' dir='ltr'>H.</span> <span class='ocrx_word' id='word_1_475' title='bbox 557 2948 673 2979; x_wconf 80' lang='lat' dir='ltr'><strong>XXXII</strong></span> <span class='ocrx_word' id='word_1_476' title='bbox 700 2947 717 2988; x_wconf 69' lang='lat' dir='ltr'>g</span> <span class='ocrx_word' id='word_1_477' title='bbox 744 2947 802 2979; x_wconf 71' lang='lat'>24:</span> <span class='ocrx_word' id='word_1_478' title='bbox 837 2946 1015 2977; x_wconf 69' lang='lat' dir='ltr'>torminum</span> <span class='ocrx_word' id='word_1_479' title='bbox 1045 2954 1085 2976; x_wconf 85' lang='lat' dir='ltr'>ac</span> <span class='ocrx_word' id='word_1_480' title='bbox 1108 2945 1232 2976; x_wconf 79' lang='lat' dir='ltr'>vesicae</span> <span class='ocrx_word' id='word_1_481' title='bbox 1255 2954 1294 2975; x_wconf 86' lang='lat' dir='ltr'>ac</span> <span class='ocrx_word' id='word_1_482' title='bbox 1317 2944 1521 2975; x_wconf 77' lang='lat' dir='ltr'>calculorum</span> <span class='ocrx_word' id='word_1_483' title='bbox 1543 2943 1644 2974; x_wconf 84' lang='lat' dir='ltr'>mala.</span> <span class='ocrx_word' id='word_1_484' title='bbox 1673 2961 1706 2965; x_wconf 74' lang='lat'>—</span> <span class='ocrx_word' id='word_1_485' title='bbox 1736 2944 1786 2975; x_wconf 57' lang='lat' dir='ltr'>s19.</span> <span class='ocrx_word' id='word_1_486' title='bbox 1813 2946 1971 2976; x_wconf 79' lang='lat' dir='ltr'>Miserum</span> <span class='ocrx_word' id='word_1_487' title='bbox 1995 2947 2076 2977; x_wconf 81' lang='lat' dir='ltr'>AB:</span> 
     </span>
     <span class='ocr_line' id='line_1_48' title="bbox 314 2993 2076 3034; baseline -0.001 -5"><span class='ocrx_word' id='word_1_488' title='bbox 314 3000 365 3030; x_wconf 87' lang='lat' dir='ltr'>En</span> <span class='ocrx_word' id='word_1_489' title='bbox 387 2999 543 3029; x_wconf 83' lang='lat' dir='ltr'>miserum</span> <span class='ocrx_word' id='word_1_490' title='bbox 567 2999 612 3034; x_wconf 81' lang='lat' dir='ltr'>G3</span> <span class='ocrx_word' id='word_1_491' title='bbox 639 2998 721 3028; x_wconf 86' lang='lat' dir='ltr'>Ecce</span> <span class='ocrx_word' id='word_1_492' title='bbox 742 2998 897 3028; x_wconf 81' lang='lat' dir='ltr'>miserum</span> <span class='ocrx_word' id='word_1_493' title='bbox 922 2996 1023 3028; x_wconf 88' lang='lat' dir='ltr'>codd.</span> <span class='ocrx_word' id='word_1_494' title='bbox 1049 2995 1260 3030; x_wconf 84' lang='lat' dir='ltr'>deteriores;</span> <span class='ocrx_word' id='word_1_495' title='bbox 1288 2993 1392 3033; x_wconf 81' lang='lat' dir='ltr'>[Ecce]</span> <span class='ocrx_word' id='word_1_496' title='bbox 1412 2994 1566 3024; x_wconf 77' lang='lat' dir='ltr'>miserum</span> <span class='ocrx_word' id='word_1_497' title='bbox 1583 2995 1607 3025; x_wconf 94' lang='lat' dir='ltr'>O</span> <span class='ocrx_word' id='word_1_498' title='bbox 1626 3011 1659 3015; x_wconf 94' lang='lat'>—</span> <span class='ocrx_word' id='word_1_499' title='bbox 1688 2994 1866 3029; x_wconf 78' lang='lat' dir='ltr'>hominem.</span> <span class='ocrx_word' id='word_1_500' title='bbox 1893 2997 1919 3026; x_wconf 76' lang='lat' dir='ltr'>si</span> <span class='ocrx_word' id='word_1_501' title='bbox 1943 2996 2035 3027; x_wconf 83' lang='lat' dir='ltr'>dolor</span> <span class='ocrx_word' id='word_1_502' title='bbox 2050 3006 2076 3027; x_wconf 83' lang='lat' dir='ltr'>s.</span> 
     </span>
     <span class='ocr_line' id='line_1_49' title="bbox 314 3042 2076 3086; baseline -0.002 -8"><span class='ocrx_word' id='word_1_503' title='bbox 314 3058 356 3079; x_wconf 84' lang='lat' dir='ltr'>m.</span> <span class='ocrx_word' id='word_1_504' title='bbox 376 3051 431 3078; x_wconf 79' lang='lat' dir='ltr'>cst.</span> <span class='ocrx_word' id='word_1_505' title='bbox 450 3048 524 3078; x_wconf 81' lang='lat' dir='ltr'>Dici</span> <span class='ocrx_word' id='word_1_506' title='bbox 541 3048 565 3078; x_wconf 90' lang='lat' dir='ltr'><strong>O</strong></span> <span class='ocrx_word' id='word_1_507' title='bbox 586 3065 619 3069; x_wconf 96' lang='lat'><strong>—</strong></span> <span class='ocrx_word' id='word_1_508' title='bbox 647 3048 699 3077; x_wconf 64' lang='grc' dir='ltr'>ΞΟ.</span> <span class='ocrx_word' id='word_1_509' title='bbox 725 3047 956 3086; x_wconf 73' lang='lat' dir='ltr'>compensabat</span> <span class='ocrx_word' id='word_1_510' title='bbox 980 3047 1002 3076; x_wconf 90' lang='lat' dir='ltr'>B</span> <span class='ocrx_word' id='word_1_511' title='bbox 1025 3064 1057 3068; x_wconf 81' lang='lat'>-</span> <span class='ocrx_word' id='word_1_512' title='bbox 1085 3045 1138 3076; x_wconf 62' lang='lat'>023.</span> <span class='ocrx_word' id='word_1_513' title='bbox 1159 3048 1187 3075; x_wconf 72' lang='lat' dir='ltr'>et</span> <span class='ocrx_word' id='word_1_514' title='bbox 1208 3044 1261 3083; x_wconf 78' lang='lat' dir='ltr'>ph.</span> <span class='ocrx_word' id='word_1_515' title='bbox 1283 3046 1307 3074; x_wconf 70' lang='lat' dir='ltr'>A</span> <span class='ocrx_word' id='word_1_516' title='bbox 1335 3044 1470 3082; x_wconf 74' lang='lat' dir='ltr'>(graece</span> <span class='ocrx_word' id='word_1_517' title='bbox 1496 3044 1556 3073; x_wconf 74' lang='grc' dir='ltr'>καὶ</span> <span class='ocrx_word' id='word_1_518' title='bbox 1576 3042 1842 3084; x_wconf 67' lang='grc' dir='ltr'>([ιλοσοι·ρίαν);</span> <span class='ocrx_word' id='word_1_519' title='bbox 1870 3048 1899 3076; x_wconf 78' lang='lat' dir='ltr'>et</span> <span class='ocrx_word' id='word_1_520' title='bbox 1921 3054 2003 3085; x_wconf 69' lang='lat' dir='ltr'>crya</span> <span class='ocrx_word' id='word_1_521' title='bbox 2020 3045 2076 3084; x_wconf 78' lang='lat' dir='ltr'>ph.</span> 
     </span>
     <span class='ocr_line' id='line_1_50' title="bbox 317 3094 2078 3137; baseline -0.001 -9"><span class='ocrx_word' id='word_1_522' title='bbox 317 3097 442 3133; x_wconf 82' lang='grc' dir='ltr'>ΒΜος</span> <span class='ocrx_word' id='word_1_523' title='bbox 470 3100 498 3128; x_wconf 69' lang='lat' dir='ltr'>ec</span> <span class='ocrx_word' id='word_1_524' title='bbox 522 3105 603 3137; x_wconf 62' lang='lat' dir='ltr'>erga</span> <span class='ocrx_word' id='word_1_525' title='bbox 627 3105 695 3127; x_wconf 83' lang='lat' dir='ltr'>om.</span> <span class='ocrx_word' id='word_1_526' title='bbox 716 3097 739 3127; x_wconf 67' lang='lat'>1«)</span> <span class='ocrx_word' id='word_1_527' title='bbox 760 3114 794 3118; x_wconf 86' lang='lat'>—</span> <span class='ocrx_word' id='word_1_528' title='bbox 820 3097 872 3128; x_wconf 74' lang='grc' dir='ltr'>ΞΠ.</span> <span class='ocrx_word' id='word_1_529' title='bbox 899 3095 1083 3127; x_wconf 61' lang='lat' dir='ltr'>cranimali</span> <span class='ocrx_word' id='word_1_530' title='bbox 1106 3096 1128 3125; x_wconf 89' lang='lat' dir='ltr'>B</span> <span class='ocrx_word' id='word_1_531' title='bbox 1147 3095 1169 3125; x_wconf 62' lang='lat'>11]</span> <span class='ocrx_word' id='word_1_532' title='bbox 1190 3112 1223 3115; x_wconf 97' lang='lat'><strong>—</strong></span> <span class='ocrx_word' id='word_1_533' title='bbox 1252 3094 1390 3132; x_wconf 44' lang='lat' dir='ltr'>dispas-it</span> <span class='ocrx_word' id='word_1_534' title='bbox 1416 3095 1459 3123; x_wconf 73' lang='lat' dir='ltr'>A:</span> <span class='ocrx_word' id='word_1_535' title='bbox 1487 3094 1633 3132; x_wconf 71' lang='lat' dir='ltr'>desperit</span> <span class='ocrx_word' id='word_1_536' title='bbox 1656 3095 1763 3125; x_wconf 82' lang='lat' dir='ltr'>ceteri</span> <span class='ocrx_word' id='word_1_537' title='bbox 1789 3094 1890 3126; x_wconf 84' lang='lat' dir='ltr'>codd.</span> <span class='ocrx_word' id='word_1_538' title='bbox 1912 3112 1945 3116; x_wconf 93' lang='lat'><strong>—</strong></span> <span class='ocrx_word' id='word_1_539' title='bbox 1974 3095 2026 3126; x_wconf 90' lang='lat'>30.</span> <span class='ocrx_word' id='word_1_540' title='bbox 2049 3098 2078 3126; x_wconf 76' lang='lat' dir='ltr'>el</span> 
     </span>
     <span class='ocr_line' id='line_1_51' title="bbox 317 3144 2077 3184; baseline -0.002 -7"><span class='ocrx_word' id='word_1_541' title='bbox 317 3150 338 3179; x_wconf 67' lang='lat' dir='ltr'>A</span> <span class='ocrx_word' id='word_1_542' title='bbox 355 3147 400 3177; x_wconf 88' lang='lat' dir='ltr'>B:</span> <span class='ocrx_word' id='word_1_543' title='bbox 426 3150 455 3177; x_wconf 70' lang='lat' dir='ltr'>eb</span> <span class='ocrx_word' id='word_1_544' title='bbox 478 3146 511 3176; x_wconf 70' lang='lat' dir='ltr'>in</span> <span class='ocrx_word' id='word_1_545' title='bbox 536 3146 560 3177; x_wconf 94' lang='grc' dir='ltr'>Ο</span> <span class='ocrx_word' id='word_1_546' title='bbox 589 3163 623 3168; x_wconf 91' lang='grc'>-</span> <span class='ocrx_word' id='word_1_547' title='bbox 651 3147 701 3177; x_wconf 79' lang='grc'>31.</span> <span class='ocrx_word' id='word_1_548' title='bbox 730 3155 791 3176; x_wconf 63' lang='lat' dir='ltr'>reas</span> <span class='ocrx_word' id='word_1_549' title='bbox 814 3147 839 3176; x_wconf 80' lang='lat' dir='ltr'>si</span> <span class='ocrx_word' id='word_1_550' title='bbox 863 3147 964 3177; x_wconf 86' lang='lat' dir='ltr'>laced.</span> <span class='ocrx_word' id='word_1_551' title='bbox 992 3147 1015 3176; x_wconf 91' lang='lat' dir='ltr'>B</span> <span class='ocrx_word' id='word_1_552' title='bbox 1043 3146 1122 3184; x_wconf 87' lang='lat' dir='ltr'>(non</span> <span class='ocrx_word' id='word_1_553' title='bbox 1148 3144 1182 3179; x_wconf 78' lang='lat' dir='ltr'>E)</span> <span class='ocrx_word' id='word_1_554' title='bbox 1208 3162 1250 3167; x_wconf 57' lang='lat'>—«</span> <span class='ocrx_word' id='word_1_555' title='bbox 1274 3144 1325 3175; x_wconf 76' lang='lat'>35.</span> <span class='ocrx_word' id='word_1_556' title='bbox 1354 3152 1416 3182; x_wconf 80' lang='lat' dir='ltr'>quo</span> <span class='ocrx_word' id='word_1_557' title='bbox 1438 3144 1544 3173; x_wconf 75' lang='lat' dir='ltr'>modo.</span> <span class='ocrx_word' id='word_1_558' title='bbox 1572 3144 1692 3174; x_wconf 74' lang='lat' dir='ltr'>Beatus</span> <span class='ocrx_word' id='word_1_559' title='bbox 1714 3144 1775 3174; x_wconf 72' lang='lat' dir='ltr'>sibi</span> <span class='ocrx_word' id='word_1_560' title='bbox 1797 3144 1927 3175; x_wconf 74' lang='lat' dir='ltr'>uidetur</span> <span class='ocrx_word' id='word_1_561' title='bbox 1943 3144 2077 3175; x_wconf 71' lang='lat' dir='ltr'>Madvi-</span> 
     </span>
     <span class='ocr_line' id='line_1_52' title="bbox 316 3192 2077 3237; baseline -0.002 -10"><span class='ocrx_word' id='word_1_562' title='bbox 316 3198 409 3237; x_wconf 84' lang='lat' dir='ltr'>gius:</span> <span class='ocrx_word' id='word_1_563' title='bbox 437 3205 500 3235; x_wconf 77' lang='lat' dir='ltr'>quo</span> <span class='ocrx_word' id='word_1_564' title='bbox 524 3197 617 3226; x_wconf 81' lang='lat' dir='ltr'>modo</span> <span class='ocrx_word' id='word_1_565' title='bbox 640 3195 700 3226; x_wconf 76' lang='lat' dir='ltr'>sibi</span> <span class='ocrx_word' id='word_1_566' title='bbox 725 3196 853 3227; x_wconf 78' lang='lat' dir='ltr'>uidetur</span> <span class='ocrx_word' id='word_1_567' title='bbox 876 3198 900 3227; x_wconf 82' lang='grc' dir='ltr'>Α</span> <span class='ocrx_word' id='word_1_568' title='bbox 915 3206 921 3234; x_wconf 82' lang='grc'>;</span> <span class='ocrx_word' id='word_1_569' title='bbox 937 3194 1011 3235; x_wconf 75' lang='lat' dir='ltr'>&#39;quo</span> <span class='ocrx_word' id='word_1_570' title='bbox 1033 3196 1129 3226; x_wconf 80' lang='lat' dir='ltr'>modo</span> <span class='ocrx_word' id='word_1_571' title='bbox 1151 3194 1209 3225; x_wconf 74' lang='lat' dir='ltr'>sibi</span> <span class='ocrx_word' id='word_1_572' title='bbox 1234 3193 1406 3224; x_wconf 79' lang='lat' dir='ltr'>uidebatur</span> <span class='ocrx_word' id='word_1_573' title='bbox 1424 3193 1468 3229; x_wconf 79' lang='lat' dir='ltr'>ss;</span> <span class='ocrx_word' id='word_1_574' title='bbox 1495 3192 1581 3231; x_wconf 78' lang='lat' dir='ltr'>quod</span> <span class='ocrx_word' id='word_1_575' title='bbox 1602 3193 1661 3223; x_wconf 74' lang='lat' dir='ltr'>sibi</span> <span class='ocrx_word' id='word_1_576' title='bbox 1683 3193 1812 3224; x_wconf 75' lang='lat' dir='ltr'>videtur</span> <span class='ocrx_word' id='word_1_577' title='bbox 1831 3193 1855 3223; x_wconf 97' lang='lat' dir='ltr'>O</span> <span class='ocrx_word' id='word_1_578' title='bbox 1876 3210 1910 3214; x_wconf 90' lang='lat'>—</span> <span class='ocrx_word' id='word_1_579' title='bbox 1936 3194 2077 3225; x_wconf 80' lang='lat' dir='ltr'>moriens</span> 
     </span>
    </p>
   </div>
   <div class='ocr_carea' id='block_1_6' title="bbox 316 3246 675 3279">
    <p class='ocr_par' dir='ltr' id='par_1_6' title="bbox 316 3246 675 3279">
     <span class='ocr_line' id='line_1_53' title="bbox 316 3246 675 3279; baseline -0.006 0"><span class='ocrx_word' id='word_1_580' title='bbox 316 3248 343 3279; x_wconf 86' lang='grc' dir='ltr'><strong>Α</strong></span> <span class='ocrx_word' id='word_1_581' title='bbox 356 3248 379 3278; x_wconf 92' lang='grc' dir='ltr'>Β</span> <span class='ocrx_word' id='word_1_582' title='bbox 395 3247 439 3278; x_wconf 84' lang='grc' dir='ltr'>Ε;</span> <span class='ocrx_word' id='word_1_583' title='bbox 463 3246 615 3278; x_wconf 79' lang='lat' dir='ltr'>morienti</span> <span class='ocrx_word' id='word_1_584' title='bbox 638 3247 675 3277; x_wconf 94' lang='grc' dir='ltr'>Ο.</span> 
     </span>
    </p>
   </div>
  </div>
 </body>
</html>
