2249 3624
200 163 283 206 798
874 163 944 203 DE
975 164 1043 204 RE
1073 163 1297 204 PUBLICA

200 274 375 316 Romuli
408 285 659 326 excessum,
697 274 745 313 ut
775 273 870 326 ipse
901 274 1081 329 gereret
1112 273 1206 314 sine
1238 284 1346 329 rege
1375 284 1466 314 rem
1499 273 1737 328 publicam,
1775 274 1965 328 populus

199 344 242 384 id
273 356 362 384 non
393 342 505 395 tulit,
537 340 842 396 desiderioque
863 339 1039 382 Romuli
1070 344 1228 395 postea
1258 353 1408 399 regem
1439 340 1643 398 flagitare
1666 355 1754 384 non
1776 342 1965 384 destitit:

200 425 295 455 cum
334 410 577 465 prudenter
613 411 673 450 illi
714 410 939 463 principes
982 422 1143 450 novam
1190 412 1235 451 et
1275 409 1514 451 inauditam
1555 412 1718 453 ceteris
1756 411 1967 468 gentibus

199 494 239 533 p.
256 475 367 530 28⁶2]
401 479 645 534 interregni
676 478 854 520 ineundi
884 479 1099 520 rationem
1132 475 1528 536 excogifftaverunt,
1558 482 1619 536 ut,
1652 480 1795 535 quoad
1816 483 1967 522 certus

161 563 279 596 srex
310 549 564 592 declaratus
595 551 737 599 esset,
779 560 859 589 nec
891 549 984 588 sine
1015 560 1123 604 rege
1155 548 1316 590 civitas
1353 560 1436 590 nec
1467 547 1673 590 diuturno
1705 562 1815 607 rege
1847 551 1968 591 esset

199 632 284 660 uno
330 631 411 659 nec
458 618 803 660 committeretur
852 619 898 656 ut
951 617 1175 670 quisquam
1223 618 1473 658 inveterata
1520 620 1745 671 potestate
1790 620 1867 660 aut
1911 617 1967 660 ad

198 686 502 742 deponendum
548 687 771 739 imperium
819 684 986 725 tardior
1031 688 1152 726 esset
1197 689 1273 726 aut
1318 684 1374 726 ad
1421 686 1705 739 optinendum
1750 687 1969 727 munitior.

197 756 279 798 24.
320 754 416 808 Quo
458 753 627 809 quidem
669 756 866 807 tempore
908 767 1051 794 novus
1090 755 1162 795 iile
1202 755 1392 808 populus
1423 754 1535 795 vidit
1566 757 1712 796 tamen
1743 755 1810 810 id,
1852 754 1966 810 quod

196 827 314 883 fugit
344 823 737 866 Lacedaemonium
770 823 1048 878 Lycurgum,
1091 824 1162 876 qni
1202 835 1352 879 regem
1395 836 1482 864 non
1515 823 1794 877 deligendum
1827 823 1968 879 duxit,

146 909 181 939 lo
196 908 236 947 p.
259 890 368 945 283]
412 895 448 935 si
481 891 606 934 modo
637 891 722 933 hoc
752 893 795 931 in
828 892 1026 948 Lycurgi
1059 894 1284 944 potestate
1311 890 1318 940 Ι
1346 894 1487 946 potuit
1520 905 1642 945 esse,
1682 892 1761 934 sed
1792 891 1966 935 haben-

197 964 317 1017 dum,
350 964 677 1018 qualiscumque
710 961 746 1001 is
778 960 912 1012 foret,
945 961 1017 1014 qui
1049 959 1176 1001 modo
1208 963 1328 1002 esset
1360 961 1567 1002 Herculis
1599 962 1739 1016 stirpe
1768 974 1967 1018 genera-

197 1036 282 1076 tus.
340 1033 490 1075 Nostri
522 1031 583 1071 illi
615 1031 742 1071 etiam
774 1032 861 1069 tum
894 1032 1101 1087 agrestes
1130 1029 1339 1071 viderunt
1379 1031 1587 1072 virtutem
1629 1034 1673 1072 et
1704 1032 1967 1086 sapientiam

196 1103 414 1161 regalem,
446 1113 533 1141 non
566 1100 822 1153 progeniem
855 1099 1004 1152 quaeri
1039 1100 1262 1152 oportere.

308 1171 439 1213 Xlll.
470 1168 552 1210 25.
585 1167 752 1220 Quibus
784 1180 878 1210 cum
911 1180 1009 1208 esse
1042 1170 1339 1221 praestantem
1363 1168 1544 1210 Numam
1567 1167 1826 1222 Pompilium
1852 1168 1968 1210 fama

145 1255 181 1284 ¹¹5
197 1241 354 1287 ferret„
386 1239 708 1293 praetermissis
739 1238 830 1277 suis
861 1238 1033 1278 civibus
1064 1250 1212 1293 regem
1246 1238 1539 1294 alienigenam
1575 1238 1774 1291 patribus
1805 1241 1967 1279 aucto-

194 1322 234 1362 p.
258 1304 369 1360 ⁶284]
403 1309 524 1349 ribus
554 1307 634 1348 sibi
671 1307 763 1360 ipse
799 1306 986 1359 populus
1017 1304 1209 1346 adscivit
1241 1318 1424 1360 eumque
1459 1306 1513 1346 ad
1546 1307 1820 1362 regnandum
1844 1302 1848 1358 Ι
1875 1304 1967 1348 Sa-

194 1381 338 1422 binum
382 1377 596 1418 hominem
628 1375 811 1416 Romam
845 1375 1033 1415 Curibus
1074 1375 1249 1416 accivit.
1309 1373 1392 1426 Qui
1426 1378 1472 1416 ut
1505 1375 1588 1417 huc
1621 1377 1770 1429 venit,
1810 1388 1965 1430 quam-

195 1461 319 1503 quam
353 1447 544 1502 populus
575 1445 756 1486 curiatis
789 1456 883 1484 eum
915 1444 1086 1484 comitis
1117 1456 1266 1501 regem
1300 1456 1398 1485 esse
1430 1445 1645 1502 iusserat,
1687 1449 1833 1486 tamen
1871 1445 1965 1499 ipse

194 1518 248 1559 de
279 1529 358 1558 suo
390 1516 570 1569 imperio
603 1514 813 1555 curiatam
845 1513 989 1569 legem
1022 1513 1142 1566 tulit,
1186 1513 1469 1568 hominesque
1501 1513 1730 1555 Romanos
1761 1515 1965 1554 instituto

142 1597 179 1626 ‘20
193 1586 368 1629 Romuli
409 1585 578 1626 bellicis
608 1581 766 1623 studiis
796 1584 844 1622 ut
875 1581 985 1622 vidit
1017 1583 1248 1634 incensos,
1289 1584 1560 1624 existimavit
1593 1595 1671 1625 eos
1701 1584 1878 1638 paulum
1909 1582 1965 1624 ab

193 1657 268 1698 illa
298 1652 617 1698 consuetudine
649 1664 746 1693 esse
778 1650 1071 1692 revocandos.

306 1723 431 1765 XIV.
462 1718 545 1763 26.
577 1721 647 1763 Ac.
679 1722 858 1774 primum
891 1733 1048 1777 agros,
1080 1733 1189 1775 quos
1219 1721 1335 1762 bello
1368 1720 1582 1762 Romulus
1612 1722 1813 1776 ceperat,
1845 1720 1964 1762 divi-

194 1789 330 1846 p.87.]
365 1793 421 1834 sit
452 1791 613 1832 viritim
646 1790 817 1831 civibus
838 1783 841 1839 Ι
862 1789 1097 1843 docuitque
1128 1791 1222 1830 sine
1255 1789 1600 1843 depopulatione
1632 1793 1765 1844 atque
1797 1788 1965 1844 praeda

194 1874 328 1918 posse
367 1874 446 1901 eos
484 1859 682 1902 colendis
722 1860 845 1915 agris
887 1859 1113 1899 abundare
1154 1859 1391 1900 commodis
1429 1859 1648 1911 omnibus,
1685 1870 1964 1914 amoremque

141 1940 178 1971 25
195 1933 258 1974 eis
289 1931 365 1972 otii
398 1933 442 1971 et
474 1931 597 1984 pacis
627 1930 795 1978 iniecit,
839 1929 879 1967 in
925 1928 1080 1981 quibus
1122 1928 1327 1969 facillime
1368 1929 1536 1968 iustitia
1575 1930 1618 1968 et
1650 1926 1758 1968 fides
1790 1939 1963 1969 conva-

192 2002 320 2043 lescit
366 2002 410 2041 et
457 2011 636 2052 quornm
675 1997 921 2052 patrocinio
969 1998 1153 2037 maxime
1198 1997 1345 2038 cultus
1391 2009 1598 2053 agrorum
1646 1997 1964 2050 perceptioque

192 2069 369 2126 frugum
400 2066 664 2108 defenditur.
714 2064 922 2119 Idemque
954 2064 1197 2118 Pompilius
1228 2068 1271 2105 et
1303 2066 1512 2118 auspiciis
1543 2065 1780 2106 maioribus
1810 2066 1965 2106 inven-

192 2140 251 2179 tis
280 2137 337 2179 ad
368 2137 598 2192 pristinum
628 2147 851 2176 numerum
883 2133 968 2174 duo
1000 2147 1195 2191 augures
1226 2133 1394 2175 addidit
1426 2137 1470 2175 et
1501 2135 1643 2176 sacris
1671 2146 1694 2175 e
1716 2135 1960 2188 principum

192 2201 327 2258 p.88.]
362 2217 540 2247 numero
575 2203 804 2258 pontifices
837 2197 1032 2257 quinique
1065 2203 1283 2255 praefecit
1315 2208 1358 2243 et
1389 2203 1558 2243 animos
1588 2203 1829 2256 propositis
1851 2202 1961 2260 legi-

141 2283 178 2313 30
194 2277 274 2317 bus
304 2269 430 2328 [bis]‚
478 2286 587 2329 quas
627 2275 670 2313 in
710 2273 1000 2312 monumentis
1040 2271 1277 2323 habemus,
1322 2270 1521 2312 ardentis
1561 2271 1883 2313 consuetudine
1916 2272 1961 2313 et

192 2344 434 2399 cupiditate
466 2341 657 2385 bellandi
688 2342 949 2397 religionum
981 2342 1257 2382 caerimoniis
1284 2342 1502 2396 mitigavit
1526 2339 1813 2395 adiunxitque
1836 2351 1963 2394 prae·

191 2416 315 2456 terea
344 2412 556 2466 flamines,
587 2409 736 2454 Salios
766 2412 1051 2466 virginesque
1074 2410 1282 2452 Vestales
1315 2411 1541 2465 omnisque
1572 2410 1712 2464 partis
1732 2409 1962 2466 religionis

281 2558 489 2622 &nemaeum
515 2582 553 2621 C,
580 2580 693 2613 deleta
720 2580 835 2612 media
860 2589 898 2616 133
936 2582 1062 2621 regeret
1085 2580 1122 2618 Ο,
1150 2588 1231 2611 cum
1257 2580 1429 2612 Lehnero.
1472 2579 1613 2620 «Reqere
1637 2578 1681 2611 de
1705 2587 1801 2619 rege,
1828 2577 1872 2610 de
1896 2578 1962 2610 isto

193 2635 336 2673 senatu,
368 2634 411 2665 de
438 2631 527 2664 Sulla
556 2633 604 2672 (p.
625 2632 702 2662 Sex.
723 2631 824 2661 Rosc.
845 2629 950 2669 5131)
977 2631 1078 2661 unice
1103 2632 1261 2668 rectum,
1293 2639 1407 2670 yerere
1431 2629 1474 2661 de
1499 2628 1659 2669 singulis,
1692 2630 1751 2669 qui
1774 2631 1964 2670 postquam

194 2692 269 2714 rem
293 2682 389 2724 publ.
410 2683 687 2724 capessiverunt,
715 2690 782 2712 una
808 2689 889 2713 cum
915 2679 988 2711 aliis
1006 2689 1084 2712 eam
1102 2680 1381 2712 administrant.»
1407 2679 1553 2711 Orelli.
1579 2681 1621 2711 At
1639 2688 1670 2710 v.
1689 2680 1729 2719 11,
1750 2688 1780 2711 c.
1796 2678 1838 2712 43
1856 2681 1891 2711 et
1906 2678 1960 2712 44.

1483 2733 1574 2750 REGEM
1619 2735 1635 2750 1.

196 2781 231 2787 --
251 2765 282 2795 7.
304 2773 464 2795 esserum
490 2766 513 2795 C
534 2781 568 2785 —
596 2763 627 2795 8.
650 2762 729 2803 Quo]
750 2771 836 2799 Qi'oo
863 2762 886 2792 C
912 2779 954 2784 —-
978 2761 1008 2792 9.
1029 2770 1306 2792 mcmnmroxicu
1333 2762 1357 2793 C
1386 2779 1420 2784 —
1448 2736 1762 2798 Qcmbnsmcimnnm
1788 2760 1811 2792 C
1837 2759 1962 2793 deletis

194 2823 252 2851 RE3
278 2815 351 2854 ipse
377 2813 513 2845 malini:
542 2814 597 2853 qui
620 2823 684 2844 non
710 2821 819 2853 reyem
843 2812 1048 2852 dileyendum
1085 2828 1119 2833 -—
1160 2812 1210 2842 210.
1238 2821 1322 2843 naec
1351 2809 1394 2849 C;
1430 2812 1484 2844 Du
1498 2813 1581 2843 Rieu
1606 2811 1688 2843 dicit
1710 2819 1752 2842 ΑΕ
1776 2812 1962 2851 punctatas

196 2867 230 2896 et
253 2873 273 2896 o
298 2866 574 2905 superscriptam
599 2873 690 2902 esse,
718 2864 761 2894 de
788 2871 855 2903 qua
879 2871 916 2893 re
942 2863 1031 2892 tacet
1057 2861 1233 2893 Detleiscn
1268 2879 1303 2885 —
1339 2862 1391 2894 tl.
1417 2871 1472 2893 vv.
1500 2862 1748 2903 qualiscumque
1769 2863 1798 2893 is
1818 2862 1904 2902 foret
1927 2862 1960 2893 in

1040 2918 1050 2932 1
1332 2917 1350 2931 Ι
1699 2918 1716 2932 Δ
1810 2917 1824 2932 Ι

197 2946 221 2978 C
246 2946 407 2986 repetita,
433 2945 495 2977 sed
520 2947 656 2987 punctis
681 2946 797 2976 notata
822 2945 902 2975 sunt
929 2959 962 2966 --
992 2952 1056 2979 (ρει)
1082 2943 1105 2974 C
1141 2960 1184 2966 —-
1219 2943 1269 2974 42.
1299 2952 1437 2974 AuEsTEs
1462 2944 1486 2975 C
1525 2960 1558 2966 —-
1599 2942 1651 2975 44.
1676 2941 1894 2978 FL'MATIFRRET
1919 2942 1957 2982 C,

683 3000 700 3016 U

195 3026 263 3058 del.
289 3035 309 3058 u
335 3028 368 3057 et
391 3034 408 3056 Τ
434 3043 469 3048 —-
509 3027 561 3058 46.
587 3035 732 3058 Apscnnr
758 3027 781 3058 C
821 3043 856 3048 —
895 3025 946 3056 49.
973 3026 1086 3059 tricem
1113 3024 1137 3055 C
1173 3040 1207 3046 —-
1244 3024 1297 3056 22.
1323 3024 1368 3056 Ac
1388 3025 1519 3064 primus
1543 3024 1614 3065 (sie)
1639 3039 1691 3046 ——
1712 3023 1836 3055 civibus
1859 3022 1960 3055 affert

1512 3078 1526 3095 S

1835 3078 1849 3093 t

194 3108 325 3139 Nonius
349 3115 378 3139 S.
404 3115 436 3138 v.
462 3106 586 3137 viritim
616 3116 648 3148 p.
669 3106 709 3139 43
749 3125 782 3130 —
821 3113 986 3138 coremur
1016 3106 1040 3138 C
1072 3103 1142 3137 del.
1169 3114 1188 3136 o
1226 3122 1259 3127 -
1298 3105 1350 3138 24.
1379 3114 1520 3138 consum
1545 3106 1570 3137 C
1608 3122 1643 3128 —
1680 3113 1842 3137 Antinum
1867 3104 1891 3137 C
1918 3118 1954 3126 ...

454 3161 469 3175 H
484 3162 498 3176 O
679 3173 684 3178 .
699 3172 704 3178 A
1929 3167 1936 3176 ⁸

194 3189 247 3220 25.
265 3190 310 3220 eis
326 3188 394 3229 otii]
421 3195 535 3219 EOisTli
561 3188 585 3217 C
613 3205 647 3209 —
676 3196 824 3224 morinis
850 3189 892 3224 C;
920 3187 1036 3227 quibus
1059 3187 1084 3218 O
1111 3204 1146 3209 —
1172 3186 1226 3218 ⁶26.
1246 3195 1427 3218 mrmcmo
1452 3184 1503 3227 C¹,
1530 3188 1567 3218 ut
1581 3186 1721 3218 videtur
1746 3200 1781 3208 -—
1809 3192 1955 3217 comunis

196 3245 220 3276 C
246 3261 281 3266 -—
308 3244 361 3276 30.
388 3252 439 3276 uis
462 3244 496 3274 in
522 3244 545 3275 C
572 3251 618 3275 1n.
644 3253 715 3276 sec.
743 3246 838 3276 extra
862 3253 1007 3277 versum
1031 3243 1209 3275 adiectum
1235 3260 1270 3267 -
1298 3243 1351 3275 31.
1378 3238 1765 3277 ςυνιζυιτΑτΕετΒειιῖΙῡι
1789 3242 1814 3275 C
1839 3240 1955 3275 deleta

194 3308 211 3331 'r
234 3301 347 3333 tertia.
