2249 3624
263 136 342 179 452
491 138 560 178 DE
592 136 746 177 FINIB.
777 135 898 175 BON.
928 137 996 175 ET
1027 136 1152 176 MAL.
1183 136 1272 176 Lm.
1294 136 1364 175 111.
1397 135 1496 175 CAP.
1518 134 1652 174 XXII.
1683 133 1711 186 §
1732 131 1799 174 76.

262 264 337 291 rex
373 263 496 303 quam
533 248 805 302 Tarquinius,
847 248 919 301 qui
958 261 1034 288 nec
1077 263 1120 288 se
1151 262 1227 288 nec
1259 262 1356 289 suos
1387 261 1531 300 regere
1563 247 1719 300 potuit,
1759 246 1912 286 rectius
1943 260 2029 286 ma-

263 314 388 366 gister
419 312 559 365 populi
591 334 644 338 ——
675 310 709 349 is
743 310 852 349 enim
886 315 948 350 est
980 311 1156 351 dictator
1186 333 1239 340 -
1272 324 1395 364 quam
1428 310 1562 357 Sulla,
1603 309 1676 362 qui
1706 309 1831 348 trium
1862 308 2030 362 pestife-

260 388 402 414 rorum
434 373 649 420 vitiorum,
695 373 903 420 luxuriae,
944 373 1162 420 avaritiae,
1195 373 1451 413 crudelitatis
1505 372 1701 424 magister
1736 370 1837 419 fuit,
1877 371 2029 411 rectius

262 437 376 477 dives
409 450 533 489 quam
567 435 760 482 Crassus,
795 435 889 488 qui,
921 435 1004 474 nisi
1036 436 1236 488 eguisset,
1267 448 1495 489 numquam
1518 435 1759 488 Euphraten
1790 433 1905 473 nulla
1929 433 2030 474 belli

230 507 387 540 5causa
417 498 594 538 transire
625 497 840 537 voluisset.
892 499 1016 537 Recte
1049 498 1137 537 eius
1170 498 1308 538 omnia
1344 498 1555 544 dicentur,
1599 498 1672 551 qui
1716 497 1793 536 scit
1822 495 1884 535 uti
1916 496 2029 535 solus

261 563 474 603 omnibus:
516 565 628 600 recte
660 561 782 599 etiam
813 560 990 613 pulcher
1020 561 1319 614 appellabitur3
1351 561 1477 600 animi
1511 560 1622 600 enim
1654 560 1898 600 liniamenta
1930 563 2028 599 sunt

260 624 500 678 pulchriora
533 636 656 676 quam
690 623 900 676 corporis:
940 629 1051 663 recte
1085 623 1198 662 solus
1231 623 1336 663 liber
1366 638 1443 663 nec
1475 623 1752 663 dominationi
1785 622 2030 674 cuiusquam

259 700 408 741 parens
448 699 526 725 nec
568 685 796 724 oboediens
839 686 1079 738 cupiditati:
1120 691 1230 725 recte
1262 687 1465 734 invictus,
1508 686 1625 725 cuius
1657 686 1781 725 etiam
1813 685 1847 725 si
1879 698 2029 737 corpus

261 748 582 800 constringatur,
614 747 752 786 animo
785 753 924 787 tamen
947 748 1114 788 vincula
1136 748 1233 787 inici
1258 749 1372 788 nulla
1394 749 1571 801 possint.
1617 747 1682 787 76.
1705 749 1789 788 Nec
1813 753 2028 800 exspectet

212 811 393 850 mullum
436 815 599 862 tempus
640 810 806 857 aetatis,
853 815 897 850 ut
933 816 1020 850 tum
1065 810 1247 863 denique
1280 810 1486 850 iudicetur
1517 810 1716 849 beatusne
1747 810 1895 857 fuerit,
1935 823 2027 849 cum

261 878 494 913 extremum
526 873 634 912 vitae
667 872 776 911 diem
808 879 940 913 morte
973 873 1224 920 confecerit,
1256 872 1367 925 quod
1402 873 1472 912 ille
1505 886 1612 911 unus
1636 886 1657 911 e
1681 878 1840 925 septem
1863 872 2028 924 sapien-

260 935 371 974 tibus
412 947 497 973 non
538 934 748 986 sapienter
780 934 978 974 Croesum
1021 935 1195 974 monuit.
1252 935 1355 974 Nam
1394 935 1426 973 si
1459 935 1604 974 beatus
1636 947 1832 987 umquam
1864 933 2027 981 fuisset,

260 997 425 1036 beatam
470 996 596 1035 vitam
644 1010 779 1049 usque
824 998 876 1036 ad
919 997 1038 1036 illum
1083 1010 1107 1036 a
1150 997 1254 1050 Cyro
1293 1002 1549 1036 exstructum
1588 1010 1734 1048 rogum
1774 997 2025 1049 pertulisset.

263 1059 386 1106 Quod
418 1059 451 1098 si
483 1059 539 1098 ita
572 1064 654 1106 est,
685 1066 730 1099 ut
762 1073 897 1113 neque
928 1061 1151 1114 quisquam
1185 1059 1264 1098 nisi
1296 1059 1428 1097 bonus
1460 1058 1521 1097 vir
1552 1063 1591 1097 et
1622 1071 1765 1097 omnes
1794 1058 1894 1096 boni
1915 1057 2027 1096 beati

212 1129 247 1157 45
263 1121 365 1168 sint,
399 1121 498 1174 quid
529 1122 800 1175 philosophia
831 1123 960 1175 magis
993 1122 1214 1162 colendum
1250 1126 1320 1160 aut
1352 1120 1452 1173 quid
1486 1124 1547 1159 est
1577 1120 1728 1160 virtute
1760 1119 1970 1158 divinius?

345 1302 377 1333 2.
404 1301 440 1342 is]
466 1302 514 1331 his
536 1302 563 1332 Α
591 1320 625 1323 -
659 1305 703 1332 est
728 1302 868 1332 (lictatur
892 1302 937 1332 A:
973 1302 1113 1331 (Iiclalor
1136 1304 1179 1331 ext
1205 1301 1273 1331 ΒΜ
1301 1318 1335 1322 ——
1369 1300 1451 1338 sylla
1477 1300 1541 1330 AB
1571 1318 1604 1321 —
1636 1298 1665 1330 4.
1692 1299 1869 1337 euphraten
1894 1300 1936 1330 A:
1970 1308 2027 1330 eu-

256 1352 365 1390 fraten
390 1352 430 1387 B;
458 1352 659 1390 Euphratem
683 1353 753 1383 Mo
782 1370 814 1374 —
842 1354 872 1383 ij,
900 1353 987 1382 omni
1011 1352 1194 1382 adicientur
1218 1351 1241 1381 I}
1257 1351 1280 1381 E
1303 1368 1332 1370 —
1363 1351 1392 1380 (5.
1420 1350 1613 1380 liniamenta
1639 1351 1681 1379 G:
1709 1350 1879 1380 linimenla
1903 1352 1947 1383 A:
1975 1350 2027 1380 ία-

258 1401 427 1430 niamenta
457 1401 540 1435 BE;
574 1402 769 1431 lineamenta
795 1402 877 1432 Mo.
917 1402 956 1431 (Is
994 1401 1010 1439 ξ
1036 1402 1087 1432 ⁵22.
1119 1418 1152 1422 —
1187 1402 1216 1431 Ἴ.
1244 1400 1401 1440 corporis]
1427 1399 1618 1439 corporibus
1641 1402 1665 1430 A
1682 1400 1705 1430 Β
1732 1417 1766 1421 -
1802 1400 1832 1430 8.
1859 1409 1916 1431 'nec
1940 1400 2023 1430 AB:

258 1458 359 1488 neque
384 1450 408 1480 O
429 1467 463 1471 —
491 1450 637 1481 obediens
662 1450 764 1481 codd.
791 1453 823 1481 et
847 1452 917 1482 Mo
946 1469 979 1472 -—
1008 1450 1038 1480 9.
1064 1459 1121 1480 nec
1144 1451 1224 1480 AB:
1252 1450 1363 1487 Neque
1387 1450 1410 1479 O
1439 1467 1472 1470 ——
1501 1452 1626 1488 cepeto!
1653 1450 1722 1489 (sic)
1749 1450 1772 1480 B
1789 1450 1813 1481 E
1841 1467 1876 1473 —
1913 1450 1964 1481 ³10.
1991 1454 2026 1481 ut

259 1499 338 1539 tum]
364 1500 524 1530 uirtutum
547 1501 573 1530 A
589 1501 610 1530 Β
633 1518 666 1523 -
694 1500 745 1532 Η.
774 1502 824 1530 vir
848 1502 886 1541 el]
913 1502 995 1531 iuret
1012 1502 1035 1531 P.
1061 1519 1094 1523 —
1123 1501 1226 1531 omnis
1250 1502 1275 1531 A
1290 1501 1404 1530 131⁴}—
1434 1501 1484 1531 155.
1513 1504 1569 1530 aul
1593 1501 1678 1539 qnod
1702 1504 1747 1531 est
1771 1501 1794 1531 B
1811 1501 1834 1531 E
1855 1518 1888 1521 —
1916 1501 1957 1531 Et
1981 1500 2026 1530 sic

264 1554 308 1581 est
329 1551 405 1591 finis
427 1553 516 1588 τεν-σῃ
540 1550 614 1580 libri
637 1551 675 1581 (le
695 1550 813 1590 finibus
837 1550 995 1582 bonorum
1019 1555 1048 1583 ct
1070 1552 1235 1582 mulorum
1259 1552 1364 1581 marci
1389 1551 1457 1589 tuly
1481 1551 1638 1581 ciceronis
1662 1551 1697 1581 B.
