2249 3624
459 171 549 210 Lm.
580 172 630 210 ΙΙ.
676 170 771 211 Cn.
804 171 1160 212 XLv—XLVH.
1200 171 1260 225 §§
1292 169 1538 213 ttss-lz’t.
1815 172 1895 212 435

131 280 284 332 potest.
338 273 432 316 MS.
465 277 569 317 Sunt
599 283 735 317 autem
760 278 905 317 stellae
928 284 1072 318 natura
1097 280 1332 324 ssauuueaez
1365 280 1558 332 quocirca
1583 285 1728 326 terrae,
1761 281 1898 327 maris,

131 353 331 393 aquarum
363 339 587 392 vaporibus
617 340 787 379 aluntur
818 341 886 386 iis,
919 342 990 394 qui
1024 356 1045 380 a
1079 342 1166 380 sole
1199 356 1250 380 ex
1271 343 1379 392 agris
1403 342 1617 395 tepefactis
1641 349 1681 382 et
1703 356 1755 382 ex
1776 344 1898 395 aquis

130 403 382 449 excitantur,
414 402 565 454 quibus
597 402 703 441 altae
735 410 1044 455 renovataeque
1082 404 1227 443 stellae
1259 411 1385 456 atque
1417 406 1552 444 omnis
1583 406 1728 444 aether
1759 406 1899 445 resun-

130 465 233 505 dunt
265 464 410 504 eadem
443 470 483 504 et
513 478 676 504 rursum
710 465 876 504 trabunt
911 466 1114 511 indidem,
1148 466 1248 504 niliil
1283 473 1327 504 ut
1358 466 1444 505 fere
1467 468 1643 507 intereat
1665 474 1733 506 aut
1755 469 1899 507 admo-

130 527 226 568 dum
258 527 447 580 paulum,
482 527 594 579 quod
627 534 833 566 astrorum
867 528 973 578 iguis
1005 534 1045 566 et
1076 528 1259 567 aetheris
1284 530 1446 567 {lamma
1469 531 1687 569 consumit.
1731 531 1793 568 'Ex
1816 544 1898 584 quo
1913 525 1933 566 ὅ

129 596 373 631 eventurum
407 590 537 629 nostri
571 595 716 642 putant
749 589 808 633 id.
852 589 902 627 de
936 602 1019 641 quo
1054 591 1290 630 Panaetium
1323 592 1567 631 addubitare
1600 593 1814 639 dicebant,
1857 599 1900 633 ut

127 653 177 693 ad
220 659 452 692 extremum
494 652 627 690 omnis
661 651 839 690 mundus
879 653 1134 701 ignesceret,
1175 666 1267 691 vum
1301 668 1445 693 umore
1478 661 1729 707 consumpto
1763 669 1900 708 neque

127 721 235 756 terra
266 715 319 755 ali
349 720 491 767 posset
521 727 597 753 nec
631 719 836 753 reniearet
866 719 953 757 aer,
992 716 1109 752 cuius
1142 721 1256 753 ortus
1288 729 1394 769 aqua
1426 718 1538 755 omni
1572 717 1774 756 exhausta
1808 731 1900 756 esse

126 790 209 817 non
243 782 410 829 posset:
443 777 499 816 ita
531 776 710 829 relinqui
744 776 846 815 nihil
879 782 1042 829 praeter
1075 777 1230 826 ignem,
1264 792 1285 816 a
1319 792 1402 830 quo
1435 793 1596 817 rursum
1620 780 1831 818 animante
1854 792 1900 818 ac

126 838 204 878 deo
244 840 459 879 renovatio
499 838 643 878 mundi
680 837 795 878 lieret
825 845 949 891 atque
983 839 1090 878 idem
1125 845 1294 878 ornatus
1327 847 1529 880 oreretur.
1597 840 1685 880 tlt).
1722 843 1826 881 Nolo
1859 843 1951 882 in=¹0

126 901 339 941 stellarum
379 902 542 941 ratione
585 901 739 941 multus
783 901 900 940 vobis
942 901 1073 940 videri
1113 902 1379 954 maximeque
1417 916 1580 950 earum,
1622 918 1729 957 quae
1761 918 1898 944 errare

126 961 338 1009 dicuntur,
371 976 546 1016 quarum
581 969 720 1003 tantus
743 969 806 1003 est
832 970 1062 1003 concentus
1085 977 1137 1002 ex
1162 964 1455 1004 dissimillimis
1478 967 1680 1013 motibus,
1714 972 1775 1013 ut,
1808 980 1901 1006 cum

125 1039 285 1068 summa
318 1026 485 1066 Saturni
516 1026 755 1077 refrigeret,
789 1026 925 1065 media
956 1026 1100 1066 Martis
1132 1026 1349 1073 incendat,
1381 1027 1430 1066 iis
1457 1029 1670 1069 interiecta
1696 1031 1802 1070 lovis
1839 1030 1902 1069 in-

127 1089 273 1130 lustret
303 1094 343 1129 et
374 1095 580 1141 temperet
611 1087 802 1142 infraque
834 1089 1006 1128 Martem
1039 1089 1145 1128 duae
1179 1088 1266 1128 Soli
1293 1087 1544 1137 oboediant,
1576 1091 1664 1144 ipse
1688 1093 1758 1131 Sol
1783 1105 1902 1130 mun-

127 1152 223 1192 dum
256 1164 421 1191 omnem
454 1164 528 1192 sua
560 1151 651 1191 luce
683 1151 891 1203 compleat
921 1151 973 1190 ab
1005 1165 1139 1204 eoque
1163 1152 1281 1190 Luna
1303 1151 1550 1192 inluminata
1572 1154 1839 1204 graviditates
1862 1159 1953 1193 eti-23

128 1221 269 1268 partus
301 1214 462 1255 adferat
494 1215 841 1266 maturitatesque
874 1213 1100 1266 gignendi:
1144 1226 1251 1267 quae
1291 1214 1505 1266 copulatio
1538 1229 1676 1255 rerum
1710 1222 1751 1255 et
1783 1217 1903 1269 quasi

127 1275 394 1318 consentiens
439 1277 490 1316 ad
539 1276 681 1316 mundi
726 1277 1055 1316 incolumitatem
1097 1277 1400 1327 coagmentatio
1444 1283 1616 1317 naturae
1658 1292 1781 1332 quem
1819 1292 1903 1318 non

128 1344 286 1385 movet,
319 1338 430 1378 hunc
461 1339 609 1378 horum
643 1338 747 1379 nihil
778 1352 979 1391 umquam
1012 1339 1274 1391 reputavisse
1306 1345 1417 1379 certo
1449 1340 1549 1379 scio.

238 1401 402 1440 XLVlI.
442 1398 528 1440 120.
569 1404 673 1454 Age,
717 1408 762 1442 ut
801 1415 824 1441 a
861 1401 1111 1441 caelestibus
1153 1401 1276 1441 rebus
1317 1401 1367 1440 ad
1412 1407 1630 1442 terrestres
1671 1403 1904 1450 veniamus,

125 1463 227 1517 quid
259 1469 322 1503 est
352 1463 395 1503 in
425 1463 511 1510 his,
554 1464 594 1503 in
626 1478 709 1516 quo
741 1478 825 1503 non
858 1469 1032 1503 naturae
1065 1465 1168 1504 ratio
1201 1464 1486 1516 intellegentis
1518 1469 1747 1518 appareat?
1789 1466 1904 1504 Priu-
1919 1475 1955 1503 20

126 1526 234 1579 cipio
275 1539 442 1573 eorum,
485 1540 591 1579 quae
630 1528 857 1579 gignuntur
897 1539 918 1564 e
960 1532 1092 1573 terra,
1130 1527 1280 1578 stirpes
1320 1533 1360 1566 et
1400 1527 1668 1567 stabilitatem
1701 1529 1800 1568 dant
1840 1530 1905 1574 iis,

125 1601 235 1641 quae
267 1589 499 1635 sustinent,
533 1594 573 1628 et
604 1602 626 1628 e
659 1596 765 1629 terra
796 1602 940 1628 sucum
975 1589 1167 1635 trahunt,
1200 1602 1284 1642 quo
1317 1589 1481 1628 alantur
1513 1603 1582 1637 ea,
1615 1604 1722 1643 quae
1755 1591 1906 1630 radici-

124 1651 200 1691 bus
233 1651 522 1698 continentur,
555 1651 906 1704 obducunturque
938 1651 1043 1691 libro
1074 1657 1144 1691 aut
1171 1651 1325 1691 cortice
1358 1652 1515 1698 trunci,
1548 1666 1633 1705 quo
1666 1654 1749 1693 sint
1779 1667 1802 1693 a
1832 1653 1905 1693 fri-

124 1713 293 1765 goribus
338 1718 378 1752 et
418 1713 628 1753 caloribus
669 1715 857 1753 tutiores.
919 1714 1005 1753 Iam
1038 1728 1136 1753 vero
1169 1714 1272 1753 vites
1313 1714 1372 1753 sic
1405 1714 1619 1754 claviculis
1651 1716 1905 1756 adminicula

124 1780 335 1828 tamquam
367 1776 559 1815 manibus
590 1776 912 1828 adprehendunt
942 1782 1066 1829 atque
1099 1777 1156 1816 ita
1178 1790 1223 1816 se
1246 1777 1412 1827 erigunt
1435 1781 1479 1816 ut
1500 1777 1747 1818 animantes.
1791 1779 1902 1827 Quin
1918 1788 1955 1817 25

124 1838 245 1878 etiam
278 1851 300 1878 a
331 1839 519 1878 caulibus
551 1839 583 1878 si
618 1845 787 1892 propter
818 1840 896 1879 sati
928 1840 1029 1886 sint,
1063 1845 1107 1879 ut
1138 1853 1161 1878 a
1192 1838 1404 1892 pestiferis
1437 1844 1477 1878 et
1508 1841 1759 1881 nocentibus
1792 1841 1904 1881 refu-

124 1913 220 1953 gere
252 1900 448 1940 dicuntur
478 1914 554 1941 nec
586 1915 658 1942 eos
691 1902 777 1941 ulla
808 1915 860 1941 ex
894 1907 1011 1954 parte
1044 1902 1305 1953 contingere.
1370 1898 1464 1941 ³121.
1495 1903 1780 1942 Animantium
1804 1917 1902 1943 vero

124 1968 279 2016 quanta
309 1964 489 2004 varietas
521 1969 606 2011 est,
639 1969 797 2017 quanta
827 1964 879 2004 ad
912 1977 1001 2004 eam
1035 1978 1119 2005 rem
1151 1965 1235 2012 vis,
1270 1970 1316 2003 ut
1345 1965 1386 2004 iu
1419 1978 1493 2004 suo
1525 1978 1718 2018 quaeque
1749 1979 1903 2018 genere

123 2027 389 2079 permaneat!
431 2039 608 2079 quarum
649 2027 755 2066 aliae
797 2027 921 2066 coriis
952 2032 1084 2067 tectae
1116 2032 1234 2074 sunt,
1277 2026 1383 2066 aliae
1415 2026 1524 2066 villis
1556 2028 1751 2073 vestitae,
1794 2028 1901 2068 aliae

124 2088 253 2140 spinis
284 2088 491 2136 hirsutae3
524 2089 665 2142 pluma
696 2090 820 2136 alias,
853 2090 955 2129 alias
987 2101 1162 2143 squama
1194 2090 1382 2129 videmus
1415 2089 1641 2136 obductas,
1675 2090 1778 2130 alias
1810 2104 1900 2130 esse
1914 2099 1952 2130 30

123 2151 314 2190 cornibus
345 2156 544 2198 armatas,
578 2152 680 2191 alias
712 2151 865 2191 habere
888 2152 1041 2205 effugia
1072 2153 1308 2205 pinnarum.
1356 2153 1522 2191 Pastum
1545 2157 1682 2191 autem
1714 2153 1901 2192 animan-

130 2242 222 2249 ᾖ

209 2300 238 2331 l.
264 2303 408 2331 naturae
434 2299 585 2339 (omissis
610 2299 728 2331 verbis
752 2301 924 2341 flammeae
948 2300 1105 2339 quocirca
1130 2300 1252 2336 terrae)
1278 2300 1301 2330 C
1324 2317 1358 2320 —
1385 2300 1510 2340 (lamae
1534 2308 1624 2330 corr.
1653 2301 1685 2331 in
1709 2302 1849 2341 stamme
1873 2301 1901 2331 V

125 2366 158 2371 ——
185 2349 216 2381 ⁶2.
240 2358 473 2389 aquarumque
496 2350 703 2389 reliquarum
726 2350 908 2389 uaporibus
933 2349 1079 2381 Probus.
1097 2367 1131 2371 —
1152 2350 1200 2380 his
1217 2348 1246 2382 Ἡ
1268 2367 1300 2370 —
1329 2349 1359 2381 3.
1387 2349 1503 2388 quibus
1523 2350 1676 2388 peratiae
1700 2349 1847 2382 Probus.
1863 2368 1897 2371 *—

121 2399 289 2439 effundunt
312 2399 448 2431 Probus
473 2399 590 2433 Keilii:
616 2401 773 2440 refundat
795 2402 821 2431 Α
836 2402 858 2432 Β
874 2401 897 2432 Ε
912 2402 934 2432 P
950 2401 997 2439 V;
1025 2394 1169 2440 refundit
1195 2401 1218 2429 (Ι
1242 2419 1273 2422 —
1295 2399 1325 2431 li.
1353 2400 1467 2430 eadem
1491 2398 1520 2431 *it
1545 2400 1579 2429 et
1603 2399 1737 2431 Probus
1756 2409 1761 2429 :
1789 2401 1901 2431 eodem

122 2448 331 2489 Lambinus,
350 2450 375 2480 O
391 2466 436 2472 —
457 2459 592 2481 rursum
609 2459 699 2482 corr.
720 2460 760 2482 ex
779 2460 894 2481 rursus
912 2451 935 2482 B
962 2469 990 2472 —
1013 2451 1156 2481 indidem
1181 2452 1372 2490 (superscr.
1402 2458 1448 2480 ni.
1476 2458 1546 2480 sec.
1571 2449 1691 2488 itidem)
1716 2452 1761 2485 Α;
1788 2451 1902 2483 itidem

123 2499 269 2531 Probus.
299 2518 333 2522 -
367 2503 425 2531 aut
448 2502 473 2531 Α
489 2501 512 2531 Β
540 2501 640 2539 (corr.
670 2510 710 2531 ex
735 2504 770 2531 ut
794 2502 838 2537 A,
871 2509 960 2531 corr.
987 2501 1020 2532 in
1045 2504 1081 2532 ut
1111 2501 1165 2538 B):
1204 2503 1240 2530 ut
1269 2501 1292 2530 C
1310 2500 1334 2530 E
1352 2499 1415 2530 PV
1449 2516 1483 2520 —
1518 2500 1549 2530 5.
1571 2501 1714 2538 paulum
1739 2500 1897 2532 Probus:

120 2549 295 2588 paululum
326 2548 355 2582 ‘21
386 2568 420 2572 —-
458 2550 620 2581 consumit
654 2550 863 2582 Lambinus:
900 2555 1071 2582 consumat
1106 2552 1132 2581 A
1146 2550 1309 2587 BCPV;
1348 2552 1544 2580 consumant
1577 2550 1600 2580 E
1627 2552 1661 2580 et
1685 2550 1833 2582 Probus,
1862 2569 1898 2573 -

125 2599 156 2631 6.
182 2604 358 2631 uenturum
380 2603 499 2639 putant
525 2601 628 2631 nostri
654 2600 801 2631 Probus.
832 2619 864 2623 —
901 2601 931 2632 7.
959 2602 1001 2632 ad
1021 2604 1225 2640 postremum
1249 2599 1396 2631 Probus.
1426 2617 1460 2621 —
1488 2599 1519 2630 8.
1547 2608 1603 2629 nec
1627 2598 1655 2631 Ἦ
1681 2602 1715 2630 et
1739 2600 1897 2633 Probus:

123 2658 224 2689 neque
248 2650 273 2682 O
300 2667 334 2672 -
362 2653 546 2681 remaneret
572 2649 716 2681 Probus.
743 2668 786 2673 —
816 2650 846 2681 9.
873 2651 985 2689 itaque
1008 2651 1149 2690 relinqui
1181 2651 1204 2681 Ε
1237 2652 1270 2681 et
1296 2649 1440 2681 Probus.
1472 2666 1505 2670 —
1539 2658 1559 2679 a
1584 2657 1654 2680 om.
1682 2649 1830 2681 Probus.
1856 2667 1901 2674 —

124 2708 165 2731 ac
188 2700 225 2731 de
247 2709 284 2732 eo
309 2700 333 2731 E
358 2702 393 2731 et
417 2700 564 2731 Probus.
586 2717 621 2721 —
643 2702 693 2731 40.
713 2701 880 2731 reuocatio
903 2701 1017 2732 mundi
1038 2702 1130 2740 fieret
1152 2702 1301 2739 idemque
1318 2699 1465 2730 Probus.
1488 2717 1522 2721 —
1549 2702 1699 2730 oreretur
1714 2701 1897 2731 A131C1V1:

124 2750 269 2781 oriretur
293 2749 428 2782 Probus
453 2753 488 2781 et
511 2751 550 2781 B'-'
564 2750 602 2782 C‘-’
616 2750 639 2781 E
656 2751 679 2781 P
693 2751 733 2780 Ψ
747 2752 771 2781 Ο
799 2769 834 2774 -
863 2752 874 2781 ’1
889 2752 916 2781 l.
942 2751 1065 2781 multus
1082 2760 1171 2782 corr.
1191 2759 1232 2781 ex
1250 2750 1360 2780 mullis
1378 2750 1400 2779 13
1422 2767 1455 2770 —
1477 2758 1537 2788 que
1554 2757 1623 2779 om.
1644 2750 1668 2779 C
1691 2766 1723 2771 —
1745 2750 1797 2780 42.
1817 2760 1899 2781 con-

123 2803 232 2831 centus
255 2808 345 2831 corr.
373 2809 413 2831 ex
438 2801 585 2831 incentus
606 2802 634 2832 A
661 2818 695 2822 —
731 2801 782 2833 43.
810 2801 988 2841 respiqerec
1012 2802 1040 2832 ὓ
1052 2801 1092 2830 Vl
1121 2819 1154 2823 —
1188 2801 1230 2831 iis
1255 2801 1276 2831 B
1292 2801 1314 2830 P
1329 2797 1369 2828 VJ
1394 2800 1439 2837 (in
1463 2807 1586 2829 rasura
1612 2798 1664 2837 B):
1702 2799 1729 2829 is
1753 2802 1779 2830 A
1796 2800 1819 2831 C
1836 2801 1894 2839 V¹;

124 2849 171 2880 his
194 2850 256 2881 EO
286 2867 327 2872 —
370 2849 422 2881 44.
449 2850 621 2881 oboediant
646 2851 690 2881 V:
725 2850 899 2882 oboediant
929 2852 974 2888 A3
1009 2851 1160 2882 obediant,
1185 2858 1265 2881 cum
1291 2849 1418 2880 ceteris
1444 2848 1468 2878 Ο
1497 2865 1531 2870 -
1566 2848 1617 2879 Π.
1643 2848 1898 2881 incolomitatem

123 2899 189 2930 AC
217 2916 252 2921 -
278 2901 516 2931 coacmentatio
541 2900 587 2936 V;
614 2902 878 2941 coauynientalio
903 2901 926 2932 B
943 2902 967 2932 E
994 2918 1027 2922 —
1063 2901 1114 2932 49.
1140 2900 1206 2939 Aye
1229 2900 1301 2930 uita
1323 2897 1512 2929 caelestibus
1536 2899 1559 2929 P
1586 2914 1620 2918 —
1649 2907 1670 2928 a
1693 2908 1763 2930 om.
1790 2901 1830 2931 Α1
1852 2916 1898 2923 -

127 2948 179 2980 24.
204 2949 254 2980 his
277 2958 360 2989 quae
383 2951 446 2982 ΑΒ
462 2951 486 2982 E
501 2951 584 2987 PV3
610 2951 722 2990 hisque
747 2952 770 2983 C
792 2969 827 2974 -
858 2952 910 2982 ⁶22.
936 2951 1093 2982 sustinent
1117 2952 1143 2981 A
1158 2951 1180 2980 Β
1199 2959 1205 2980 1
1231 2950 1432 2980 sustinentur
1455 2948 1479 2978 C
1495 2948 1555 2978 ΕΡ
1570 2947 1598 2976 V
1623 2964 1657 2969 -—
1686 2951 1715 2979 et
1739 2957 1782 2980 esc
1805 2953 1898 2982 [erra

127 2998 151 3029 Ο
179 3017 212 3021 -
238 3008 372 3031 succum
395 3000 420 3031 O
448 3019 482 3023 —
507 3002 647 3032 aluntur
671 3003 693 3033 P
721 3019 755 3023 —
783 3001 836 3034 23.
863 3003 971 3033 trunci
997 3009 1066 3032 om.
1087 3001 1110 3032 P
1131 3017 1165 3021 —
1193 2998 1244 3030 ⁶24.
1271 3001 1301 3029 et
1323 3008 1344 3028 a
1367 2996 1533 3028 caloribus
1556 2997 1581 3027 O
1605 3015 1648 3019 —
1671 2998 1723 3029 ⁶25.
1751 3000 1897 3038 adprae-

125 3047 265 3082 henaunc
292 3051 320 3081 Α
346 3067 381 3071 -
415 3052 779 3090 alque-—animantes
803 3060 872 3083 om.
900 3052 923 3082 P
951 3068 985 3072 —
1018 3060 1051 3082 se
1074 3052 1122 3082 ila
1147 3050 1171 3080 C
1209 3067 1240 3071 —
1276 3048 1328 3078 ¹26.
1355 3047 1504 3078 caulibus
1532 3048 1714 3079 Davisius:
1747 3049 1897 3080 caulibus

128 3096 278 3130 brassicis
301 3098 351 3137 ⁶21;
378 3101 526 3132 caulibus
551 3101 790 3142 [brassicisque]
817 3102 842 3132 Ο
864 3119 898 3123 -
924 3101 1086 3140 sipporcer
1112 3109 1212 3130 ,cor-r.
1232 3098 1309 3130 ead.
1330 3106 1376 3129 ru.
1397 3099 1430 3128 in
1455 3098 1481 3128 si
1500 3098 1648 3137 propter)
1667 3099 1712 3135 V;
1737 3100 1897 3138 sipporlec

129 3147 191 3179 CP
218 3165 251 3171 -
279 3149 331 3181 29.
355 3154 549 3189 permaneat
573 3149 623 3183 Ql:
646 3154 866 3189 permaneant
890 3150 927 3181 Ο.
955 3151 1004 3182 Cf.
1033 3150 1050 3190 g
1076 3150 1137 3182 427
1163 3151 1197 3181 et
1221 3149 1358 3188 Madvig
1381 3148 1424 3179 ad
1451 3149 1520 3180 Cic.
1549 3148 1592 3179 de
1618 3149 1686 3179 Fin.
1709 3157 1741 3188 p.
1761 3149 1835 3182 692.
1856 3166 1891 3170 -

127 3197 219 3229 uoltis
241 3200 265 3230 P
291 3215 325 3220 —
360 3199 413 3231 30.
439 3201 562 3240 spinnis
584 3199 664 3232 ΑΨ
692 3218 725 3223 —
756 3209 896 3239 squama
919 3208 1011 3231 corr.
1038 3209 1079 3231 ex
1106 3200 1237 3230 salama
1263 3199 1288 3228 V
1322 3215 1354 3219 —
1390 3198 1443 3229 3¹.
1467 3198 1651 3237 pinnarum
1674 3199 1737 3229 AB
1753 3199 1776 3229 C
1794 3199 1820 3228 V
1845 3199 1892 3236 (in

129 3247 193 3278 BV
216 3249 228 3279 i
253 3257 342 3280 corr.
369 3250 403 3281 in
427 3258 461 3288 e,
487 3251 521 3281 in
546 3252 570 3282 C
597 3260 613 3283 e
637 3250 714 3282 ead.
738 3258 785 3282 m.
805 3259 894 3282 corr.
922 3251 954 3281 in
979 3250 999 3290 i)
1018 3260 1023 3280 :
1045 3258 1235 3289 pennarmn
1259 3249 1283 3280 E
1298 3250 1320 3280 P
1335 3248 1360 3278 Ο
1388 3264 1421 3270 -
1445 3251 1582 3287 pastum
1606 3257 1697 3280 corr.
1724 3249 1756 3279 in
1778 3252 1894 3288 pastus

131 3295 177 3334 133
197 3300 315 3336 pastus
336 3300 376 3330 A.
