2249 3624
477 180 591 218 PAR.
612 181 678 219 IV.
712 180 807 220 Cn».
831 181 881 220 ΙΙ.
912 179 940 232 §
961 178 1015 219 30
1036 204 1089 210 —
1113 182 1224 221 PAR.
1242 183 1289 221 V.
1324 182 1419 222 Cn».
1439 183 1488 222 ΙΙ.
1520 181 1547 235 §
1569 180 1635 223 36.
1853 181 1933 222 753

181 300 273 326 cum
306 298 403 325 vero
444 284 552 338 apud
595 285 944 338 prudentissimos
977 287 1145 338 loquar,
1189 288 1340 340 quibus
1372 287 1473 327 haec
1506 288 1693 328 inaudita
1723 302 1806 328 non
1840 291 1933 335 sint,

181 362 253 387 cur
284 361 360 399 ego
392 347 580 386 simulem
615 361 691 393 me,
724 349 756 387 si
790 348 888 400 qnid
923 349 963 387 in
999 350 1061 388 bis
1083 349 1232 389 studiis
1253 363 1404 402 operae
1429 352 1652 402 posuerim,
1675 350 1933 404 perdidisse?

178 412 340 450 Dictum
375 416 435 449 est
466 409 591 461 igitur
621 410 671 448 ab
704 410 996 449 eruditissimis
1031 412 1126 450 viris
1160 413 1237 451 nisi
1270 414 1497 465 sapientem
1533 414 1706 453 liberum
1741 428 1831 454 esse
1863 428 1934 454 ne-

179 473 343 512 minem.
403 468 470 510 3-i·.
512 471 622 518 Quid
657 478 717 511 est
751 473 857 510 enim
892 473 1086 512 libertas?
1142 475 1322 513 Potestas
1354 475 1544 522 vivendi,
1577 482 1621 515 ut
1654 476 1769 516 veiis.
1831 477 1934 526 Quis

178 535 304 587 igitur
335 534 455 580 vivit,
497 539 542 572 ut
576 534 681 580 volt,
725 535 799 573 nisi
833 535 902 586 qui
935 536 961 585 ἦ
995 541 1102 574 recta
1135 538 1345 588 sequitur,
1387 538 1459 589 qui
1492 538 1644 589 gaudet
1674 537 1835 586 officio,
1868 541 1933 580 cui
1966 544 1984 571 5

178 595 342 635 vivendi
376 596 440 635 via
472 595 735 635 considerata
767 602 892 649 atque
924 598 1089 648 provisa
1122 600 1211 637 est?
1254 600 1323 651 qui
1363 613 1414 638 ne
1447 600 1608 653 legibus
1641 602 1809 654 quidem
1843 616 1935 656 pro-

178 664 270 710 pter
301 663 453 696 metum
488 663 626 709 paret,
659 658 729 697 sed
766 671 833 696 eas
865 660 1054 710 sequitur
1086 666 1124 698 et
1156 660 1267 706 colit,
1300 661 1410 712 quod
1443 662 1482 701 id
1515 664 1695 703 salutare
1728 677 1818 703 esse
1851 678 1935 704 ma-

177 720 288 759 xime
329 719 513 766 iudicat;
561 720 632 772 qui
674 720 774 758 nihil
817 720 939 766 dicit,
986 721 1088 760 nibil
1130 721 1247 768 facit,
1295 723 1395 761 nihil
1439 725 1589 776 cogitat
1631 725 1814 780 denique
1854 728 1933 768 nisi

177 782 366 822 lubenter
397 795 443 821 ac
476 782 624 827 libere3
665 783 783 821 cuius
816 782 957 820 onmia
989 784 1161 822 consilia
1194 797 1346 837 resque
1378 799 1545 834 omneS,
1584 801 1686 840 quas
1719 790 1843 840 gerit,
1883 790 1934 830 ab

176 844 267 896 ipso
300 843 620 897 proficiscuntur
652 845 886 896 eodemque
918 843 1120 891 feruntur,
1152 859 1228 885 nec
1260 852 1321 885 est
1353 846 1433 886 nlla
1465 862 1542 895 res,
1575 863 1682 902 quae
1709 851 1800 903 plus
1821 851 1933 903 apud
1949 854 1983 883 '¹0

176 919 270 945 eum
303 906 457 959 polleat
489 919 611 959 quam
645 907 776 959 ipsius
811 907 1002 945 voluntas
1035 914 1159 960 atque
1192 908 1414 956 iudicium;
1447 912 1512 950 cui
1544 913 1681 959 etiam,
1713 926 1818 966 quae
1854 915 1933 953 vim

177 967 326 1008 babere
359 969 580 1008 maximam
614 968 789 1013 dicitur,
822 970 1005 1008 Fortuna
1037 970 1127 1022 ipsa
1159 971 1287 1017 cedit,
1320 972 1429 1011 sicut
1458 975 1623 1026 sapiens
1655 981 1779 1027 poeta
1809 976 1933 1016 dixit:

177 1030 295 1069 Suis
343 1044 396 1070 ea
445 1031 643 1084 cuique
690 1031 923 1083 fingitur
969 1032 1221 1071 moribus.
1312 1034 1397 1073 Soli
1444 1036 1570 1086 igitur
1615 1037 1695 1077 hoc
1737 1039 1937 1090 contingit

176 1093 377 1144 sapienti,
422 1098 464 1132 ut
496 1094 597 1133 nihil
631 1094 752 1133 faciat
785 1095 959 1140 invitus,
994 1094 1095 1133 nihil
1129 1095 1294 1142 dolens,
1328 1096 1429 1135 nibil
1461 1103 1641 1138 coactus.
1702 1098 1768 1140 35.
1811 1101 1933 1149 Quod

176 1155 253 1194 etsi
294 1155 351 1194 ita
392 1169 482 1195 esse
524 1156 713 1208 pluribus
747 1157 882 1196 verbis
914 1156 1201 1197 disserendum
1234 1164 1318 1205 est;
1362 1159 1464 1198 illud
1498 1166 1635 1200 tamen
1668 1168 1708 1202 et
1738 1164 1863 1203 breve
1896 1166 1984 1203 et⁴5

175 1214 454 1257 confitendum
488 1224 562 1264 est,
596 1219 672 1258 nisi
709 1220 778 1272 qui
811 1220 867 1258 ita
899 1220 949 1258 sit
980 1219 1183 1267 adfectus,
1215 1233 1306 1259 esse
1338 1221 1508 1262 liberum
1541 1225 1762 1264 neminem.
1817 1225 1933 1264 Servi

175 1279 301 1331 igitur
331 1293 474 1319 omnes
508 1281 701 1332 improbi.
773 1283 855 1320 Nec
888 1282 966 1321 hoc
998 1288 1079 1320 tam
1114 1296 1157 1322 re
1191 1289 1253 1322 est
1284 1297 1408 1335 quam
1441 1285 1553 1324 dictu
1585 1286 1844 1340 inopinatum
1877 1292 1935 1327 at-

175 1354 255 1394 que
288 1342 489 1382 mirabile.
548 1345 638 1382 Non
671 1344 777 1383 enim
811 1344 866 1383 ita
899 1344 1040 1383 dicunt
1073 1358 1144 1384 eos
1177 1359 1268 1385 esse
1301 1360 1464 1394 servos,
1497 1353 1541 1387 ut
1572 1349 1797 1401 mancipia,
1830 1362 1935 1402 quae

177 1409 272 1443 sunt
303 1404 565 1445 dominorum
597 1405 705 1445 facta
736 1418 846 1444 nexo
886 1412 956 1445 aut
987 1406 1129 1459 aliquo
1162 1408 1254 1447 iure
1287 1409 1420 1456 civiti,
1460 1410 1556 1457 sed,
1597 1412 1629 1450 si
1662 1412 1837 1451 servitus
1869 1413 1935 1459 sit,

177 1466 285 1504 sicut
316 1472 397 1512 est,
430 1467 693 1507 oboedientia
725 1467 843 1506 fracti
875 1469 1000 1508 animi
1033 1475 1073 1508 et
1103 1470 1267 1518 abiecti,
1299 1471 1468 1511 arbitrio
1501 1473 1679 1512 carentis
1711 1487 1808 1521 suo,
1842 1474 1935 1527 quis
1950 1477 1986 1506 20

176 1534 299 1581 neget
330 1542 476 1568 omnes
508 1530 639 1576 leves,
681 1543 825 1569 omnes
858 1531 1052 1583 cupidos,
1096 1545 1241 1571 omnes
1274 1532 1456 1586 denique
1487 1534 1699 1588 improbos
1731 1549 1821 1575 esse
1853 1549 1937 1575 ser-

174 1593 277 1630 vos?
337 1592 388 1631 11.
419 1590 484 1631 36.
518 1596 578 1631 An
612 1592 681 1631 ille
715 1592 812 1631 mihi
847 1592 964 1639 liber,
997 1593 1061 1632 cui
1094 1594 1243 1633 mulier
1272 1595 1479 1646 imperat?
1512 1597 1577 1636 cui
1608 1596 1720 1649 leges
1746 1598 1936 1650 imponit,

174 1653 435 1707 praescribit,
467 1654 584 1694 iubet
613 1660 722 1694 vetat
753 1655 865 1708 quod
898 1655 1090 1695 videtur?
1125 1655 1196 1709 qui
1229 1657 1332 1696 nihil
1362 1658 1581 1711 imperanti
1614 1673 1765 1712 negare
1788 1666 1936 1712 potest,

175 1716 276 1755 nihii
309 1730 502 1757 recusare
534 1718 686 1756 audet?
727 1717 886 1765 Poscit,
917 1717 1101 1757 dandum
1134 1724 1215 1758 est:
1248 1725 1387 1766 vocat,
1420 1721 1695 1761 veniendum:
1727 1723 1834 1769 eicit,
1866 1723 1937 1762 ab·

175 1778 379 1818 eundum:
413 1780 613 1825 minatur,
646 1779 1016 1819 extimescendum.
1075 1781 1163 1833 Ego
1196 1794 1294 1820 vero
1327 1782 1451 1822 istum
1482 1797 1566 1822 non
1598 1784 1722 1824 modo
1755 1789 1985 1832 servum,95

175 1840 247 1879 sed
280 1841 583 1894 nequissimum
615 1855 802 1888 servum,
835 1842 958 1881 etiam
992 1842 1026 1880 si
1057 1842 1099 1880 in
1131 1843 1389 1895 amplissima
1418 1843 1575 1884 familia
1605 1851 1728 1885 natus
1759 1847 1831 1893 sit,
1863 1859 1937 1899 ap-

174 1902 416 1955 pellandum
450 1909 566 1956 puto.
625 1905 761 1956 Atque
794 1904 834 1942 in
866 1904 955 1957 pari
987 1903 1163 1943 stultitia
1194 1911 1302 1952 sunt,
1334 1919 1439 1959 quos
1467 1907 1607 1960 signa,
1630 1921 1733 1960 quos
1758 1908 1934 1956 tabulae,

262 2070 290 2100 t.
317 2069 381 2099 sint
405 2069 447 2099 C:
474 2071 550 2099 sunt
575 2069 598 2100 O
638 2086 671 2091 —
709 2070 740 2100 ⁶2.
766 2071 793 2101 si
818 2078 888 2101 om.
909 2071 935 2099 V
960 2089 1002 2093 —
1036 2071 1066 2102 3.
1094 2072 1245 2103 dictumst
1268 2071 1306 2103 Βι
1334 2089 1368 2095 -
1396 2074 1427 2105 5.
1452 2074 1525 2105 vult
1547 2075 1611 2105 AO
1638 2091 1672 2096 -
1699 2078 1785 2106 recte
1808 2075 1871 2106 AV
1897 2093 1931 2097 —

172 2119 318 2158 sequitur
347 2119 433 2149 AB:
475 2118 507 2149 in
542 2118 567 2147 V
599 2119 747 2150 verbum
785 2128 924 2151 erasum
962 2122 1015 2151 est
1051 2122 1085 2151 et
1120 2130 1227 2162 super
1261 2121 1318 2153 lin.
1356 2124 1524 2164 scriptum
1561 2125 1658 2156 uiuit.
1712 2125 1845 2155 Incerta
1883 2127 1936 2156 est

174 2167 391 2201 emendatio:
430 2171 652 2209 exspectatur
682 2173 799 2200 autem
830 2169 905 2201 talis
937 2172 1009 2201 tere
1040 2173 1233 2202 sententia:
1274 2173 1336 2203 nisi
1366 2175 1421 2212 qui
1444 2177 1535 2204 recta
1558 2182 1619 2204 sua
1641 2178 1752 2214 sponte
1774 2175 1932 2214 sequitur.

173 2234 216 2241 —
239 2217 271 2249 6.
296 2226 335 2248 ne
358 2217 480 2257 leyibus
503 2219 631 2257 quidem
665 2220 711 2250 C:
749 2220 871 2259 leyibus
894 2221 1023 2259 quidem
1048 2231 1111 2252 non
1144 2222 1168 2252 Ο
1210 2239 1244 2243 -
1287 2223 1317 2253 7.
1345 2232 1383 2254 ea
1407 2224 1555 2263 sequitur
1578 2225 1603 2254 A
1643 2241 1677 2246 —-
1716 2226 1745 2255 et
1770 2225 1808 2255 C:
1839 2228 1936 2264 atque

174 2267 199 2298 Ο
238 2285 271 2289 —-
310 2269 389 2305 quia
417 2268 451 2298 id
481 2268 632 2299 salutare
658 2270 804 2300 mat-ime
832 2278 898 2301 esse
933 2270 957 2301 Ο
1000 2288 1033 2292 -
1078 2272 1128 2302 40.
1153 2271 1308 2310 seruntur
1333 2273 1356 2302 (2
1391 2272 1469 2312 (sed
1496 2273 1521 2302 V
1550 2273 1659 2311 serunt
1689 2275 1779 2305 teste
1805 2274 1935 2305 Detles-

173 2317 310 2355 seni0):
350 2317 538 2356 reseruntur
571 2319 670 2358 pauci
703 2319 807 2350 codd.
842 2319 926 2350 dett.
962 2322 994 2351 et
1027 2321 1051 2351 Ο
1094 2338 1129 2343 -—
1173 2322 1223 2352 Η.
1256 2322 1310 2352 cui
1334 2321 1380 2351 V:
1417 2323 1470 2353 cm·
1500 2322 1630 2360 quidem
1658 2324 1762 2354 ABO
1803 2341 1838 2345 —-
1880 2325 1932 2355 42.

173 2366 200 2395 si
222 2368 258 2396 ut
282 2366 372 2397 A¹B¹
388 2366 412 2395 V
447 2385 489 2389 —
527 2367 577 2398 43.
601 2368 754 2408 sunyitw·
777 2369 803 2398 V
842 2384 875 2391 —
913 2371 1051 2410 contigit
1076 2371 1103 2400 V
1142 2388 1174 2392 —
1219 2372 1269 2402 45.
1295 2372 1344 2401 ita
1368 2375 1446 2403 esset
1469 2370 1509 2401 V¹
1547 2389 1581 2394 —
1620 2373 1870 2404 disserendumst
1900 2376 1933 2404 et

174 2415 300 2446 deinde
333 2417 576 2456 confitendumst
608 2418 642 2448 Β1
683 2436 715 2440 -
761 2419 810 2449 46.
838 2419 973 2450 liberum
999 2428 1063 2450 esse
1087 2420 1111 2450 O
1153 2437 1188 2442 —
1228 2421 1316 2451 serui
1344 2421 1448 2461 iyitur
1477 2430 1585 2452 omnes
1608 2422 1746 2461 improbi
1770 2423 1858 2453 serui
1887 2422 1931 2457 C;

173 2464 276 2504 igitur
298 2473 407 2496 omnes
430 2466 570 2505 improbi
592 2469 678 2498 serui
704 2466 743 2499 A2'
758 2466 793 2498 Β2
819 2485 852 2490 —-
883 2469 933 2499 49.
958 2478 1044 2500 nexo
1070 2468 1124 2500 C¹z
1152 2479 1241 2500 nexu
1266 2468 1341 2501 C20
1370 2488 1404 2492 —
1436 2471 1488 2502 ΞΟ.
1515 2470 1694 2502 obedientia
1719 2472 1744 2502 Ο
1772 2489 1806 2493 -
1833 2475 1863 2503 et
1887 2472 1930 2503 C:

173 2516 272 2552 atque
296 2515 320 2545 Ο
347 2531 381 2536 —-
409 2515 548 2546 arbitrio
572 2516 619 2546 V:
646 2521 673 2548 et
697 2518 836 2548 arbitrio
860 2521 885 2549 A
903 2519 925 2549 Β
941 2519 964 2549 O
993 2536 1028 2541 -—
1055 2520 1182 2550 carenti
1207 2518 1244 2548 V¹
1272 2537 1306 2542 -
1332 2519 1384 2551 ⁶23.
1401 2520 1597 2559 praescribit
1621 2522 1644 2552 B
1662 2530 1740 2562 sup.
1759 2521 1816 2553 lin.
1837 2531 1883 2554 m.
1899 2523 1930 2553 2.

176 2581 211 2585 —
237 2565 324 2602 quod
349 2566 393 2596 C:
425 2573 488 2604 quo
511 2566 606 2596 modo
631 2566 672 2596 V2
695 2574 771 2607 sup.
798 2566 855 2598 lin.
902 2585 934 2590 —-
975 2568 1029 2599 26.
1055 2569 1266 2608 apellandum
1291 2572 1313 2600 A
1357 2586 1391 2590 —
1432 2570 1485 2601 ⁵27.
1511 2571 1616 2609 Atque
1638 2571 1671 2601 in
1694 2573 1771 2609 pari
1794 2573 1934 2603 stultitia

172 2618 245 2645 sunt
262 2631 309 2637 —-
327 2615 382 2654 qui
405 2618 552 2646 tractant
577 2616 640 2646 ista
670 2617 820 2657 Madvig:
852 2621 949 2657 atque
972 2621 1007 2648 ut
1031 2620 1063 2649 in
1087 2628 1212 2659 magna
1235 2619 1366 2658 familia
1388 2620 1563 2650 stultorum
1592 2624 1667 2650 sunt
1696 2621 1753 2651 alii
1778 2621 1934 2652 lautiores

172 2667 208 2694 ut
230 2663 290 2693 sibi
313 2664 468 2695 uidentur
490 2666 577 2696 serui
600 2666 653 2696 sed
677 2670 783 2696 tamen
808 2669 895 2698 serui
919 2668 1077 2699 atrienses
1101 2669 1255 2708 acuparii
1281 2670 1454 2708 (actopiari
1478 2672 1503 2700 Α
1519 2670 1555 2707 Β,
1581 2672 1618 2700 at
1639 2670 1751 2708 ηραν-ἐι·
1776 2671 1827 2708 W)
1851 2671 1932 2702 stul-

173 2714 265 2744 titiae
287 2722 365 2744 suae
388 2723 467 2753 quos
489 2715 585 2754 signa
611 2716 735 2755 (seynae
753 2716 801 2755 W)
820 2734 837 2739 -
855 2734 871 2740 —
888 2734 906 2739 -
923 2718 1080 2748 delectant
1103 2722 1132 2749 et
1155 2727 1268 2750 sumus
1290 2719 1397 2758 inquit
1417 2719 1584 2758 principes
1607 2719 1752 2749 ciuitatis
1773 2728 1832 2750 uos
1853 2729 1932 2752 uero

173 2772 212 2795 ne
237 2765 310 2802 (nec
334 2764 361 2793 V
386 2766 421 2795 et
444 2764 486 2799 Β,
513 2764 575 2795 sed
601 2765 657 2795 hic
681 2774 721 2796 ex
749 2767 851 2803 corr.)
881 2775 1115 2798 conseruarum
1148 2769 1277 2807 quidem
1305 2772 1491 2799 uestrorum
1509 2769 1676 2808 principes
1698 2769 1792 2807 estis,
1822 2770 1875 2800 sed
1897 2773 1933 2800 ut

176 2814 220 2852 (et
243 2813 300 2852 V‘-')
332 2814 365 2844 in
388 2813 518 2852 familia
544 2816 599 2852 qui
623 2817 767 2846 tractant
792 2817 853 2846 ista
885 2817 931 2853 C;
972 2818 1076 2857 Atque
1098 2821 1133 2848 ut
1156 2819 1189 2848 in
1213 2827 1337 2858 maqna
1359 2818 1488 2856 familia
1512 2822 1586 2849 sunt
1610 2818 1667 2848 atii
1692 2818 1867 2857 lautiores,
1899 2822 1933 2850 ul

173 2862 232 2893 sibi
255 2863 322 2893 vid.
348 2863 444 2900 servi,
470 2864 523 2893 sed
548 2867 654 2894 tamen
680 2866 778 2903 servi,
804 2867 848 2896 sic
871 2867 894 2897 ii
913 2869 991 2906 pari
1017 2869 1156 2898 stultitia
1179 2872 1265 2905 sunt,
1285 2877 1363 2907 quos
1379 2869 1474 2907 siqua
1490 2885 1536 2890 --
1555 2868 1724 2899 delectant.
1754 2870 1793 2899 At
1809 2878 1930 2907 sumus,

173 2913 297 2951 inquit,
321 2913 465 2943 civitatis
482 2914 659 2952 principes.
705 2915 762 2945 Vos
783 2924 861 2946 vero
884 2925 924 2947 ne
947 2926 1116 2948 servorum
1141 2918 1268 2956 quidem
1291 2921 1473 2948 vestrorum
1494 2918 1660 2957 principes
1682 2919 1765 2948 estis.
1812 2919 1875 2949 Sed
1898 2923 1933 2950 ut

174 2962 208 2992 in
230 2961 378 3001 familia,
405 2963 461 3001 qui
483 2965 632 2993 tractant
655 2964 717 2994 ista
742 2965 778 2994 O.
821 2967 952 2997 «Locus
979 2967 1096 2998 mendi
1123 2976 1251 3006 genere
1277 2966 1527 3003 memorabilis,
1554 2975 1659 3006 quem
1685 2968 1742 3007 qui
1762 2967 1932 3000 hactenus

176 3010 384 3043 emendasse
414 3010 479 3043 sibi
511 3012 573 3042 visi
604 3015 703 3049 sunt,
742 3014 892 3053 primum
925 3016 956 3046 vi
989 3019 1206 3055 grassantur,
1241 3025 1348 3057 quum
1374 3016 1491 3047 delent
1514 3018 1686 3055 atrienses,
1721 3017 1814 3057 quod
1840 3018 1931 3049 unde

176 3062 292 3091 ortum
316 3061 370 3098 sit,
396 3061 482 3091 ratio
507 3060 595 3092 nulla
621 3062 719 3092 reddi
748 3066 876 3102 potest:
904 3064 1030 3096 deinde
1057 3067 1265 3097 sententiam
1292 3066 1443 3097 efficiunt
1467 3074 1612 3106 prorsus
1638 3075 1799 3106 pravam,
1826 3076 1931 3107 quam

176 3108 320 3141 Oreiiius
352 3118 415 3141 suo
447 3109 694 3151 brachylogiae
725 3114 869 3143 artificio
895 3115 1060 3154 expedire
1087 3115 1211 3147 frustra
1240 3118 1383 3146 conatus
1409 3118 1473 3146 est.
1521 3118 1675 3157 Apparet
1699 3119 1791 3148 enim
1818 3118 1932 3158 priore

175 3157 335 3189 hocloco
359 3159 461 3198 Atque
483 3163 517 3190 ut
540 3161 575 3190 in
598 3169 723 3202 mayna
745 3162 877 3201 familia
902 3166 968 3194 etc.
996 3173 1140 3204 prorsus
1166 3174 1271 3205 prave
1297 3165 1414 3195 inferri
1439 3165 1529 3196 hanc
1555 3164 1726 3203 graduum
1752 3167 1785 3197 in
1806 3166 1932 3197 familia

177 3209 495 3249 comparationem,
523 3210 674 3249 primum
700 3214 780 3251 quia
806 3212 888 3244 nihil
913 3222 1074 3253 prorsus,
1102 3215 1194 3255 quod
1221 3215 1252 3245 ei
1276 3214 1491 3254 respondeat
1515 3215 1696 3247 subiicitur
1729 3216 1790 3256 (sic
1812 3218 1835 3246 ii
1853 3217 1932 3255 pari

289 3275 407 3305 emeno
433 3276 465 3306 T.
488 3276 532 3306 IV,
1516 3281 1570 3323 48
