2249 3624
329 126 409 169 448
713 129 781 168 DE
812 127 1018 167 FINIBUS
1050 127 1311 168 BONORUM
1339 128 1407 167 ET
1437 126 1702 167 MALORUM

327 244 360 282 E
393 256 476 295 quo
507 245 678 295 apparet
708 245 749 279 et
778 240 976 292 sapientis
1008 253 1099 279 esse
1131 239 1358 292 aliquando
1381 236 1564 278 officium
1588 236 1791 277 excedere
1813 249 1835 276 e
1857 235 1958 284 vita,
1991 250 2084 276 cum

328 306 474 345 beatus
515 303 589 350 sit,
630 309 670 343 et
707 302 822 342 stulti
863 315 1029 342 manere
1069 303 1113 341 in
1154 303 1259 349 vita,
1295 316 1386 342 cum
1418 303 1472 343 sit
1501 301 1638 340 miser.
1698 296 1765 338 61.
1795 300 1900 339 Nam
1930 299 2085 338 bonum

328 367 433 406 illud
465 371 506 405 et
536 365 709 412 malum,
742 363 853 416 quod
886 376 1011 416 saepe
1042 364 1123 404 iam
1155 364 1309 404 dictum
1341 369 1422 410 est,
1454 368 1603 415 postea
1633 362 1922 415 consequitur:
1955 362 2088 414 prima

329 433 468 468 autem
508 427 578 466 illa
608 432 797 472 naturae,
837 426 924 465 sive
956 426 1140 466 secunda
1170 427 1257 466 sive
1288 427 1512 474 contraria,
1553 426 1630 466 sub
1660 426 1861 465 iudicium
1891 426 2087 479 sapientis

298 496 370 531 bet
401 490 597 530 dilectum
628 489 804 535 cadunt,
836 493 982 541 estque
1014 488 1085 527 illa
1107 488 1294 527 subiecta
1316 489 1436 542 quasi
1459 489 1631 528 materia
1654 488 1899 541 sapientiae.
1944 489 2088 540 Itaque

329 558 370 593 et
399 552 594 592 manendi
626 552 668 591 in
699 551 784 590 vita
816 556 856 590 et
886 551 1090 603 migrandi
1122 552 1227 591 ratio
1261 553 1396 592 omnis
1427 553 1478 591 iis
1510 552 1657 599 rebus,
1699 565 1802 605 quas
1834 564 1958 605 supra
1988 549 2088 596 dixi,

328 616 550 656 metienda.
605 618 707 656 Nam
746 628 883 667 neque
918 615 970 635 Ἠ
994 614 1015 632 *⁴³
1048 614 1200 653 virtute
1232 614 1433 654 retinetur
1463 615 1505 653 in
1538 615 1644 662 vita,
1684 628 1761 654 nec
1793 614 1863 660 iis,
1896 612 1968 665 qui
1999 610 2089 650 sine

329 679 478 719 virtute
518 683 633 724 sunt,
674 690 785 717 mors
823 683 884 717 est
914 676 1164 730 oppetenda.
1222 676 1274 715 Et
1305 690 1430 729 saepe
1462 675 1643 717 officium
1681 683 1744 716 est
1782 674 1980 729 sapientis
2019 672 2091 711 de-

327 743 503 781 sciscere
534 755 557 780 a
588 741 691 786 vita,
724 754 817 780 cum
848 741 900 780 sit
929 739 1218 784 beatissimus,
1250 739 1283 777 si
1314 738 1355 777 id
1389 745 1623 792 opportune
1654 739 1793 778 facere
1824 737 1967 791 possit.
2021 735 2088 774 Sic

277 808 312 836 ⁴0
327 804 437 844 enim
475 809 665 851 censent,
705 803 1028 856 opportunitatis
1071 814 1162 841 esse
1202 801 1322 840 beate
1355 801 1515 848 vivere,
1558 802 1669 854 quod
1701 806 1764 840 est
1795 799 2090 840 convenienter

326 871 497 905 naturae
539 865 692 905 vivere.
751 866 897 917 Itaque
938 878 961 904 a
1000 864 1205 916 sapientia
1240 863 1514 915 praecipitur,
1557 877 1599 903 se
1631 864 1785 916 ipsam,
1825 863 1859 902 si
1891 875 1992 901 usus
2023 860 2088 907 sit,

326 928 492 982 sapiens
532 933 576 967 ut
615 928 838 980 relinquat.
898 927 1031 975 Quam
1063 926 1114 965 ob
1153 939 1239 964 rem
1271 938 1364 964 cum
1396 927 1590 965 vitiorum
1620 926 1698 965 ista
1727 926 1788 966 vis
1819 939 1904 965 non
1935 925 2006 971 sit,
2044 928 2091 963 ut

326 1003 492 1030 causam
523 990 697 1030 afferant
727 990 871 1029 mortis
903 988 1186 1034 voluntariae,
1218 987 1482 1040 perspicuum
1506 993 1568 1027 cst
1596 989 1718 1027 etiam
1741 987 1983 1034 stultorum,
2018 985 2089 1039 qui

325 1052 436 1091 idem
467 1052 608 1092 miseri
640 1052 739 1098 sint,
772 1049 956 1091 officium
987 1064 1078 1090 esse
1111 1063 1278 1089 manere
1310 1050 1353 1087 in
1385 1050 1490 1097 vita,
1532 1051 1565 1090 si
1599 1050 1680 1090 sint
1710 1050 1753 1089 in
1784 1050 1942 1090 maiore
1972 1054 2089 1102 parte

276 1121 310 1148 ⁴5
325 1127 461 1153 rerum
495 1127 654 1160 earum,
687 1126 790 1167 quas
822 1112 1053 1152 secundum
1084 1117 1270 1151 naturam
1302 1124 1392 1151 esse
1426 1112 1614 1152 dicimus.
1661 1113 1712 1151 Et
1743 1112 1943 1165 quoniam
1969 1124 2091 1150 exce-

326 1175 429 1215 dens
461 1189 482 1215 e
514 1176 595 1216 vita
629 1182 669 1216 et
698 1189 871 1215 manens
903 1188 1037 1228 aeque
1070 1176 1196 1214 miser
1227 1180 1312 1222 ost,
1345 1188 1420 1213 nec
1454 1174 1704 1214 diuturnitas
1737 1175 1868 1226 magis
1901 1173 1938 1213 ei
1964 1174 2091 1213 vitam

324 1237 564 1290 fugiendam
596 1238 714 1285 facit,
746 1252 829 1278 non
861 1238 951 1277 sine
984 1251 1109 1277 causa
1139 1238 1289 1277 dicitur
1318 1238 1390 1284 iis,
1425 1238 1493 1290 qui
1522 1237 1710 1290 pluribus
1730 1235 1988 1276 naturalibus
2010 1233 2091 1274 frui

325 1301 507 1354 possint,
540 1315 630 1340 esse
663 1300 705 1339 in
736 1301 819 1339 vita
850 1300 1117 1339 manendum.

438 1363 552 1402 xlx.
584 1361 648 1401 62.
682 1363 893 1402 Pertinere
926 1367 1062 1401 autem
1095 1363 1147 1402 ad
1179 1378 1264 1403 rem
1297 1363 1547 1403 arbitrantur
1576 1361 1782 1414 intellegi,
1827 1367 1973 1401 natura
2002 1359 2091 1401 fieri

276 1433 312 1461 20
326 1429 371 1464 ut
402 1425 522 1464 liberi
554 1439 577 1465 a
608 1425 851 1478 parentibus
884 1430 1094 1464 amentur:
1136 1439 1158 1465 a
1192 1440 1274 1478 quo
1306 1426 1427 1464 initio
1461 1425 1687 1477 profectam
1719 1437 1981 1463 communem
2014 1424 2091 1463 hu-

326 1487 437 1526 mani
478 1488 642 1538 generis
680 1488 922 1528 societatem
971 1489 1275 1541 persequimur.
1345 1488 1467 1536 Quod
1519 1489 1698 1540 primum
1740 1487 1925 1539 intellegi
1967 1486 2093 1526 debet

327 1546 455 1601 figura
496 1550 776 1602 membrisque
816 1563 1058 1602 corporum,
1097 1564 1203 1603 quae
1246 1552 1338 1603 ipsa
1370 1550 1583 1589 declarant
1614 1548 1858 1603 procreandi
1891 1562 1915 1588 a
1945 1554 2092 1588 natura

325 1611 508 1650 habitam
540 1625 630 1651 esse
664 1612 879 1651 rationem.
930 1613 1073 1664 Neque
1108 1626 1203 1652 vero
1235 1613 1337 1652 haec
1368 1614 1475 1652 inter
1507 1626 1549 1652 se
1578 1625 1805 1665 congruere
1829 1616 2015 1664 possent,
2047 1615 2093 1650 ut

326 1679 471 1713 natura
504 1679 544 1714 et
575 1675 782 1728 procreari
815 1674 941 1714 vellet
972 1680 1010 1713 et
1042 1675 1157 1727 diligi
1191 1681 1428 1727 procreatos
1461 1688 1544 1714 non
1579 1679 1753 1714 curaret.
1799 1674 1936 1725 Atque
1968 1673 2092 1712 etiam

276 1746 310 1774 25
326 1736 369 1775 in
401 1737 545 1776 bestiis
584 1737 645 1777 vis
686 1744 857 1776 naturae
888 1738 1067 1790 perspici
1099 1743 1259 1790 potest:
1302 1752 1476 1791 quarum
1509 1740 1549 1778 in
1583 1738 1668 1778 fetu
1701 1744 1740 1777 et
1769 1737 1811 1776 in
1843 1737 2091 1776 educatione

326 1799 509 1839 laborem
542 1814 635 1840 cum
668 1801 897 1846 cernimus,
930 1806 1101 1839 naturae
1132 1801 1264 1853 ipsius
1294 1815 1434 1840 vocem
1459 1802 1649 1840 videmur
1674 1800 1836 1839 audire.
1889 1798 2029 1846 Quare
2051 1804 2093 1837 ul

327 1862 595 1914 perspicuum
627 1868 690 1901 est
720 1868 865 1901 natura
897 1876 971 1901 nos
1003 1875 1025 1901 a
1058 1862 1202 1902 dolore
1234 1863 1477 1910 abhorrere,
1511 1864 1566 1902 sic
1590 1867 1763 1916 apparet
1784 1876 1807 1902 a
1827 1868 1976 1901 natura
2002 1862 2094 1914 ipsa

327 1928 373 1962 ut
404 1936 495 1970 005,
528 1937 631 1976 quos
663 1924 942 1977 genuerinms,
975 1938 1159 1964 amemus
1195 1925 1366 1978 impelli.
1417 1924 1482 1964 63.
1514 1927 1577 1965 Ex
1598 1926 1676 1965 hoc
1698 1925 1883 1965 nascitur
1903 1930 1949 1964 ut
1968 1924 2091 1964 etiam

328 1985 561 2024 communis
591 1985 806 2025 hominum
846 1987 955 2025 inter
984 1986 1175 2026 homines
1208 1988 1407 2028 naturalis
1439 1989 1491 2027 sit
1522 1988 1851 2035 commendatio,
1893 1992 1938 2027 ut
1969 1999 2094 2040 opor-

277 2053 412 2087 30teat
448 2047 657 2088 hominem
695 2049 744 2088 ab
782 2049 952 2088 homine
992 2049 1043 2088 ob
1083 2050 1123 2088 id
1164 2050 1320 2102 ipsum,
1363 2050 1476 2103 quod
1510 2050 1635 2089 bomo
1668 2051 1739 2097 sit,
1785 2064 1868 2090 non
1909 2050 2092 2089 alienum

329 2110 473 2151 videri.
525 2111 574 2150 Ut
605 2112 715 2150 enim
749 2112 789 2150 in
822 2112 1016 2150 membris
1049 2111 1129 2151 alia
1161 2117 1258 2150 sunt
1291 2118 1501 2165 tamquam
1535 2113 1613 2151 sibi
1646 2119 1761 2159 nata,
1800 2118 1845 2151 ut
1876 2113 2007 2159 oculi,
2049 2116 2093 2151 ut

329 2186 473 2220 aures,
505 2173 587 2212 alia
611 2175 731 2213 etiam
757 2179 989 2213 ceterorum
1014 2174 1291 2214 membrorum
1319 2189 1441 2214 usum
1463 2175 1680 2222 adiuvant,
1713 2180 1757 2214 ut
1778 2188 1910 2222 crura,
1942 2179 1988 2214 ut
2008 2187 2093 2214 ma-

330 2249 426 2283 nus,
467 2236 525 2275 sic
555 2236 757 2275 immanes
790 2236 992 2290 quaedam
1024 2237 1181 2276 bestiae
1214 2238 1291 2277 sibi
1324 2238 1456 2277 solum
1490 2243 1609 2277 natae
1642 2244 1757 2285 sunt,
1790 2241 1831 2276 at
1861 2237 1951 2284 illa,
1984 2248 2092 2290 quae

329 2298 373 2337 in
409 2298 566 2339 concha
606 2299 747 2352 patula
783 2299 882 2351 pina
919 2299 1090 2345 dicitur,
1129 2299 1269 2353 isque,
1313 2301 1382 2353 qui
1419 2307 1515 2340 enat
1553 2314 1573 2339 0
1610 2301 1792 2347 concha,
1841 2299 1931 2353 qui,
1978 2297 2093 2352 quod

281 2370 316 2398 35
332 2373 422 2400 eam
454 2361 655 2409 custodit,
687 2361 899 2414 pinoteres
933 2367 1102 2400 vocatur
1132 2362 1174 2401 in
1207 2376 1380 2415 eamque
1412 2377 1502 2403 cum
1531 2377 1574 2403 se
1597 2364 1753 2416 recepit
1775 2361 2014 2408 includitur,
2047 2364 2093 2399 ut

418 2551 448 2582 1.
475 2554 654 2590 appareret
677 2552 699 2582 B
715 2551 739 2582 E
768 2569 802 2573 —
828 2552 984 2590 sapientie
1008 2553 1031 2583 Ε
1051 2570 1084 2574 -
1113 2554 1144 2584 5.
1172 2555 1320 2585 dilectum
1341 2557 1365 2585 Α
1381 2556 1423 2586 Β;
1451 2555 1607 2586 delectum
1631 2555 1700 2585 110
1721 2573 1755 2577 -
1781 2554 1923 2585 materia
1946 2555 1992 2585 A:
2017 2562 2093 2585 ma-

330 2600 408 2632 terie
432 2601 475 2637 Β;
501 2602 652 2632 materies
682 2610 762 2632 cum
788 2602 977 2632 Goerenzio
1008 2604 1050 2633 M.
1090 2604 1138 2634 Cf.
1166 2613 1198 2644 p.
1225 2605 1298 2642 456,
1325 2605 1375 2636 32.
1408 2622 1441 2626 —-
1477 2607 1507 2635 ti.
1535 2605 1638 2635 ovinis
1668 2606 1748 2636 AB:
1781 2604 1928 2635 omnibus
1958 2604 2028 2636 ΜΟ
2056 2621 2091 2626 -

330 2650 361 2681 7.
386 2658 491 2689 neque
511 2651 634 2682 uirtute
656 2652 814 2682 retinetur
830 2653 855 2682 A
873 2652 913 2681 13:
942 2661 1044 2690 neque
1069 2653 1122 2685 iis,
1149 2655 1203 2691 qni
1229 2655 1345 2685 virtute
1369 2655 1550 2685 retinentur
1566 2655 1603 2685 Ο.
1631 2655 1788 2685 Lacunae
1806 2655 1943 2693 signum
1961 2652 2094 2684 addidit

330 2698 540 2738 Madvigius,
568 2702 625 2740 qui
647 2703 851 2732 Ciceronem
875 2702 1057 2741 scripsisse
1080 2704 1257 2742 opinatur:
1286 2714 1386 2743 aeque
1405 2706 1446 2737 is,
1472 2705 1526 2743 qui
1544 2705 1662 2735 virtute
1677 2705 1814 2743 fruitur,
1833 2704 1993 2734 retinetur
2009 2704 2090 2741 cet.‚

331 2749 390 2779 aut
413 2749 584 2780 similibus
610 2749 743 2787 verbis,
770 2750 833 2780 sed
857 2751 922 2781 hac
947 2752 1110 2782 orationis
1136 2753 1257 2783 torma.
1281 2771 1314 2774 ω
1342 2764 1399 2784 nec
1422 2755 1470 2784 his
1493 2756 1517 2785 A
1534 2755 1572 2789 B:
1600 2763 1703 2793 neque
1726 2755 1764 2784 iis
1789 2754 1857 2785 ΜΟ
1875 2770 1917 2775 —
1941 2752 2007 2792 qui]
2033 2761 2094 2791 que

330 2797 393 2828 BE
421 2815 456 2819 —
491 2799 521 2829 8.
548 2799 589 2828 Et
614 2799 770 2830 Ursinus:
802 2804 838 2829 ut
862 2800 983 2831 codd:
1017 2802 1056 2831 ,tt
1080 2802 1104 2831 Ο
1133 2819 1166 2823 -—
1202 2803 1373 2833 desciscere
1397 2806 1420 2833 Α
1439 2804 1460 2833 Β
1477 2804 1518 2834 C:
1553 2804 1702 2834 desistere
1727 2805 1752 2834 1)
1781 2822 1815 2826 —
1846 2804 1876 2834 9.
1900 2803 2013 2843 possit.
2039 2803 2093 2833 Sic

330 2847 416 2877 enim
432 2863 449 2868 -
462 2864 480 2869 -
496 2847 584 2878 beate
606 2849 730 2883 vivere,
758 2850 842 2887 quod
866 2853 910 2880 est
926 2867 942 2872 —
957 2869 973 2873 -
990 2851 1109 2881 viuere.
1136 2852 1250 2890 Itaque
1268 2852 1473 2892 Madx‘igius:
1497 2854 1613 2892 possit,
1640 2855 1725 2892 quod
1749 2858 1792 2885 est
1808 2870 1857 2876 --
1874 2857 2016 2884 naturae
2037 2852 2093 2882 ui-

329 2904 417 2927 uere.
443 2897 497 2927 Sic
520 2897 669 2928 enirn--
687 2897 776 2928 beate
803 2900 928 2930 uiuere.
959 2900 1073 2939 Itaque
1103 2900 1203 2931 codd.
1232 2905 1265 2931 et
1297 2902 1366 2932 ΜΟ
1402 2919 1436 2923 -
1473 2903 1523 2933 11.
1550 2904 1656 2941 ipsam
1679 2903 1746 2933 suis
1768 2905 1808 2934 sit
1830 2904 1854 2934 B
1888 2921 1923 2926 -—
1957 2903 2009 2934 ⁴3.
2037 2901 2092 2940 qui

329 2945 414 2975 idem
430 2946 506 2976 AG:
535 2946 663 2984 quidem
680 2947 724 2981 B:
753 2947 808 2985 qui
824 2949 920 2979 iidem
938 2950 1001 2980 ΜΟ
1023 2967 1056 2971 —-
1083 2951 1133 2980 15
1153 2960 1264 2981 rerum
1279 2961 1394 2982 carum
1412 2955 1456 2983 A:
1484 2962 1599 2983 earum
1623 2962 1735 2984 rerum
1759 2954 1782 2984 B
1798 2954 1828 2985 M
1843 2954 1867 2984 O
1888 2972 1922 2976 —-
1949 2953 2001 2984 46.
2020 2960 2092 2983 ma-

329 2993 379 3033 gis
403 2994 431 3024 ei
454 2996 499 3024 A:
525 2995 552 3024 ei
578 2995 617 3033 (et
641 2995 675 3033 E)
701 2998 808 3035 mayis
833 2998 936 3029 ΒΜΟ
964 3015 997 3019 —-
1026 2999 1076 3029 117.
1104 3000 1180 3030 (licit
1203 3001 1259 3037 mss
1285 3002 1308 3032 E
1336 3018 1369 3022 ——
1399 3002 1448 3032 ⁴8.
1473 3005 1606 3040 possunt
1630 3003 1653 3032 B
1683 3020 1715 3024 -
1743 3002 1795 3033 23.
1821 3003 1945 3041 possint
1967 3002 2030 3033 AB
2052 3016 2087 3022 ——

329 3043 382 3074 25.
407 3043 475 3082 fetu
497 3046 596 3075 etiam
620 3045 650 3074 in
677 3045 739 3075 ΒΕ
769 3064 801 3068 —
831 3048 881 3078 26.
911 3051 943 3077 ut
968 3049 1159 3079 Manutius:
1186 3060 1255 3081 0111,
1284 3051 1385 3082 codd.
1415 3069 1446 3073 —
1475 3053 1526 3082 027.
1554 3061 1575 3082 a
1600 3053 1630 3082 (I.
1659 3052 1839 3084 abhorrere
1862 3055 1888 3084 A
1916 3070 1950 3075 —
1977 3052 2029 3083 ⁶28.
2056 3054 2092 3082 ut

330 3092 429 3123 etiam
453 3095 497 3124 A:
530 3094 629 3124 etiam
660 3097 695 3124 ut
724 3095 831 3126 BMO
865 3114 898 3117 -
933 3097 984 3128 31.
1010 3098 1094 3137 sunt]
1126 3100 1188 3129 sint
1220 3102 1242 3130 A
1261 3101 1283 3130 B
1317 3119 1351 3122 —
1384 3102 1436 3132 32.
1464 3102 1532 3131 alia
1562 3102 1713 3133 Marsus:
1747 3102 1878 3141 aliaque
1902 3101 1944 3136 E:
1976 3100 2092 3139 aliqua

330 3142 480 3173 ABMO
515 3160 550 3164 —
583 3145 618 3173 ut
647 3152 749 3173 crura
781 3148 813 3175 ιιι
845 3155 962 3177 inaniis
986 3156 1055 3178 0111.
1083 3148 1106 3178 Β
1143 3166 1176 3169 -
1210 3149 1262 3179 33.
1289 3150 1383 3180 bestie
1407 3151 1545 3189 quedam
1569 3151 1631 3181 BE
1660 3169 1694 3173 -
1719 3151 1779 3182 sibi
1803 3151 1906 3182 solum
1927 3150 1987 3181 sibi
2010 3153 2092 3181 nata

331 3190 394 3221 BE
421 3206 456 3212 —·
483 3200 567 3229 quae
590 3192 744 3223 incenclia
769 3194 833 3233 (101
859 3197 1019 3236 incendia)
1044 3200 1088 3234 Α;
1116 3207 1210 3236 quem
1233 3200 1356 3230 conclea
1382 3201 1404 3230 11
1434 3218 1464 3224 —-
1495 3200 1547 3231 34.
1571 3201 1652 3239 pina
1676 3201 1801 3232 codd.:
1825 3201 1931 3240 pinna
1955 3200 2025 3231 ΜΟ
2052 3216 2087 3221 -

332 3238 386 3272 35.
407 3239 591 3281 pinotheres
607 3243 688 3281 AB:
711 3244 898 3283 pinnoteres
921 3247 991 3279 ΜΟ
1011 3265 1043 3269 —
1065 3257 1199 3287 eamque
1215 3250 1258 3279 A:
1287 3250 1485 3289 eandemque
1507 3250 1531 3280 B
1547 3251 1578 3281 Μ
1606 3268 1640 3275 -
1667 3251 1787 3291 recepit
1803 3251 1847 3282 G:
1872 3249 1988 3289 recipit
2010 3250 2037 3281 A
2051 3249 2087 3280 B.
