2249 3624
746 203 835 243 Lm.
856 202 924 243 lv.
965 201 1062 244 CAP.
1083 203 1242 244 11-v,
1280 201 1341 259 §§
1364 201 1497 246 2-5.
1923 197 2004 242 835

352 313 406 354 M.
431 310 516 351 Tul.
546 309 590 349 de
620 321 663 348 re
685 309 794 362 publ.
819 309 886 347 lib.
908 310 1011 348 llll.-
1044 323 1127 349 non
1163 309 1288 349 modo
1322 315 1365 349 ut
1387 310 1574 364 Spartae,
1605 323 1751 364 rapere
1783 310 1852 351 ubi
1885 312 2004 364 pueri

245 382 285 416 et
315 373 475 427 clepere
507 372 686 411 discunt.
747 372 959 422 (Nonius
993 386 1030 411 v.
1053 373 1198 423 clepere
1230 386 1267 424 p.
1293 369 1372 424 ⁵20.)

353 438 408 475 De
429 434 674 474 Cretensibus
703 435 939 485 accepimus,
973 436 1074 486 qnod
1103 437 1145 473 in
1175 447 1330 473 amores
1356 448 1571 486 puerorum
1601 437 1900 490 intemperantes
1921 440 2007 490 sue-

244 500 335 543 rint,
366 497 465 551 qtcocl
487 504 625 548 postea
656 497 698 535 in
730 497 910 535 Laconas
941 504 973 535 et
1007 498 1045 535 in
1078 503 1197 535 totam
1224 498 1436 536 Graeciam
1467 500 1704 538 translatum
1737 507 1805 547 est,
1839 502 1933 540 adeo
1964 507 2005 540 ut

245 563 375 602 Cicero
395 559 498 598 dicat
518 560 561 597 in
582 559 695 597 libris
715 559 759 597 cle
781 572 822 597 re
838 559 997 610 publica
1029 558 1254 610 opprobrio
1287 559 1414 599 fuisse
1447 561 1800 611 adulescentibus,
1833 565 1866 604 si
1895 573 2036 604 ama-5

246 630 352 665 tores
382 634 466 662 non
496 621 711 661 haberent.
774 620 1000 673 (Servius
1032 622 1083 660 ad
1114 623 1219 673 l'erq.
1246 623 1339 662 Aen.
1375 624 1431 670 X,
1454 622 1564 676 3¹25.)

353 724 427 766 lv.
472 723 519 766 4.
565 718 601 752 ³²*
623 718 659 752 ’Ἢ
683 718 744 774 *1
767 723 920 764 nudari
955 725 1176 778 puberem.
1237 725 1303 764 lta
1335 728 1437 765 sunt
1471 726 1559 766 alte.
1591 729 1782 780 repetita
1827 724 1882 780 [p.
1907 723 2003 766 4¹3.

244 795 362 849 qnasi
397 793 682 835 fundamenta
715 793 926 847 quaedam
961 793 1269 834 verecundiae.
1321 794 1572 835 Iuventutis
1603 808 1710 836 vero
1744 799 2005 837 exercitatio

245 877 365 918 qnam
397 862 588 903 absurda
621 864 663 902 in
694 857 961 917 gymnasiis!
995 876 1118 916 qlmm
1153 863 1263 903 levis
1295 862 1560 915 epheborum
1584 865 1656 904 illa
1679 861 1848 906 militia!
1881 880 2005 920 quuim

244 932 619 974 contrectationes
650 934 692 971 et
726 943 898 971 amores
929 931 1060 971 soluti
1094 934 1134 971 et
1170 926 1317 971 liberi!
1358 930 1494 972 Mitto
1526 935 1628 985 aput
1664 932 1798 974 Eleos
1831 938 1870 974 et
1896 935 2058 976 The-⁴0

243 1001 394 1049 banos,
425 1002 532 1053 aput
564 1012 674 1053 quos
706 1000 746 1039 in
780 1011 926 1040 amore
959 1001 1248 1053 ingenuorum
1282 998 1415 1040 libido
1448 1002 1575 1040 ctiam
1602 1003 1853 1054 permissam
1878 1002 2009 1044 babet

241 1074 286 1111 et
316 1069 502 1110 solutam
535 1068 768 1109 licentiam.
822 1067 1158 1109 Lacedaemonii
1192 1069 1273 1122 ipsi
1307 1080 1401 1110 cum
1428 1063 1434 1117 Ι
1463 1072 1604 1110 omnia
1636 1082 1801 1111 conce-
1834 1066 1889 1122 [p.
1912 1067 2005 1110 114.

243 1138 346 1179 dunt
381 1138 421 1177 in
454 1150 601 1177 amore
633 1139 836 1178 iuvenum
872 1139 1050 1191 praeter
1079 1138 1432 1191 st11pr11n17te11ui
1462 1150 1569 1179 sane
1591 1151 1710 1179 muro
1735 1139 2008 1193 dissaepiunt

240 1206 304 1257 id,
336 1205 448 1261 quod
482 1207 729 1261 excipiunt3
770 1206 1017 1259 conplexus
1048 1207 1159 1246 enim
1191 1206 1541 1259 concubitusque
1575 1209 1831 1260 permittunt
1865 1210 2009 1262 palliis

243 1275 494 1316 interiectis.
557 1275 638 1315 Hic
670 1275 870 1326 Laelius,
905 1274 1141 1315 Praeclare
1174 1275 1409 1330 intellego,
1443 1272 1609 1328 Scipio,
1642 1279 1685 1317 te
1719 1278 1758 1316 in
1794 1278 1828 1317 is
1859 1277 2057 1320 Grae-45

235 1345 334 1385 ciue
365 1342 624 1396 disciplinis,
657 1356 765 1396 quas
796 1342 1043 1396 reprendis.
1077 1356 1171 1383 (zum
1207 1344 1382 1396 populis
1414 1344 1696 1384 nobilissimis
1728 1346 1853 1386 malle
1882 1360 2006 1401 quam

242 1424 334 1453 cum
381 1415 456 1452 tuo
504 1411 694 1453 Platone
742 1413 927 1464 luctari,
978 1424 1102 1466 quem
1156 1424 1210 1453 ne
1261 1413 1446 1469 attingis
1499 1412 1696 1466 quidem,
1749 1418 2008 1467 praesertim

243 1494 335 1523 cum
364 1475 404 1510 ἕ
428 1478 463 1514 ‘²⁵0⁴
486 1475 524 1509 ἦ

353 1555 401 1594 V.
433 1552 471 1593 5.
502 1554 617 1593 Plato
640 1585 649 1594 .
667 1584 676 1594 .
695 1584 704 1594 .
726 1555 821 1606 quia
850 1555 964 1594 deum
994 1554 1207 1606 iynoracit,
1239 1554 1283 1592 in
1312 1553 1447 1592 multis
1476 1554 1534 1592 ita
1565 1554 1699 1605 lapsus
1728 1561 1794 1600 est,
1826 1563 1869 1596 ut
1897 1571 2008 1599 nemo

241 1618 412 1658 deterius
441 1618 653 1663 erraverit,
687 1618 729 1655 in
746 1618 892 1669 primis
913 1619 1015 1670 quod
1036 1619 1075 1656 in
1099 1617 1213 1656 libris
1233 1617 1414 1655 cii-ilibas
1435 1617 1569 1656 omnia
1590 1618 1768 1657 omnibus
1791 1620 1910 1658 coluit
1930 1634 2009 1660 esse
2023 1633 2060 1662 20

243 1681 478 1720 communia.
538 1680 595 1718 De
617 1680 881 1731 patrimoniis
911 1680 1111 1719 tolerabile
1143 1685 1220 1725 est,
1254 1679 1342 1717 licet
1373 1680 1423 1717 sie
1454 1680 1669 1725 iniustum,·
1710 1693 1779 1719 nec
1809 1684 1912 1722 enim
1942 1691 2011 1723 aut

243 1743 367 1784 obesse
397 1743 581 1794 cuiquam
611 1742 725 1786 debet,
758 1743 794 1781 si
823 1755 896 1781 sua
926 1743 1126 1781 industria
1148 1742 1243 1794 plus
1272 1742 1397 1790 habet,
1431 1748 1500 1780 aut
1524 1743 1724 1794 prodesse,
1747 1745 1783 1783 si
1803 1759 1876 1784 saa
1896 1748 2011 1799 culpa

242 1806 387 1845 minus.
449 1805 536 1849 Sed,
568 1811 611 1843 ut
640 1805 746 1851 dixi,
775 1811 902 1856 potest
932 1806 1066 1857 aliquo
1096 1806 1210 1844 modo
1236 1805 1354 1856 ferri.
1402 1805 1589 1844 Etiamne
1619 1806 1814 1859 coniuqe3‚
1846 1810 2012 1849 etiamne

242 1867 354 1907 liberi
385 1880 606 1907 communes
636 1869 781 1906 erunt?
810 1868 898 1906 Non
928 1869 1005 1907 erit
1032 1869 1243 1919 sanquinis
1271 1867 1354 1906 ulla
1384 1868 1586 1906 distinctio
1615 1880 1683 1907 nec
1712 1882 1834 1921 yemis
1863 1878 2012 1910 certum

241 1942 308 1970 nec
332 1931 514 1982 familiae
542 1943 611 1970 nec
641 1931 894 1982 coqnationes
922 1943 992 1970 nec
1022 1930 1267 1982 adfinitateS,
1309 1929 1374 1969 sed
1403 1931 1505 1969 sicut
1540 1931 1582 1969 in
1611 1932 1794 1983 yreyibus
1818 1935 2012 1985 pecudum
2025 1943 2062 1972 25

241 1994 402 2043 confusa
432 2000 465 2033 et
495 1994 711 2033 indiscreta
741 1994 897 2038 omnia;
936 1994 1046 2033 nulla
1077 1995 1151 2032 erit
1182 1994 1224 2032 in
1256 1994 1355 2032 viris
1385 1994 1640 2040 continentia,
1663 1994 1773 2033 nulla
1794 1996 1836 2034 in
1851 1997 2012 2047 seminis

235 2056 448 2108 pudicitia.
512 2056 612 2106 Quis
642 2069 721 2095 esse
750 2057 793 2095 *in
822 2057 1001 2108 utrisque
1031 2068 1146 2095 amor
1175 2056 1398 2106 coniuqalis
1420 2061 1567 2107 potest,
1611 2057 1653 2094 in
1682 2057 1823 2108 quibus
1851 2071 1929 2098 non
1959 2066 2014 2099 est

241 2124 369 2158 certus
397 2124 467 2157 aut
489 2119 686 2170 proprius
716 2119 922 2171 adfectus?
984 2118 1084 2167 Quis
1114 2118 1190 2157 erit
1220 2119 1263 2157 in
1286 2124 1444 2170 patrem
1468 2119 1581 2170 ρίαε,
1613 2119 1805 2170 iynorans
1833 2121 1932 2160 unde
1962 2122 2013 2160 sit

241 2182 388 2219 natus?
432 2180 532 2230 Quis
548 2182 678 2232 filium
697 2181 846 2233 diliyet,
869 2193 981 2233 quem
995 2181 1153 2232 putabit
1175 2181 1381 2220 alienum?
1415 2181 1521 2230 Quin
1541 2181 1661 2220 etiam
1677 2181 1838 2232 feminis
1857 2184 2013 2222 curiam

242 2243 446 2289 reseravit,
479 2243 668 2282 militiam
698 2250 733 2283 et
762 2245 1023 2296 maqistratus
1052 2249 1087 2282 et
1116 2244 1286 2295 imperia
1308 2244 1507 2294 permisit.
1552 2243 1711 2292 Quanta
1741 2244 1816 2282 erit
1845 2245 2063 2297 infelici-30

243 2308 303 2342 tas
331 2304 441 2343 urbis
471 2305 596 2352 illius,
630 2306 673 2345 in
702 2318 778 2358 qua
812 2307 991 2345 virorum
1021 2306 1152 2357 officia
1182 2305 1366 2344 mulieres
1397 2305 1663 2356 occupabunt!
1703 2302 2012 2356 (Lactantius

244 2366 332 2418 epit.
364 2380 398 2406 c.
417 2364 497 2418 38.)

353 2429 407 2469 M.
431 2430 586 2470 Tullius
614 2430 659 2470 de
689 2442 731 2470 re
754 2430 862 2482 publ.
895 2431 958 2470 lib.
981 2431 1092 2469 IIII:
1142 2430 1193 2469 Et
1223 2435 1366 2469 noster
1397 2430 1513 2470 Plato
1551 2429 1682 2482 magis
1723 2431 1847 2470 etiam
1886 2444 2012 2484 quam

243 2488 478 2544 Lycurgus,
531 2492 674 2532 omnia
718 2492 790 2546 qui
839 2505 1007 2547 prorsus
1052 2493 1166 2532 iubet
1211 2506 1302 2532 esse
1347 2492 1606 2539 communia,
1662 2504 1715 2531 ne
1771 2493 1864 2546 quis
1914 2493 2012 2533 civis

518 2633 534 2648 N
572 2634 607 2648 AR
1870 2633 1884 2647 Ε

328 2656 358 2688 7.
385 2633 583 2699 nudariJmib
610 2635 652 2697 'C‚
686 2660 731 2698 ri,
747 2660 873 2691 nudam·
899 2659 979 2691 edd.
1006 2678 1049 2683 —
1074 2660 1104 2692 8.
1132 2668 1347 2691 rmecrxme
1374 2658 1412 2690 C¹
1446 2675 1481 2681 —
1521 2659 1571 2690 40.
1599 2667 1897 2689 coxrnecurmxis
1923 2659 1947 2690 C
1976 2676 2011 2680 —

244 2704 295 2737 ⁴2.
320 2714 564 2739 LAcassnEuonu
589 2709 614 2741 C
654 2727 688 2731 —
727 2718 805 2740 oum
827 2734 834 2740 .
854 2734 860 2741 .
883 2734 890 2741 .
913 2733 919 2740 .
940 2718 1002 2741 cen
1026 2734 1147 2742 .....
1165 2718 1355 2741 Anonnnur
1376 2734 1382 2740 .
1403 2731 1411 2738 .
1433 2733 1438 2739 .
1460 2717 1603 2739 PRAETER
1622 2731 1800 2739 .......
1820 2716 1882 2739 TEN
1902 2732 2011 2740 .....

303 2779 336 2787 ..
364 2765 397 2787 m
424 2780 662 2789 .........
682 2757 726 2798 ID]
758 2759 846 2790 haec
878 2760 1013 2791 tantum
1043 2758 1126 2799 legit
1156 2759 1208 2790 Du
1232 2759 1313 2789 Rieu
1344 2759 1377 2788 in
1411 2759 1434 2789 C
1477 2774 1511 2779 —-
1555 2757 1606 2789 44.
1638 2758 1725 2797 quod
1749 2774 1801 2781 --
1819 2758 2014 2797 interiectis]

244 2802 369 2836 horum
399 2805 480 2837 nihil
510 2807 579 2838 iam
612 2807 697 2838 vidit
722 2808 774 2838 Du
793 2807 890 2840 Rieu.
934 2825 969 2830 —
1007 2809 1121 2848 palliis
1144 2808 1321 2839 interiectis
1344 2808 1409 2838 Mai
1436 2807 1467 2837 in
1494 2806 1576 2838 edit.
1597 2807 1623 2839 11
1651 2816 1690 2838 ex
1714 2809 1808 2839 lanu
1802 2817 1873 2839 irio
1898 2810 2016 2849 Nepo-

247 2852 355 2884 tiano:
389 2855 500 2893 pallas
521 2858 608 2887 inter
627 2865 728 2895 pecus
751 2858 789 2894 Ο,
816 2859 853 2887 ut
878 2856 1026 2889 dederat
1051 2859 1116 2889 Mai
1141 2859 1174 2888 in
1201 2857 1256 2887 cd.
1275 2858 1299 2888 1.
1348 2858 1420 2888 Nec
1445 2859 1562 2887 tamen
1589 2855 1788 2888 Detlefsenii
1815 2859 2014 2889 testimonio

247 2902 473 2935 confirmatur
498 2905 591 2946 quod
618 2907 682 2937 Mai
709 2908 782 2947 ipsa
807 2916 864 2938 vv.
888 2908 1002 2946 palliis
1025 2908 1203 2938 interieclis
1232 2908 1264 2938 in
1290 2906 1367 2938 cod.
1396 2906 1621 2946 postmodum
1647 2915 1684 2937 se
1710 2907 1886 2938 invenisse
1912 2908 2012 2941 dicit:

244 2949 300 2982 ille
324 2953 415 2984 enim
441 2953 508 2985 hoc
533 2954 629 2995 legit:
670 2958 994 2987 ramxsmrfin'fficrs
1030 2973 1064 2978 —-
1108 2957 1204 2994 Quae
1229 2957 1426 2996 sequuntur
1450 2956 1482 2985 in
1507 2955 1573 2985 hac
1598 2955 1616 2995 g
1640 2958 1804 2987 accurate
1829 2956 2016 2998 descripsit

247 3031 423 3064 Detlefsen
463 3051 499 3057 —
541 3035 593 3066 ⁴5.
620 3044 681 3066 isis
707 3035 752 3066 C:
779 3036 813 3066 in
836 3036 885 3066 his
909 3037 934 3067 O
976 3054 1011 3059 -—
1054 3044 1193 3068 GRAECOE
1219 3035 1257 3067 C¹
1295 3052 1329 3057 —
1374 3035 1425 3066 46.
1452 3034 1661 3074 reprehendis
1685 3035 1709 3066 Ο
1747 3053 1782 3058 -
1820 3011 1900 3067 midi
1924 3038 1947 3069 C
1977 3053 2012 3060 —

250 3081 300 3112 47.
326 3080 488 3119 ΡιΙΑτιοκε
514 3084 553 3116 Cl
579 3102 614 3107 —
650 3086 701 3116 ⁴9.
730 3086 859 3117 Locum
887 3087 1066 3120 Lactantii,
1093 3087 1151 3126 qui
1177 3086 1277 3117 deest
1303 3086 1335 3116 in
1361 3085 1398 3119 O,
1425 3085 1489 3115 Mai
1515 3085 1547 3115 in
1575 3084 1655 3115 edit.
1677 3085 1702 3115 ΙΙ
1742 3086 1880 3123 adiecit,
1908 3095 2015 3127 quem

249 3137 310 3160 sua
335 3139 375 3162 ex
399 3130 495 3164 libris
520 3133 564 3165 de
589 3142 626 3165 re
651 3133 747 3175 publ.
774 3135 932 3167 hausisse
958 3144 1028 3166 non
1053 3138 1105 3166 est
1131 3134 1371 3175 inprobabile,
1402 3133 1464 3164 sed
1494 3134 1653 3173 profecto
1685 3133 1819 3175 longius
1850 3138 1901 3168 est
1934 3144 2016 3175 pro-

250 3186 390 3217 gressus
414 3181 479 3212 Mai
510 3185 544 3214 et
573 3185 631 3224 qui
662 3193 743 3215 eum
773 3186 884 3215 secuti
909 3187 1004 3223 sunt,
1039 3184 1133 3224 quod
1159 3184 1247 3214 haec
1271 3183 1436 3214 Lactantii
1461 3182 1569 3213 verba
1595 3192 1676 3214 cum
1702 3184 1896 3224 fragmento
1920 3187 2016 3216 Vati-

251 3234 338 3257 cano
362 3229 404 3259 ita
429 3230 616 3269 coniunxit,
644 3235 681 3263 ut
699 3234 907 3264 Ciceronem
933 3234 983 3265 sic
1008 3236 1215 3275 pergentem
1241 3234 1389 3264 faceret:
1414 3234 1612 3272 praesertim
1635 3242 1710 3264 cum
1735 3233 1837 3273 [Plato
1856 3236 1888 3265 in
1906 3235 2017 3265 multis

251 3276 299 3355 §Ita
320 3277 431 3316 lapsus
452 3280 504 3320 sit,
529 3284 565 3312 ut
587 3290 681 3313 nemo
704 3282 846 3314 deterius
868 3285 1033 3315 erraverit
1058 3287 1125 3315 etc.
1161 3300 1195 3304 -
1235 3283 1287 3314 30.
1314 3283 1473 3314 reserat-ie
1498 3282 1697 3314 Heumann:
1726 3285 1911 3316 reseruauit
1935 3283 2011 3315 cod.

280 3332 390 3358 aurin.
