2249 3624
353 162 434 205 280
793 163 1218 205 TUSCULANARUM
1247 161 1687 204 DISPUTATIONUM

352 272 454 312 tium
492 271 767 318 mollitudini,
808 283 884 310 nos
916 273 1053 309 autem
1085 268 1315 309 audeamus
1347 283 1429 310 non
1460 268 1596 308 solum
1628 280 1767 307 ramos
1798 272 2015 320 amputare
2046 269 2120 309 mi-

352 334 572 381 seriarum,
605 333 677 373 sed
710 333 844 372 omnis
874 330 1061 371 radicum
1092 329 1214 370 fibras
1247 332 1439 372 evellere.
1489 332 1645 370 Tamen
1675 328 1833 383 aliquid
1856 329 2119 384 relinquetur

351 396 549 436 fortasse:
581 397 638 436 ita
668 399 766 435 sunt
795 394 903 434 altae
936 393 1085 446 stirpes
1116 393 1328 433 stultitiae.
1371 393 1452 433 Sed
1473 392 1737 445 relinquetur
1759 392 1800 431 id
1823 391 1970 438 solum,
2004 392 2117 444 quod

353 458 430 497 erit
460 457 753 497 necessarium.
799 456 906 495 Illud
939 456 1110 508 quidem
1135 455 1192 495 sic
1213 455 1389 503 habeto,
1421 455 1499 495 nisi
1522 459 1691 493 sanatus
1716 454 1878 493 animus
1901 453 1973 500 sit,
2006 456 2117 506 quod

319 520 441 560 5sine
472 520 742 573 philosophia
772 517 860 559 fieri
892 532 975 558 non
1008 523 1167 571 potest,
1199 515 1323 557 finem
1356 517 1617 557 miseriarum
1648 515 1809 555 nullum
1840 515 1942 555 fore.
1983 515 2118 563 Quam

352 581 405 621 ob
437 595 543 629 rem,
584 582 781 635 quoniam
818 581 1054 634 coepimus,
1092 580 1303 620 tradamus
1335 594 1410 620 nos
1443 579 1480 619 ei
1513 578 1744 618 curandos:
1786 578 2042 625 sanabimur,
2084 578 2118 618 si

350 645 553 684 volemus.
599 645 652 684 Et
682 642 928 697 progrediar
951 643 1121 695 quidem
1152 641 1340 694 longius;
1373 655 1454 681 non
1477 641 1587 680 enim
1611 640 1662 680 de
1685 640 1947 693 aegritudine
1969 641 2117 688 solum,

352 720 603 761 quamquam
635 705 677 745 id
712 705 879 758 quidem
913 704 1116 758 primum,
1149 703 1221 744 sed
1255 704 1305 743 de
1338 704 1449 744 omni
1480 703 1628 749 animi,
1670 708 1714 742 ut
1745 716 1822 755 ego
1854 703 1994 756 posui,
2026 716 2120 755 per-

350 769 587 809 turbatione
618 790 672 798 —-
695 768 862 815 morbo,
895 771 941 807 ut
964 767 1109 806 Graeci
1132 767 1278 806 volunt
1300 790 1351 794 —
1374 766 1606 819 explicabo.
1655 766 1706 805 Et
1729 767 1881 819 primo,
1913 766 1947 805 si
1969 765 2119 818 placet,

301 841 336 870 40
351 831 585 871 Stoicorum
608 844 723 871 more
747 843 933 883 agamus,
960 829 1031 882 qui
1054 829 1236 869 breviter
1255 828 1485 881 astringere
1511 828 1645 868 solent
1672 835 1940 880 argumenta3
1966 829 2118 870 deinde

350 899 493 935 nostro
527 894 720 933 instituto
754 893 1008 945 vagabimur.

461 956 550 995 VII.
583 953 648 996 14.
682 956 764 1005 Qui
795 956 913 997 fortis
944 961 1020 1003 est,
1052 955 1161 995 idem
1184 960 1246 995 est
1273 953 1418 1000 fidens,
1450 953 1651 1006 quoniam
1683 953 1981 993 confidens
2013 953 2120 993 mala

349 1018 655 1060 consuetudine
692 1018 896 1073 loquendi
936 1019 977 1057 in
1014 1019 1113 1058 vitio
1154 1018 1345 1071 ponitur,
1385 1016 1555 1055 ductum
1595 1017 1768 1056 verbum
1800 1030 1822 1056 a
1854 1013 2119 1063 confidendo,

349 1082 459 1136 quod
490 1081 627 1122 laudis
659 1086 740 1121 est:
773 1081 845 1134 qui
867 1085 1005 1121 autem
1029 1086 1092 1120 est
1114 1079 1268 1127 fidens,
1299 1082 1333 1120 is
1360 1078 1548 1133 profecto
1571 1092 1654 1119 non
1677 1079 1932 1127 extimescit3
1964 1079 2119 1119 discre-

299 1153 334 1182 45
348 1149 419 1197 pat
449 1143 560 1183 enim
591 1157 615 1183 a
644 1143 831 1184 timendo
863 1143 1089 1183 confidere.
1139 1143 1267 1197 Atqui
1300 1143 1343 1181 in
1376 1155 1501 1195 quem
1533 1141 1643 1180 cadit
1673 1141 1913 1194 aegritudo,
1944 1142 1986 1182 in
2018 1155 2118 1182 eun-

348 1206 443 1246 dem
482 1206 629 1254 tim0r3
670 1220 845 1260 quarum
878 1206 989 1245 enim
1020 1219 1159 1244 rerum
1192 1205 1431 1257 praesentia
1463 1217 1605 1243 sumus
1637 1204 1680 1242 in
1711 1204 1995 1256 aegritudine,
2028 1218 2118 1245 eas-

349 1269 443 1308 dem
474 1269 752 1322 inpendentes
788 1274 829 1308 et
867 1268 1083 1308 venientes
1122 1268 1330 1307 timemus.
1380 1267 1443 1305 Ita
1475 1264 1519 1305 fit
1555 1271 1599 1305 ut
1628 1265 1864 1306 fortitudini
1896 1268 2117 1320 aegritudo

347 1336 565 1384 repugnet.
588 1332 685 1371 Veri
707 1331 843 1371 simile
861 1336 922 1371 est
944 1331 1083 1383 igitur,
1101 1331 1143 1369 in
1167 1344 1292 1383 quem
1316 1330 1436 1369 cadat
1453 1329 1686 1381 aegritudo,
1709 1329 1856 1368 cadere
1875 1329 1917 1368 in
1940 1325 2117 1371 eundem

346 1393 538 1433 timorem
572 1398 612 1433 et
644 1393 937 1433 infractionem
969 1392 1140 1446 quidem
1172 1393 1298 1432 animi
1334 1399 1374 1431 et
1405 1391 1714 1431 demissionem.
1768 1391 1885 1440 Quae
1916 1393 1958 1432 in
1991 1407 2118 1447 quem

297 1466 334 1494 20
349 1455 525 1504 cadunt,
557 1457 598 1496 in
623 1456 802 1496 eundem
826 1456 938 1496 cadit
959 1461 1004 1495 ut
1026 1456 1193 1502 serviat,
1223 1460 1269 1495 ut
1290 1456 1456 1502 victum,
1480 1455 1513 1493 si
1538 1455 1720 1508 quando,
1744 1468 1787 1493 se
1812 1467 1903 1494 esse
1925 1454 2115 1496 fateatur.

349 1519 467 1568 Quae
500 1519 572 1572 qui
603 1519 769 1572 recipit,
801 1518 978 1571 recipiat
1009 1518 1119 1557 idem
1142 1530 1313 1557 necesse
1337 1522 1400 1556 est
1420 1517 1684 1556 timiditatem
1708 1522 1748 1556 et
1771 1517 1994 1569 ignaviam.
2026 1519 2118 1558 Non

348 1583 503 1623 cadunt
533 1588 670 1622 autem
693 1581 794 1621 11360
814 1582 857 1621 111
880 1582 1011 1621 11111111
1033 1581 1206 1620 fortem:
1238 1580 1365 1632 igitur
1386 1593 1437 1618 ne
1460 1579 1676 1631 aegritudo
1700 1579 1885 1632 quidem.
1918 1582 1970 1621 At
1990 1595 2114 1621 nemo

349 1646 515 1700 sapiens
546 1645 626 1685 nisi
658 1643 797 1683 fortis:
830 1657 915 1683 non
947 1643 1069 1683 cadet
1091 1656 1189 1695 ergo
1211 1643 1252 1681 in
1275 1642 1504 1695 sapientem
1528 1642 1762 1695 aegritudo.
1812 1639 1875 1681 15.
1898 1643 2116 1683 Ρ13616163

348 1721 519 1748 11606556
553 1712 633 1755 651,
665 1707 737 1760 qui
773 1706 892 1745 fortis
926 1706 998 1753 sit,
1031 1705 1210 1745 eundem
1242 1718 1333 1745 esse
1365 1706 1501 1757 magni
1533 1705 1683 1753 animi3
1718 1705 1787 1758 qui
1819 1705 1957 1757 magni
1989 1706 2116 1746 animi

294 1778 331 1808 25
346 1770 417 1818 sit,
449 1770 672 1817 invictum3
712 1769 781 1823 qui
813 1769 994 1808 invictus
1027 1768 1100 1814 sit,
1143 1781 1237 1807 eum
1269 1781 1335 1807 res
1366 1767 1570 1807 humanas
1603 1768 1819 1820 despicere
1851 1774 1977 1821 atque
2009 1768 2117 1808 infra

344 1845 388 1872 se
420 1833 575 1885 positas
605 1831 816 1878 arbitrari3
848 1831 1063 1883 despicere
1095 1835 1233 1869 autem
1265 1843 1388 1869 nemo
1421 1836 1562 1883 potest
1592 1844 1661 1870 eas
1693 1845 1782 1878 res,
1814 1837 1986 1884 propter
2011 1844 2115 1884 quas

344 1894 607 1947 aegritudine
638 1893 759 1934 adfici
790 1898 948 1947 potest3
980 1905 1033 1931 ex
1062 1906 1145 1945 quo
1178 1890 1356 1932 efficitur
1385 1892 1532 1932 fortem
1557 1894 1688 1933 virum
1712 1894 1974 1945 aegritudine
1995 1907 2116 1933 num·

344 1971 469 2010 quam
500 1956 635 1997 adfici.
686 1956 841 1996 Omnes
873 1961 1012 1995 autem
1045 1955 1256 2007 sapientes
1287 1954 1437 1994 fortes:
1470 1970 1551 1996 non
1585 1956 1695 1995 cadit
1726 1955 1854 2008 igitur
1884 1956 1925 1995 in
1950 1956 2116 2008 sapien-

344 2025 426 2060 tem
459 2019 691 2072 aegritudo.
742 2019 794 2058 Et
831 2031 956 2071 quein
997 2017 1047 2056 ad
1081 2017 1248 2057 modum
1281 2018 1428 2058 oculus
1461 2019 1731 2058 conturbatus
1763 2032 1846 2058 non
1878 2023 1941 2058 est
1985 2018 2115 2070 probe

291 2090 329 2120 30
343 2082 531 2122 adfectus
561 2080 612 2121 ad
645 2095 764 2121 suum
798 2094 948 2119 munus
980 2079 1237 2131 fungendum
1271 2086 1311 2119 et
1342 2081 1529 2134 reliquae
1560 2086 1698 2134 partes
1731 2086 1917 2121 totumve
1949 2094 2114 2133 corpus,

343 2149 452 2184 statu
484 2157 576 2183 cum
609 2149 672 2183 est
702 2148 881 2190 motum,
915 2142 1033 2182 deest
1063 2140 1199 2182 officio
1232 2156 1308 2182 suo
1340 2148 1380 2182 et
1413 2144 1598 2190 muneri,
1631 2144 1690 2183 sic
1722 2143 1994 2183 conturbatus
2025 2143 2114 2182 ani-

428 2287 459 2317 2.
486 2286 600 2325 fybras
630 2286 693 2316 GR
728 2303 760 2308 ——
795 2285 825 2316 3.
853 2285 923 2315 alfa
954 2286 979 2315 G
1014 2303 1047 2308 -
1084 2284 1114 2316 8.
1144 2285 1272 2323 quidem
1305 2285 1337 2316 in
1371 2294 1478 2325 marg.
1508 2285 1616 2316 habet
1640 2286 1663 2316 R
1692 2303 1725 2307 -
1760 2287 1839 2316 Post
1860 2286 2007 2325 primum
2031 2285 2064 2316 in
2089 2286 2114 2316 R

343 2337 481 2376 signum
507 2338 559 2367 est
584 2335 793 2376 compendio
819 2334 916 2366 verbi
941 2338 985 2365 esi
1009 2334 1103 2365 haud
1129 2334 1296 2366 dissimile
1340 2353 1372 2356 —
1408 2336 1459 2366 42.
1488 2336 1543 2374 qui
1565 2336 1661 2374 fortis
1686 2339 1745 2371 est,
1772 2336 1856 2365 idem
1877 2335 1979 2375 fidens
1996 2351 2042 2357 --
2066 2334 2115 2364 lo-

343 2387 511 2427 quentium
534 2386 567 2416 in
591 2386 670 2416 vilio
688 2403 704 2408 -
719 2404 735 2408 -
753 2388 863 2416 aulem
887 2388 931 2416 est
955 2386 1135 2424 confidens,
1162 2386 1189 2415 is
1206 2403 1222 2407 -
1237 2402 1253 2406 -
1272 2394 1293 2415 α
1309 2386 1450 2417 timendo
1472 2388 1574 2426 fidens
1590 2387 1722 2417 Nonius
1741 2394 1773 2426 p.
1790 2385 1864 2417 443.
1888 2402 1921 2407 —-
1950 2386 2000 2416 45.
2021 2385 2115 2426 alqui

343 2436 397 2467 R2:
425 2439 522 2475 utque
547 2436 571 2466 G
588 2436 679 2467 R113.
710 2436 803 2466 «Non
831 2434 971 2472 dubito,
1000 2435 1081 2474 quin
1108 2435 1366 2466 restituendum
1391 2437 1434 2467 sit
1457 2438 1555 2476 Atqui
1579 2438 1634 2467 cet
1660 2446 1665 2472 ;
1694 2444 1809 2476 neque
1836 2435 1929 2466 enim
1954 2436 1986 2466 in
2013 2443 2114 2466 assu-

343 2485 471 2517 menda
505 2484 739 2516 conclusionis
771 2483 916 2515 alicuius
941 2485 1179 2524 propositione
1206 2486 1341 2516 minore
1367 2487 1508 2525 ponitur
1531 2490 1644 2525 alque,
1672 2485 1734 2517 sed
1760 2486 1852 2524 alqui
1876 2484 1927 2524 (ut
1950 2485 1967 2525 g
1992 2486 2045 2516 24.
2071 2485 2111 2522 V,

342 2536 394 2568 40.
422 2536 473 2567 43.
502 2534 576 2573 al.),
604 2539 714 2565 aulem
738 2534 792 2574 (gg
819 2534 870 2566 44.
899 2535 949 2565 45.
977 2535 1026 2564 49.
1047 2535 1117 2573 21),
1144 2537 1180 2564 αι
1203 2534 1243 2573 §g
1271 2535 1320 2565 45.
1344 2535 1392 2566 46,
1415 2536 1466 2567 49.
1494 2536 1534 2575 V,
1553 2536 1624 2575 48),
1652 2539 1682 2567 et
1707 2535 1757 2575 (gg
1783 2535 1814 2566 9.
1836 2535 1886 2566 48.
1908 2535 1958 2566 45.
1986 2535 2025 2572 V,
2045 2534 2111 2573 49).

343 2585 537 2617 Freundius
562 2584 616 2616 ille
642 2585 787 2625 quidem
812 2593 840 2615 s.
860 2593 891 2615 1.
910 2588 1008 2623 atque
1024 2585 1063 2621 ΙΙ,
1082 2584 1100 2614 8
1119 2583 1188 2614 duo
1210 2583 1388 2624 exempla,
1415 2584 1458 2615 ab
1479 2586 1626 2623 Handio,
1653 2586 1788 2625 opinor,
1815 2586 1965 2625 sumpta,
1992 2584 2110 2623 habet,

342 2638 408 2668 Ait.
436 2636 490 2671 Vl,
519 2636 548 2673 4,
576 2635 594 2666 6
619 2637 653 2666 61
679 2634 721 2665 (16
747 2635 839 2665 Orat.
866 2633 971 2670 1,54;
998 2633 1061 2664 sed
1086 2633 1167 2664 nihil
1194 2635 1349 2674 apertius
1374 2644 1478 2675 quani
1506 2636 1544 2666 iis
1570 2634 1654 2666 locis
1680 2633 1920 2665 nihilomnino
1938 2632 2110 2664 concludi.

342 2686 457 2718 Altero
483 2685 558 2717 loco
583 2689 681 2724 alque
706 2683 964 2715 continuandae
991 2683 1033 2714 de
1059 2692 1096 2714 re
1122 2682 1306 2714 Salaminia
1333 2685 1519 2715 narrationi
1546 2685 1708 2721 inservit,
1735 2682 1864 2722 altero,
1891 2682 1948 2714 ubi
1974 2691 2113 2714 assum—

343 2737 412 2777 ptio
438 2736 456 2776 g
481 2736 521 2768 53
547 2737 579 2767 in
603 2734 721 2767 verbis
747 2743 832 2775 quae
853 2734 972 2773 polerit
998 2734 1104 2771 inest,
1132 2732 1308 2764 conclusio
1326 2743 1409 2765 1610
1429 2734 1446 2773 g
1465 2734 1505 2764 52
1531 2735 1563 2764 in
1589 2735 1621 2764 in
1645 2734 1694 2764 his
1710 2751 1757 2756 —-
1774 2736 1897 2772 lerient,
1924 2732 2112 2772 disputatio

342 2796 360 2818 a
387 2786 405 2826 ἓ
430 2788 470 2818 52
495 2786 539 2817 ad
565 2795 624 2825 63,
651 2794 741 2825 quae
766 2784 784 2824 ἓ
809 2783 849 2815 54
875 2784 1049 2821 dicuntur,
1077 2792 1139 2824 per
1163 2787 1261 2823 alque
1285 2783 1517 2824 progreditur.
1546 2785 1583 2815 N.
1613 2784 1651 2814 D.
1673 2784 1711 2819 ll,
1731 2783 1783 2821 41,
1811 2782 1888 2820 ubi,
1917 2783 1954 2812 111
1978 2783 2011 2812 111
2028 2791 2111 2813 vera

342 2837 601 2876 assumptione,
634 2837 728 2867 recte
762 2844 854 2866 nunc
884 2834 1009 2875 legitur
1040 2835 1148 2872 atqui,
1184 2835 1258 2864 sine
1284 2833 1390 2864 dubio
1420 2834 1452 2864 in
1477 2834 1677 2874 Archetypo
1703 2833 1764 2864 suit
1789 2837 1898 2872 alque.
1935 2832 2034 2865 Aliud
2060 2836 2114 2866 est

342 2895 405 2927 per
429 2890 526 2924 atquc
551 2886 690 2917 annecti
716 2894 841 2916 novam
874 2884 1025 2925 aliquam
1052 2882 1315 2914 conclusionem
1341 2886 1650 2922 argumentuinve,
1684 2885 1721 2914 ut
1744 2883 1783 2920 V,
1811 2883 1850 2914 43
1874 2882 1989 2923 (Atque
2013 2885 2113 2915 eliam

343 2937 426 2974 cet.)
464 2934 515 2966 49.
543 2935 596 2971 53,
624 2934 700 2971 11111,
735 2935 901 2974 quoniam
933 2934 976 2965 ad
1008 2942 1117 2964 unuin
1148 2934 1415 2972 argumentum,
1452 2942 1514 2963 cur
1545 2934 1577 2964 111
1603 2934 1729 2964 11111116
1759 2933 1803 2964 511
1826 2932 1930 2964 beata
1953 2934 2022 2965 vita
2046 2942 2112 2974 po-

342 2984 476 3022 nenda,
503 2984 596 3024 quod
623 2983 741 3014 «aliter
767 2985 933 3015 virtutum
958 2984 1117 3014 interitus
1142 2984 1399 3021 consequetur»
1419 2982 1463 3022 (id
1481 2983 1573 3022 quod
1592 2983 1609 3023 S
1628 2984 1668 3014 52
1686 2982 1936 3022 concluditur),
1963 2982 2111 3015 alterum

342 3034 540 3074 adiungitur
564 3033 656 3073 quod
683 3034 737 3065 «in
763 3034 888 3065 11111116
914 3034 998 3065 53115
1023 3035 1075 3064 651
1093 3033 1255 3073 praesidii
1275 3032 1317 3063 ad
1336 3032 1412 3064 bene
1428 3033 1639 3064 vivendum»
1659 3033 1768 3072 (cuins
1787 3032 1965 3064 conclusio
1983 3033 2109 3065 deinde

341 3084 512 3124 sequitur)
542 3091 689 3114 necesse
716 3085 768 3115 est
792 3083 897 3115 scribi
921 3085 1024 3123 Atque
1049 3085 1138 3114 cet.»
1164 3083 1219 3113 W.
1250 3101 1283 3105 —
1312 3083 1363 3114 48.
1389 3091 1467 3113 uere
1491 3084 1529 3114 G¹
1556 3101 1589 3105 —
1625 3084 1658 3113 in
1683 3092 1778 3122 quem
1800 3084 1898 3114 cadat
1922 3084 2107 3123 aeqriiudo,

340 3134 457 3165 cadere
480 3133 514 3163 in
538 3142 611 3164 eum
636 3134 783 3164 timorem
806 3137 835 3165 ee
859 3134 1089 3173 infractionem
1108 3133 1237 3172 quidem
1261 3133 1365 3163 animi
1389 3133 1519 3164 Nonius
1545 3142 1576 3173 p.
1598 3134 1670 3164 422.
1695 3150 1727 3154 —
1752 3133 1838 3164 cadit
1856 3133 1880 3163 G
1900 3150 1933 3154 —
1963 3132 2014 3163 49.
2033 3133 2109 3172 qui-

341 3184 412 3215 dem
437 3183 460 3214 C
493 3184 527 3213 et
557 3183 703 3214 Nonius:
743 3184 912 3221 quandam
936 3184 960 3215 O
996 3200 1029 3205 —
1069 3183 1277 3214 demisionem
1301 3183 1364 3213 GR
1397 3199 1431 3203 —
1470 3182 1521 3214 23.
1549 3184 1641 3214 cadet
1673 3184 1715 3214 C:
1747 3183 1835 3214 cadit
1859 3182 1883 3213 O
1913 3198 1944 3202 —
1974 3181 2025 3213 24.
2052 3182 2107 3221 qui

339 3232 454 3274 magni·
478 3232 580 3263 animi
604 3241 673 3264 om.
701 3234 724 3264 G
740 3233 765 3264 R
791 3234 856 3273 (qai
880 3236 990 3265 autem
1015 3233 1128 3273 magni
1151 3233 1254 3263 animi
1278 3231 1356 3263 cod.
1384 3231 1583 3271 Vaticanus)
1613 3249 1645 3253 ——
1673 3233 1726 3264 ⁶25.
1752 3233 1798 3263 sic
1820 3231 1981 3262 inuictum
2005 3229 2044 3263 R²
2068 3248 2103 3253 -

341 3282 393 3317 34.
419 3281 474 3325 sic]
500 3282 528 3313 si
552 3282 608 3314 G1.
