2249 3624
30 3135 33 3137 .
93 3106 146 3138 ⁴8.
172 3107 212 3138 ab
235 3108 284 3139 his
308 3108 373 3139 AC
389 3108 413 3138 E
442 3125 476 3129 —
503 3108 555 3139 ⁵20.
583 3108 663 3139 nihil
687 3111 836 3141 enimn
854 3112 1042 3151 iucplicalus
1067 3113 1098 3143 in
1124 3113 1280 3153 margine
1307 3112 1468 3154 suppleta
1493 3114 1602 3146 habet
1625 3116 1648 3147 B
1670 3134 1704 3138 —
1728 3116 1780 3147 Ἡ.
1798 3116 1869 3155 fore

32 3168 35 3176 =
93 3163 163 3188 om.
190 3158 214 3189 C
239 3175 282 3180 —
306 3167 381 3190 cum
405 3157 469 3188 AB
485 3158 509 3188 C
525 3160 570 3190 P:
598 3162 667 3189 lum
691 3159 754 3190 EO
783 3177 816 3182 -—
844 3161 896 3192 ⁶24.
921 3170 1033 3202 puyno
1058 3161 1191 3201 (litteris
1214 3167 1267 3194 *net
1289 3164 1547 3205 superscriptis)
1566 3166 1590 3196 B
1612 3183 1645 3188 —
1673 3166 1726 3197 26.
1746 3167 1772 3198 si
1789 3176 1869 3198 uero

93 302 216 345 quam
247 291 287 327 et
315 285 484 325 inventa
515 288 611 323 sunt
641 283 803 323 acutius
826 289 866 322 et
888 282 995 322 dicta
1017 282 1212 321 subtilius
1234 283 1284 320 ab
1306 282 1485 333 Epicuro
1509 292 1633 333 quam
1657 284 1701 318 ut
1721 280 1858 333 quivis

93 365 141 393 ea
185 349 315 404 possit
350 359 600 400 agnoscere,
644 351 780 385 tamen
824 345 954 384 fretus
997 345 1281 396 intellegentia
1322 351 1454 383 vestra
1489 342 1649 382 dissero
1692 342 1859 381 brevius

93 427 217 468 quam
248 423 371 452 causa
402 407 623 449 desiderat.
676 409 878 461 Epicurus
910 413 1068 452 autem,
1101 408 1172 460 qui
1207 420 1270 445 res
1303 406 1485 445 occultas
1517 410 1557 444 et
1590 406 1755 458 penitus
1787 405 1859 443 ab·

91 476 197 516 ditas
228 485 311 513 non
343 470 468 511 modo
500 470 650 509 viderit
680 471 834 515 animo,
866 469 938 508 sed
972 469 1094 508 etiam
1128 470 1186 508 sic
1214 475 1359 508 tractet
1383 475 1426 507 ut
1448 482 1591 514 manu,
1624 468 1747 508 docet
1769 480 1859 507 eam

90 551 181 578 esse
212 536 294 576 vim
325 539 367 574 et
396 538 585 572 naturam
618 532 813 578 deorum,
856 538 898 571 ut
930 532 1107 583 primum
1140 545 1223 570 non
1255 544 1401 578 sensu,
1443 531 1514 570 sed
1549 537 1686 570 mente
1718 535 1891 570 cerna-5

89 605 173 646 tur,
215 610 292 637 nec
335 595 541 635 soliditate
574 594 752 647 quadam
787 608 860 633 nec
891 594 941 632 ad
976 608 1214 640 numerum,
1258 600 1304 633 ut
1335 608 1403 641 ea,
1449 607 1555 647 quae
1587 594 1657 633 ille
1689 599 1861 647 propter
2220 651 2224 664 v

88 659 321 702 firmitatem
353 666 580 711 στερέμνια
612 657 814 710 appellat,
853 656 926 696 sed
960 657 1210 708 imaginibus
1242 658 1514 697 similitudine
1546 664 1587 696 et
1617 657 1860 696 transitione
2232 670 2249 768 1

88 721 320 778 perceptis;
355 733 524 772 cumque
556 717 716 759 infinita
747 719 1068 758 simillumarum
1100 720 1327 771 imaginum
1359 720 1521 772 species
1544 734 1596 759 ex
1621 720 1862 759 innumera·
2231 744 2235 764 i

87 785 241 825 bilibus
273 782 504 823 individuis
536 783 689 822 existat
720 787 759 821 et
791 795 814 821 a
846 781 925 820 deo
956 781 1130 827 adnuat,
1165 796 1256 821 cum
1290 783 1482 822 maximis
1514 782 1798 835 voluptatibus
1820 782 1861 821 in
2223 769 2249 839 vl

87 860 156 888 eas
188 846 391 898 imagines
422 851 603 885 mentem
635 845 839 884 intentam
867 842 1123 896 infixamque
1145 851 1327 884 nostram
1350 845 1677 897 intellegentiam
1700 852 1912 898 cape1·e‚⁴0
2217 817 2249 968 ‘⁴¹

503 179 590 217 Lm.
621 178 651 216 1.
693 177 793 217 CAP.
825 176 1129 216 xvm-xx.
1167 173 1227 227 §ss
1259 171 1450 212 tis-53.
1775 170 1856 211 383
2240 0 2249 264 i

2244 290 2249 315 l

2244 336 2249 398 i

2242 459 2249 575 i

2246 584 2249 608 l

87 923 195 964 quae
235 909 289 949 sit
325 915 366 948 et
404 907 526 947 beata
557 913 704 947 natura
735 912 776 946 et
805 912 986 945 aeterna.
1045 904 1113 945 50.
1150 908 1320 947 Summa
1351 922 1448 948 vero
1481 909 1542 948 vis
1574 906 1792 948 infinitatis
1824 912 1865 947 et

86 985 237 1025 magna
267 985 314 1012 ac
338 970 527 1023 diligenti
549 969 905 1023 contemplatione
928 968 1173 1021 dignissima
1195 976 1277 1017 est,
1311 971 1352 1009 in
1374 984 1455 1024 qua
1477 971 1664 1024 intellegi
1688 984 1863 1011 necesse

86 1040 150 1076 est
194 1048 285 1075 eam
327 1046 419 1074 esse
459 1039 672 1079 naturam,
719 1038 765 1072 ut
803 1031 943 1071 onmia
975 1032 1169 1071 omnibus
1209 1033 1381 1085 paribus
1413 1034 1530 1085 paria
1562 1034 1860 1087 respondeant.
2220 1049 2229 1133 l

85 1098 202 1138 Hanc
243 1102 474 1150 ἰσονομίαν
513 1095 700 1148 appellat
736 1095 965 1147 Epicurus,
1006 1092 1047 1134 id
1079 1099 1141 1134 est
1171 1096 1435 1147 aequabilem
1468 1096 1751 1137 tributionem.
1801 1098 1865 1136 Ex
2223 1067 2239 1175 'l

84 1161 164 1201 hac
194 1161 319 1213 igitur
350 1158 454 1199 illud
487 1156 689 1205 eflicitur,
730 1158 763 1197 si
795 1157 1034 1196 mortalium
1070 1163 1183 1197 tanta
1214 1158 1437 1198 multitudo
1469 1160 1542 1206 sit,
1583 1174 1673 1200 esse
1708 1161 1915 1199 mmor-⁴5

83 1223 233 1263 talium
263 1236 348 1262 non
379 1221 582 1261 minorem
616 1226 678 1267 et,
711 1220 744 1259 si
769 1232 876 1273 quae
908 1220 1150 1260 interimant
1179 1221 1501 1261 innumerabilia
1524 1223 1624 1269 sint,
1658 1223 1780 1262 etiam
1802 1236 1864 1270 ea,

85 1298 192 1339 quae
224 1289 492 1330 conservent,
524 1281 684 1323 inlinita
716 1296 807 1322 esse
840 1282 1009 1322 debere.
1059 1283 1111 1322 Et
1145 1297 1347 1336 quaerere
1379 1298 1402 1324 a
1434 1285 1576 1332 nobis,
1614 1285 1766 1333 Balbe,
1797 1298 1865 1325 so-

85 1348 201 1395 letis,
234 1360 342 1401 quae
373 1347 457 1386 vita
490 1345 663 1385 deorum
697 1346 751 1384 sit
782 1358 977 1398 quaeque
1009 1345 1059 1385 ab
1092 1346 1142 1385 iis
1171 1346 1345 1399 degatur
1374 1353 1503 1387 aetas.
1563 1346 1630 1388 51.
1661 1350 1721 1389 Ea
1751 1348 1865 1389 vide-

85 1410 204 1458 licet,
236 1423 319 1463 qua
349 1409 453 1450 nihil
483 1409 665 1456 beatius,
707 1408 811 1447 nihil
844 1409 1036 1448 omnibus
1068 1409 1189 1449 bonis
1221 1410 1461 1450 affluentius
1493 1411 1667 1464 cogitari
1699 1416 1861 1464 potest;

86 1473 190 1513 nihil
222 1474 331 1513 enim
362 1474 469 1525 agit,
501 1471 627 1511 nullis
659 1471 1007 1524 occupationibus
1031 1478 1093 1511 est
1120 1472 1361 1526 inplicatus,
1393 1473 1511 1513 nulla
1533 1487 1658 1526 opera
1681 1473 1864 1519 molitur,
1878 1477 1916 1506 20

85 1549 160 1576 sua
199 1535 406 1587 sapientia
446 1541 487 1574 et
517 1535 671 1573 virtute
709 1533 884 1587 gaudet,
922 1534 1051 1574 habet
1083 1536 1345 1588 exploratum
1375 1533 1463 1575 fore
1496 1550 1539 1576 se
1573 1550 1740 1589 semper
1772 1550 1865 1576 cum

84 1599 129 1638 in
168 1599 382 1645 maximis,
430 1603 518 1638 tum
562 1596 605 1635 in
641 1597 822 1636 aeternis
868 1596 1166 1648 voluptatibus.
1228 1599 1321 1637 XX.
1354 1596 1421 1637 52.
1462 1599 1584 1639 Hunc
1622 1600 1746 1640 deum
1786 1601 1863 1639 rite

84 1662 252 1702 beatum
284 1660 537 1707 dixerimus,
570 1666 753 1699 vestrum
787 1672 885 1699 vero
917 1659 1310 1700 laboriosissimum.
1363 1661 1458 1701 Sive
1491 1663 1602 1702 enim
1633 1663 1724 1717 ipse
1746 1677 1867 1703 mun-

86 1724 163 1764 dus
195 1724 298 1764 deus
329 1729 410 1770 est,
443 1722 545 1776 quid
580 1728 718 1774 potest
749 1736 839 1762 esse
872 1722 1009 1762 minus
1043 1722 1232 1776 quietum
1268 1737 1394 1776 quam
1426 1724 1542 1764 nullo
1574 1732 1730 1778 puncto
1762 1731 1866 1765 tem-

85 1787 198 1841 poris
238 1786 479 1826 intermisso
521 1786 679 1825 versari
718 1786 876 1824 circum
918 1798 1040 1824 axem
1082 1785 1185 1824 caeli
1229 1786 1467 1826 admirabili
1499 1787 1742 1828 celeritate?
1782 1788 1916 1828 nisi25

87 1850 276 1903 quietum
307 1854 445 1888 autem
475 1848 581 1887 nihil
612 1848 780 1887 beatum
813 1852 901 1887 est:
935 1850 1023 1887 sive
1054 1848 1097 1886 in
1128 1848 1219 1901 ipso
1252 1849 1408 1889 mundo
1432 1850 1535 1889 deus
1566 1850 1675 1891 inest
1698 1852 1865 1905 aliquis,

86 1912 158 1965 qui
199 1917 337 1964 regat,
383 1911 453 1964 qui
495 1911 718 1964 gubernet,
759 1911 831 1963 qui
873 1923 1019 1950 cursus
1057 1917 1283 1958 astrorum,
1323 1913 1576 1953 mutationes
1617 1920 1866 1968 temporum,

86 1988 227 2015 rerum
259 1973 569 2013 vicissitudines
602 1972 858 2025 ordinesque
891 1978 1132 2020 conservet,
1172 1980 1303 2013 terras
1338 1980 1378 2015 et
1416 1977 1545 2016 maria
1577 1977 1865 2030 contemplans

85 2036 303 2077 hominum
335 2036 553 2075 commoda
586 2036 779 2088 vitasque
811 2040 997 2083 tueatur,
1036 2045 1086 2075 ne
1119 2035 1190 2076 ille
1223 2043 1285 2076 est
1315 2038 1541 2090 inplicatus
1573 2041 1762 2080 molestis
1793 2054 1868 2080 ne-

87 2099 210 2151 gotiis
242 2104 283 2138 et
313 2098 534 2151 operosis!
595 2095 662 2136 53.
694 2099 777 2136 Nos
810 2104 948 2137 autem
978 2098 1144 2138 beatam
1176 2099 1299 2139 vitam
1339 2101 1381 2139 in
1412 2102 1539 2141 animi
1571 2103 1794 2143 securitate
1826 2105 1917 2143 et30

87 2162 130 2201 in
170 2161 358 2201 omnium
398 2160 616 2200 vacatione
653 2173 874 2199 munerum
912 2162 1134 2213 ponimus3
1183 2161 1325 2202 docuit
1364 2165 1473 2204 enim
1514 2178 1591 2205 nos
1622 2167 1756 2214 idem,
1796 2167 1866 2221 qui

89 2230 247 2272 cetera,
279 2229 429 2263 natura
459 2224 650 2262 effectum
683 2235 775 2262 esse
808 2224 1036 2271 mundum;
1076 2224 1179 2263 nihil
1211 2239 1316 2279 opus
1347 2226 1479 2267 fuisse
1509 2228 1666 2270 fabrica
1697 2236 1866 2285 tamque

89 2301 180 2327 eam
210 2300 297 2327 rem
328 2299 420 2326 esse
451 2285 636 2333 facilem,
669 2298 795 2338 quam
829 2299 901 2325 vos
928 2284 1035 2326 effici
1060 2289 1219 2340 negatis
1243 2289 1332 2328 sine
1355 2287 1493 2331 divina
1516 2306 1640 2344 posse
1663 2293 1866 2343 sollertia,

88 2355 135 2389 ut
173 2348 490 2389 innumerabilis
532 2354 678 2388 natura
720 2348 895 2389 mundos
936 2350 1132 2390 effectura
1164 2352 1238 2398 sit,
1280 2351 1457 2401 efficiat,
1490 2356 1686 2396 effecerit.
1742 2356 1866 2404 Quod

89 2412 189 2465 quia
221 2424 347 2465 quem
378 2411 430 2450 ad
463 2410 631 2451 modum
663 2416 812 2451 natura
844 2410 1010 2452 efficere
1043 2413 1133 2452 sine
1165 2414 1306 2468 aliqua
1338 2422 1478 2457 mente
1509 2419 1659 2470 possit,
1691 2432 1776 2459 non
1807 2420 1867 2460 vi·
1881 2419 1918 2448 35

89 2473 220 2522 detis,
260 2479 307 2514 ut
336 2473 481 2526 tragici
514 2478 684 2527 poetae,
722 2488 815 2514 cum
847 2475 1058 2528 explicare
1090 2478 1326 2529 argumenti
1360 2480 1519 2520 exitum
1550 2493 1636 2520 non
1673 2483 1866 2534 potestis,

177 2662 209 2693 2.
236 2660 471 2701 irzeelliyenciae
493 2663 626 2692 uestrae
651 2663 677 2692 A
705 2679 739 2684 —
773 2661 804 2693 4.
831 2662 953 2694 uiderit
978 2663 1001 2694 C
1017 2662 1063 2694 E:
1098 2664 1232 2695 uiderat
1256 2666 1279 2695 Α
1296 2666 1339 2695 P:
1370 2665 1484 2696 uideat
1507 2666 1530 2697 B
1559 2684 1594 2688 —
1627 2670 1663 2698 ut
1685 2676 1789 2700 manu
1813 2667 1863 2702 ⁵21:

90 2714 125 2742 uc
147 2719 250 2742 manu
274 2719 331 2741 nos
355 2712 453 2742 ducat
478 2711 515 2742 O.
551 2711 600 2742 Cf.
629 2712 782 2743 Dietrich
808 2711 827 2743 l.
856 2711 876 2744 l.
903 2722 937 2754 p.
966 2713 1005 2745 ³54
1031 2722 1110 2754 sqq.
1136 2732 1179 2736 —
1203 2715 1318 2746 doceat
1341 2713 1369 2746 ⁸21
1398 2731 1432 2737 —
1467 2715 1496 2747 7.
1523 2718 1698 2749 steremnia
1722 2721 1746 2750 Α
1763 2720 1866 2752 BCE

94 2778 128 2783 —-
155 2760 187 2791 8.
214 2768 351 2799 cumque
383 2760 590 2793 Walkerus:
629 2770 704 2792 cum
733 2761 799 2793 QlO
833 2763 864 2801 (c
896 2764 929 2794 iu
960 2772 1081 2795 rasura
1115 2764 1223 2796 habet
1253 2765 1304 2803 A).
1347 2766 1397 2796 Cf.
1432 2766 1583 2806 Seyffert
1614 2768 1728 2799 Schol.
1757 2770 1828 2801 Lat.
1856 2770 1867 2801 1

90 2818 124 2850 p.
143 2810 184 2841 22
201 2818 254 2850 sq.
272 2827 315 2832 —
338 2809 391 2850 ex]
417 2814 446 2841 et
471 2812 494 2842 C
517 2827 551 2833 —
579 2810 609 2842 9.
629 2820 650 2842 a
667 2812 724 2843 deo
742 2813 938 2844 Manutius:
965 2814 1009 2844 ad
1032 2822 1086 2845 eos
1109 2823 1199 2846 corr.
1220 2816 1253 2846 in
1281 2816 1401 2846 addeos
1425 2816 1448 2846 B
1467 2825 1472 2852 ;
1499 2817 1543 2847 acl
1567 2817 1642 2848 deos
1664 2821 1689 2849 Α
1706 2819 1730 2850 C
1747 2819 1770 2850 E
1785 2821 1808 2851 P
1823 2820 1866 2858 Ο;

91 2860 135 2890 ad
156 2868 215 2891 nos
239 2859 442 2891 Lambinus.
470 2859 519 2891 (Ἀ.
547 2860 566 2900 ἓ,
592 2860 665 2893 ⁴14.
695 2879 730 2883 —
757 2871 833 2893 cum
857 2871 948 2895 corr.
977 2872 1019 2894 ex
1043 2867 1111 2895 lum
1131 2864 1154 2894 B
1177 2883 1211 2887 —
1242 2866 1293 2897 0¹0.
1320 2866 1532 2906 defixamque
1553 2869 1591 2898 A.
1614 2868 1666 2899 W.
1681 2869 1808 2909 Zumpt
1824 2868 1867 2900 de

92 2910 193 2950 epist.
220 2909 264 2941 ad
289 2910 381 2941 Brut.
408 2920 443 2951 p.
469 2910 523 2941 31.
551 2920 583 2941 n.
604 2912 633 2943 l.
657 2929 691 2933 —
720 2913 771 2944 ll.
800 2922 901 2952 quam
925 2913 965 2944 sil
989 2921 1029 2944 ea
1053 2913 1148 2944 beata
1173 2915 1275 2946 Bake.
1297 2932 1332 2936 —
1360 2915 1474 2946 beatae
1496 2920 1639 2949 naturae
1662 2921 1691 2949 el
1715 2922 1870 2950 aeternae

92 2958 370 2991 Schoemannus.
388 2975 423 2982 -·
451 2963 480 2990 ec
502 2969 627 3000 magna
651 2970 691 2992 ac
715 2962 862 3002 diligenti
886 2965 912 2994 Α
929 2964 972 2994 Ρ;
1002 2967 1031 2994 ec
1056 2973 1181 3004 ηιαφια
1204 2965 1376 3005 dilissentia
1401 2967 1438 3005 (et
1464 2970 1691 3007 expunctum,
1719 2970 1796 3008 post
1817 2968 1870 2998 di-

91 3008 227 3049 liqeneia
250 3009 364 3041 littera
389 3018 490 3040 crasa
516 3011 580 3049 est)
609 3010 655 3047 C·,
680 3019 805 3052 moytia
829 3016 859 3043 ec
881 3012 1029 3053 diligenti
1052 3014 1076 3045 B
1094 3013 1117 3044 E
1144 3015 1187 3053 (in
1214 3015 1237 3045 B
1263 3022 1440 3054 superscr.
1461 3015 1511 3054 ac)
1531 3033 1565 3037 —
1595 3016 1645 3048 44.
1672 3018 1869 3048 isonomiam

93 3055 122 3089 ⁵21.
148 3076 183 3081 —
217 3059 268 3090 ⁴6.
295 3063 370 3090 sunl
395 3059 419 3090 C
448 3076 482 3080 —
514 3060 614 3090 eliam
644 3060 678 3090 in
711 3069 832 3092 rasura
866 3071 912 3093 ni.
941 3071 1014 3093 sec.
1040 3065 1087 3101 Α;
1124 3065 1224 3095 etiam
1248 3073 1339 3095 corr.
1367 3065 1400 3095 in
1428 3068 1497 3095 lum
1520 3066 1565 3102 B;
1592 3070 1620 3097 ec
1644 3069 1754 3098 tamen
1778 3067 1802 3098 E
1830 3083 1865 3088 —

93 3204 128 3235 in
151 3205 176 3237 C
202 3223 238 3228 -
264 3207 318 3239 28.
345 3210 510 3238 conservet
534 3210 563 3238 ec
587 3211 694 3238 terras
717 3208 888 3240 Davisius.
913 3227 943 3233 —-
974 3211 1026 3242 ⁰29.
1054 3214 1187 3242 tueatur
1211 3220 1301 3242 corr.
1330 3220 1371 3243 ex
1395 3215 1507 3244 tuetur
1529 3214 1554 3245 B
1574 3231 1608 3236 —
1635 3223 1675 3245 ne
1698 3215 1751 3247 ille
1775 3224 1865 3247 corr.

93 3253 129 3285 in
150 3263 208 3286 nec
231 3256 285 3288 ille
308 3258 332 3288 B
361 3274 396 3279 —
424 3255 477 3288 30.
505 3257 662 3296 operiosis
686 3258 710 3289 C
733 3276 767 3281 —
794 3259 847 3290 3¹.
873 3261 1046 3293 uocatione
1069 3263 1109 3292 Αἱ
1124 3262 1147 3293 C
1169 3278 1203 3283 —
1231 3261 1283 3292 33.
1309 3270 1380 3293 rem
1402 3271 1476 3294 eam
1500 3263 1574 3303 (sed
1599 3264 1726 3296 additis
1750 3267 1868 3297 trans-

93 3303 248 3344 ponendi
269 3306 387 3347 siguis)
415 3306 439 3339 C
468 3324 502 3330 —
526 3306 626 3347 facile
648 3307 751 3340 AEP
779 3325 814 3331 —
840 3310 961 3351 negetis
984 3308 1014 3343 ³21.
1040 3327 1075 3333 —
1103 3310 1156 3343 34.
1182 3312 1323 3352 effecerit
1347 3321 1437 3346 corr.
1464 3322 1506 3346 ex
1529 3314 1668 3356 εῙῙῑρει-ίι
1690 3314 1727 3347 Β.
