2249 3624
365 149 446 191 344
799 141 1231 185 TUSCULANARUM
1259 140 1344 180 DIS
1351 136 1698 180 PUTATIONUM

367 261 584 303 constans,
616 254 706 294 sine
736 256 870 298 metu,
902 250 992 289 sine
1022 247 1304 301 aegritudine,
1337 246 1426 285 sine
1456 243 1669 284 alacritate
1699 242 1806 289 ulla,
1838 242 1926 282 sine
1956 241 2133 284 libidine

366 331 506 359 nonne
536 317 712 357 beatus?
750 315 803 353 At
834 325 1000 364 semper
1030 311 1198 363 sapiens
1229 307 1346 347 talis:
1378 318 1543 358 semper
1572 304 1699 357 igitur
1724 305 1884 343 beatus.
1929 304 2015 344 Iam
2036 318 2134 345 vero

367 381 441 436 qui
471 383 608 434 potest
638 377 700 417 vir
728 374 866 416 bonus
897 387 980 414 non
1011 374 1062 413 ad
1094 371 1159 418 id,
1192 370 1305 424 quod
1327 368 1537 409 laudabile
1561 368 1636 414 sit,
1669 367 1807 406 omnia
1828 366 1998 415 referre,
2029 381 2136 422 quae

366 443 452 496 agit
482 453 676 495 quaeque
698 439 854 479 sentit?
886 436 1026 478 Refert
1047 439 1187 474 autem
1210 432 1350 472 omnia
1372 431 1422 471 ad
1444 432 1564 471 beate
1587 430 1835 477 vivendum;
1867 430 1989 470 beata
2011 430 2137 483 igitur

335 505 451 552 5vita
487 501 730 550 laudabilis3
771 513 850 540 nec
889 499 1117 553 quicquam
1157 496 1246 536 sine
1277 495 1430 534 virtute
1468 490 1703 533 laudabile:
1746 492 1868 532 beata
1898 492 2026 545 igitur
2054 493 2139 533 vita

365 566 518 607 virtute
548 562 777 604 conficitur.

479 628 609 670 XVII.
640 624 706 666 49.
737 627 872 679 Atque
904 623 985 662 hoc
1016 622 1075 662 sic
1105 620 1232 660 etiam
1253 618 1531 660 concluditur.
1570 619 1656 658 Nec
1686 618 1728 658 in
1750 618 1902 659 misera
1923 620 2005 659 vita
2027 619 2141 673 quic-

368 705 493 747 quam
534 696 596 731 est
625 686 908 743 praedicabile
939 689 1011 724 aut
1048 682 1313 736 gloriandum
1344 681 1494 721 necin
1527 694 1594 728 ea,
1637 694 1744 734 quae
1782 694 1860 721 nee
1900 683 2051 722 misera
2088 682 2142 722 sit

367 768 445 796 nec
481 754 615 793 beata.
668 751 722 790 Et
758 753 820 788 est
861 748 905 787 in
936 746 1078 800 aliqua
1108 746 1190 786 vita
1220 743 1504 798 praedicabile
1535 743 1695 797 aliquid
1727 749 1769 783 et
1798 743 2062 796 gloriandum
2093 758 2141 784 ac

317 835 353 863 io
368 831 465 872 prae
495 830 539 856 se
569 812 810 858 ferendum,
842 815 887 850 ut
915 807 1254 862 Epaminondas:

538 874 801 918 Consiliis
833 871 1038 912 nostris
1070 872 1184 912 laus
1217 875 1295 910 est
1324 875 1539 910 attonsa
1570 869 1848 917 Laconum,

366 949 411 984 ut
441 942 683 983 Africanus:

534 1005 567 1043 A
598 1002 711 1043 sole
743 999 1027 1041 exoriente
1059 1010 1220 1050 supra
1250 994 1474 1035 Maeotis
1505 993 1740 1047 paludes

646 1065 805 1103 Nemo
838 1067 914 1102 est
945 1060 1033 1114 qui
1063 1059 1224 1099 factis
1255 1058 1621 1112 aequiperare
1654 1061 1830 1110 queat.

316 1128 431 1175 4550.
464 1125 588 1177 'Quod
619 1128 652 1167 si
683 1132 757 1174 est,
798 1125 920 1165 beata
948 1124 1033 1163 vita
1064 1122 1281 1175 glorianda
1313 1126 1354 1160 et
1383 1119 1665 1173 praedicanda
1694 1125 1735 1160 et
1766 1133 1864 1173 prae
1896 1134 1940 1161 se
1971 1121 2144 1162 ferenda

365 1197 449 1239 est;
490 1190 594 1230 nihil
632 1194 696 1229 est
733 1189 844 1228 enim
882 1186 998 1227 aliud
1030 1184 1142 1239 quod
1174 1183 1501 1237 praedicandum
1535 1189 1576 1222 et
1615 1196 1715 1236 prae
1751 1197 1794 1223 se
1824 1183 2043 1224 ferendum
2077 1185 2143 1224 sit.

365 1254 530 1303 Quibus
572 1253 719 1306 positis
757 1249 968 1302 intellegis
1010 1247 1110 1302 quid
1151 1252 1376 1300 sequatur,
1409 1251 1449 1285 et
1480 1245 1670 1299 quidem,
1717 1246 1799 1286 nisi
1831 1259 1878 1286 ea
1909 1246 1993 1286 vita
2022 1246 2144 1287 beata

365 1321 448 1363 est,
487 1328 594 1369 quae
634 1320 698 1354 est
737 1314 884 1354 eadem
925 1311 1122 1356 honesta,
1160 1309 1215 1349 sit
1254 1309 1369 1349 aliud
1412 1322 1587 1348 necesse
1620 1314 1682 1348 est
1714 1309 1863 1349 melius
1895 1309 1979 1348 vita
2009 1309 2144 1349 beata.

367 1378 490 1428 Quod
531 1378 611 1418 erit
647 1377 758 1417 enim
795 1376 1040 1419 honestum,
1081 1377 1191 1412 certe
1222 1371 1465 1411 fatebuntur
1495 1384 1586 1410 esse
1619 1371 1788 1411 melius:
1827 1372 1883 1412 ita
1914 1371 1993 1412 erit
2024 1374 2145 1413 beata

316 1458 353 1487 20
365 1442 452 1482 vita
472 1441 622 1480 melius
652 1438 837 1493 aliquid,
871 1450 954 1490 quo
978 1434 1080 1488 quid
1104 1440 1240 1488 potest
1262 1434 1345 1473 dici
1367 1434 1635 1486 perversius?
1670 1433 1812 1482 Quid‘?
1845 1448 1938 1474 cum
1959 1434 2146 1475 fatentur

367 1506 466 1546 satis
498 1516 691 1556 magnam
721 1501 805 1541 vim
837 1513 930 1540 esse
962 1498 1007 1537 in
1037 1498 1146 1537 vitiis
1178 1497 1229 1537 ad
1262 1497 1455 1536 miseram
1480 1496 1628 1543 vitam,
1661 1510 1803 1537 nonne
1832 1497 2050 1538 fatendum
2085 1503 2147 1538 est

367 1568 542 1609 eandem
574 1566 656 1605 vim
698 1565 740 1604 in
772 1563 926 1603 virtute
967 1574 1062 1600 esse
1092 1560 1144 1600 ad
1176 1560 1340 1599 beatam
1370 1560 1526 1598 vitam?
1569 1560 1872 1600 contrariorum
1905 1562 2017 1602 enim
2049 1574 2146 1600 con-

365 1631 492 1671 traria
522 1634 621 1669 sunt
651 1625 963 1680 consequentia.
1024 1619 1091 1662 51.
1125 1622 1219 1671 Quo
1250 1622 1343 1662 loco
1379 1635 1549 1675 quaero,
1590 1636 1713 1674 quam
1746 1624 1828 1663 vim
1860 1623 2012 1663 habeat
2041 1623 2146 1664 libra

365 1694 438 1734 illa
470 1691 657 1737 Critolai,
690 1689 761 1742 qui
794 1701 888 1727 cum
919 1686 961 1726 in
993 1685 1166 1725 alteram
1198 1684 1362 1724 lancem
1389 1685 1513 1724 animi
1535 1685 1647 1724 bona
1668 1685 1873 1738 imponat,
1906 1686 1948 1725 in
1971 1686 2145 1726 alteram

316 1771 353 1799 25
367 1755 553 1809 corporis
584 1758 625 1793 et
656 1757 852 1797 externa,
884 1752 1046 1789 tantum
1078 1747 1342 1801 propendere
1372 1746 1487 1786 illam
1518 1752 1661 1799 putet,
1692 1752 1738 1786 ut
1769 1753 1920 1788 terram
1954 1754 1993 1788 et
2015 1748 2145 1787 maria

367 1817 585 1872 deprimat.

479 1879 630 1919 XVIII.
673 1877 785 1926 Quid
823 1889 921 1928 ergo
960 1879 1032 1914 aut
1069 1874 1181 1914 hunc
1221 1873 1417 1926 prohibet
1447 1878 1519 1912 aut
1551 1873 1676 1912 etiam
1707 1874 1990 1914 Xenocratem
2022 1874 2142 1914 illum

367 1941 658 1996 gravissimum
700 1938 1072 1993 philosophorum,
1115 1941 1436 1989 exaggerantem
1474 1941 1589 1975 tanto
1620 1949 1747 1988 opere
1778 1936 1998 1985 virtutem,
2032 1943 2147 1978 exte-

367 2010 568 2046 nuantem
600 2008 738 2043 cetera
770 2007 810 2042 et
839 2001 1110 2046 abicientem,
1152 1999 1196 2038 in
1227 1999 1379 2038 virtute
1410 2011 1496 2038 non
1528 1999 1690 2038 beatam
1723 1998 1849 2038 modo
1881 2000 2029 2047 vitam,
2074 2000 2148 2040 sed

323 2068 493 2111 30etiam
524 2065 807 2105 beatissimam
838 2065 1024 2117 ponere?
1057 2061 1170 2115 quod
1205 2060 1374 2114 quidem
1405 2061 1486 2101 nisi
1510 2062 1574 2108 fit,
1607 2062 1808 2101 virtutum
1831 2061 2025 2102 interitus
2047 2076 2147 2102 con-

368 2134 582 2183 sequetur.
637 2126 703 2167 52.
735 2129 839 2166 Nam
881 2126 924 2166 in
956 2138 1080 2178 quem
1114 2125 1224 2164 cadit
1254 2123 1489 2176 aegritudo,
1521 2124 1563 2162 in
1595 2123 1776 2163 eundem
1809 2129 1965 2164 metum
1998 2124 2147 2164 cadere

368 2206 541 2232 necesse
574 2197 658 2239 est;
690 2195 753 2230 est
783 2190 891 2228 enim
924 2193 1059 2228 metus
1091 2186 1255 2226 futurae
1283 2185 1559 2238 aegritudinis
1591 2186 1769 2226 sollicita
1791 2187 2073 2240 exspectatio3
2104 2188 2147 2227 in

371 2269 496 2310 quem
519 2260 655 2294 autem
678 2259 825 2299 metus,
856 2253 900 2292 in
925 2250 1104 2291 eundem
1128 2248 1321 2295 formido,
1343 2248 1554 2295 timiditas,
1586 2261 1730 2301 pavor,
1762 2250 1948 2302 ignavia:
1979 2262 2078 2302 ergo
2103 2254 2150 2289 ut

369 2319 480 2358 idem
505 2317 697 2357 vincatur
727 2315 937 2355 interdum
969 2327 1047 2352 nec
1079 2317 1196 2365 putet
1218 2311 1269 2351 ad
1293 2324 1336 2350 se
1358 2317 1629 2364 praeceptum
1651 2311 1754 2350 illud
1776 2312 1892 2351 Atrei
1915 2312 2148 2365 pertinere:

319 2393 356 2424 35
540 2378 768 2418 Proinde
799 2378 873 2417 ita
904 2381 1095 2429 parent
1126 2388 1177 2414 se
1208 2374 1262 2413 in
1294 2374 1424 2421 vita,
1457 2379 1513 2413 ut
1543 2374 1691 2414 vinci
1722 2376 1977 2414 nesciant.

369 2443 448 2484 Hic
479 2447 620 2482 autem
650 2441 855 2486 vincetur,
897 2444 943 2478 ut
975 2437 1084 2485 dixi,
1127 2450 1205 2476 nec
1236 2436 1362 2475 modo
1394 2437 1605 2483 vincetur,
1638 2436 1710 2476 sed
1745 2437 1865 2476 etiam
1899 2437 2072 2477 serviet:
2110 2442 2152 2477 at

371 2519 448 2546 nos
479 2505 674 2544 virtutem
706 2515 872 2555 semper
902 2501 1076 2540 liberam
1109 2499 1323 2546 volumus,
1357 2511 1524 2552 semper
1555 2499 1774 2546 invictam;
1807 2512 1914 2552 quae
1935 2499 2018 2539 nisi
2042 2504 2151 2546 sunt,

373 2567 534 2608 sublata
572 2567 703 2606 virtus
746 2570 821 2604 est.
883 2561 949 2602 53.
982 2564 1117 2617 Atque
1157 2561 1189 2601 si
1234 2561 1276 2600 in
1315 2561 1466 2600 virtute
1498 2561 1596 2601 satis
1629 2566 1691 2600 est
1726 2561 1927 2614 praesidii
1957 2560 2008 2600 ad
2041 2561 2149 2600 bene

463 2780 492 2811 i.
519 2779 587 2809 sine
611 2776 836 2818 aegritudine,
864 2776 932 2806 sine
957 2773 1152 2810 alacritate,
1179 2774 1269 2804 nulla
1293 2773 1426 2805 libidine
1450 2773 1569 2804 Herm.
1589 2773 1761 2812 Sauppius
1785 2771 1869 2809 (Iud.
1888 2771 1981 2804 lectt.
2003 2774 2150 2815 Gotting.

376 2830 493 2866 4857ss
519 2838 551 2870 p.
571 2829 619 2868 8):
652 2830 720 2859 sine
744 2825 964 2867 aeyritudine,
992 2824 1168 2855 alacritate
1193 2824 1299 2861 nulla,
1333 2823 1425 2854 nulla
1448 2823 1581 2853 libidine
1606 2823 1641 2853 C.
1671 2822 1731 2854 Ph.
1759 2823 1913 2862 Wagner
1938 2822 2068 2861 (Philol.
2095 2824 2151 2855 XII

375 2889 409 2921 p.
436 2879 522 2917 564).
551 2895 585 2899 —
612 2877 692 2917 ulla]
718 2877 776 2907 illa
801 2875 991 2907 Nissenius.
1024 2893 1056 2896 —
1083 2874 1115 2904 ⁶3.
1141 2873 1191 2914 At]
1218 2877 1276 2904 aut
1301 2874 1361 2904 GR
1391 2890 1422 2895 —
1453 2874 1484 2903 5.
1513 2874 1731 2911 nequicquam
1753 2874 1778 2903 G
1798 2890 1832 2893 —
1861 2872 1891 2903 8.
1919 2876 1977 2903 aut
2000 2873 2152 2912 ylorian-

375 2931 453 2961 dum
470 2947 518 2952 --
534 2929 602 2959 vita
623 2926 850 2967 praedicabile
873 2934 943 2957 om.
972 2926 997 2956 G
1023 2924 1152 2964 (verbis
1177 2923 1305 2962 aliquid
1327 2926 1375 2961 et,
1407 2931 1496 2963 quae
1522 2924 1660 2963 punctis
1686 2924 1802 2953 notata
1829 2923 1926 2959 sunt,
1954 2924 2154 2962 superscri-

377 2982 475 3021 ptum
502 2980 553 3009 est
579 2978 646 3015 aut)
676 2995 710 2999 —
739 2976 791 3008 44.
818 2976 916 3017 factis
939 2984 989 3006 me
1013 2975 1232 3014 aequiperare
1249 2973 1273 3001 Ο
1295 2991 1328 2995 -
1362 2974 1409 3003 ¹5.
1436 2976 1482 3003 est
1505 2973 1684 3003 Davisius:
1712 2980 1782 3002 om.
1804 2972 1827 3003 C
1850 2989 1885 2994 —
1907 2971 1958 3002 49.
1977 2972 2063 3002 enim
2080 2980 2150 3002 om.

378 3031 417 3061 Gt
444 3045 480 3051 —
506 3029 559 3058 ΞΞ
586 3028 654 3057 uim
675 3027 800 3058 uirtute
825 3028 1014 3066 (superscr.
1042 3024 1120 3056 ead.
1147 3032 1195 3054 m.
1223 3024 1263 3062 in)
1291 3023 1333 3053 B:
1360 3023 1429 3052 uim
1452 3023 1610 3052 uirtutem
1635 3022 1718 3056 GR;
1744 3022 1813 3052 vim
1835 3022 1995 3052 virtulum
2020 3021 2085 3053 alii.
2115 3039 2148 3043 —

377 3079 431 3110 25.
458 3077 551 3108 illam
575 3084 655 3107 nos:
690 3077 781 3107 illam
805 3076 879 3107 boni
902 3076 1029 3106 lancem
1054 3075 1098 3111 C;
1131 3074 1225 3104 illam
1249 3073 1376 3103 lancem
1401 3072 1425 3102 O
1457 3089 1500 3093 —
1531 3071 1583 3102 028.
1611 3074 1782 3109 tantopere
1806 3070 1829 3101 C
1859 3088 1893 3092 —
1921 3069 1972 3101 32.
2002 3071 2034 3101 in
2058 3079 2153 3110 quem

378 3131 489 3160 autem
511 3130 632 3164 melus,
664 3127 698 3158 in
727 3136 800 3158 eum
827 3127 968 3167 formido
985 3144 1033 3149 --
1050 3125 1187 3166 ignavia
1218 3124 1350 3155 Nonius
1376 3132 1407 3163 p.
1432 3120 1505 3153 444.
1533 3138 1576 3143 —
1601 3121 1652 3152 36.
1679 3124 1714 3151 at
1739 3120 1805 3161 nos]
1831 3123 1866 3151 at
1887 3129 1947 3151 nos
1969 3124 2079 3152 autem
2104 3121 2148 3155 C.7

378 3186 438 3209 nos
465 3179 575 3208 autem
604 3175 670 3207 alii.
704 3178 804 3208 «Non
837 3177 952 3208 minus
983 3175 1080 3207 facile
1106 3178 1217 3205 autem
1241 3183 1282 3204 ex
1308 3173 1490 3213 superiore
1515 3180 1621 3203 versu
1646 3171 1833 3212 repetitum
1859 3178 1939 3201 esse
1964 3171 2080 3210 potest
2104 3170 2152 3210 <ut

381 3228 400 3268 5
424 3226 465 3259 54
490 3227 571 3258 bono
597 3227 631 3257 et
653 3227 824 3267 suffrayiis
845 3225 1062 3266 praeteritur)
1088 3232 1194 3264 quam
1219 3227 1254 3254 at
1279 3232 1320 3253 ex
1345 3227 1395 3254 -et
1418 3221 1629 3262 geminando
1654 3222 1802 3259 tactum,
1829 3221 1863 3251 et
1886 3219 2055 3261 particula
2079 3219 2152 3251 sor-

381 3278 449 3310 tius
470 3276 689 3308 adversantis
709 3276 822 3317 aptior
843 3284 921 3308 esse
942 3274 1116 3307 videtur.»
1134 3274 1190 3305 W.
1213 3291 1247 3296 —
1275 3272 1328 3304 38.
1347 3275 1445 3312 atque
1462 3271 1627 3312 Bentley:
1653 3271 1747 3311 atqui
1764 3270 1807 3303 C.
1833 3269 1920 3302 Vide
1937 3269 1982 3301 ad
1998 3270 2041 3301 111
2057 3269 2078 3310 S
2095 3267 2148 3301 44.
