2249 3624
878 245 1216 285 FRAGMENTA.
1841 239 1921 280 965

171 355 208 394 in
236 352 377 391 horum
408 350 550 390 animis
578 348 872 389 adhaerescas!
921 349 1089 400 Species
1119 348 1277 386 medius
1308 346 1428 401 [satius
1450 351 1531 389 riri,
1557 351 1614 384 cui
1633 350 1807 384 neminem
1826 349 1923 382 vidi-

171 430 246 455 mus
271 428 396 464 parem
424 416 598 455 consilio,
630 417 822 461 qraritate,
854 416 1078 453 constantia,
1110 415 1232 448 ceteris
1260 413 1469 451 virtutibus,
1501 414 1532 446 si
1557 417 1672 457 posset
1698 413 1919 450 reviviscere,

170 484 220 518 sic
246 491 364 515 omnes
402 484 655 518 connum-eret,
688 484 744 521 ut,
774 479 936 523 quisquis
971 478 1178 519 intueretur,
1211 472 1255 527 is]
1297 474 1416 511 etiam
1452 473 1484 510 si
1514 473 1613 511 torte
1650 485 1728 510 non
1767 478 1920 514 nosset,

172 549 303 582 tamen
331 540 556 591 principem
586 539 756 577 civitatis
785 550 877 576 esse
907 537 1073 575 diceret.

266 604 327 643 50.
370 604 458 649 Quo
487 607 526 639 te
554 613 661 640 nunc
690 600 810 638 modo
840 599 1069 651 appellem?
1098 605 1139 637 ut
1172 599 1401 637 hominem?
1440 599 1491 636 At
1522 610 1602 636 non
1630 609 1673 634 cs
1699 597 1804 635 inter
1832 606 1955 634 noso

172 668 218 707 Ut
244 664 473 704 mortuum?
524 665 575 701 At
604 664 704 701 xivis
734 669 773 701 et
800 664 932 713 viges,
963 668 1002 701 at
1030 663 1066 699 in
1097 662 1275 700 omnium
1310 661 1453 699 animis
1482 666 1603 710 atque
1632 672 1700 698 ore
1730 659 1921 706 versaris,

172 735 293 780 atque
322 727 482 766 divinus
511 727 670 764 animus
700 725 868 763 mortale
897 724 989 762 nihil
1019 724 1172 773 habuit,
1202 736 1336 775 noque
1365 730 1524 762 tuorum
1545 722 1767 773 quidquam
1795 721 1925 772 potuit

173 790 293 830 emori
324 795 488 841 praeter
515 801 679 839 corpus.
737 790 1004 838 Quocumque
1032 787 1152 836 igitur
1179 793 1216 825 tc
1246 785 1377 840 mo[(to
1406 789 1586 834 appellari
1612 798 1735 822 rerum
1762 791 1826 826 est,
1859 787 1924 820 ad-

170 857 217 891 sis
243 856 344 889 nobis
382 858 488 899 atque
527 855 631 888 istam
668 854 1024 888 mendacissimamm
1054 857 1084 886 et
1113 853 1374 886 levissimorum
1412 853 1550 886 testium
1583 852 1779 885 vanitatem
1807 850 1924 893 ‘inipu-

169 919 394 962 dentiamque
420 917 520 952 vultu
558 918 634 961 ipso
674 918 909 961 adspectuque
943 920 1167 956 conterreas;
1210 916 1308 950 adsis
1335 920 1365 949 et
1393 915 1529 949 civibus
1559 915 1611 948 tui
1638 914 1794 955 consilii,
1825 913 1924 946 cuius
1943 919 1975 945 to

171 981 396 1018 auctoritatis
432 990 629 1024 numquam
655 981 843 1024 poenituit,
874 980 1059 1024 praeferas
1086 979 1226 1018 lumen,
1264 983 1301 1012 ut
1334 989 1377 1012 ne
1402 988 1510 1023 yenus
1538 982 1637 1011 tuum
1666 976 1866 1021 iqnominia
1894 979 1925 1009 et

171 1044 376 1080 calamitate
403 1043 639 1082 dehonestent,
672 1053 754 1078 nere
770 1043 885 1087 filium
907 1047 1019 1085 tuum,
1050 1043 1148 1076 haud
1175 1042 1378 1086 ‹leyenerem
1405 1041 1548 1085 paterni
1573 1040 1729 1074 nominis
1748 1039 1922 1078 heredem,

170 1107 349 1143 sententiis
376 1107 450 1140 suis
478 1100 680 1155 affimant]-

268 1168 312 1205 In
343 1168 506 1204 Cicerone
532 1169 571 1202 ‘in
599 1167 806 1203 Scauriana
840 1168 1052 1209 invenimus,
1071 1169 1174 1201 istam
1211 1167 1460 1201 discretionem
1487 1166 1528 1199 de
1556 1162 1696 1200 SardiS
1725 1168 1755 1198 et
1783 1159 1926 1199 Sardi—

173 1229 398 1278 niensibus,
430 1236 465 1265 ut
495 1231 575 1265 illos
596 1231 746 1277 incolas,
779 1231 859 1265 illos
883 1231 1042 1265 aduenas
1061 1231 1195 1264 doceat.
1250 1225 1488 1276 (Pompeii
1518 1225 1800 1264 Commeatum
1829 1223 1978 1262 artist5

172 1292 310 1331 Donati
339 1305 379 1343 p.
412 1292 510 1341 103.)

768 1353 851 1394 XX.
905 1354 955 1394 IN
988 1356 1030 1394 A.
1064 1352 1330 1395 GABINIUM.

273 1423 325 1472 (ln
345 1424 391 1461 A.
412 1421 626 1460 Gabinium
649 1421 791 1460 Cicero
819 1420 918 1459 dixit
946 1426 1054 1469 ante,
1084 1432 1207 1471 quam
1227 1418 1486 1458 reconciliata
1507 1418 1632 1469 gratia
1661 1419 1928 1469 patrocinium

176 1486 260 1524 eius
288 1485 484 1534 suscepit.
539 1482 640 1521 Vide
669 1482 872 1531 Quintil.
904 1484 943 1521 L.
966 1485 1034 1522 XI.
1065 1496 1100 1521 c.
1132 1484 1164 1521 1.
1198 1484 1233 1533 ξ.
1263 1484 1325 1521 73.
1379 1482 1469 1519 Dio
1502 1484 1562 1530 39,
1591 1482 1668 1525 62.)

275 1548 307 1587 1.
351 1546 494 1584 Fibrae
523 1546 802 1584 cincinnorum
832 1546 1059 1584 madentes.
1117 1545 1341 1596 (Servius
1370 1543 1422 1583 ad
1448 1544 1558 1594 Virg.
1589 1543 1660 1582 Ge.
1691 1544 1719 1592 I,
1751 1543 1848 1592 120.)
1944 1555 1980 1584 20

270 1610 306 1649 2.
352 1610 553 1654 Gallienus,
583 1622 662 1645 cum
693 1612 869 1645 Theodoto
896 1611 998 1646 vellet
1027 1612 1215 1656 imperium
1240 1609 1499 1655 proconsulare
1526 1610 1732 1648 decernere,
1764 1619 1786 1642 a
1812 1619 1930 1643 sacer-

177 1675 316 1710 dotibus
350 1679 398 1709 est
426 1674 648 1719 prohibitus,
690 1675 752 1718 qui
789 1675 957 1709 dioeerunt
995 1675 1108 1717 fasces
1147 1673 1352 1708 consulares
1385 1673 1525 1718 inqredi
1560 1671 1825 1706 Alexandriam
1859 1681 1931 1705 non

176 1739 302 1774 licere:
332 1738 433 1772 cuius
459 1738 513 1771 rei
540 1738 648 1771 ettam
677 1734 931 1783 Ciceronem,
961 1746 1051 1772 cum
1074 1740 1212 1772 contra
1233 1733 1449 1772 Gabinium
1475 1731 1668 1782 loquitur,
1697 1730 1930 1768 meminisse

175 1801 264 1836 satis
303 1800 482 1834 novimus.
553 1795 868 1846 (Trebellius
911 1795 1065 1834 Pollio
1115 1800 1152 1832 in
1190 1797 1303 1833 XXX.
1355 1797 1549 1843 Tyr-annis,
1592 1795 1787 1832 Aemilian.
1823 1794 1929 1832 XXI.

175 1874 215 1912 p.
243 1861 327 1900 521.
360 1860 549 1907 Obrecht.)
1945 1867 1982 1896 25

664 1922 767 1963 XXI.
824 1921 927 1964 PRO
959 1923 1000 1962 T.
1033 1921 1196 1963 ANNIO
1228 1919 1442 1962 MILONE.

278 1991 312 2029 1.
357 1992 499 2038 (Prima
525 1993 620 2033 scil„
651 2003 730 2026 vere
757 1992 906 2035 habita,
945 2002 1037 2026 nunc
1065 1992 1290 2036 deperdita):
1333 1987 1542 2026 «Ciceroni
1576 1999 1739 2038 quoque
1766 1988 1805 2025 in
1833 1999 1932 2038 pro-

181 2053 325 2103 oemio,
355 2065 446 2092 cum
475 2051 631 2090 diceret
657 2064 729 2103 pro
757 2051 921 2101 Milone,
953 2050 1122 2101 degredi
1150 2051 1221 2089 suit
1248 2062 1438 2099 necesse,
1479 2055 1521 2088 ut
1547 2050 1637 2100 ipsa
1665 2048 1930 2098 oratiuncula,

179 2127 259 2166 qua
285 2127 385 2154 usus
414 2120 490 2164 est,
521 2120 671 2165 patet».
729 2113 958 2160 (Quintil.
987 2114 1024 2162 4,
1055 2114 1091 2160 3,
1123 2114 1180 2152 17.
1239 2113 1296 2152 Cs.
1328 2114 1363 2161 3,
1392 2114 1429 2160 6,
1460 2112 1535 2161 93.)

272 2177 308 2217 2.
354 2179 500 2226 Locus,
531 2177 581 2215 de
611 2188 690 2227 quo
709 2189 730 2215 a
750 2175 954 2214 nonnullis
984 2175 1206 2224 dubitatur,
1236 2181 1370 2214 utrum
1394 2173 1445 2213 ad
1463 2173 1717 2213 Milonianam
1743 2174 1983 2225 primam,3o

179 2252 228 2279 an
255 2239 306 2279 ad
335 2239 505 2279 alteram
535 2251 566 2278 s.
590 2245 771 2278 nostram
798 2238 1040 2276 referendus
1069 2239 1133 2286 sit,
1165 2243 1228 2276 est
1254 2238 1400 2289 partim
1430 2235 1540 2287 apud
1568 2236 1743 2274 eundem
1762 2238 1797 2285 9,
1817 2237 1853 2285 2,
1870 2237 1930 2274 54.

179 2302 323 2353 partim
352 2301 461 2353 apud
491 2301 757 2340 Scholiastam
780 2301 1021 2339 Bobienseni
1051 2300 1100 2339 ad
1127 2301 1322 2350 Interrog.
1353 2298 1403 2337 de
1431 2311 1525 2337 aere
1555 2298 1604 2337 al.
1627 2297 1704 2336 Mil.
1724 2298 1798 2336 Ed.
1817 2299 1929 2336 Rom.

177 2375 217 2415 p.
239 2365 321 2403 225.
351 2363 425 2403 Ed.
448 2370 611 2402 nostrae
639 2375 679 2414 p.
703 2363 788 2401 346.
843 2365 905 2400 An
933 2363 1052 2401 huius
1080 2362 1146 2401 ille
1174 2362 1290 2412 legis,
1320 2374 1443 2413 quam
1471 2360 1636 2400 Clodius
1664 2373 1684 2399 a
1714 2372 1759 2398 se
1786 2361 1933 2398 inven-

178 2431 258 2465 tam
285 2426 491 2477 gloriatur,
521 2426 768 2464 mentionem
796 2426 929 2464 facere
959 2438 1084 2464 ausus
1114 2431 1237 2473 esset,
1267 2425 1356 2462 vix-0
1375 2423 1534 2472 Milone,
1563 2435 1643 2461 non
1672 2421 1803 2461 dicam
1832 2434 1931 2460 con-

181 2488 292 2527 sule?
320 2488 371 2527 de
399 2494 583 2526 nostrum
612 2488 719 2526 enim
747 2489 925 2526 omnium
949 2511 992 2516 —
1014 2500 1094 2526 non
1123 2487 1256 2526 audeo
1285 2492 1412 2525 totum
1441 2485 1593 2524 dicere.
1648 2484 1805 2533 Videte,
1835 2483 1932 2534 quid
1946 2497 1982 2525 35

181 2562 227 2590 ea
253 2552 322 2589 viti
348 2550 415 2588 lex
440 2550 629 2589 habitura
652 2550 785 2599 suerit,
816 2551 930 2589 cuius
958 2549 1188 2601 periculosa
1218 2550 1338 2588 etiam
1363 2548 1628 2599 reprehensio
1649 2553 1724 2584 est.
1757 2547 1932 2596 (Rectius

182 2618 315 2652 autem
356 2612 529 2652 habetur
556 2625 630 2663 pro
658 2611 855 2663 particula
892 2613 1039 2663 prioris
1076 2612 1280 2651 Orationis
1314 2623 1385 2662 pro
1413 2610 1577 2658 Milone,
1608 2608 1659 2647 de
1687 2620 1768 2659 qua
1796 2608 1930 2646 Schol.

180 2674 390 2714 Bobiensis
411 2674 482 2714 Ed.
505 2677 617 2714 Rom.
641 2686 681 2725 p.
703 2676 764 2712 91.
785 2673 860 2712 Ed.
883 2681 1046 2713 nostrae
1067 2687 1107 2725 p.
1124 2675 1231 2713 276.:
1267 2673 1433 2711 «Existit
1459 2672 1560 2710 alius
1588 2677 1802 2722 praeterea
1829 2670 1933 2709 liber

182 2742 362 2776 actorum
396 2750 469 2789 pro
506 2736 669 2783 Milone,
708 2740 748 2774 in
777 2747 857 2786 quo
886 2737 1019 2775 onmia
1056 2737 1281 2787 interrupta
1310 2740 1350 2773 et
1374 2734 1554 2786 impolita
1583 2740 1622 2772 et
1649 2732 1779 2781 rudia,
1811 2731 1930 2783 plena

184 2796 359 2850 denique
388 2799 552 2838 maximi
579 2798 745 2837 terroris
772 2797 1060 2848 adgnoscas».)
1944 2811 1981 2841 40

717 2874 841 2914 XXII.
892 2874 951 2915 Ex
983 2873 1184 2916 Oratione
1217 2873 1387 2914 incerta.

276 2943 339 2980 Ἐν
367 2943 448 2985 τοῖς
473 2941 562 2993 περὶ
590 2943 811 2979 Κατιλίναν
847 2941 1060 2992 :rorifluam
1098 2942 1287 2992 μεγαλοις
1326 2938 1395 2976 καὶ
1428 2943 1580 2990 μικροῦ
1605 2937 1794 2987 δεήσασιν
1823 2938 1930 2976 ἀνα-

184 3005 332 3053 τρέψαι
360 3004 431 3053 τὴν
465 3005 624 3055 Ῥώμην
663 3002 802 3051 &ituro
839 3005 914 3054 μέν
953 3019 1008 3045 τις
1044 3005 1211 3040 ὑπόνοια
1249 3005 1318 3038 τοῦ
1360 3002 1556 3050 Κράσσου
1595 3000 1663 3038 καὶ
1698 3004 1930 3051 προσῆλθεν

187 3064 406 3115 ἅνθρωπος
434 3066 648 3116 ὀνομάζων
676 3064 756 3102 ἀπὸ
785 3069 852 3113 τῆς
879 3067 1150 3115 σωίυιιιυσίας,
1177 3063 1303 3104 ‹ns-oei,-
1329 3062 1361 3099 δ’
1397 3062 1634 3100 ἐῖιιίπεινσξν.
1681 3061 1816 3113 ’Ὅμως
1843 3063 1879 3100 δ>
1910 3067 1931 3099 o

187 3129 365 3178 Κικέρων
393 3126 434 3165 ’ἑν
463 3143 537 3165 τινι
565 3127 667 3178 λόγῳ
695 3125 871 3177 (Ῑανερὸς
896 3122 948 3174 ’ἦν
971 3128 1148 3176 Λράιῑσῳ
1176 3124 1243 3162 καὶ
1271 3126 1449 3173 Λαιίηῳι
1482 3123 1552 3172 τὴν
1579 3126 1715 3162 αἰτίαν
1740 3140 1930 3174 anomoc-
1943 3134 1980 3164 45

185 3189 367 3240 βόμένος.
419 3189 500 3227 'AM'
535 3185 651 3231 οὗτος
678 3191 752 3239 μέν
782 3190 802 3223 ‹'›
828 3189 942 3238 λόγος
969 3189 1135 3235 ι-’ξεὸόθη
1163 3186 1267 3238 μετὰ.
1296 3185 1368 3233 τὴν
1396 3186 1554 3236 ὰμᾳυῖν
1580 3186 1775 3233 τελευτήν.
1829 3184 1931 3224 Plu-

272 3313 323 3346 34.
357 3314 457 3355 Apud
481 3313 595 3346 Schol.
621 3313 642 3346 l.
669 3313 690 3345 l.
717 3314 768 3351 sio
790 3315 859 3345 est:
889 3316 986 3354 atque
1007 3315 1156 3355 pernicie
1180 3317 1368 3345 nostrorum
1391 3313 1546 3345 omnium.
1594 3313 1667 3344 Non
1690 3312 1796 3344 audeo
1818 3312 1885 3342 etc.
