2249 3624
282 147 376 189 206
659 149 728 188 DE
759 148 916 187 FINIB.
949 146 1071 186 BON.
1100 147 1169 186 ET
1201 147 1324 187 MAL.
1364 147 1452 187 Lm.
1483 147 1531 186 V.
1571 145 1599 199 §
1631 144 1697 185 96.

295 260 463 300 Graecis
497 258 650 313 [verbis
681 256 820 313 aptis].
880 259 962 298 Sed
991 263 1155 311 tempus
1187 263 1268 305 est,
1311 259 1345 298 si
1376 258 1558 305 videtur,
1590 262 1631 297 et
1661 261 1770 297 recta
1801 258 1970 311 quidem
2002 259 2053 298 ad

294 336 373 361 me.
431 321 555 370 Quod
587 335 680 361 cum
709 321 780 360 ille
811 320 989 360 dixisset
1020 326 1061 360 et
1091 321 1190 361 satis
1223 321 1478 375 disputatum
1512 321 1740 369 videretur,
1779 321 1822 361 in
1854 320 2055 374 oppidum

294 385 347 424 ad
376 384 654 437 Pomponium
684 383 948 436 perreximus
980 396 1139 424 omnes.

383 557 412 586 l.
439 554 553 586 Verba
579 554 715 586 seclusa
741 563 759 585 a
786 555 954 586 Cicerone
979 554 1090 587 aliena
1117 564 1195 587 esse
1225 557 1359 597 primus
1384 557 1468 588 vidit
1493 557 1716 587 Goerenzius.
1755 557 1815 587 Est
1838 554 2062 586 manifestum

294 605 468 645 glossema
492 604 535 635 ad
559 604 766 635 adverbium
786 605 897 643 plane.
926 623 960 626 —
987 614 1009 636 a
1037 613 1089 636 me
1120 605 1182 636 EG
1210 625 1244 628 —
1278 607 1470 646 Expliciunt
1498 607 1640 645 quinque
1664 606 1740 637 libri
1762 607 1800 637 de
1820 605 1939 646 finibus
1963 605 2064 635 bono-

293 664 370 686 rum
393 659 422 686 et
443 655 608 686 malorum
631 655 740 685 Marci
764 654 832 693 tuly
858 653 1021 685 Ciceroms
1044 655 1067 685 B
1083 655 1119 686 E.

791 920 1152 960 SUPPLEMENTA
1181 922 1573 961 ADNOTATIONIS.

385 1025 461 1063 Pag.
481 1022 554 1061 ⁴54,
574 1022 627 1054 34.
656 1023 836 1053 «Fortasse
859 1023 975 1054 tamen
995 1024 1118 1055 Cicero
1141 1023 1253 1054 solum
1279 1024 1467 1063 genitivum
1486 1021 1726 1063 superioribus
1745 1021 1912 1060 adiunxit,
1935 1021 2066 1061 signifi-

296 1082 380 1105 cans
405 1074 508 1110 haec,
537 1081 626 1112 quae
652 1072 809 1103 dicerent
834 1071 897 1110 illi,
930 1073 1112 1104 hominum
1138 1081 1216 1104 esse
1242 1082 1309 1103 non
1336 1074 1453 1113 spinas
1478 1072 1692 1103 vellentium.
1734 1073 1766 1102 Si
1789 1073 1880 1103 enim
1907 1073 1956 1103 sic
1979 1073 2067 1103 scri—

295 1124 439 1164 psisset:
468 1131 568 1161 quam
583 1123 763 1163 magnifica
778 1125 865 1160 sunt,
885 1123 1079 1154 rectissime
1099 1132 1162 1163 per
1179 1123 1434 1163 aclpositionem
1454 1122 1663 1153 adderetur:
1691 1122 1858 1153 hominum
1876 1123 1942 1153 cet.
1970 1123 2067 1152 Nunc

296 1183 378 1205 cum
395 1175 474 1204 ante
492 1172 635 1204 dixerit:
663 1181 764 1211 (lu-am
779 1173 954 1212 magnifice
969 1177 1042 1203 sunt
1066 1174 1154 1203 [licta
1178 1173 1218 1203 ab
1235 1173 1317 1203 illis!
1341 1174 1422 1212 post
1448 1171 1544 1212 plura
1570 1172 1769 1212 interposita
1797 1171 1960 1203 liberiore
1979 1180 2067 1211 qua-

256 1259 261 1264 ·
296 1222 377 1253 dam
404 1222 574 1253 brevitate
599 1223 764 1253 orationis
789 1230 871 1253 usus
897 1222 1005 1253 videri
1031 1224 1164 1262 potest,
1195 1232 1285 1263 quae
1311 1223 1361 1253 sic
1386 1221 1556 1262 explenda
1583 1223 1646 1253 sit:
1675 1231 1775 1261 quam
1798 1223 1972 1262 moymisice
1995 1224 2068 1252 sunt

295 1274 382 1304 dicta
405 1273 446 1303 ab
469 1272 533 1303 illis
551 1289 585 1293 --
606 1272 661 1309 (ita
679 1273 716 1302 ut
734 1281 773 1302 ea
791 1272 872 1310 sint)
887 1273 1054 1303 hominum
1072 1273 1138 1303 cet.
1180 1273 1262 1303 Post
1284 1272 1451 1303 hominum
1476 1271 1636 1303 facillime
1660 1281 1723 1302 non
1749 1272 1914 1303 excidere
1944 1272 2067 1312 potuit.

296 1322 364 1353 Sed
389 1321 566 1353 adfirmari
591 1320 672 1352 nihil
698 1323 845 1361 potest.»
883 1322 1026 1353 Mxnvm.

383 1386 462 1424 Pag.
482 1383 556 1419 483,
575 1384 628 1414 24.
656 1384 819 1422 Quoniam
843 1386 953 1414 autem
968 1402 1014 1406 —-
1033 1387 1157 1415 natura
1181 1383 1348 1423 desideret]
1376 1384 1656 1423 Uniuscuiusque
1680 1393 1719 1415 ex
1747 1384 1797 1415 liis
1823 1384 1934 1415 tribus
1954 1392 2070 1415 mem-

297 1434 369 1466 bris
393 1433 563 1465 sententia
590 1432 690 1473 plana
715 1435 769 1464 est
793 1434 827 1464 et
851 1434 1049 1474 perspicua,
1078 1442 1192 1474 neque
1219 1434 1447 1474 oppositionis
1472 1434 1570 1471 ratio,
1599 1443 1689 1474 quae
1706 1435 1796 1465 inter
1813 1434 2011 1465 secundum
2029 1441 2069 1464 ac

296 1485 437 1516 tertium
462 1483 664 1515 membrum
688 1484 883 1522 intercedIt,
903 1492 1118 1524 quemquam
1145 1483 1262 1515 fallere
1286 1485 1413 1523 potest.
1448 1483 1515 1514 Sed
1534 1492 1601 1523 qua
1624 1484 1757 1515 ratione
1775 1484 1887 1524 primo
1906 1482 2068 1514 membro

296 1533 493 1566 secundum
517 1542 580 1574 per
605 1533 780 1565 causalem
807 1534 1010 1574 particulam
1035 1535 1121 1565 enim
1144 1534 1284 1573 adiungi
1309 1534 1477 1573 potuerit,
1506 1542 1571 1563 non
1599 1533 1762 1573 intelligo.
1799 1535 1849 1564 An
1875 1533 1961 1564 sorte
1986 1541 2069 1573 pro-

298 1586 416 1625 pterea
443 1584 600 1615 omnium
624 1583 824 1615 animalium
850 1584 927 1615 finis
951 1584 1007 1615 hic
1032 1585 1095 1621 est,
1122 1585 1159 1614 ut
1183 1585 1306 1614 natura
1325 1581 1517 1623 expleatur,
1545 1583 1710 1622 quoniam
1730 1582 1905 1623 quaedam
1922 1583 1961 1613 iis
1980 1582 2069 1613 inter

299 1643 337 1666 se
363 1634 563 1664 communia
586 1634 694 1664 sunt?
719 1632 950 1665 scribendum
969 1636 1022 1664 est
1045 1632 1139 1663 haud
1156 1632 1261 1664 dubie
1278 1633 1359 1664 nihil
1378 1634 1501 1664 etiam
1519 1633 1677 1672 prohibet.
1705 1634 1906 1664 Senonum&
1925 1633 2062 1672 (Opusc.

299 1684 406 1715 Acad.
431 1684 486 1721 ΙΙΙ,
514 1693 545 1724 p.
572 1683 659 1722 399).

386 1748 465 1786 Pag.
486 1746 560 1783 486,
579 1746 632 1776 24.
661 1746 729 1776 «Ne
755 1745 804 1776 sic
829 1745 973 1784 quidem
1000 1744 1153 1784 (recepta
1178 1744 1306 1775 Davisii
1332 1743 1578 1775 emendatione
1603 1744 1691 1783 quia)
1710 1744 1826 1775 locum
1845 1752 1968 1775 sanum
1988 1753 2066 1775 esse

299 1795 460 1828 arbitror.
497 1795 583 1826 Nam
608 1795 767 1826 contineri
790 1795 902 1835 prima
927 1793 1234 1825 commendatione
1258 1793 1420 1824 homines
1446 1802 1515 1824 non
1540 1793 1605 1824 alio
1631 1803 1737 1825 sensu
1754 1793 1858 1825 latine
1877 1794 1942 1825 dici
1963 1802 2067 1835 posse

300 1846 426 1883 iudico,
454 1845 518 1876 nisi
544 1848 580 1876 ut
604 1853 642 1875 ea
668 1845 825 1883 coerceri,
850 1844 1002 1881 cohiberi,
1026 1843 1155 1882 frenari
1180 1842 1351 1880 dicantur,
1382 1842 1475 1881 quod
1501 1842 1653 1874 alienum
1679 1852 1757 1875 esse
1782 1845 1938 1884 apparet.
1976 1843 2068 1874 Scri-

300 1895 458 1927 bendum
483 1896 598 1935 itaque
623 1896 679 1933 qui
702 1896 898 1932 concinetur,
924 1895 962 1924 ut
986 1892 1170 1924 relativum
1194 1890 1369 1923 referatur
1393 1892 1435 1923 ad
1463 1891 1558 1923 illum
1583 1894 1776 1933 appetitum
1800 1902 1919 1924 rerum
1937 1893 1981 1923 ad
2006 1901 2070 1924 na·-

299 1947 414 1977 turam
432 1945 793 1983 accommodatarum,
819 1945 878 1984 qui
895 1952 979 1974 sane
998 1943 1196 1973 continetur
1218 1942 1329 1982 prima
1348 1941 1656 1972 commendatione
1675 1944 1833 1979 naturae,
1860 1943 1893 1974 h.
1914 1951 1944 1973 e.
1962 1950 2068 1982 quern

301 1996 388 2027 haec
414 1996 446 2026 in
471 2004 508 2027 se
533 1995 641 2027 habet
665 1997 699 2027 et
722 1994 983 2035 complectitur,
1018 1993 1164 2032 eiusque
1193 1992 1269 2023 sons
1295 1993 1329 2022 et
1354 2000 1460 2023 causa
1486 1994 1549 2023 est.
1587 1993 1673 2023 Nam
1699 1996 1884 2033 propterea
1912 1993 2005 2033 quod
2031 2000 2069 2023 se

302 2047 450 2086 quisque
475 2045 599 2086 diligit,
627 2046 664 2077 fit
687 2048 724 2077 ut
749 2054 786 2077 ea
813 2045 972 2086 appetat,
999 2051 1089 2083 quae
1114 2043 1313 2083 pertineant
1337 2042 1381 2073 ad
1406 2044 1565 2073 naturam
1592 2041 1836 2083 explendam.»
1868 2044 2070 2075 SenomiANN

303 2097 485 2137 (ibidem).
