2249 3624
294 236 402 280 4042
1033 234 1314 279 CICERONIS

292 344 469 391 Fulqeat,
500 355 523 378 a
547 352 651 378 saevo
677 345 797 376 ventos
824 340 1000 386 Aquilone
1032 341 1189 377 notabis.

292 407 425 456 Atque
458 405 577 443 etiam
608 406 753 440 ventos
781 406 1085 453 praemonstrat
1111 413 1236 454 saepe
1264 402 1419 441 futuros

290 468 475 507 Inflatum
500 478 635 516 mare,
664 477 755 504 cum
786 463 920 503 subito
951 465 1199 515 penitusque
1227 466 1437 512 tumescit,

292 530 481 580 Saxaque
510 541 610 568 cana
643 527 738 567 salis
764 528 881 566 niveo
914 533 1102 578 spumata
1133 527 1290 578 liquore

290 594 508 633 Tristificas
535 596 691 631 certant
716 592 902 642 Neptuno
931 590 1108 630 reddere
1140 603 1278 641 voces,

289 659 369 696 Aut
396 655 549 694 densus
581 653 731 693 stridor
759 665 851 692 cum
879 652 989 691 celso
1013 665 1035 691 e
1061 654 1213 692 vertice
1239 654 1386 693 montis

291 719 413 758 Ortus
444 716 681 768 adaugescit
706 714 967 767 scopulorum
995 727 1121 766 saepe
1154 715 1358 768 repulsus.

290 783 400 822 Cana
427 780 525 819 fulix
550 777 689 818 itidem
717 778 877 828 fugiens
906 789 927 815 e
956 777 1112 828 gurgite
1141 779 1254 829 ponti

287 844 451 883 Nuntiat
476 840 680 880 horribilis
708 839 888 879 clamans
916 840 1069 878 instare
1098 839 1325 891 procellas⁷

285 905 401 945 Haud
426 903 607 943 modicos
635 901 807 941 tremulo
836 900 1012 940 fundens
1039 913 1060 940 e
1092 907 1254 952 gutture
1288 907 1446 942 cantus.

290 971 464 1017 Cepphum
492 969 600 1004 etiam
626 968 749 1002 videas
777 966 874 1001 caelo
901 966 1055 1001 volitare
1088 977 1210 1002 sereno

289 1035 420 1072 Contra
447 1037 612 1069 venturos
640 1031 835 1066 connioeum
862 1039 1010 1075 corpore
1036 1034 1181 1065 ventos.-

286 1098 398 1144 Saepe
423 1098 520 1142 feras
549 1098 671 1129 anates
699 1103 824 1128 cernas
852 1103 1032 1139 meryosve
1058 1093 1184 1128 relicto

284 1163 444 1208 Aequore
471 1169 556 1194 moa:
584 1157 744 1192 tremulis
773 1156 934 1191 tellurem
960 1156 1130 1202 ptanyere
1156 1156 1301 1202 pennis,-

285 1226 354 1262 Aut
381 1226 467 1270 iuqa
493 1234 526 1258 se
553 1231 683 1266 supera
710 1220 840 1254 montis
868 1219 1066 1254 distendere
1096 1218 1248 1254 nubem:

286 1288 383 1333 Quin
409 1288 516 1322 etiam
543 1285 674 1331 pappi,
703 1283 840 1318 senium
868 1283 1028 1318 canentis
1056 1283 1253 1324 acanthae‚

281 1351 379 1388 Dant
405 1350 500 1385 venti
528 1348 721 1387 indicium,
750 1356 898 1380 numero
926 1356 1005 1381 cum
1032 1346 1123 1389 forte
1156 1347 1324 1381 videntur

280 1414 472 1450 Innumero
498 1411 637 1457 placidi
661 1410 806 1456 fluitare
830 1420 894 1454 per
921 1419 1082 1454 aequora
1107 1410 1223 1454 ponti.

280 1477 395 1513 Immo
423 1477 511 1511 adeo
539 1485 582 1510 ex
609 1473 694 1517 illa,
722 1472 877 1507 volitant
904 1482 977 1517 qua
1005 1472 1089 1506 dira
1115 1482 1178 1516 per
1207 1476 1344 1507 aestum

280 1541 457 1588 Fulyura,
486 1541 589 1584 parte
613 1540 711 1581 potes
737 1539 903 1570 venturos
931 1545 1072 1569 noscere
1103 1536 1224 1580 slatus.

280 1604 321 1641 Si
347 1604 469 1639 videas
497 1600 617 1636 stellas
644 1599 758 1634 noctis
786 1597 938 1632 volitare
965 1608 1028 1642 per
1054 1597 1224 1632 umbram

281 1667 497 1712 Praecipites
525 1665 716 1710 lonyosque
744 1673 766 1696 a
794 1666 889 1707 teryo
919 1661 1093 1696 albescere
1128 1665 1283 1701 tractus,

280 1731 358 1768 Hoc
387 1732 454 1765 iter
481 1727 612 1764 emensi
638 1726 777 1760 venient
802 1735 866 1769 per
891 1725 1021 1759 inania
1046 1725 1154 1759 venti.

281 1794 321 1830 Si
347 1794 456 1829 varia
482 1791 608 1826 varias
635 1789 757 1823 videas
782 1798 826 1822 ea:
850 1791 954 1832 parte
987 1787 1150 1822 cadentes

278 1857 323 1893 In
351 1862 464 1892 terras
490 1865 592 1889 ruere
620 1857 651 1887 et
678 1851 768 1887 caeli
793 1861 857 1896 per
883 1851 1012 1885 nubila
1035 1851 1148 1894 ferri,

279 1920 469 1956 Discordes
499 1917 636 1952 tendent
664 1916 808 1949 animae
835 1915 874 1949 in
901 1915 1045 1949 diversa
1073 1913 1252 1953 locorum,

278 1984 324 2020 Et
350 1983 457 2019 varia
484 1982 662 2016 humanas
686 1978 874 2024 percellent
903 1979 1049 2023 flamine
1074 1980 1219 2012 mentes.

278 2047 429 2084 Fulmen
456 2046 518 2080 ubi
545 2055 588 2079 ex
615 2043 732 2083 Euro,
765 2042 900 2086 fulmen
927 2041 1094 2076 volitabit
1122 2040 1167 2075 ab
1195 2038 1348 2079 Austro,

279 2111 324 2147 Et
351 2110 513 2156 Zephyro
542 2108 800 2151 horriferisque
827 2104 950 2141 Arctoi
977 2104 1168 2150 Aquilonis
1196 2104 1241 2138 ab
1270 2102 1392 2142 auris,

283 2174 378 2210 Tunc
404 2178 536 2208 nautae
562 2172 714 2217 pavidos
739 2173 902 2215 penetrat
931 2173 1064 2203 tremor
1092 2167 1235 2214 alqidus
1263 2170 1377 2201 artus.

283 2236 313 2274 Ο
343 2239 481 2273 utinam
505 2235 632 2281 pelayo
658 2245 700 2269 ne
729 2238 810 2268 tunc
837 2233 995 2267 obsessus
1023 2236 1054 2267 et
1086 2232 1200 2266 imbre

281 2301 401 2339 Mixla
425 2300 674 2346 perhorrescat
705 2298 861 2332 densatis
887 2296 1037 2342 sulyura
1064 2294 1219 2330 nimbis!

281 2364 392 2410 Saepe
420 2365 527 2399 etiam
554 2363 681 2408 pluvia
704 2361 839 2406 poteris
866 2364 1024 2405 spectare
1051 2359 1178 2403 sutura

279 2428 416 2464 Nubila
445 2438 505 2462 ceu
535 2426 640 2460 lanae
666 2435 730 2469 per
757 2423 894 2458 caelum
920 2422 1053 2457 vellera
1085 2421 1196 2465 ferri:

285 2492 373 2527 Tum
399 2492 537 2537 qemino
565 2489 675 2534 cinyit
701 2487 838 2523 caelum
869 2485 1131 2521 leaumantias
1159 2494 1269 2523 arcu,

281 2555 351 2591 Aut
379 2555 505 2599 aliqua
532 2556 691 2588 atratam
715 2550 904 2596 praeducit
932 2549 1035 2584 stella
1061 2547 1258 2583 corollam:

284 2616 416 2653 Crebra
443 2617 551 2651 etiam
577 2615 732 2650 volucris
758 2613 872 2658 falsas
900 2616 931 2646 et
964 2611 1090 2647 crebra
1121 2608 1298 2655 palustris

282 2680 418 2716 Haurit
447 2689 560 2725 aquas
584 2682 758 2723 potusque
785 2676 860 2710 sitit
887 2674 1124 2709 vehementius
1152 2672 1282 2706 undas.

283 2742 394 2789 Saepe
421 2744 529 2778 etiam
553 2740 698 2786 pluviae
722 2738 942 2784 praenuntia
968 2737 1064 2771 venit
1092 2734 1268 2774 hirundo,

282 2806 466 2841 Limosam
494 2804 629 2840 tumido
656 2802 872 2848 protundens
898 2804 1017 2835 ventre
1035 2798 1218 2844 paludem.

282 2868 363 2906 Vos
395 2877 558 2917 quoque
587 2864 699 2914 signa
727 2861 894 2911 videtis,
928 2860 1050 2912 aquai
1081 2858 1211 2898 dulcis
1243 2857 1456 2904 alumnae,

285 2931 386 2970 Cum
414 2928 587 2967 clamore
617 2927 767 2978 paratis
795 2925 927 2964 inanis
956 2923 1127 2962 fundere
1159 2931 1283 2959 voces

284 2990 557 3041 Absurdoque
586 3002 684 3028 sono
715 2988 834 3026 sontis
863 2993 902 3025 et
926 2991 1068 3036 stagna
1098 2984 1228 3022 cietis.

286 3054 418 3103 Saepe
447 3053 564 3090 etiam
595 3051 788 3101 pertriste
817 3049 925 3088 canit
952 3047 1003 3085 de
1030 3051 1198 3097 pectore
1225 3054 1390 3083 carmen

283 3117 333 3155 Et
359 3114 565 3153 matutinis
592 3111 783 3151 acredula
811 3110 981 3149 vocibus
1013 3108 1155 3156 instat,

284 3178 462 3217 Vocibus
486 3176 608 3213 instat
635 3180 674 3212 et
700 3172 893 3212 adsiduas
921 3172 1017 3211 iacit
1041 3182 1111 3209 ore
1141 3167 1368 3220 querellas,

286 3239 386 3278 Cum
414 3238 589 3289 primum
616 3236 771 3285 gelidos
802 3246 917 3274 rores
939 3244 1086 3273 aurora
1117 3231 1302 3278 remittit3

283 3302 495 3352 Fuscaque
522 3311 601 3337 non
631 3310 853 3349 numquam
880 3307 1050 3336 cursans
1075 3306 1148 3347 per
1170 3293 1286 3333 litora
1322 3291 1462 3330 cornix

1974 595 2045 634 180

1975 903 2045 943 185

1973 1216 2045 1256 190

1972 1529 2043 1570 195

1968 1841 2042 1883 200

1967 2156 2041 2197 205

1967 2470 2041 2510 210

1966 2782 2039 2824 215

1966 3094 2038 3136 220
