2249 3624
26 3570 35 3624 -ιι-
24 3508 29 3515 ·

528 168 615 208 Lm.
648 167 716 206 ΙΙΙ.
758 166 855 206 Cu».
884 162 1154 203 Xlx—-XX,
1195 159 1254 214 §§
1286 156 1474 199 44—49.
1795 146 1869 194 291

116 274 276 328 aliquid
309 273 522 314 videamus
555 280 593 313 et
626 273 720 312 eibi.
777 272 887 311 llaec
919 270 1084 310 tandem
1117 269 1226 308 hona
1259 272 1378 314 sunt,
1412 265 1562 319 quibus
1594 261 1878 315 aegritudines

115 337 382 390 gravissimae
425 335 718 381 detrahantu1·;
759 341 801 374 tu
841 334 950 373 enim
992 332 1118 386 paulo
1150 337 1244 371 ante
1278 344 1328 370 ne
1361 328 1605 380 intellegere
1638 325 1808 380 quidem
1840 328 1879 362 te

113 398 195 438 alia
234 398 319 437 ulla
360 398 542 437 dicebas.
598 398 798 436 Revocari
839 397 964 448 igitur
1005 400 1198 448 oportere
1230 407 1251 432 a
1284 405 1470 432 maerore
1503 390 1554 430 ad
1587 387 1880 441 cogitationem

112 460 317 500 bonorum
349 460 588 499 conveniret
622 459 720 498 mihi
753 472 845 497 cum
879 459 1074 510 Epicuro,
1108 457 1140 496 si
1175 455 1274 509 quid
1307 460 1417 494 esset
1445 454 1600 493 bonum
1624 449 1881 491 conveniret.

226 521 318 560 XX.
352 522 470 561 Dicet
501 522 676 574 aliquis:
713 520 825 568 Quid
859 522 987 571 crgo?
1020 526 1062 559 tu
1093 520 1316 571 Epicurum
1350 518 1563 556 existimas
1593 515 1670 554 ista
1701 511 1915 553 voluisses

113 589 182 624 aut
213 582 458 623 libidinosas
491 585 581 622 eius
614 583 741 622 fuisse
774 583 1028 622 sententias?
1063 582 1149 631 Ego
1183 594 1279 620 vero
1313 581 1501 626 minime;
1536 578 1657 618 video
1690 575 1801 615 enim
1832 572 1882 612 ab

114 659 162 685 eo
195 643 275 684 diei
307 645 434 684 multa
466 658 628 691 severe,
668 645 794 684 multa
827 644 1055 696 praeclare.
1112 644 1278 696 ltaque,
1318 648 1363 681 ut
1395 655 1519 694 saepe
1552 640 1663 686 dixi,
1706 637 1756 677 de
1788 649 1886 676 acu-

114 708 224 746 mine
256 708 393 758 agitur
424 709 536 753 eius,
569 720 651 746 nou
685 706 735 745 de
760 707 966 752 moribus3
1000 706 1189 759 quamvis
1213 710 1382 757 spernat
1405 705 1641 756 voluptates
1664 714 1748 748 eas,
1781 711 1886 753 quas

113 769 236 810 modo
267 768 470 816 laudavit,
505 782 582 821 ego
614 775 752 808 tamen
785 769 1015 807 meminero
1049 767 1161 820 quod
1186 767 1378 807 videatur
1409 767 1445 806 ei
1479 778 1683 805 summum
1716 763 1886 802 honum.

112 833 204 871 Non
237 832 348 871 enim
381 832 508 871 verbo
542 831 674 871 solum
717 832 859 884 posuit
890 830 1170 883 voluptatem,
1210 830 1281 869 sed
1315 829 1553 882 explanavit
1584 826 1685 881 quid
1719 825 1939 864 diceretio

117 895 383 948 «Saporem»
433 895 570 948 inquit
613 900 684 933 «et
723 907 941 947 corporum
983 893 1248 945 complexum
1292 898 1331 931 et
1365 892 1484 930 ludos
1516 896 1639 943 atque
1672 893 1819 928 cantus
1850 891 1891 925 et

113 957 268 997 formas
300 970 390 1003 eas,
423 957 574 1010 quihus
602 956 712 995 oculi
736 955 915 995 iucunde
938 961 1222 994 moveantur.»
1274 955 1379 992 Num
1403 953 1528 1006 lingo,
1560 966 1659 992 num
1682 950 1890 990 mentior?

115 1020 245 1073 Cupio
277 1018 436 1067 refelli3
479 1019 579 1073 quid
613 1020 721 1058 enim
764 1018 908 1057 laboro
941 1018 1019 1056 nisi
1058 1023 1101 1056 ut
1133 1017 1285 1056 veritas
1317 1016 1358 1054 in
1393 1016 1506 1055 omni
1539 1015 1787 1068 quaestione
1821 1025 1892 1051 ex·

113 1082 317 1137 plicetur?
366 1079 431 1121 47.
464 1084 515 1121 At
545 1081 658 1121 idem
690 1082 747 1120 ait
778 1094 859 1120 non
894 1093 1080 1119 crescere
1113 1079 1370 1131 voluptatem
1404 1078 1548 1117 dolore
1572 1077 1758 1117 detracto
1782 1088 1893 1115 sum-

114 1158 310 1198 mamque
351 1145 607 1198 voluptatem
655 1143 759 1182 nihil
804 1143 958 1183 dolere.
1024 1142 1171 1182 Paucis
1212 1140 1348 1181 verbis
1394 1141 1472 1180 tria
1516 1153 1665 1193 magna
1710 1142 1944 1193 peccatam

114 1208 269 1254 Unum,
312 1207 423 1261 quod
463 1220 601 1246 secum
642 1206 730 1259 ipse
773 1211 946 1259 pugnat.
995 1205 1121 1244 Modo
1165 1205 1277 1244 enim
1319 1216 1371 1242 ne
1404 1204 1612 1256 suspicari
1646 1202 1815 1256 quidem
1850 1215 1893 1241 se

116 1270 342 1324 quicquam
374 1270 549 1316 bonum,
591 1269 670 1308 nisi
704 1282 850 1308 sensus
885 1267 1003 1322 quasi
1037 1268 1308 1307 titillarentur
1339 1265 1577 1318 voluptate:
1612 1279 1721 1305 nunc
1754 1270 1893 1305 autem

115 1346 319 1373 summam
351 1332 610 1385 voluptatem
645 1345 736 1371 esse
760 1331 904 1371 dolore
933 1344 1086 1370 carere.
1135 1331 1331 1369 Potestne
1363 1329 1492 1381 magis
1524 1341 1665 1368 secum
1699 1328 1787 1381 ipse
1820 1341 1895 1380 pu-

117 1396 275 1448 gnare?
321 1393 507 1433 Alterum
529 1399 766 1447 peccatum,
800 1393 927 1446 quod,
961 1407 1053 1432 cum
1076 1393 1117 1432 in
1140 1398 1288 1432 natura
1310 1391 1385 1431 tria
1410 1391 1512 1438 sint,
1544 1404 1674 1430 unum
1698 1390 1894 1443 gaudere,

116 1457 289 1497 alterum
322 1456 484 1503 dolere,
516 1458 684 1496 tertium
716 1470 793 1496 nee
825 1456 1008 1508 gaudere
1040 1469 1117 1495 nec
1150 1455 1311 1502 dolere,
1342 1454 1411 1494 hic
1442 1454 1625 1507 primum
1656 1459 1696 1493 et
1727 1452 1894 1492 tertium
1909 1466 1945 1495 20

116 1526 235 1574 putat
264 1520 377 1560 idem
410 1533 502 1560 esse
535 1532 610 1558 nec
643 1519 863 1571 distinguit
893 1532 915 1558 a
947 1531 1031 1558 non
1061 1517 1244 1558 dolendo
1267 1517 1536 1571 voluptatem.
1583 1516 1768 1556 Tertium
1802 1527 1896 1568 pec-

117 1589 255 1623 catum
296 1596 519 1622 commune
560 1595 652 1621 cum
696 1581 970 1634 quibusdam,
1010 1580 1121 1634 quod
1164 1594 1257 1619 cum
1291 1580 1419 1619 virtus
1461 1579 1643 1620 maxime
1675 1584 1896 1632 expetatur

118 1645 294 1698 eiusque
326 1643 625 1698 adipiscendae
659 1656 784 1683 causa
815 1643 1080 1697 philosophia
1111 1642 1302 1696 quaesita
1334 1643 1407 1690 sit,
1446 1642 1515 1681 ille
1546 1655 1569 1682 a
1600 1643 1753 1682 virtute
1785 1654 1896 1681 snm-

116 1721 229 1747 mum
262 1708 418 1747 bonum
451 1707 671 1761 separavit.
720 1704 785 1745 [1-8.
810 1711 859 1746 At
881 1706 1021 1746 laudat
1045 1719 1169 1760 saepe
1191 1706 1402 1745 virtutem.
1435 1706 1487 1745 Et
1509 1704 1678 1759 quidem
1704 1705 1746 1745 C.
1770 1704 1896 1744 Grac-

117 1769 239 1817 chus,
287 1783 380 1809 cum
424 1769 667 1821 largitiones
714 1769 916 1808 maximas
954 1769 1123 1809 fecisset
1157 1776 1196 1810 et
1229 1770 1449 1810 effudisset
1488 1770 1713 1818 aerarium,
1757 1768 1945 1810 verhis25

115 1839 255 1873 tamen
278 1832 535 1872 defendebat
556 1832 777 1872 aerarium.
827 1832 939 1880 Quid
962 1832 1085 1872 verba
1107 1833 1293 1879 audiam,
1327 1846 1420 1872 eum
1442 1832 1550 1872 facta
1572 1832 1768 1873 videam?
1800 1832 1894 1872 Piso

114 1895 186 1935 ille
217 1895 342 1948 Frugi
381 1909 545 1949 semper
576 1901 716 1935 contra
758 1894 890 1947 legem
922 1895 1236 1935 frumentariam
1267 1896 1444 1935 dixerat.
1490 1896 1530 1935 Is
1562 1896 1654 1949 lege
1684 1896 1767 1935 lata
1798 1908 1895 1934 con-

116 1958 262 1998 sularis
301 1957 353 1997 ad
392 1958 649 1999 frumentum
691 1958 981 2012 accipiundum
1013 1964 1198 1998 venerat.
1245 1959 1439 1998 Animum
1472 1959 1652 1998 advertit
1682 1957 1894 1998 Gracchus

117 2021 160 2061 in
194 2020 390 2061 contione
422 2022 614 2061 Pisonem
646 2026 848 2069 stantem3
882 2021 1045 2075 quaerit
1074 2021 1272 2061 audiente
1302 2022 1460 2074 populo
1491 2022 1679 2061 Romano
1712 2021 1785 2075 qui
1817 2021 1892 2061 sibi

117 2089 297 2132 constet,
329 2098 421 2124 cum
453 2097 501 2124 ea
523 2084 614 2137 lege
637 2083 890 2123 frumentum
913 2089 1046 2136 petat,
1082 2097 1205 2137 qnam
1230 2084 1487 2124 dissuaserit.
1534 2085 1722 2124 «Nolim»
1757 2084 1945 2137 inquitsso
1986 2083 1991 2090 ’

120 2160 237 2187 «mea
267 2147 399 2194 bona,
432 2145 638 2193 Gracche,
671 2144 745 2186 tibi
779 2146 935 2186 viritim
958 2146 1147 2186 dividere
1179 2147 1324 2194 libeat,
1357 2147 1451 2195 sed,
1485 2147 1518 2187 si
1548 2148 1699 2195 facias,
1730 2152 1894 2200 partem

116 2215 294 2263 petam.»
342 2210 549 2249 Parumne
583 2208 809 2249 declaravit
840 2210 903 2249 vir
934 2210 1069 2262 gravis
1102 2216 1142 2249 et
1174 2210 1341 2263 sapiens
1374 2210 1465 2262 lege
1490 2210 1739 2264 Sempronia
1768 2211 1896 2266 patri-

117 2272 304 2312 monium
336 2272 553 2325 publicum
587 2271 831 2325 dissupari?
872 2272 983 2325 Lege
1016 2272 1225 2312 orationes
1258 2272 1459 2312 Gracchi:
1492 2279 1714 2326 patronum
1745 2274 1895 2315 aerarii

118 2347 209 2374 esse
250 2333 375 2374 dices.
443 2331 508 2373 49.
549 2335 682 2387 Negat
717 2335 923 2387 Epicurus
966 2334 1147 2374 iucunde
1186 2348 1312 2388 posse
1353 2335 1437 2375 vivi
1483 2335 1564 2376 nisi
1610 2350 1702 2376 cum
1743 2338 1896 2377 virtute

118 2396 302 2443 vivatur,
343 2402 471 2449 negat
513 2395 641 2436 ullam
682 2396 724 2435 in
766 2397 999 2449 sapientem
1033 2397 1114 2436 vim
1147 2410 1238 2437 esse
1277 2397 1493 2445 fortunae,
1538 2403 1708 2439 tenuem
1739 2400 1895 2440 victum
1910 2407 1947 2437 35

119 2458 298 2498 antefert
338 2458 529 2512 copioso,
569 2464 695 2511 negat
731 2458 862 2498 ullum
894 2472 985 2498 esse
1018 2463 1182 2513 tempus
1215 2473 1299 2514 quo
1331 2460 1498 2513 sapiens
1529 2473 1614 2500 non
1644 2462 1792 2502 beatus
1824 2462 1897 2502 sit:

123 2520 265 2560 omnia
296 2519 550 2573 philosopho
584 2520 729 2573 digna,
763 2520 836 2560 sed
868 2534 960 2561 cum
991 2521 1207 2575 voluptate
1238 2522 1481 2575 pugnantia.
1524 2523 1616 2562 Non
1647 2524 1767 2564 istam
1800 2524 1900 2564 dicit

119 2583 390 2636 voluptatem.
448 2583 569 2622 Dicat
609 2581 865 2636 quamlibet:
908 2596 1060 2637 nempe
1099 2597 1189 2624 eam
1232 2584 1349 2632 dicit,
1396 2585 1440 2624 in
1473 2597 1557 2638 qua
1587 2585 1752 2626 virtutis
1783 2586 1900 2626 nulla

121 2658 216 2698 pars
245 2644 361 2685 insit.
415 2646 522 2698 Age,
565 2644 600 2684 si
631 2644 892 2698 voluptatem
922 2658 1008 2685 non
1039 2646 1345 2700 intellegimus,
1392 2659 1445 2686 ne
1477 2646 1666 2687 dolorem
1698 2648 1899 2702 quidem?

122 2796 232 2829 tellam
256 2797 441 2829 dulciculae
465 2796 509 2834 C;
543 2797 764 2838 adducamus,
795 2798 994 2838 hedychrum
1021 2800 1247 2839 intendamus,
1285 2799 1454 2831 scutellam
1484 2799 1669 2832 dulciculae
1692 2801 1717 2832 Ο
1742 2801 1902 2841 (Scueella

121 2848 265 2888 propter
293 2847 463 2887 originem
500 2848 557 2885 (ex
581 2847 691 2887 scuto)
724 2855 885 2879 acerram
918 2850 1032 2889 potius
1064 2859 1171 2890 quam
1200 2849 1366 2891 poculum
1391 2850 1588 2890 significare
1612 2850 1764 2891 videtur,
1800 2851 1903 2891 hedy-

121 2895 236 2927 chrum
266 2898 386 2927 autem
418 2896 503 2927 turis
529 2898 664 2936 genus.)
694 2915 727 2919 -
763 2896 1198 2931 dulciculae——vtdeamus
1227 2900 1426 2931 Priscianus
1451 2900 1512 2937 111,
1540 2900 1571 2937 5,
1598 2899 1638 2931 30
1664 2902 1698 2932 et
1721 2901 1803 2932 Lex.
1830 2903 1900 2933 vet.

122 2944 156 2976 in
180 2946 246 2977 Mai
271 2944 380 2977 Class.
399 2946 497 2976 Auct.
515 2944 587 2976 Vm
611 2954 644 2986 p.
666 2946 739 2978 465.
760 2963 794 2968 —
823 2947 853 2977 2.
882 2948 1011 2987 quidem
1035 2951 1064 2980 le
1087 2948 1298 2981 Lambinus:
1326 2952 1355 2980 le
1372 2948 1501 2988 quidem
1519 2949 1600 2988 CO;
1629 2950 1693 2982 «cf.
1713 2950 1757 2982 de
1776 2950 1902 2983 eadem

122 3002 161 3026 re
186 2995 204 3036 S
228 2994 288 3027 47:
314 3003 353 3026 ne
376 2995 540 3034 suspicari
565 2995 693 3034 quidem
717 3004 769 3032 se;
797 2995 840 3027 de
867 2997 937 3028 Fin.
963 2999 1004 3035 ΙΙ,
1031 2998 1062 3030 7.
1089 2998 1141 3030 30.
1169 3000 1207 3030 N.
1235 3000 1276 3030 D.
1303 2999 1327 3037 I,
1356 2999 1452 3030 m.»
1478 2999 1534 3031 W.
1563 3016 1599 3022 -
1634 3000 1665 3032 3.
1692 2999 1774 3041 ulla]
1798 3001 1904 3032 multa

125 3043 149 3074 C
177 3061 212 3067 —
238 3046 365 3083 oportet
387 3052 426 3076 ea
449 3052 578 3076 merore
602 3044 626 3076 C
654 3062 690 3067 —
718 3045 748 3077 4.
776 3053 841 3077 esse
867 3047 906 3077 G¹
932 3064 967 3069 -—
994 3049 1024 3079 5.
1053 3048 1130 3079 dicit
1155 3049 1247 3079 G1—
1276 3048 1448 3080 existimas
1468 3049 1663 3081 Manutius:
1690 3050 1906 3082 existimabas

125 3091 168 3123 C.
193 3092 281 3124 Vide
305 3092 350 3124 ad
374 3092 387 3123 Ι
420 3093 438 3133 ἓ
463 3093 516 3124 35.
547 3109 581 3114 —
614 3093 645 3124 8.
671 3098 806 3132 spernat
839 3096 941 3135 (corr.
970 3105 1012 3128 ex
1045 3099 1213 3137 spernant)
1240 3098 1285 3128 B:
1317 3101 1475 3136 spernant
1508 3099 1604 3137 G2R3
1637 3103 1771 3139 sperant
1802 3101 1839 3131 G¹
1867 3118 1902 3122 —-

124 3139 156 3171 9.
181 3142 260 3181 quid
287 3143 312 3173 B
347 3159 382 3164 -
421 3141 472 3173 44.
506 3150 733 3182 summamque
765 3152 830 3175 esse
862 3145 1063 3185 voluptatem
1099 3155 1220 3187 margo
1254 3147 1376 3179 Lamh.
1412 3166 1447 3171 -
1486 3148 1539 3180 22.
1575 3153 1772 3190 expectatur
1803 3150 1841 3182 G¹
1867 3167 1902 3172 -

123 3189 178 3222 24.
202 3192 321 3224 laudat
343 3195 372 3224 cl
395 3199 489 3231 saepe
513 3192 538 3223 O
562 3210 595 3214 -
621 3193 674 3225 25.
702 3194 890 3233 effundisset
915 3196 979 3227 GR
1003 3212 1037 3218 —-
1065 3196 1118 3227 26.
1145 3197 1181 3228 L.
1200 3197 1272 3228 Piso
1290 3196 1368 3228 cod.
1388 3197 1591 3230 Vaticanus.
1616 3216 1650 3221 -
1679 3198 1731 3230 28.
1758 3200 1906 3230 animum

125 3239 271 3272 aduertit
292 3241 338 3272 B:
371 3242 521 3273 animam
546 3242 691 3274 aduertit
716 3244 799 3281 GR3
832 3244 1073 3277 Animadvertit
1097 3246 1122 3277 Ο
1148 3262 1183 3267 -
1218 3246 1271 3278 30.
1298 3245 1501 3280 disuasserat
1525 3248 1564 3279 G¹
1592 3263 1625 3271 -—
1658 3246 1710 3279 33.
1736 3247 1908 3288 puplicum

125 3287 280 3329 dissipari
303 3291 329 3322 G
354 3307 390 3314 —
419 3290 473 3324 36.
497 3291 590 3324 illum
613 3299 703 3325 corr.
730 3293 766 3325 in
789 3292 893 3326 ullum
918 3295 944 3326 G
970 3311 1006 3316 —
1033 3294 1084 3327 39.
1107 3302 1192 3335 pras
1215 3295 1260 3327 G.
