2249 3624
362 201 415 243 34
889 189 1315 236 ACADEMICORUM
1343 187 1583 230 PRIORUM

364 312 503 362 Quid?
533 325 625 353 cum
655 308 825 362 virginis
854 304 977 346 fidem
1006 304 1221 357 implorat:

474 376 563 416 Fer
598 374 660 413 mi
704 369 966 412 auxilium:
1009 370 1200 420 pestem
1237 363 1380 416 abige
1416 374 1441 401 a
1476 373 1567 407 me,
1612 355 1957 398 flammiferam
1991 355 2115 396 hanc

584 436 698 482 vim,
730 444 851 486 quae
881 443 952 469 me
983 426 1263 469 excruciat!

476 497 714 541 Caerulea
747 493 997 533 incinctae
1034 488 1183 542 angui
1218 486 1486 528 incedunt:
1534 483 1862 524 circumstant
1897 494 2004 522 cum
2040 493 2118 521 ar-

331 569 349 597 5
586 556 815 599 dentibus
847 552 1034 593 taedis:

361 639 461 666 num
490 622 652 664 dubitas
683 618 784 673 quin
815 616 892 656 sibi
922 615 1026 655 haec
1055 613 1199 654 videre.
1227 611 1448 653 videatur?
1493 610 1682 662 Itemque
1713 610 1876 648 cetera:

807 677 1029 719 Intendit
1059 676 1274 716 crinitus
1305 673 1483 727 Apollo

809 741 982 780 Arcum
1014 743 1237 778 auratum
1267 737 1387 776 luna
1419 735 1652 783 innixus;

807 803 968 843 Diana
996 801 1154 842 facem
1185 799 1309 839 iacit
1338 812 1362 838 a
1390 797 1546 838 laeva.

312 879 348 909 4ο
361 871 426 912 90.
460 871 541 920 Qui
570 869 702 923 magis
727 868 831 908 haec
853 865 1052 911 crederet,
1084 864 1118 903 si
1140 866 1298 909 essent,
1330 873 1454 914 quam
1477 859 1692 907 credebat,
1726 859 1825 913 quia
1843 856 2120 898 videbantur?

359 936 543 988 Apparet
572 933 683 973 enim
713 931 797 971 iam
831 940 926 967 «cor
956 940 1049 966 cum
1070 925 1203 966 oculis
1227 923 1504 964 consentire».
1555 921 1706 961 Omnia
1725 926 1862 961 autem
1892 919 1997 959 haec
2026 930 2122 971 pro-

358 997 571 1043 feruntur,
600 999 648 1035 ut
676 993 781 1034 illud
813 990 1037 1036 efficiatur,
1069 1001 1152 1042 quo
1185 988 1338 1026 certius
1360 984 1465 1025 nihil
1491 988 1760 1037 potestesse,
1791 984 1899 1023 inter
1917 982 2005 1022 visa
2023 992 2123 1021 vera

361 1063 402 1098 et
430 1058 535 1098 falsa
564 1057 615 1097 ad
646 1054 774 1096 animi
805 1053 1029 1092 adsensum
1058 1050 1165 1090 nihil
1195 1050 1412 1089 interesse.
1459 1048 1544 1086 Vos
1568 1051 1707 1086 autem
1730 1045 1836 1085 nihil
1856 1045 1996 1098 agitis,
2027 1056 2121 1084 cum

359 1121 432 1161 illa
461 1119 567 1160 falsa
597 1118 663 1159 vel
692 1117 946 1157 furiosorum
968 1113 1034 1153 vel
1066 1112 1363 1152 somniantium
1393 1108 1684 1149 recordatione
1713 1108 1899 1161 ipsorum
1919 1104 2121 1146 refellitis.

311 1190 346 1218 ⁴5
359 1184 453 1223 Non
484 1182 593 1222 enim
624 1179 666 1220 id
698 1178 933 1232 quaeritur,
966 1175 1100 1229 qualis
1131 1173 1367 1214 recordatio
1399 1170 1488 1211 fieri
1519 1171 1652 1210 soleat
1682 1183 1846 1218 eorum,
1878 1168 1950 1223 qui
1976 1180 2124 1221 exper-

360 1244 463 1285 recti
494 1244 597 1291 sint,
628 1246 699 1283 aut
729 1253 893 1287 eorum,
925 1238 998 1292 qui
1028 1237 1167 1277 furere
1199 1236 1456 1281 destiterint,
1493 1233 1567 1273 sed
1599 1233 1734 1285 qualis
1764 1233 1869 1273 visio
1899 1231 2026 1272 fuerit
2055 1234 2125 1270 aut

360 1306 589 1347 furentium
621 1310 691 1345 aut
721 1302 1018 1344 somniantium
1049 1305 1155 1347 tum,
1188 1313 1281 1338 cum
1312 1297 1596 1338 movebantur.
1643 1295 1723 1335 Sed
1750 1295 1855 1335 abeo
1877 1308 1901 1335 a
1922 1293 2124 1335 sensibus.

472 1365 539 1408 94.
572 1367 683 1417 Quid
715 1370 778 1406 est
800 1363 912 1418 quod
942 1363 1104 1402 ratione
1126 1361 1284 1415 percipi
1306 1361 1469 1415 possit?
1512 1359 1780 1399 Dialecticam
1799 1359 2009 1399 inventam
2033 1368 2125 1396 esse

363 1432 513 1480 dicitis,
543 1431 631 1472 veri
661 1433 702 1469 et
730 1427 827 1468 falsi
853 1426 978 1480 quasi
1009 1424 1341 1476 disceptatricem
1373 1427 1414 1462 et
1442 1422 1635 1461 iudicem.
1684 1421 1812 1460 Cuius
1833 1420 1921 1460 veri
1943 1424 1983 1459 et
2001 1417 2125 1459 falsi?

310 1501 348 1531 20
363 1500 402 1536 et
432 1495 476 1534 in
506 1507 587 1548 qua
616 1494 691 1531 re?
737 1491 785 1529 In
816 1487 1098 1542 geometriane
1121 1486 1220 1539 quid
1250 1485 1304 1525 sit
1324 1498 1467 1525 verum
1489 1489 1558 1524 aut
1578 1483 1728 1523 falsum
1752 1482 1995 1523 dialecticus
2016 1479 2126 1520 iudi-

364 1557 474 1597 cabit
502 1569 555 1596 an
585 1555 628 1594 in
658 1551 808 1593 litteris
830 1564 882 1590 an
904 1551 947 1590 in
968 1549 1167 1589 musicis?
1198 1549 1251 1587 At
1273 1561 1319 1588 ea
1340 1561 1425 1587 non
1447 1547 1575 1586 novit.
1613 1547 1659 1585 In
1680 1545 1952 1600 philosophia
1971 1543 2125 1597 igitur?

365 1619 437 1659 Sol
464 1623 643 1672 quantus
666 1615 731 1663 sit,
763 1613 865 1667 quid
896 1613 948 1652 ad
978 1612 1126 1651 illum?
1173 1611 1296 1658 Quod
1328 1610 1378 1650 sit
1403 1623 1609 1649 summum
1631 1609 1788 1648 bonum
1811 1607 1911 1662 quid
1931 1607 2057 1647 habet
2080 1609 2127 1644 ut

365 1686 492 1735 queat
513 1679 726 1719 iudicare?
761 1675 872 1723 Quid
891 1675 1016 1727 igitur
1035 1673 1261 1713 iudicabit?
1285 1685 1393 1725 quae
1412 1671 1662 1719 coniunctio,
1682 1684 1790 1725 quae
1807 1669 2012 1710 diiunctio
2029 1680 2128 1708 vera

364 1745 438 1791 sit,
470 1741 571 1796 quid
593 1740 786 1792 ambigue
809 1737 965 1777 dictum
987 1737 1059 1784 sit,
1083 1736 1181 1789 quid
1204 1739 1403 1788 sequatur
1425 1747 1634 1788 quamque
1654 1746 1755 1781 rem,
1786 1733 1888 1787 quid
1908 1735 2127 1786 repugnet.

315 1814 351 1845 25
366 1805 409 1844 Si
430 1805 532 1844 haec
554 1807 595 1843 et
623 1802 771 1842 horum
802 1799 954 1839 similia
984 1798 1156 1846 iudicat,
1188 1799 1238 1838 de
1271 1811 1314 1837 se
1344 1798 1435 1850 ipsa
1465 1797 1634 1836 iudicat.
1675 1796 1772 1836 Plus
1794 1800 1934 1836 autem
1955 1794 2128 1849 pollice-

364 1868 498 1908 batur.
541 1867 644 1906 Nam
673 1864 776 1904 haec
806 1863 976 1916 quidem
1007 1861 1193 1901 iudicare
1225 1860 1276 1900 ad
1301 1866 1461 1900 ceteras
1492 1872 1571 1905 reS,
1605 1871 1712 1912 quae
1743 1863 1841 1898 sunt
1870 1858 1912 1897 in
1942 1857 2129 1911 philoso-

364 1929 465 1984 phia
495 1928 650 1969 multae
682 1931 807 1979 atque
838 1937 1036 1977 magnae,
1067 1937 1154 1963 non
1186 1928 1249 1963 est
1279 1923 1392 1962 satis.
1450 1919 1515 1961 92.
1549 1921 1631 1960 Sed
1663 1921 1862 1974 quoniam
1893 1924 2055 1960 tantum
2086 1920 2129 1958 in

366 2006 415 2032 ea
437 1996 522 2032 arte
552 1989 726 2044 ponitis,
757 1987 895 2028 videte
926 2000 978 2026 ne
1010 1992 1154 2026 contra
1174 1999 1249 2026 vos
1280 1990 1365 2025 tota
1395 1989 1491 2025 nata
1513 1984 1587 2024 sit:
1620 1997 1727 2037 quae
1750 1985 1885 2037 primo
1906 1996 2128 2038 progressu

364 2054 511 2095 festive
551 2051 676 2092 tradit
716 2050 923 2091 clementa
961 2049 1162 2102 loquendi
1205 2054 1246 2088 et
1276 2047 1566 2100 ambiguorum
1598 2046 1928 2099 intellegentiam
1960 2045 2130 2086 conclu-

314 2126 350 2155 30
366 2117 581 2169 dendique
610 2115 835 2160 rationem,
875 2117 961 2151 tum
992 2112 1138 2164 paucis
1169 2111 1322 2151 additis
1354 2110 1467 2150 venit
1496 2109 1546 2148 ad
1580 2110 1751 2157 soritas,
1793 2109 1999 2149 lubricum
2031 2121 2129 2148 sane

366 2184 406 2219 et
436 2177 718 2232 periculosum
749 2175 907 2221 locum,
939 2174 1054 2227 quod
1085 2179 1129 2213 tu
1162 2173 1287 2213 modo
1320 2172 1488 2212 dicebas
1511 2185 1601 2211 esse
1623 2172 1818 2212 vitiosum
1844 2169 2131 2225 interrogandi

365 2254 510 2294 genus.
568 2239 724 2278 XXIX.
757 2237 870 2285 Quid
911 2239 1039 2289 ergo?
1085 2236 1206 2275 istius
1247 2236 1337 2275 vitii
1374 2248 1473 2274 num
1506 2239 1649 2274 nostra
1680 2234 1801 2288 culpa
1832 2236 1926 2274 est?
1976 2235 2131 2273 Rerum

364 2308 512 2343 natura
552 2300 710 2340 nullam
751 2299 874 2338 nobis
915 2298 1030 2337 dedit
1071 2298 1355 2350 cognitionem
1395 2297 1563 2343 finium,
1603 2301 1650 2336 ut
1679 2296 1768 2336 ulla
1797 2296 1841 2335 in
1869 2310 1914 2336 re
1947 2300 2130 2337 statuere

364 2365 597 2419 possimus,
639 2366 867 2416 quatenus3
903 2373 982 2400 nec
1012 2359 1091 2399 hoc
1122 2360 1166 2399 in
1197 2373 1346 2400 acervo
1378 2359 1505 2399 tritici
1536 2359 1687 2406 solum,
1723 2358 1836 2398 unde
1867 2370 2024 2398 nomen
2055 2359 2131 2403 est,

316 2437 350 2466 35
366 2427 439 2468 sed
469 2426 587 2466 nulla
617 2425 786 2465 oms-{no
817 2424 859 2462 in
890 2436 934 2462 re
965 2423 1198 2462 minutatim
1229 2422 1472 2475 interrogati
1507 2422 1647 2461 «dives
1678 2434 1861 2474 pauper,
1893 2420 2029 2461 clarus
2061 2418 2133 2459 ob-

366 2503 510 2530 scurus
532 2489 596 2536 sit,
629 2491 759 2526 multa
779 2498 927 2539 pauca,
953 2498 1103 2538 magna
1125 2497 1271 2537 parva,
1303 2484 1428 2537 longa
1449 2483 1604 2531 brevia,
1634 2483 1717 2523 lata
1737 2487 1951 2536 angustast)
1976 2484 2133 2535 quanto

366 2557 437 2593 aut
466 2550 608 2591 addito
640 2553 713 2589 aut
742 2549 911 2601 dempto
944 2553 1103 2587 certum
1132 2546 1464 2599 respondeamus
1496 2542 1612 2600 [non]
1652 2545 1869 2586 habemus.
1899 2565 1954 2574 —
1983 2540 2052 2582 93.
2082 2543 2136 2582 At

366 2614 508 2655 vitiosi
539 2617 634 2653 sunt
666 2612 830 2652 soritae.
864 2633 914 2639 —
945 2609 1141 2662 Frangite
1174 2609 1301 2662 igitur
1330 2622 1421 2656 eos,
1459 2608 1494 2647 si
1523 2608 1719 2660 potestis,
1750 2620 1803 2647 ne
1833 2606 1998 2647 molesti
2029 2606 2134 2654 sint3

455 2750 487 2781 2.
513 2748 592 2780 mihi
615 2748 659 2787 E,
684 2748 780 2778 modo
805 2748 830 2778 G
854 2764 897 2769 —
920 2745 951 2777 4.
978 2745 1132 2776 caerulea
1154 2745 1194 2783 V,
1220 2745 1258 2775 ut
1280 2743 1439 2792 videtur·y
1466 2743 1500 2773 et
1524 2744 1700 2773 Goerenz:
1725 2742 1898 2773 caeruleae
1920 2742 2032 2780 ΑΒΓ,
2057 2750 2136 2773 cae-

368 2800 459 2831 ruleo
485 2797 654 2829 Columna
679 2797 722 2828 ad
748 2797 869 2837 fragm.
890 2796 987 2827 Ennii
1012 2804 1046 2836 p.
1065 2794 1139 2828 3284.
1159 2812 1201 2816 -—
1225 2794 1327 2834 anyui
1345 2792 1532 2824 Columna:
1560 2793 1628 2832 igni
1645 2792 1669 2823 C
1689 2809 1725 2814 -
1752 2793 1783 2823 ὅ.
1809 2792 1930 2823 tedisA
1948 2808 1984 2813 —
2011 2791 2042 2823 9.
2060 2791 2136 2823 lena

369 2851 396 2882 Α
424 2867 458 2872 -
486 2849 537 2880 40.
563 2847 734 2879 credebant
766 2849 792 2878 Α
823 2864 859 2869 -
897 2847 950 2878 44.
976 2854 1108 2877 cereum
1130 2842 1172 2876 Ψ
1196 2862 1231 2867 —-
1271 2845 1322 2876 46.
1349 2847 1423 2875 sunt
1453 2845 1477 2875 Α
1494 2844 1539 2881 B}
1578 2842 1922 2874 sunt--destiterunt
1944 2840 2068 2873 Lamb.
2095 2857 2131 2863 -

370 2912 422 2943 47.
449 2914 517 2942 tum
540 2919 614 2941 cum
636 2909 850 2941 movebantur
870 2909 1010 2949 scripsi:
1038 2911 1106 2939 tum
1121 2906 1410 2939 commonebantur
1427 2906 1471 2943 (ἐς
1498 2909 1566 2937 tum
1582 2914 1656 2936 cum
1671 2913 1829 2936 commov.
1849 2903 1929 2936 edd.
1950 2921 1986 2927 -
2013 2904 2065 2936 48.
2086 2888 2134 2935 ἶῖ

370 2961 423 2992 scd
447 2961 552 2991 dicitis
576 2956 613 2990 Β1
640 2978 674 2982 -
708 2960 760 2990 19.
788 2958 881 2996 quasi
905 2959 982 2989 dise.
1002 2958 1135 2989 --vert
1157 2961 1187 2989 et
1208 2957 1284 2996 falsi
1307 2957 1334 2987 Υ
1361 2956 1393 2987 in
1426 2964 1535 2995 marg.
1563 2954 1723 2996 suppleta
1747 2953 1855 2985 habet
1882 2972 1917 2976 —
1944 2953 2039 2993 quasi
2062 2961 2133 2984 om.

370 3011 396 3042 E
423 3028 457 3033 -
485 3011 604 3050 decept.
632 3009 670 3041 Α1
698 3027 733 3031 -
766 3009 819 3040 20.
845 3012 873 3040 ec
897 3008 941 3049 in]
966 3009 1000 3039 in
1023 3009 1052 3039 V
1078 3025 1113 3030 —
1145 3007 1341 3048 geometrtnc
1364 3005 1402 3038 V¹
1432 3023 1466 3029 —
1501 3006 1704 3037 dialectiscus
1725 3005 1766 3044 V,
1792 3004 1938 3036 leeliscus
1959 3002 2016 3043 13¹,
2048 3002 2137 3035 lectis

370 3070 430 3091 cur
453 3062 480 3092 A
500 3078 535 3082 --
562 3061 615 3091 Ἡ.
642 3060 686 3090 ad
709 3067 747 3089 ca
764 3059 801 3089 131
830 3077 863 3081 -
890 3059 942 3089 Ἡ.
970 3058 1055 3097 quod
1077 3058 1105 3088 si
1120 3059 1160 3089 Al
1177 3059 1212 3089 Β1
1227 3058 1255 3088 V
1275 3073 1309 3080 -
1336 3056 1389 3088 23.
1409 3065 1494 3095 quae
1517 3056 1673 3087 diiunctio
1696 3057 1754 3087 A·-¹:
1782 3063 1866 3095 quae
1889 3053 2061 3086 disiunctio
2085 3054 2137 3092 (ae

373 3112 407 3141 et
422 3111 449 3141 is
467 3119 508 3141 ex
526 3111 631 3148 corr.)
650 3110 687 3147 B,
714 3117 797 3147 quac
820 3108 1042 3139 decontzmctio
1065 3107 1125 3146 A¹‚
1151 3116 1217 3146 qua
1239 3107 1273 3137 id
1295 3115 1311 3138 e
1334 3106 1518 3137 contumelio
1534 3106 1559 3136 V
1580 3123 1614 3128 —
1641 3104 1695 3137 ⁶24.
1712 3105 1753 3136 sit
1776 3113 1853 3145 sup.
1871 3102 1930 3136 lin.
1947 3104 1976 3135 A
1995 3121 2031 3126 —
2058 3101 2137 3142 quid

371 3163 531 3199 repugnet
555 3158 635 3189 edd.
663 3167 743 3189 cum
768 3159 864 3197 signo
889 3157 1125 3198 interrogandi
1151 3175 1185 3179 —
1214 3158 1266 3189 ⁶28.
1289 3164 1466 3196 progressa
1488 3154 1526 3186 B¹
1545 3172 1579 3176 —
1607 3155 1659 3186 30.
1686 3155 1764 3186 dum
1786 3151 1826 3185 B¹
1848 3171 1884 3177 —
1907 3155 2015 3184 sortas
2036 3150 2079 3183 V¹
2097 3167 2133 3172 —

372 3207 424 3239 34.
451 3207 569 3239 acerbo
593 3209 630 3238 Α1
646 3208 673 3238 V
699 3225 734 3228 —
762 3208 814 3238 35.
841 3209 894 3238 scd
916 3208 985 3239 ulla
1008 3207 1200 3242 Manutiu53
1227 3208 1261 3237 at
1285 3207 1398 3246 potius
1422 3214 1487 3236 non
1507 3214 1541 3236 v.
1560 3204 1612 3242 33,
1638 3206 1676 3235 ut
1700 3204 1816 3236 Christ
1838 3202 1984 3241 monuit,
2011 3199 2136 3233 delen-

374 3256 459 3288 dum
484 3258 548 3288 est.
578 3275 611 3278 —
639 3257 810 3298 interroga
834 3257 913 3289 add.
940 3258 963 3288 [ἱ
987 3266 1063 3298 sup.
1089 3255 1147 3288 lin.
1165 3258 1209 3295 A,
1235 3255 1454 3296 interroganti
1478 3256 1501 3285 G
1529 3271 1563 3276 —
1591 3254 1644 3285 37.
1670 3254 1714 3286 ad
1737 3251 1830 3286 13¹-
1855 3251 1909 3285 38.
1925 3251 2071 3293 manyite
2093 3250 2133 3290 A,

371 3307 497 3348 fanyile
519 3307 555 3338 B.
