2249 3624
633 129 721 169 Lm.
752 128 801 168 11.
842 127 940 167 cst.
972 123 1156 164 lx—x.
1196 121 1255 175 §3
1287 118 1481 161 25—30.
1865 111 1943 156 405

184 246 389 287 finiendis.
440 245 502 284 Au
533 248 671 296 potest
702 240 907 293 cupiditas
940 238 1080 278 tiniri‘?
1113 235 1316 276 Tollenda
1348 239 1411 274 est
1441 238 1567 286 atque
1594 230 1848 271 extrahenda
1881 244 1944 269 ra—

184 310 349 349 dicitus.
401 308 502 355 Quis
542 312 603 345 est
640 304 773 350 euim,
819 303 859 342 iu
902 315 985 355 quo
1026 301 1080 340 sit
1111 298 1337 352 cupiditas,
1381 298 1480 350 quin
1512 301 1621 335 recte
1654 293 1831 346 cupidus
1862 292 1944 330 dici

184 372 346 425 possit?
395 371 502 419 Ergo
535 373 575 407 et
606 380 752 406 avarus
785 365 884 410 erit,
929 363 1000 402 sed
1033 363 1168 407 tinitc,
1201 368 1239 401 et
1271 360 1453 406 adulter,
1486 372 1628 398 verum
1659 356 1828 396 habehit
1860 368 1946 393 mo-

185 436 302 477 dum,
335 440 371 472 et
405 431 645 470 luxuriosus
678 426 987 466 eodemmodo.
1040 425 1186 472 Qualis
1219 425 1294 463 ista
1326 422 1592 476 philosophia
1616 426 1698 466 est,
1732 432 1839 471 quae
1864 429 1944 455 non

184 497 394 536 interitum
441 494 580 531 atl‘erat
627 490 860 543 praxitatis,
915 488 986 526 sed
1045 488 1094 526 sit
1143 493 1337 526 contenta
1387 484 1673 524 mediocritate
1720 480 1979 521 vitiorum‘l5

185 562 447 609 Quamquam
479 555 519 592 in
552 553 625 591 hae
658 551 862 590 dixisione
897 564 979 589 rem
1013 552 1143 602 ipsam
1177 563 1348 601 prorsus
1382 548 1527 600 probe,
1560 545 1808 597 elegantiam
1839 542 1948 581 desi-

185 620 299 659 dero.
349 616 543 669 Appellet
573 615 675 653 haec-
709 613 915 651 desideria
950 619 1141 650 naturae:
1175 611 1416 664 cupiditatis
1450 624 1599 649 nomen
1622 613 1757 647 servet
1777 606 1872 651 atio,
1906 608 1949 643 ut

185 695 292 725 eam,
339 692 431 717 rum
471 676 521 715 de
555 673 751 720 avaritia,
801 688 893 713 cuin
935 674 984 712 de
1027 674 1369 724 intemperantia,
1409 687 1500 711 eum
1534 673 1584 711 de
1617 670 1807 709 maximis
1840 667 1948 706 vitiis

184 745 400 796 loquetur,
440 746 651 791 tamquam
696 736 843 789 rapitis
884 741 1062 774 accuset.
1124 735 1188 773 28.
1231 736 1311 773 Sed
1351 735 1451 773 haee
1492 734 1661 786 quidem
1695 730 1867 770 liberius
1899 729 1948 768 ab

185 820 232 845 eo
275 804 469 843 dicuutur
509 807 548 839 et
589 799 768 850 saepius.
829 797 949 845 Quod
991 796 1186 849 equidem
1225 810 1309 835 non
1343 796 1573 849 reprendo;
1614 801 1677 834 est
1707 794 1814 832 euim
1848 790 1948 831 tanti
1966 796 1998 824 10

185 865 422 920 philosophi
464 871 629 915 tamque
671 861 823 900 nobilis
866 860 1064 898 audacter
1103 872 1176 898 sua
1213 859 1378 897 decreta
1411 858 1657 897 defendere:
1706 856 1777 896 sed
1813 860 1948 894 tamen

184 944 236 970 ex
268 942 338 973 ee,
372 925 482 979 quod
516 938 605 963 eam
639 923 914 975 voluptatem,
947 936 1071 974 quam
1097 934 1240 960 omnes
1264 927 1407 972 gentes
1429 921 1508 960 hoe
1533 920 1701 959 nomine
1723 916 1948 971 appellant,

184 991 345 1031 videtur
384 986 614 1039 amplexari
649 999 771 1038 saepe
803 985 1115 1030 xehementius,
1155 984 1194 1022 in
1229 984 1389 1035 maguis
1422 983 1627 1022 interdum
1662 987 1848 1021 versatur
1879 992 1950 1017 an-

184 1053 348 1105 gustiis,
380 1057 423 1089 ut
456 1049 666 1088 hominum
700 1047 957 1086 couscientia
989 1053 1148 1085 remota
1180 1046 1283 1084 nihil
1316 1052 1397 1084 tam
1432 1053 1550 1097 turpe
1583 1045 1657 1091 sit,
1690 1043 1799 1096 quod
1834 1041 1950 1080 volu-

184 1116 306 1168 ptatis
345 1126 464 1152 (amsa
506 1124 590 1150 uon
622 1110 808 1149 videatur
846 1122 937 1148 esse
978 1108 1174 1147 facturus.
1236 1108 1420 1155 Deinde,
1467 1108 1535 1146 uhi
1579 1107 1766 1152 eruhuit,
1799 1127 1852 1133 —
1889 1104 2001 1142 visst·

184 1179 293 1218 enim
327 1182 386 1216 est
420 1186 644 1228 permagna
675 1178 866 1218 naturae,
898 1193 951 1200 —
983 1171 1169 1222 confugit
1200 1171 1324 1217 illuc,
1365 1176 1407 1210 ut
1446 1175 1570 1222 neget
1601 1169 1801 1208 accedere
1833 1167 1949 1220 quic-

185 1254 307 1294 quam
350 1252 469 1290 posse
510 1236 559 1275 ad
602 1234 858 1286 voluptatem
896 1234 998 1273 nihil
1043 1233 1236 1272 dolentis.
1296 1234 1347 1272 At
1388 1234 1466 1272 iste
1499 1246 1582 1272 nou
1616 1232 1784 1271 dolendi
1818 1235 1949 1269 status

184 1317 267 1342 non
300 1307 470 1339 vocatur
494 1298 696 1350 voluptas.
751 1298 866 1335 «Non
891 1297 1079 1341 laboro‚»
1117 1296 1272 1349 inquit,
1308 1296 1384 1335 «de
1407 1296 1618 1334 nomine».
1672 1293 1804 1341 Quid,
1837 1290 1948 1344 quod

183 1378 248 1403 res
279 1363 359 1402 alia
392 1367 475 1401 tota
508 1362 599 1399 est?
648 1359 897 1410 «Reperiam
941 1358 1091 1397 multos
1124 1358 1188 1397 vel
1228 1358 1549 1398 innumerabilis
1581 1358 1720 1410 potius
1752 1368 1835 1395 non
1869 1360 1949 1393 tani

183 1426 369 1466 curiosos
411 1436 486 1462 uec
531 1428 610 1462 tam
651 1422 867 1468 molestos,
913 1434 1035 1474 quarn
1079 1434 1153 1459 vos
1195 1421 1315 1469 estis,
1358 1421 1529 1474 quibus,
1576 1418 1779 1473 quicquid
1812 1417 2000 1463 velinnw

181 1487 301 1527 facile
336 1484 647 1539 persuadeam.»
703 1484 814 1532 Quid
847 1498 945 1536 ergo
979 1482 1217 1523 dubitamus
1250 1484 1373 1536 quin,
1406 1484 1441 1522 si
1473 1496 1557 1522 uon
1589 1482 1733 1521 dolere
1760 1481 1951 1533 voluptas

182 1553 233 1590 sit
265 1562 444 1593 summa,
477 1561 559 1586 non
595 1560 684 1586 esse
718 1547 757 1584 in
791 1546 1003 1598 voluptate
1035 1547 1155 1586 dolor
1187 1548 1240 1587 sit
1262 1547 1501 1586 maximus?
1534 1560 1607 1585 cur
1635 1559 1717 1585 non
1741 1544 1780 1585 id
1803 1545 1859 1584 ita
1881 1541 1951 1582 tit?

185 1612 321 1659 «Quia
354 1610 488 1649 dolori
521 1622 603 1648 non
636 1608 825 1660 voluptas
858 1609 1064 1649 contraria
1095 1615 1178 1655 est,
1211 1609 1283 1649 sed
1316 1609 1470 1649 doloris
1505 1609 1721 1661 privatio.»

294 1673 343 1711 X.
379 1671 440 1710 29.
482 1672 569 1710 lloe
609 1684 704 1710 vero
748 1685 829 1709 non
874 1671 1032 1718 videre,
1075 1674 1255 1711 maximo
1289 1677 1534 1722 argumento
1569 1685 1659 1710 esse
1693 1670 1950 1722 voluptatem

181 1737 313 1782 illam,
346 1750 428 1788 qua
459 1734 618 1772 sublata
653 1739 773 1785 neget
806 1747 848 1771 se
883 1734 1125 1785 intellegere
1159 1735 1343 1781 omnino.
1378 1734 1478 1786 quid
1502 1733 1555 1772 sit
1576 1734 1752 1779 bonum,
1785 1754 1837 1759 --
1860 1745 1948 1770 eam
1967 1737 2000 1764 -35

180 1805 317 1838 autem
358 1798 411 1836 ita
452 1797 739 1848 persequitur,
779 1810 885 1848 quae
928 1796 1063 1848 palato
1105 1798 1381 1849 percipiatur,
1426 1809 1533 1848 quae
1580 1796 1772 1834 auribus:
1814 1800 1950 1834 cetera

181 1861 312 1906 addit,
358 1874 464 1912 quae
505 1859 538 1897 si
583 1858 788 1910 appelles,
840 1859 973 1897 honos
1018 1859 1270 1910 praefandus
1312 1859 1365 1897 sit
1406 1872 1485 1896 —2
1527 1858 1607 1896 hoc
1650 1858 1794 1909 igitur,
1837 1857 1949 1910 quod

181 1922 313 1962 solum
354 1921 508 1960 honum
548 1934 717 1959 severus
757 1927 795 1959 ct
835 1921 970 1972 gravis
1009 1921 1286 1974 philosophus
1317 1920 1453 1968 novit,
1496 1919 1604 1960 idem
1638 1934 1721 1959 non
1754 1919 1868 1960 videt
1900 1932 1950 1957 ne

183 1984 462 2037 expetendum
503 1982 673 2035 quidem
716 1996 827 2029 esse,
874 1983 986 2035 quod
1027 1997 1115 2022 eam
1158 1984 1414 2037 voluptatem
1460 1983 1540 2022 hoc
1589 1983 1734 2022 eodem
1781 1986 1950 2022 auctore

183 2060 265 2085 nou
306 2045 612 2091 desideremus,
666 2059 758 2084 cum
800 2045 945 2084 dolore
985 2059 1213 2085 careamus.
1277 2046 1410 2094 Quam
1447 2045 1550 2084 haec
1587 2050 1685 2084 sunt
1721 2043 2000 2085 conti-artata«)

181 2108 247 2147 3⁴).
282 2108 357 2147 Hic
391 2108 423 2146 si
457 2107 650 2153 definire,
690 2109 723 2146 si
756 2107 943 2146 dividere
976 2107 1210 2155 didicisset,
1253 2109 1287 2147 si
1320 2107 1522 2161 loquendi
1555 2108 1660 2154 vim,
1701 2108 1734 2147 si
1768 2108 1949 2159 denique

182 2169 523 2209 cousuetudinem
563 2170 782 2208 verborum
822 2175 1002 2216 teneret,
1044 2184 1269 2223 numquam
1308 2171 1348 2209 in
1390 2175 1524 2210 tantas
1565 2170 1750 2209 salebras
1781 2169 1950 2208 incidis—

182 2239 257 2272 set.
307 2234 421 2271 Nunc
461 2231 596 2278 vides,
638 2232 737 2284 quid
775 2231 908 2271 saciat.
961 2232 1093 2280 Quam
1135 2247 1256 2273 nemo
1288 2246 1485 2286 uniquam
1518 2232 1775 2284 voluptatem
1807 2231 1950 2285 appel—

182 2294 297 2341 lavit,
335 2294 534 2346 appellat,
575 2307 682 2346 quae
714 2294 796 2333 duo
830 2300 947 2341 sunt,
988 2308 1115 2334 mium
1148 2295 1260 2335 facit.
1320 2296 1438 2334 Ilaue
1469 2295 1512 2333 iu
1544 2300 1658 2334 motu
1690 2294 1950 2346 voluptatem

181 2380 234 2385 ——
270 2357 328 2396 sic
367 2357 474 2395 enini
511 2356 584 2395 has
625 2370 772 2395 suaves
810 2363 851 2397 et
888 2357 1008 2410 quasi
1051 2358 1195 2397 dulces
1234 2358 1471 2410 voluptates
1507 2357 1692 2409 appellat
1727 2378 1781 2385 —
1824 2357 2000 2395 inter-32³»

182 2418 276 2457 dum
310 2419 365 2457 ita
395 2423 609 2465 extenuat,
648 2425 691 2458 ut
722 2420 789 2458 Μ’.
823 2420 993 2459 Curium
1025 2426 1144 2472 putes
1176 2420 1312 2474 loqui,
1351 2421 1559 2459 interdum
1592 2420 1648 2458 ita
1678 2418 1842 2465 laudat,
1884 2424 1948 2465 ut,

181 2481 281 2534 quid
312 2486 528 2533 praeterea
559 2482 609 2520 sit
644 2481 821 2528 bouum,
855 2488 979 2534 neget
1014 2496 1057 2521 se
1098 2496 1221 2535 posse
1260 2497 1310 2522 ne
1348 2483 1551 2535 suspicari
1590 2481 1775 2534 quidem.
1834 2482 1949 2529 Quae

182 2543 261 2581 iam
294 2542 423 2581 oratio
455 2556 540 2582 nou
571 2556 594 2582 a
627 2543 876 2597 philosopho
909 2545 1069 2598 aliquo,
1101 2546 1174 2584 sed
1196 2560 1219 2584 a
1241 2558 1414 2584 censore
1438 2545 1713 2597 opprimenda
1740 2548 1816 2583 est.
1859 2545 1949 2582 Non

268 2746 298 2775 Ξ.
326 2746 401 2784 quin
427 2748 470 2776 A:
497 2746 553 2784 qui
577 2756 638 2777 non
668 2748 689 2776 Η
719 2766 752 2769 -
780 2748 810 2778 3.
838 2749 968 2781 adulter
993 2760 1105 2781 rerum
1124 2752 1147 2781 0
1174 2768 1205 2772 —
1235 2753 1264 2781 (j.
1293 2760 1362 2781 rem
1386 2750 1502 2790 ipsam]
1527 2749 1699 2780 remissam
1717 2751 1759 2787 }3;
1786 2750 1951 2780 remissio-

183 2804 251 2825 nem
279 2798 299 2825 A
331 2812 362 2815 —
386 2796 490 2834 probo
513 2796 556 2826 B:
580 2796 721 2834 probam
744 2800 803 2833 ΑΗ
830 2800 968 2838 reprobo
995 2800 1032 2831 ,Ψ
1051 2818 1084 2821 —
1113 2801 1144 2831 7.
1172 2801 1316 2840 appellat
1340 2801 1363 2830 Β
1387 2818 1419 2821 -—
1447 2801 1477 2830 t).
1499 2799 1638 2840 quidem]
1658 2810 1743 2839 qaae
1761 2802 1835 2841 (per
1853 2810 1951 2831 com-

183 2844 359 2884 pendium}
386 2848 411 2876 A
438 2863 470 2868 --
502 2847 551 2876 tl.
577 2847 719 2887 iainque]
745 2849 892 2886 [utilique
919 2850 939 2879 h
971 2868 1002 2871 —
1031 2851 1204 2880 audacilcr
1231 2851 1252 2880 15
1283 2867 1314 2871 -ᾉ
1346 2851 1396 2880 42.
1423 2850 1481 2879 laeoc
1506 2859 1574 2880 om.
1598 2850 1673 2879 15-
1704 2851 1754 2880 13.
1782 2851 1949 2880 vehemen-

182 2895 245 2924 lius
267 2903 338 2932 sepe
363 2894 383 2923 u
412 2912 445 2916 —
474 2894 523 2926 tt.
551 2897 649 2935 quod]
672 2898 749 2935 quid
775 2898 796 2927 1³
826 2917 859 2920 ή-
892 2900 938 2929 15.
965 2900 1118 2930 videatur
1141 2909 1244 2930 <ausa
1270 2904 1349 2932 tom.
1369 2900 1443 2936 non)
1464 2900 1485 2929 13
1508 2916 1539 2919 ——
1570 2900 1702 2939 Deinde]
1729 2900 1841 2930 deinde
1866 2901 1951 2931 enim

184 2945 205 2974 Β
227 2961 260 2964 -
290 2945 340 2974 46.
366 2945 449 2975 enim
473 2948 515 2975 esl
533 2947 575 2976 A:
602 2950 645 2977 est
665 2949 744 2983 (om.
764 2948 859 2987 cuim)
887 2949 968 2985 1515,
997 2949 1088 2979 unde
1114 2953 1157 2980 esl
1181 2950 1265 2980 cuim
1284 2950 1314 2980 M
1336 2967 1369 2970 -
1404 2949 1449 2979 Π.
1477 2949 1567 2989 nillil]
1593 2950 1678 2979 nielli
1704 2954 1785 2988 (non
1811 2950 1899 2989 milii)
1926 2950 1950 2980 E

186 3012 218 3014 —
248 2994 298 3024 2¹2.
327 2995 481 3025 'namuci-x·
504 2994 542 3026 Αἱ
570 3012 603 3017 -
637 3007 699 3027 non
735 2998 767 3027 id
797 3000 842 3029 A:
871 3000 902 3029 id
927 3010 989 3029 non
1016 3000 1124 3030 BMO
1153 3015 1186 3020 —
1216 2999 1266 3029 ⁴20.
1292 2998 1499 3037 percipiatur
1523 2999 1627 3030 etiam
1652 2999 1676 3030 Ε
1702 3017 1742 3021 -
1774 3000 1826 3031 27.
1855 3000 1952 3029 bonos

179 3044 378 3082 prefraudus
402 3044 445 3078 l⁴];
482 3044 578 3076 bonos
603 3048 804 3085 perfraudus
838 3049 858 3078 Ιῖ
898 3065 932 3070 -
972 3050 1023 3079 ¹28.
1052 3049 1132 3078 uidi!
1168 3050 1189 3079 13
1222 3066 1251 3069 υ
1293 3048 1344 3078 31.
1372 3048 1671 3079 llic—-incc'disset
1695 3049 1796 3079 atl'ert
1820 3049 1949 3080 Nonius

183 3103 214 3133 p.
236 3093 305 3123 ¹77.
329 3111 362 3115 —
389 3094 414 3123 si
438 3094 579 3125 (lividere
602 3096 625 3126 B
651 3099 684 3127 et
702 3098 848 3128 Nonius:
878 3099 1059 3128 indiztitletc
1076 3098 1133 3132 ,Ὡς
1163 3098 1212 3128 uel
1237 3098 1312 3136 (per
1337 3097 1586 3137 compendium
1605 3098 1760 3138 syllabae
1780 3100 1809 3128 in
1828 3108 1948 3139 super-

180 3143 362 3182 scriptum)
387 3144 531 3174 diuidere
554 3146 594 3175 A²
621 3163 654 3167 —
681 3147 850 3187 didicisset]
873 3149 1029 3186 potuisset
1055 3149 1184 3178 Nonius
1208 3164 1249 3167 -ι
1274 3146 1326 3178 34.
1355 3156 1438 3186 quae
1462 3151 1486 3179 A
1505 3149 1546 3178 13:
1575 3148 1694 3189 [alque]
1721 3157 1806 3188 {suae
1830 3150 1854 3178 Ο
1884 3150 1948 3186 (al-

181 3202 242 3232 que
265 3192 393 3224 addidit
420 3196 586 3233 Goercuz)
614 3212 649 3217 —
683 3196 735 3226 35.
761 3206 876 3228 suares
898 3198 956 3228 has
983 3199 1003 3227 u
1033 3216 1066 3219 —
1099 3198 1153 3228 315.
1180 3197 1251 3235 ΜΖ]
1277 3206 1428 3228 marcum
1451 3198 1536 3235 AB3
1570 3199 1616 3229 M.
1644 3198 1751 3229 ceteri
1777 3196 1878 3227 codd.
1910 3214 1943 3218 —-

178 3241 280 3283 pules]
300 3246 392 3281 poles
415 3241 454 3274 A¹
482 3262 516 3266 —
543 3245 595 3275 37.
620 3245 670 3286 nc]
695 3255 753 3277 nec
777 3247 800 3278 κ]
827 3264 862 3268 -
891 3247 943 3279 38.
970 3250 1013 3278 esc
1038 3256 1109 3278 om.
1136 3248 1159 3277 Β
1188 3248 1267 3286 (uon
1293 3247 1342 3285 E).
