2249 3624
619 202 799 242 Lmvl.
843 202 1271 242 omxxl-xxv.
1312 200 1372 255 §ss
1395 200 1592 246 22—027.
1908 200 1981 241 85⁴

223 311 380 354 vocatis
409 308 622 361 expletum
654 321 809 348 annum
842 307 1013 356 habeto,
1051 309 1169 349 cuius
1200 308 1368 363 quidem
1401 309 1498 349 anni
1532 308 1719 349 nondum
1751 309 1988 348 vicesimam

223 380 381 430 partem
413 371 516 412 scito
547 384 640 411 esse
674 384 933 411 conversam.

335 435 486 476 XXIII.
517 431 584 472 ⁶25.
617 433 823 481 Quocirca
855 434 888 473 si
920 433 1100 474 reditum
1132 435 1173 474 in
1206 433 1315 474 hunc
1345 435 1482 474 locum
1507 435 1817 487 desperaveris,
1840 434 1880 472 in
1904 446 1988 486 quo

225 499 364 540 omnia
394 501 491 536 sunt
522 496 683 549 magnis
716 503 755 535 et
788 497 1095 548 praestantibus
1129 497 1248 543 viris,
1280 498 1422 551 quanti
1457 498 1622 537 tandem
1657 503 1718 536 est
1749 498 1823 536 ista
1855 495 1989 534 homi—

225 575 321 602 num
354 559 507 613 gloria,
549 572 658 612 quae
690 560 900 612 pertinere
932 559 1002 598 vix
1034 558 1085 598 ad
1118 560 1241 599 unius
1272 561 1369 599 anni
1403 567 1561 613 partem
1595 560 1788 612 exiguam
1822 560 2021 611 potest?5

223 625 351 677 Igitur
379 621 460 661 alte
492 626 682 674 spectare
715 621 748 660 si
781 621 896 661 voles
928 627 1053 673 atque
1085 622 1192 661 hanc
1223 623 1365 662 sedem
1398 629 1438 661 et
1466 628 1677 662 aeternam
1702 622 1867 660 domum
1891 633 1990 659 con-

221 685 342 732 tueri,
371 697 511 737 neque
544 690 584 723 te
618 685 881 724 sermonibus
913 684 1025 735 vulgi
1059 684 1226 723 dederis
1258 698 1334 724 nec
1365 686 1406 723 in
1440 685 1636 737 praemiis
1659 685 1851 723 humanis
1873 696 1987 736 spem

220 746 413 802 posueris
446 759 583 786 rerum
616 751 806 786 tuarum:
851 747 937 786 suis
970 752 1009 786 te
1041 752 1205 798 oportet
1236 746 1456 786 inlecebris
1488 747 1579 799 ipsa
1612 747 1741 785 virtus
1772 746 1907 785 trahat
1938 746 1988 785 ad

219 823 364 849 verum
395 808 546 856 decus,
578 809 681 862 quid
714 809 764 848 de
797 814 836 848 te
868 808 939 848 alii
970 808 1199 861 loquantur
1229 809 1307 862 ipsi
1339 809 1530 855 videant,
1571 808 1644 848 sed
1677 809 1900 860 loquentur
1931 813 1989 846 ta-

220 885 328 914 men.
389 872 535 911 Sermo
568 877 708 911 autem
741 872 874 911 omnis
906 871 977 910 ille
1010 877 1050 910 et
1079 870 1283 923 angustiis
1316 872 1498 924 cingitur
1530 871 1578 910 iis
1610 871 1850 923 regionum,
1886 875 2040 923 quas⁴0

219 934 359 981 vides,
400 947 478 974 nec
509 947 706 986 umquam
740 934 791 973 de
822 933 909 973 ullo
942 934 1138 985 perennis
1169 933 1249 973 fuit
1280 939 1321 973 et
1352 934 1541 973 obruitur
1570 934 1787 973 hominum
1820 934 1989 972 interitu

219 1003 261 1038 et
291 997 504 1038 oblivione
534 997 792 1049 posteritatis
824 996 1097 1048 extinguitur.

332 1059 482 1100 XXIV.
517 1056 654 1110 (VIII.)
695 1056 763 1098 ⁶26.
797 1058 913 1106 Quae
945 1072 1039 1098 cum
1071 1058 1268 1105 dixisset,
1299 1060 1387 1112 Ego
1420 1072 1532 1106 vero,
1565 1060 1751 1112 inquam,
1782 1057 1992 1105 Africane,

223 1122 258 1162 si
292 1121 463 1175 quidem
499 1121 607 1161 bene
639 1121 800 1161 meritis
842 1121 893 1161 de
935 1122 1067 1175 patria
1106 1121 1226 1174 quasi
1266 1121 1385 1161 limes
1424 1122 1476 1161 ad
1519 1122 1622 1161 caeli
1664 1121 1823 1160 aditum
1864 1126 1991 1174 patet,

222 1197 478 1238 quamquam
530 1197 554 1224 a
594 1184 775 1237 pueritia
818 1184 1006 1236 vestigiis
1046 1184 1258 1236 ingressus
1299 1184 1429 1237 patris
1469 1190 1509 1224 et
1550 1185 1631 1224 tuis
1672 1184 1812 1223 decori
1853 1188 2041 1222 vestro¹5

220 1259 307 1286 non
339 1244 475 1292 defui,
506 1260 618 1286 nunc
650 1252 789 1286 tamen
820 1251 936 1286 tanto
968 1247 1155 1299 praemio
1188 1248 1381 1299 exposito
1413 1247 1548 1286 enitar
1578 1247 1709 1286 multo
1741 1246 1992 1298 vigilantius.

221 1309 273 1348 Et
301 1308 395 1348 ille:
440 1309 504 1348 Tu
536 1322 635 1348 vero
669 1309 826 1348 enitere
859 1314 901 1348 et
930 1308 989 1348 sic
1020 1309 1195 1356 habeto,
1226 1323 1310 1349 non
1342 1322 1433 1349 esse
1465 1315 1505 1349 te
1537 1309 1768 1355 mortalem,
1800 1309 1871 1347 sed
1905 1322 1994 1348 cor—

221 1385 298 1426 pus
329 1371 433 1411 hoc:
464 1385 543 1411 nec
575 1372 686 1411 enim
719 1371 817 1410 tuis
850 1384 907 1418 es,
940 1385 1067 1425 quem
1098 1371 1233 1411 forma
1263 1372 1343 1412 ista
1373 1371 1570 1419 declarat,
1603 1372 1676 1411 sed
1708 1385 1824 1410 mens
1856 1372 1994 1411 cuius-

222 1446 303 1486 que
343 1434 377 1474 is
421 1440 485 1474 est
525 1434 732 1487 quisque,
777 1447 860 1473 non
904 1446 952 1473 ea
995 1432 1152 1486 figura,
1200 1448 1308 1487 quae
1351 1434 1480 1486 digito
1521 1434 1797 1473 demonstrari
1837 1440 1991 1486 potest.

221 1497 353 1536 Deum
395 1502 435 1536 te
473 1496 600 1549 igitur
641 1496 745 1536 scito
779 1509 892 1543 esse,
931 1496 964 1536 si
998 1498 1169 1549 quidem
1201 1503 1264 1536 est
1296 1496 1421 1543 deus,
1465 1496 1537 1550 qui
1570 1499 1704 1549 viget,
1750 1497 1821 1548 qui
1854 1496 2044 1542 semusto

226 1559 298 1612 qui
331 1558 535 1605 meminit,
568 1558 640 1612 qui
672 1558 880 1611 providet,
913 1559 985 1611 qui
1019 1564 1100 1598 tam
1134 1561 1239 1612 regit
1271 1565 1310 1598 et
1341 1558 1582 1599 moderatur
1614 1565 1652 1598 ct
1680 1565 1819 1598 movet
1842 1558 1879 1598 id
1905 1572 1995 1598 cor-

222 1633 317 1674 pus,
349 1621 416 1660 cui
447 1621 711 1675 praepositus
743 1627 827 1668 est,
859 1634 983 1674 quam
1015 1621 1126 1661 hunc
1158 1621 1359 1660 mundum
1392 1621 1462 1661 ille
1494 1622 1688 1674 princeps
1721 1622 1846 1660 deus:
1880 1627 1919 1661 et
1950 1626 1995 1660 ut

223 1682 427 1723 mundum
458 1697 512 1723 ex
543 1683 725 1736 quadam
755 1688 872 1737 parte
904 1683 1122 1724 mortalem
1155 1684 1245 1737 ipse
1276 1683 1380 1724 deus
1411 1690 1622 1732 aeternus,
1655 1684 1714 1723 sic
1738 1683 1884 1735 fragile
1906 1696 1996 1722 cor-

222 1759 301 1799 pus
331 1746 494 1786 animus
526 1746 806 1798 sempiternus
838 1751 988 1786 movet.

335 1809 467 1848 XXV.
509 1806 575 1848 (27.
615 1809 719 1849 Nam
751 1808 865 1862 quod
901 1822 1067 1862 semper
1096 1815 1288 1849 movetur
1325 1815 1543 1849 aeternum
1584 1814 1667 1855 est,
1709 1806 1818 1862 quod
1857 1814 1994 1847 autem
2010 1814 2046 1842 *25

226 1874 386 1910 motum
417 1870 552 1910 adfert
581 1870 706 1910 alicui
739 1870 940 1924 quodque
971 1872 1106 1925 ipsum
1138 1872 1319 1925 agitatur
1349 1872 1535 1918 aliunde,
1567 1871 1735 1924 quando
1768 1869 1893 1911 finem
1923 1870 1997 1910 ha-

227 1931 297 1972 bet
328 1938 484 1981 motus,
515 1932 686 1973 vivendi
717 1930 842 1972 finem
872 1933 1024 1974 habeat
1054 1947 1228 1974 necesse
1260 1939 1335 1974 est.
1396 1934 1538 1974 Solum
1569 1934 1696 1987 igitur
1728 1934 1841 1988 quod
1870 1934 1920 1973 de
1953 1947 1996 1973 se

225 2000 439 2043 movetur,
481 1995 582 2049 quia
619 2008 850 2049 numquam
889 1995 1096 2036 deseritur
1125 2010 1149 2037 a
1179 2010 1246 2044 se,
1290 2010 1518 2050 numquam
1550 2010 1602 2036 ne
1635 1997 1791 2036 moveri
1825 1995 1996 2049 quidem

225 2056 394 2098 desinit.
455 2057 569 2106 Quin
601 2058 726 2098 etiam
758 2058 932 2106 ceteris,
965 2072 1074 2112 quae
1106 2064 1349 2106 moventur,
1380 2059 1449 2098 hic
1479 2058 1596 2106 fons,
1628 2059 1709 2099 hoc
1740 2059 1995 2112 principium

224 2125 290 2161 est
319 2120 532 2161 movendi.
582 2120 795 2173 Principio
827 2126 968 2161 autem
1000 2122 1114 2162 nulla
1145 2127 1209 2162 est
1239 2122 1380 2174 origo:
1412 2134 1507 2161 nam
1541 2135 1593 2161 ex
1625 2121 1830 2174 principio
1855 2122 1996 2161 oriun-
2011 2126 2047 2155 30

223 2187 291 2223 tur
321 2184 485 2230 omnia,
524 2183 661 2236 ipsum
699 2189 839 2223 autem
871 2184 986 2224 nulla
1017 2198 1070 2224 ex
1101 2198 1144 2223 re
1175 2184 1255 2223 alia
1286 2184 1400 2223 nasci
1431 2188 1593 2236 potest:
1636 2197 1714 2223 nec
1746 2184 1856 2222 enim
1887 2188 1998 2223 esset

222 2244 264 2284 id
295 2244 572 2298 principium,
613 2246 727 2299 quod
767 2247 1009 2299 gigneretur
1046 2247 1240 2286 aliunde:
1280 2245 1394 2299 quod
1428 2245 1460 2285 si
1492 2258 1718 2299 numquam
1752 2246 1903 2292 oritur,
1944 2259 1996 2285 ne

224 2306 380 2347 occidit
427 2307 599 2360 quidem
638 2322 853 2362 umquam.
922 2311 1027 2348 Nam
1066 2309 1321 2363 principium
1361 2308 1613 2347 exstinctum
1654 2321 1731 2347 nec
1771 2308 1906 2360 ipsum
1946 2308 1997 2347 ab

226 2368 308 2409 alio
340 2375 585 2410 renascetur
615 2384 692 2410 nec
723 2383 775 2409 ex
807 2384 850 2411 se
880 2371 994 2411 aliud
1026 2371 1202 2418 creabit,
1242 2372 1276 2410 si
1316 2369 1487 2423 quidem
1528 2383 1700 2409 necesse
1739 2376 1802 2409 est
1832 2382 1852 2409 a
1885 2370 1998 2423 prin-

229 2431 341 2486 cipio
374 2432 473 2472 oriri
505 2433 657 2473 omnia.
717 2434 779 2473 Ita
817 2432 862 2473 fit
903 2440 948 2474 ut
978 2439 1114 2474 motus
1145 2433 1399 2486 principium
1431 2446 1483 2472 ex
1515 2446 1564 2472 eo
1597 2432 1670 2480 sit,
1713 2432 1827 2485 quod
1858 2432 1996 2484 ipsum
2012 2438 2048 2467 35

315 2637 346 2669 4.
371 2636 472 2669 habeo
497 2639 520 2670 P
559 2656 593 2660 -—
633 2639 726 2670 cuius
749 2639 774 2670 E
800 2640 833 2670 et
858 2639 980 2670 Maon:
1007 2639 1105 2670 huius
1129 2637 1330 2670 FMPRTO
1369 2654 1403 2657 —
1442 2637 1560 2675 quippe
1584 2637 1606 2667 1³
1633 2653 1667 2658 —
1693 2636 1884 2675 viyesimam
1909 2636 1934 2667 O
1960 2652 1994 2657 —

225 2684 258 2718 4.
283 2686 347 2718 ista
371 2687 396 2719 R
421 2696 487 2728 sup
519 2686 577 2719 lin.
616 2704 651 2710 —
691 2688 722 2720 6.
749 2692 904 2719 contuere
928 2689 991 2719 MP
1029 2705 1062 2710 —-
1104 2689 1134 2719 7.
1162 2687 1323 2719 dedideris
1347 2686 1441 2717 EPT
1469 2703 1503 2707 —
1539 2686 1568 2716 8.
1596 2689 1625 2716 le
1650 2686 1672 2716 R
1698 2694 1774 2726 sup.
1795 2686 1851 2717 lin.
1881 2703 1915 2708 —
1944 2686 1996 2717 40.

224 2734 267 2766 iis
290 2736 367 2767 PR:
393 2736 442 2767 his
467 2736 579 2775 EFM,
606 2745 677 2768 om.
696 2738 721 2769 T
758 2755 793 2759 —
834 2738 886 2768 lt.
910 2739 1074 2777 peremnis
1097 2738 1122 2769 Ο
1162 2754 1195 2759 -
1236 2736 1287 2767 43.
1314 2744 1331 2766 ο
1348 2735 1504 2774 Afric-aue
1528 2735 1552 2765 O
1580 2752 1615 2757 —
1650 2734 1700 2765 ⁴4.
1727 2736 1852 2766 meritis
1875 2735 1952 2766 bene
1975 2736 1998 2766 R

226 2783 291 2816 sed
315 2784 397 2817 add.
424 2786 531 2826 signis
555 2788 733 2828 transpos.
762 2805 796 2809 —
832 2788 883 2819 45.
908 2788 1030 2827 patriis
1053 2788 1078 2819 O
1105 2804 1139 2809 —
1167 2788 1232 2818 tuis
1255 2795 1325 2817 om.
1346 2784 1384 2815 R¹
1410 2801 1444 2806 -—
1473 2784 1522 2815 ⁴16.
1552 2785 1654 2823 tanto]
1681 2785 1735 2814 liic
1761 2784 1879 2815 delicit
1904 2786 1932 2816 M
1959 2802 2000 2807 —

226 2835 374 2873 eoeposito
399 2835 444 2866 C:
467 2837 640 2875 proposito
665 2837 690 2868 O
727 2854 762 2858 —
802 2837 854 2868 47.
883 2837 927 2867 Tu
951 2845 1030 2868 vero
1046 2840 1218 2867 -—movet
1241 2837 1347 2867 Macr.
1375 2836 1415 2873 ll,
1436 2835 1488 2872 42,
1509 2836 1520 2865 ,¹
1564 2852 1598 2856 —
1636 2844 1715 2866 uere
1739 2836 1795 2866 EF
1806 2837 1828 2866 P
1855 2853 1889 2857 —
1926 2840 1954 2866 te
1979 2836 2000 2867 F

227 2890 305 2923 sup.
324 2881 382 2915 lin.
410 2886 489 2924 post
512 2886 686 2918 mortalem
711 2885 818 2917 habet
855 2902 891 2908 —
931 2886 982 2917 48.
1009 2888 1095 2918 enim
1119 2887 1144 2917 R
1169 2887 1201 2916 in
1228 2894 1338 2925 marg.
1368 2903 1403 2907 -
1439 2884 1491 2915 49.
1516 2885 1544 2914 is
1567 2893 1636 2915 om.
1657 2885 1681 2915 Ο
1709 2901 1742 2906 -
1770 2885 1952 2915 monstrari
1976 2884 2000 2916 E

227 2948 270 2955 --
292 2932 346 2964 ΞΟ.
372 2934 452 2964 scito
474 2934 578 2974 igitur
601 2935 625 2966 R
654 2953 687 2958 —
714 2935 792 2966 deus
816 2938 862 2965 est
885 2935 942 2966 EO
969 2953 1005 2957 -—
1031 2937 1084 2967 Ἡ.
1107 2934 1223 2975 &uidet
1249 2937 1269 2966 F
1297 2953 1332 2958 —
1366 2935 1420 2966 ⁶22.
1446 2937 1484 2964 ut
1506 2935 1664 2965 mundum
1682 2952 1730 2957 --
1747 2935 1920 2965 morlalem
1945 2933 1996 2965 F’:

225 2982 264 3011 ut
285 2980 338 3012 ille
359 2983 519 3013 mundum
536 2998 584 3006 --
600 2985 775 3014 mortalem
799 2985 824 3015 F.
841 2984 912 3015 F²P
938 2986 972 3016 et
997 2986 1118 3023 Maon,
1153 2988 1191 3016 uc
1212 2986 1280 3024 ipse
1302 2984 1445 3015 mundus
1467 3001 1515 3006 --
1538 2984 1688 3014 mortalis
1712 2984 1771 3014 ΒΤ
1806 3000 1841 3005 -
1879 2983 1932 3013 ⁶23.
1958 2992 2002 3013 ea:

230 3037 300 3060 om.
320 3030 425 3062 Macr.
466 3048 501 3053 —-
537 3033 589 3064 25.
618 3034 704 3064 Nam
729 3034 879 3072 quod--
896 3037 1034 3064 aeterna
1057 3039 1101 3066 esc
1126 3035 1265 3075 (p.85⁴2,
1285 3034 1313 3071 9}
1350 3034 1454 3064 Macr.
1481 3033 1525 3064 11.
1546 3033 1631 3070 43,4
1663 3041 1740 3072 sqq.
1784 3050 1817 3055 —
1857 3032 1908 3063 ⁵26.
1935 3032 2002 3062 ali-

230 3079 334 3110 cunde
356 3079 503 3117 EFRT,
537 3081 600 3112 sed
625 3091 657 3114 v.
677 3082 718 3113 32
743 3082 850 3113 iidem
876 3083 1008 3114 aliunde
1045 3101 1080 3106 —
1118 3085 1171 3115 27.
1197 3084 1349 3114 mouendi
1372 3084 1469 3120 finem
1499 3083 1521 3112 P
1559 3099 1595 3104 —
1634 3082 1672 3112 dc
1695 3092 1726 3112 se
1750 3085 1898 3112 mouetur
1923 3082 1945 3112 Ε
1961 3082 1998 3112 F:

233 3127 271 3158 de
293 3136 326 3159 se
347 3133 456 3160 mouet
479 3131 554 3168 PR,
592 3139 657 3162 sese
679 3136 787 3162 mouet
811 3132 885 3168 To,
924 3133 1011 3171 quod
1034 3141 1065 3163 se
1089 3133 1196 3172 ipsum
1220 3135 1327 3162 mouet
1357 3132 1463 3161 Macr.
1505 3148 1539 3153 —
1578 3131 1631 3162 28.
1659 3140 1697 3162 ne
1721 3140 1790 3162 om.
1812 3132 1832 3162 F
1873 3147 1906 3152 —
1947 3132 1999 3161 29.

230 3177 390 3217 principii
412 3179 518 3210 Macr.
542 3196 587 3203 —
609 3180 662 3211 30.
688 3189 731 3211 ex
755 3181 828 3211 FT:
857 3184 885 3212 ει
909 3181 981 3218 ER,
1008 3191 1023 3213 e
1048 3183 1152 3213 Macr.
1183 3199 1218 3203 —
1246 3182 1298 3212 3¹.
1322 3179 1437 3219 potest]
1462 3183 1598 3218 propter
1622 3181 1647 3210 T
1674 3198 1708 3203 —-
1736 3182 1787 3212 32.
1814 3184 2004 3211 nasceretur

236 3225 273 3256 F¹
299 3242 334 3248 —
359 3227 386 3257 si
408 3236 473 3258 non
496 3230 606 3260 oritur
628 3230 734 3261 Macr.
760 3248 803 3252 —
832 3239 890 3260 vnec*
914 3232 1030 3262 occidit
1054 3232 1158 3262 codd.
1198 3248 1232 3252 —
1271 3229 1322 3260 34.
1350 3233 1503 3260 nascetur
1526 3229 1550 3259 T
1575 3231 1609 3259 et
1634 3230 1739 3260 Macr.
1767 3229 1870 3260 codd.
1898 3229 2004 3269 pleri-

237 3283 307 3315 que
343 3293 379 3298 —
415 3277 467 3309 35.
493 3278 520 3310 it
542 3280 576 3310 in
598 3281 640 3311 sit
664 3280 684 3311 F
716 3280 751 3311 in
777 3288 865 3317 ras.,
898 3281 932 3311 in
957 3289 1026 3321 quo
1051 3280 1179 3311 deinde
1205 3281 1365 3319 sequitur
1388 3282 1416 3309 et
1441 3287 1461 3308 a
1485 3286 1518 3309 se
1541 3282 1712 3317 aequetur,
1745 3278 1808 3309 sed
1833 3280 1864 3309 in
1892 3287 2002 3318 marg.

238 3331 286 3355 m.
305 3331 333 3356 s.
359 3326 446 3365 quod
468 3327 577 3368 ipsum
600 3338 623 3360 a
645 3337 677 3361 se
700 3332 853 3361 mouetur
878 3346 912 3351 —
941 3330 1027 3370 quod
1049 3330 1117 3369 ipse
1140 3332 1292 3360 mouetur
1316 3329 1357 3367 P;
1385 3329 1471 3368 quod
1492 3329 1600 3368 ipsum
1625 3336 1695 3359 om.
1714 3329 1762 3359 ’[ῑ.
