2249 3624
573 181 659 221 Lm.
691 180 760 220 ΙΙΙ.
805 179 899 220 Cn».
933 179 1105 219 III—V.
1144 177 1203 232 §§
1236 176 1400 218 5-11.
1787 177 1868 219 ⁶277

106 286 153 326 A.
190 286 362 325 Prorsus
399 286 607 326 existimo.
667 287 720 325 M.
752 287 811 324 Ne
852 286 930 325 ista
969 285 1148 338 gloriosa
1189 284 1395 337 sapientia
1427 298 1510 324 non
1554 298 1703 337 magno
1744 285 1869 324 aesti-

106 348 256 388 manda
297 353 380 394 est,
421 349 455 388 si
494 348 662 401 quidem
704 362 785 388 non
826 348 1000 388 multum
1042 348 1179 387 differt
1218 348 1267 387 ab
1300 348 1475 387 insania.
1526 348 1572 387 Α.
1607 347 1748 395 Quid?
1793 348 1867 388 tibi

105 410 293 450 omnisne
334 410 460 450 animi
501 411 723 450 commotio
766 410 928 450 videtur
966 411 1157 450 insania?
1209 412 1260 450 M.
1294 411 1384 449 Non
1426 410 1525 449 mihi
1561 409 1731 464 quidem
1770 410 1868 457 soli,

105 471 199 518 sed,
240 471 279 511 id
323 472 434 525 quod
474 472 667 511 admirari
705 486 829 525 saepe
872 474 1012 516 soleo,
1060 474 1285 512 maioribus
1318 486 1487 526 quoque
1519 472 1671 512 nostris
1703 472 1781 512 hoc
1813 473 1870 512 ita

105 535 235 574 visum
268 534 468 586 intellego
503 534 644 572 multis
677 535 852 573 saeculis
885 541 980 573 ante
1014 536 1230 582 Socraten,
1267 550 1288 574 a
1322 550 1404 589 quo
1438 536 1538 575 haec
1571 536 1727 583 omnis,
1761 541 1901 589 quae5

103 603 165 636 est
206 597 257 636 de
307 598 387 636 vita
429 603 466 636 et
506 597 556 635 de
598 597 798 642 moribus,
847 596 1110 649 philosophia
1153 599 1347 637 manavit.
1398 599 1443 638 A.
1478 600 1668 646 Quonam
1703 598 1869 638 tandem

102 660 254 700 modo?
300 660 354 699 Μ.
388 658 496 706 Quia
528 671 678 697 110111011
713 658 899 698 insaniae
932 659 1137 708 siguificat
1169 662 1316 699 mentis
1349 662 1674 711 aegrotationem
1697 667 1736 700 et
1764 673 1871 700 mor-

101 722 214 762 bum.
260 720 297 760 9.
324 719 485 774 [01111115
516 726 651 759 autem
685 720 1020 772 perturbationes
1053 722 1178 760 animi
1204 723 1369 761 morbos
1394 724 1631 777 philosophi
1656 722 1871 776 appellant

102 788 339 837 negantque
381 783 551 822 stultum
587 796 840 836 quemquam
883 783 944 821 his
985 784 1137 822 morbis
1169 798 1333 831 vacare;
1379 786 1447 837 qui
1481 792 1619 825 autem
1653 786 1693 825 in
1726 785 1869 825 morbo

102 853 216 894 sunt,
263 847 351 886 sani
393 859 476 884 non
519 851 639 891 sunt,
687 852 724 884 et
763 846 947 885 omnium
987 845 1274 897 insipientium
1314 848 1440 886 animi
1483 848 1524 886 in
1570 848 1714 887 morbo
1747 852 1922 886 suntzio

102 923 246 949 01111105
279 909 522 962 insipientes
555 908 681 960 igitur
720 904 965 961 insaniunt]
1022 908 1249 947 Sanitatem
1284 910 1392 949 enim
1426 911 1658 950 animorum
1692 911 1871 964 positam

101 974 143 1013 in
173 971 476 1024 tranquillitate
511 971 689 1024 quadam
723 972 1040 1023 constantiaque
1072 971 1318 1018 ceusehaut;
1350 971 1414 1011 his
1448 973 1569 1012 rebus
1599 978 1778 1012 mentem
1801 985 1873 1012 va-

102 1047 219 1075 cuam
252 1033 515 1087 appellarunt
555 1033 838 1079 insaniam,
869 1039 1092 1086 propterea
1116 1033 1229 1086 quod
1253 1034 1292 1072 in
1318 1035 1554 1087 perturbato
1576 1036 1733 1082 animo,
1766 1035 1873 1075 sicut

102 1097 142 1136 in
175 1109 368 1149 corpore,
401 1096 558 1135 sanitas
591 1110 682 1135 esse
714 1110 796 1135 non
829 1100 984 1148 posset.

214 1159 262 1198 V.
293 1156 351 1198 lO.
382 1159 466 1197 Nec
491 1159 626 1198 minus
650 1158 752 1198 illud
776 1164 918 1206 acute,
953 1157 1065 1211 quod
1089 1158 1217 1198 animi
1241 1158 1520 1198 adfectionem
1544 1159 1701 1198 lumine
1724 1160 1924 1200 mentiSi5

101 1228 307 1262 carentem
348 1221 672 1260 nominaverunt
703 1222 980 1261 amentiam
1014 1220 1278 1274 eandemque
1312 1221 1639 1261 dementiam.
1700 1222 1760 1260 Ex
1791 1235 1872 1274 quo

101 1283 430 1337 intellegendum
463 1289 523 1323 est
557 1296 649 1331 eos,
692 1284 763 1337 qui
794 1284 898 1323 haec
930 1284 1054 1323 rebus
1088 1284 1255 1323 nomina
1288 1289 1539 1337 posuerunt,
1581 1283 1763 1324 sensisse
1794 1284 1874 1324 hoc

101 1347 233 1394 idem,
268 1346 381 1401 quod
413 1359 436 1385 a
469 1346 640 1385 Socrate
672 1351 891 1398 acceptum
924 1346 1147 1399 diligenter
1179 1346 1308 1386 Stoici
1338 1347 1623 1394 retinuerunt,
1655 1347 1788 1387 omnis
1812 1347 1875 1386 iu-

101 1410 301 1463 sipientes
333 1421 424 1448 esse
457 1421 541 1448 non
575 1421 713 1448 sanos.
765 1408 847 1456 Qui
879 1414 942 1448 est
973 1408 1082 1448 enim
1105 1409 1268 1449 animus
1290 1409 1332 1447 in
1359 1409 1503 1462 aliquo
1526 1409 1671 1449 morbo
1693 1433 1745 1439 —-
1767 1422 1876 1448 mor-

102 1472 176 1512 bos
208 1477 346 1512 autem
366 1471 444 1510 hos
468 1471 731 1523 perturbatos
754 1476 891 1511 motus
908 1502 918 1518 ,
951 1477 996 1510 ut
1020 1471 1144 1510 modo
1168 1471 1277 1518 dixi,
1310 1471 1553 1525 philosophi
1575 1471 1789 1525 appellant
1808 1486 1926 1519 —,20

103 1547 186 1574 11011
220 1534 351 1586 magis
384 1540 446 1573 est
477 1547 603 1573 sanus
635 1547 758 1586 quam
790 1533 831 1573 id
865 1547 1037 1587 eorpus,
1071 1533 1183 1587 quod
1216 1534 1258 1573 in
1290 1533 1435 1573 morbo
1468 1539 1541 1573 est.
1589 1534 1650 1573 Ita
1681 1531 1725 1573 fit
1745 1539 1791 1574 ut
1812 1547 1877 1573 sa-

105 1597 262 1650 pientia
300 1597 455 1636 sanitas
497 1597 549 1635 sit
589 1596 740 1643 animi,
782 1596 1023 1650 insipientia
1062 1601 1199 1635 autem
1243 1596 1362 1649 quasi
1405 1596 1606 1635 insanitas
1647 1596 1876 1649 quaedam,

104 1671 212 1713 quae
246 1664 308 1698 est
339 1658 503 1698 insania
534 1658 767 1712 eademque
800 1658 1035 1707 dementia;
1069 1658 1285 1711 multoque
1313 1658 1462 1698 melius
1492 1658 1595 1698 haec
1617 1664 1759 1699 notata
1780 1664 1879 1699 sunt

102 1722 241 1762 verbis
274 1721 432 1761 Latinis
465 1734 588 1774 quam
622 1721 810 1768 Graecis,
854 1721 965 1774 quod
998 1721 1090 1761 aliis
1123 1735 1292 1774 quoque
1324 1721 1465 1761 multis
1497 1721 1600 1760 locis
1630 1722 1876 1774 reperietur.

72 1784 182 1824 -Sed
216 1784 257 1823 id
289 1785 414 1831 alias,
447 1797 558 1823 nune
592 1784 706 1838 quodv
736 1784 875 1823 instat.
945 1780 1002 1822 ll.
1035 1785 1186 1823 Totum
1217 1784 1345 1836 igitur
1376 1784 1439 1831 id,
1472 1782 1586 1836 quod
1620 1784 1875 1837 quaerimus,
1890 1800 1928 1830 25

103 1847 204 1901 quid
245 1853 283 1887 et
315 1847 437 1901 quale
477 1847 529 1887 sit
559 1847 674 1886 verbi
708 1847 767 1886 vis
799 1847 890 1900 ipsa
922 1845 1117 1886 declarat.
1168 1847 1251 1885 Eos
1284 1847 1393 1886 enim
1427 1859 1552 1886 sanos
1584 1846 1784 1900 quoniam
1814 1847 1878 1886 in-

101 1909 240 1962 tellegi
276 1923 448 1949 necesse
492 1915 572 1956 est,
617 1922 797 1962 quorum
840 1922 956 1948 mens
996 1914 1111 1947 motu
1154 1909 1274 1961 quasi
1306 1908 1451 1948 morbo
1484 1909 1728 1961 perturbata
1760 1909 1876 1949 nullo

102 1972 174 2019 sit,
219 1972 291 2025 qui
336 1977 479 2012 contra
518 1971 670 2011 adfecti
708 1971 810 2019 siut,
851 1971 926 2011 hos
958 1971 1129 2010 insanos
1161 1971 1364 2024 appellari
1396 1984 1570 2011 necesse
1604 1976 1678 2010 est.
1729 1971 1877 2024 Itaque

190 2165 218 2194 1.
246 2164 317 2194 Nae
342 2163 366 2194 O
398 2181 427 2184 ᾖ
458 2163 486 2194 ⁵2.
515 2162 633 2203 differt]
660 2161 737 2202 syll.
763 2163 828 2202 fert
853 2163 884 2194 in
910 2171 1031 2193 rasura
1059 2162 1165 2194 habet
1185 2163 1215 2193 rG
1248 2181 1276 2184 —
1308 2161 1336 2194 Ji.
1365 2163 1509 2194 amirari
1535 2171 1625 2193 0011.
1654 2162 1685 2192 111
1711 2162 1878 2193 admirari

101 2215 145 2251 R,
172 2215 349 2245 ammirari
375 2214 398 2242 G
428 2230 459 2233 —
488 2214 518 2243 5.
546 2214 717 2243 Socratem
742 2215 765 2243 G
784 2213 846 2243 ΒΟ
873 2230 905 2234 —
935 2213 963 2243 6.
992 2214 1150 2252 quoniam
1177 2211 1214 2244 G¹
1235 2229 1267 2233 ——
1298 2213 1327 2243 7.
1347 2212 1498 2243 morbum
1523 2211 1686 2251 Bentley:
1713 2211 1876 2251 morbum,

102 2265 134 2295 id
158 2268 202 2295 est
226 2264 439 2295 insanitatem
464 2267 491 2293 et
516 2268 688 2303 aem-otum
706 2264 873 2297 animum,
901 2272 1001 2302 quarn
1027 2264 1238 2303 appellarunt
1264 2263 1429 2293 insaniam
1450 2263 1473 2293 C
1490 2262 1525 2292 O.
1555 2261 1636 2292 «Vel
1663 2260 1757 2299 illud,
1784 2261 1879 2302 quod

101 2313 186 2345 inira
213 2313 357 2344 demum
385 2314 412 2352 δ’
443 2313 487 2351 103
518 2313 693 2349 insanitas,
723 2312 933 2343 vocabulum
961 2315 1032 2343 tum
1061 2321 1212 2350 noxum,
1240 2312 1357 2343 addito
1384 2312 1480 2351 quasi
1495 2312 1659 2351 quaedam
1676 2313 1878 2350 excusatur,

102 2366 309 2403 argumento
335 2365 402 2397 est,
431 2363 496 2393 hoc
522 2361 596 2393 loco
616 2362 724 2393 verba
751 2363 783 2392 id
808 2366 851 2393 est
877 2364 1218 2394 insanitatem--
1237 2364 1422 2400 insaniam,
1452 2371 1542 2402 quae
1561 2361 1799 2400 turpissimam
1817 2360 1880 2391 ha-

101 2412 187 2444 bent
218 2412 460 2451 tautologiam,
494 2413 609 2452 spuria
644 2420 724 2442 esse
760 2412 810 2450 [ex
837 2414 993 2443 extrema
1024 2413 1089 2443 hac
1117 2415 1149 2443 et
1176 2422 1216 2443 ex
1243 2412 1260 2452 g
1287 2413 1325 2442 10
1352 2412 1556 2449 cont'ecta).»
1586 2411 1638 2441 W.
1675 2409 1880 2442 «Bentleius

102 2463 295 2493 rectissime
321 2462 421 2498 vidit,
450 2462 556 2492 verba
584 2462 615 2492 id
639 2465 747 2492 est—-
765 2463 930 2492 insaniant
957 2463 1037 2493 binc
1063 2462 1173 2493 aliena
1202 2471 1292 2493 esse.
1332 2461 1398 2492 Sed
1426 2460 1569 2492 ulterius
1591 2460 1756 2501 progredi
1774 2469 1881 2501 opor-

102 2512 214 2549 tebat,
250 2522 314 2543 1100
348 2512 580 2543 dubitandum
613 2513 695 2552 quin
721 2514 902 2552 sequeutia
930 2522 1089 2553 quoque„
1128 2521 1239 2553 usque
1265 2512 1309 2543 ad
1335 2513 1519 2549 insaniant,
1554 2510 1700 2541 insiticia
1726 2509 1812 2548 Sint,
1846 2509 1880 2540 in

102 2561 229 2602 quibus
255 2570 323 2601 quo
349 2563 489 2593 nomine
512 2562 692 2601 philosophi
718 2561 953 2602 appellarent.
981 2561 1194 2593 alienissimo
1220 2562 1294 2593 loco
1321 2562 1459 2596 (licitur,
1487 2564 1518 2592 et
1545 2559 1724 2592 sollemnis
1745 2559 1880 2590 Stoico-

102 2620 179 2643 rum
205 2611 428 2652 syllogismus
456 2613 679 2653 proponitur:
709 2614 781 2642 tum
807 2611 992 2643 subiicitur
1015 2614 1191 2643 sanitatem
1216 2614 1319 2647 enirn,
1347 2621 1437 2652 quae
1465 2610 1556 2642 nullo
1583 2609 1688 2641 modo
1713 2618 1793 2640 cum
1817 2608 1880 2641 illis

103 2663 263 2702 coniungi
287 2665 452 2703 possunt,
480 2664 514 2693 et
538 2662 636 2692 verbi
663 2661 832 2692 censebant
861 2664 950 2700 (mox
969 2663 1191 2701 appellarant}
1219 2662 1416 2693 subiectum
1437 2669 1505 2692 non
1524 2662 1577 2691 est
1597 2659 1790 2699 philosophi,
1816 2659 1880 2690 sed

102 2714 244 2743 maiores
269 2713 381 2743 nosti-i.
421 2713 475 2743 Sic
501 2711 712 2743 habebimus
738 2721 806 2743 non
833 2714 1062 2752 interruptam
1086 2712 1423 2743 demonstrationem
1451 2711 1536 2747 eius,
1565 2708 1657 2749 quod
1680 2707 1881 2749 quaereba-

103 2764 169 2793 tur.
208 2763 403 2794 Stoicorum
428 2761 510 2792 illud
536 2761 712 2802 aliquanto
738 2764 815 2802 post
844 2763 870 2801 '5'
898 2763 948 2800 10)
975 2772 1038 2793 suo
1064 2761 1140 2793 loco
1166 2764 1442 2797 commemorat,
1473 2769 1582 2791 omncs
1609 2760 1796 2798 insipientes
1818 2768 1882 2790 esse

102 2821 165 2843 non
190 2821 305 2843 sanos:
334 2815 367 2843 et
393 2812 487 2852 quod
514 2815 585 2842 tum
613 2811 806 2848 subiicitur,
835 2812 877 2843 de
904 2812 1007 2843 morbi
1032 2812 1223 2849 vocabulo÷
1251 2816 1286 2843 ut
1312 2813 1405 2843 modo
1430 2811 1521 2847 dixi,
1548 2810 1699 2850 pertinet
1723 2809 1767 2840 ad
1792 2808 1880 2848 ST.»

104 2862 194 2893 Bam:
220 2862 251 2902 (1.
279 2861 299 2894 l.
328 2871 360 2902 p.
388 2862 461 2899 89),
490 2863 544 2893 cui
570 2862 730 2893 obsecuti
756 2861 862 2892 verba
890 2862 1005 2893 Omnes
1029 2867 1137 2893 autem
1157 2880 1203 2884 --
1222 2863 1389 2892 insaniunt
1414 2859 1636 2891 seclusimus.
1675 2858 1782 2890 Aliter
1805 2867 1881 2890 rem

106 2912 281 2952 expedivit
305 2912 527 2952 Wesenberg
552 2913 682 2953 pariter
707 2912 883 2942 offensus:
912 2912 1016 2942 «Mira
1043 2911 1250 2951 negligentia
1271 2912 1394 2942 (lic-ero
1419 2918 1499 2940 011111
1525 2908 1654 2939 (100010
1676 2907 1778 2939 vellet
1805 2915 1883 2938 om-

106 2969 185 2992 nem
209 2963 314 2992 animi
341 2964 613 2993 commotionem
642 2971 709 2993 non
736 2962 850 2992 minus
879 2961 1070 2993 maioribus
1095 2970 1201 3002 quam
1230 2960 1443 3001 philosophis
1470 2959 1611 2990 Graecis
1635 2958 1805 2989 insaniam
1832 2958 1883 2988 vi-

107 3018 181 3042 sam
207 3020 304 3048 esse,
337 3010 380 3041 ab
412 3012 538 3042 horum
573 3010 797 3042 conclusione
831 3011 900 3050 (qui
918 3029 964 3033 --
982 3011 1166 3051 insaniunt)
1192 3011 1233 3041 ad
1264 3009 1399 3041 illorum
1426 3009 1636 3040 sententiam
1662 3009 1708 3039 ita
1733 3008 1880 3046 transiit,

106 3061 143 3090 ut
165 3060 337 3091 scriberet
360 3060 541 3091 Sanitatem
567 3061 669 3090 enim
687 3062 752 3091 cet.
774 3069 842 3091 non
861 3060 1045 3091 Sanitatem
1070 3064 1205 3091 autem
1230 3061 1419 3090 animorum
1442 3059 1630 3089 maiores
1660 3058 1799 3089 nostri
1818 3067 1883 3097 po-

105 3109 202 3139 sitam
226 3112 314 3140 cet.n
336 3126 369 3130 —
403 3109 449 3140 14.
472 3114 579 3148 posset
604 3110 800 3141 Ernestius:
823 3112 926 3149 possit
951 3111 1028 3141 CO.
1056 3110 1141 3140 Vide
1167 3109 1210 3140 ad
1234 3110 1261 3140 11
1288 3109 1305 3148 ἓ
1329 3108 1383 3140 43.
1406 3126 1439 3130 -
1469 3109 1520 3139 45.
1547 3109 1601 3140 ille
1626 3106 1663 3139 G¹
1689 3126 1724 3131 —
1752 3108 1805 3139 117.
1831 3116 1882 3138 30-

106 3158 190 3189 nisse
213 3160 239 3189 G
263 3160 295 3190 et
321 3168 410 3190 corr.
431 3159 634 3199 perantiqua
663 3168 707 3190 m.
733 3160 765 3190 in
789 3161 921 3192 sensisse
946 3162 970 3192 R
991 3179 1024 3183 -
1055 3161 1106 3191 49.
1128 3161 1206 3199 Quis
1224 3160 1247 3190 C
1276 3159 1349 3197 (sed
1375 3159 1408 3190 in
1433 3159 1458 3190 R
1483 3168 1497 3189 s
1520 3159 1659 3190 videtur
1676 3157 1719 3189 ab
1738 3156 1801 3189 alia
1821 3157 1879 3196 m.)

110 3224 143 3228 —
170 3210 255 3238 enim
279 3210 410 3239 animus
432 3212 475 3239 est
501 3209 525 3239 Ο
554 3225 587 3230 -
615 3209 668 3239 ⁵22.
696 3210 883 3248 insipientia
908 3214 1018 3242 autem
1043 3211 1138 3251 quasi
1163 3209 1341 3247 insanitas>
1373 3217 1458 3248 quae
1480 3213 1557 3240 esset
1580 3208 1725 3246 insania,
1750 3207 1884 3238 eadem-

108 3265 168 3296 que
191 3258 352 3290 dementia
374 3259 505 3290 Nonius
529 3267 562 3300 p.
584 3259 657 3289 122.
679 3275 711 3280 -
743 3259 794 3290 27.
821 3261 913 3291 nulla
938 3262 962 3291 G
978 3261 1001 3291 R
1028 3263 1062 3291 et
1086 3268 1178 3291 corr.
1206 3258 1284 3290 ead.
1304 3267 1350 3290 m.
1371 3258 1404 3289 in
1428 3258 1518 3289 nullo
1543 3258 1567 3290 B
1590 3276 1622 3280 —
1650 3257 1702 3290 28.
1731 3260 1805 3288 sunt
1821 3256 1881 3288 ΒΟ

111 3323 145 3328 -
170 3307 281 3338 insani
305 3308 362 3339 G¹.
