2249 3624
279 177 359 220 704
996 175 1067 214 DE
1098 173 1322 214 OFFICIIS

280 284 413 325 «malo
443 283 590 327 virum,
621 281 693 334 qui
724 280 901 333 pecunia
934 284 1065 332 egeat,
1098 292 1223 332 quam
1254 278 1496 331 pecuniam,
1519 291 1627 331 quae
1649 278 1777 318 viro.»
1831 277 1915 318 Sed
1946 291 2038 319 cor—

275 347 387 400 rupti
427 358 564 385 mores
604 343 903 396 depravatique
941 347 1038 381 sunt
1067 341 1342 381 admiratione
1374 340 1633 380 divitiarum:
1674 354 1849 394 quarum
1880 341 2040 393 magni-

275 410 378 449 tudo
412 406 510 460 quid
542 406 592 445 ad
625 418 752 445 unum
784 417 998 458 quemque
1030 408 1218 444 nostrum
1250 403 1454 456 pertinet?
1500 402 1620 442 Illum
1651 402 1828 442 fortasse
1859 401 2040 449 adiuvat,

276 471 347 524 qui
388 469 525 509 habet.
584 469 644 507 Ne
682 467 722 506 id
763 466 933 520 quidem
974 479 1154 519 semper.
1215 465 1297 505 Sed
1328 465 1392 504 fac
1424 465 1589 504 iuvare:
1631 465 1814 505 utentior
1843 478 1943 505 sane
1975 464 2042 512 sit,

246 532 491 572 fibonestior
520 542 618 569 vero
652 543 736 582 quo
768 529 923 568 modo?
967 528 1088 576 Quod
1122 528 1155 567 si
1188 528 1309 567 etiam
1341 528 1478 567 bonus
1511 528 1590 567 erit
1619 527 1696 575 vir,
1728 541 1781 567 ne
1813 527 2044 581 impediant

275 594 445 634 divitiae
486 605 569 644 quo
612 591 750 631 minus
791 591 977 638 iuvetur,
1020 591 1145 630 modo
1178 604 1231 629 ne
1264 589 1485 636 adiuvent,
1518 589 1659 643 sitque
1691 602 1813 629 omne
1843 589 2042 630 iudicium

274 671 384 703 non,
425 668 551 708 quam
590 653 801 706 locuples,
843 653 916 692 sed
949 653 1085 707 qualis
1125 652 1306 706 quisque
1338 652 1414 692 sit!
1477 653 1720 692 Extremum
1753 657 1892 691 autem
1924 665 2045 705 prae-

275 725 440 772 ceptum
481 718 522 757 in
560 714 776 755 beneficiis
814 729 1025 768 operaque
1066 715 1225 762 danda,
1266 728 1318 754 ne
1350 715 1452 767 quid
1484 720 1626 754 contra
1656 714 1914 767 aequitatem
1946 727 2045 753 con·

273 781 435 828 tendas,
466 793 518 819 ne
551 779 651 832 quid
683 791 759 830 pro
793 778 968 826 iniuria3
1001 777 1318 817 fundamentum
1352 777 1459 816 enim
1493 783 1555 817 est
1583 782 1814 830 perpetuae
1836 789 2046 816 commen-

226 857 260 884 io
275 844 457 883 dationis
489 847 529 881 et
559 840 692 880 famae
723 840 902 887 iustitia,
935 841 1025 879 sine
1057 854 1141 893 qua
1171 840 1273 879 nibil
1307 844 1444 892 potest
1476 852 1567 879 esse
1599 839 1824 879 laudabile.

386 905 500 944 XXI.
547 901 613 942 72.
661 903 764 951 Sed,
807 903 1007 956 quoniam
1051 902 1102 942 de
1143 916 1192 942 eo
1234 914 1387 955 genere
1426 899 1725 940 beneficiorum
1767 899 1926 940 dictum
1968 905 2043 948 est,

273 981 378 1023 quae
409 967 461 1007 ad
493 966 680 1019 singulos
712 970 922 1019 spectant,
954 965 1154 1018 deinceps
1186 965 1237 1004 de
1268 965 1340 1011 iis,
1373 977 1482 1017 quae
1513 963 1563 1002 ad
1597 963 1817 1003 universos
1849 975 2044 1016 quaeque

273 1031 324 1071 ad
363 1043 450 1069 rem
492 1029 704 1080 publicam
745 1028 980 1081 pertinent,
1022 1026 1322 1079 disputandum
1366 1031 1441 1066 est.
1501 1026 1655 1065 Eorum
1687 1030 1826 1065 autem
1857 1025 2044 1078 ipsorum

272 1093 424 1146 partim
456 1091 546 1130 eius
579 1090 691 1131 modi
726 1096 843 1136 sunt,
875 1095 921 1129 ut
950 1088 1001 1129 ad
1037 1090 1254 1129 universos
1287 1089 1396 1129 cives
1428 1089 1676 1141 pertineant,
1708 1087 1874 1140 partim,
1906 1087 2046 1139 singu-

223 1155 336 1198 i5los
374 1161 421 1194 ut
460 1154 687 1206 attingant,
728 1166 836 1206 quae
876 1157 972 1192 sunt
1011 1152 1133 1191 etiam
1176 1152 1371 1204 gratiora.
1431 1150 1577 1190 Danda
1608 1163 1735 1203 opera
1766 1154 1828 1189 est
1859 1149 2044 1197 omnino,

273 1219 305 1258 si
337 1217 483 1272 possit,
516 1217 719 1269 utrisque,
751 1228 827 1254 nec
858 1215 1011 1262 minus,
1041 1220 1086 1254 ut
1117 1213 1243 1253 etiam
1276 1213 1452 1266 singulis
1485 1212 1754 1260 consulatur,
1786 1212 1859 1252 sed
1890 1212 1969 1259 ita,
2000 1217 2047 1252 ut

274 1294 322 1320 ea
352 1293 418 1319 res
450 1284 521 1318 aut
550 1279 683 1331 prosit
712 1283 785 1316 aut
815 1283 926 1317 certe
958 1290 1009 1316 ne
1043 1276 1152 1316 obsit
1181 1276 1241 1315 rei
1273 1276 1480 1328 publicae.
1543 1275 1583 1314 C.
1609 1274 1782 1314 Gracchi
1813 1273 2045 1314 frumenta-

272 1344 335 1383 ria
372 1355 522 1393 magna
562 1340 751 1393 largitio,
794 1340 1069 1379 exhauriebat
1107 1339 1233 1392 igitur
1264 1338 1494 1378 aerarium:
1537 1337 1702 1377 modica
1734 1338 1787 1377 M.
1811 1336 1974 1377 Octavii
2007 1341 2047 1376 et

273 1406 334 1445 rei
374 1404 566 1457 publicae
604 1402 835 1443 tolerabilis
876 1408 916 1442 et
957 1402 1069 1455 plebi
1110 1401 1370 1447 necessaria,
1412 1413 1509 1452 ergo
1542 1404 1582 1439 et
1613 1399 1774 1438 civibus
1807 1405 1848 1439 et
1877 1399 1937 1439 rei
1969 1412 2046 1451 pu-

222 1483 258 1511 20
272 1468 403 1508 blicae
436 1466 640 1506 salutaris.
702 1463 768 1504 73.
801 1466 846 1504 In
878 1463 1021 1517 primis
1053 1469 1191 1503 autem
1224 1462 1453 1503 videndum
1485 1462 1565 1502 erit
1596 1461 1648 1509 ei,
1682 1461 1754 1515 qui
1786 1474 1871 1500 rem
1905 1460 2045 1514 publi-

224 1550 227 1551 *
273 1544 361 1570 cam
395 1528 729 1574 administrabit,
770 1533 815 1566 ut
845 1541 965 1567 suum
1000 1527 1181 1580 quisque
1213 1531 1352 1565 teneat
1382 1538 1520 1578 neque
1552 1524 1603 1564 de
1634 1524 1755 1563 bonis
1787 1523 2043 1576 privatorum

273 1592 441 1646 publice
482 1590 711 1630 deminutio
754 1590 838 1629 fiat.
908 1589 1145 1628 Perniciose
1188 1588 1299 1627 enim
1341 1587 1558 1640 Philippus
1597 1587 1638 1625 in
1671 1587 1910 1632 tribunatu,
1951 1599 2042 1625 cum

272 1656 406 1707 legem
438 1654 640 1706 agrariam
673 1652 819 1699 ferret,
853 1664 976 1705 quam
1009 1656 1147 1690 tamen
1179 1650 1389 1703 antiquari
1419 1649 1542 1689 facile
1573 1662 1723 1702 passus
1754 1653 1817 1687 est
1847 1653 1888 1687 et
1917 1647 1959 1687 in
1992 1660 2041 1687 eo

272 1718 544 1758 vehementer
582 1729 625 1754 se
663 1714 921 1754 moderatum
953 1714 1168 1766 praebuit,
1209 1712 1282 1752 sed
1315 1726 1408 1752 cum
1439 1712 1483 1751 in
1513 1712 1675 1764 agendo
1708 1710 1838 1749 multa
1868 1709 2042 1763 popula-

180 1833 182 1835 >
223 1781 385 1826 25riter,
418 1784 505 1818 tum
536 1778 636 1817 illud
670 1777 789 1824 male,
822 1790 906 1816 non
939 1790 1030 1816 esse
1062 1777 1102 1815 in
1135 1776 1304 1815 civitate
1337 1774 1420 1814 duo
1454 1774 1566 1814 milia
1598 1773 1827 1818 hominum,
1859 1771 1931 1825 qui
1954 1784 2040 1810 rem

273 1843 487 1883 haberent.
550 1840 745 1893 Capitalis
778 1840 912 1878 oratio
946 1846 1008 1878 est
1039 1839 1090 1878 ad
1124 1839 1418 1891 aequationem
1451 1836 1657 1876 bonorum
1689 1835 1926 1888 pertinens:
1960 1846 2043 1888 qua

273 1911 392 1960 peste
425 1916 533 1957 quae
566 1908 701 1956 potest
733 1916 824 1941 esse
857 1902 1017 1941 maior?
1078 1901 1195 1941 Hanc
1227 1900 1336 1939 enim
1371 1900 1422 1938 ob
1455 1913 1622 1939 causam
1655 1910 1864 1945 maxume,
1895 1901 1941 1936 ut
1971 1908 2044 1936 sua

273 1973 535 2012 tenerentur,
576 1979 642 2004 res
674 1965 865 2018 publicae
897 1963 1457 2017 civitatesqueconstitutae
1491 1966 1600 2001 sunt.
1661 1961 1788 2008 Nam,
1827 1959 1905 1999 etsi
1938 1958 2043 1999 duce

273 2036 424 2070 natura
454 2028 813 2080 congregabantur
842 2027 1049 2073 homines,
1083 2032 1219 2065 tamen
1254 2038 1325 2078 spe
1357 2024 1571 2063 custodiae
1602 2036 1740 2062 rerum
1772 2035 1942 2062 suarum
1973 2035 2044 2061 ur-

221 2106 258 2136 30
273 2093 386 2132 bium
420 2089 629 2144 praesidia
662 2089 929 2142 quaerebant.
990 2086 1057 2127 74.
1097 2086 1243 2127 Danda
1274 2087 1396 2126 etiam
1430 2099 1557 2139 opera
1589 2090 1651 2125 est
1681 2098 1754 2132 ne,
1787 2084 1899 2138 quod
1931 2084 2042 2137 apud

273 2155 452 2196 maiores
490 2159 656 2192 nostros
696 2165 820 2204 saepe
851 2152 977 2190 fiebat
1007 2156 1179 2204 propter
1208 2149 1357 2189 aerarii
1389 2149 1632 2188 tenuitatem
1665 2147 2042 2200 assiduitatemque

272 2218 500 2262 bellorum,
544 2215 743 2254 tributum
786 2213 838 2253 sit
869 2212 1195 2259 conferendum,
1236 2211 1364 2264 idque
1396 2225 1447 2250 ne
1480 2210 1645 2249 eveniat
1675 2209 1807 2249 multo
1838 2214 1934 2249 ante
1965 2209 2044 2249 erit

272 2279 593 2334 providendum.
662 2277 733 2316 Sin
777 2289 884 2329 quae
925 2275 1152 2314 necessitas
1194 2274 1319 2313 huius
1361 2273 1545 2313 muneris
1584 2272 1708 2312 alicui
1747 2272 1806 2312 rei
1848 2272 2040 2325 publicae

274 2341 490 2383 obvenerit
529 2364 583 2370 -—
625 2339 734 2378 malo
774 2339 882 2377 enim
922 2337 993 2376 alii
1034 2350 1157 2390 quam
1198 2341 1363 2376 nostrae
1404 2335 1604 2382 ominari,
1648 2348 1786 2388 neque
1818 2339 1957 2374 tamen
1990 2334 2041 2373 de

221 2419 259 2448 35
273 2411 431 2453 nostra,
463 2403 536 2443 sed
569 2402 620 2441 de
652 2401 764 2441 omni
796 2413 840 2439 re
872 2399 1041 2453 publica
1073 2400 1243 2452 disputo
1277 2421 1352 2446 —,
1385 2397 1522 2437 danda
1554 2398 1629 2437 erit
1660 2410 1789 2450 opera
1819 2401 1865 2436 ut
1895 2409 2040 2437 omnes

272 2467 532 2520 intellegant,
564 2465 596 2504 si
627 2464 731 2504 salvi
763 2475 854 2502 esse
886 2462 1028 2509 velint,
1060 2460 1299 2501 necessitati
1332 2473 1423 2500 esse
1455 2459 1698 2513 parendum.
1757 2460 1895 2513 Atque
1918 2459 2039 2499 etiam

360 2610 390 2642 4.
418 2609 560 2639 utentior
584 2607 657 2646 Cp:
685 2605 852 2645 polenlior
876 2602 949 2640 alii;
984 2603 1168 2643 opulentior
1193 2602 1395 2634 Lambinus.
1423 2619 1458 2624 -—
1494 2602 1525 2633 6.
1553 2601 1628 2642 quo]
1654 2610 1692 2633 ne
1716 2608 1734 2632 c
1770 2618 1805 2622 —
1836 2602 1998 2633 iuuentur
2019 2609 2040 2642 p

275 2678 308 2683 ·-
337 2662 426 2700 sique
448 2660 468 2690 b
507 2675 542 2680 —
579 2657 610 2688 7.
630 2659 816 2688 extremum
839 2658 950 2685 (tutem
966 2671 1013 2676 --
1030 2653 1206 2684 contendas
1228 2654 1359 2684 Nonius
1384 2661 1416 2693 p.
1434 2652 1497 2684 259
1522 2660 1575 2691 sq.
1613 2669 1647 2674 -—
1685 2651 1715 2682 9.
1741 2660 1781 2682 ne
1804 2652 1882 2691 quid
1897 2669 1944 2675 —-
1961 2661 2041 2684 con-

273 2712 386 2744 tendas
410 2719 478 2740 oni.
498 2717 519 2748 p
555 2726 589 2730 —
625 2707 675 2737 110.
702 2714 767 2737 esse
786 2708 891 2745 potest
916 2712 964 2743 cp
1002 2722 1034 2726 -
1070 2704 1121 2734 Μ.
1149 2702 1315 2742 quoniam]
1343 2711 1405 2741 quo
1429 2702 1449 2732 b
1479 2719 1512 2723 —
1546 2702 1597 2732 ⁴2.
1625 2709 1709 2740 quae
1733 2701 1777 2731 ad
1799 2701 1944 2741 singulos
1965 2711 2040 2741 spe-

274 2765 362 2793 ctant
387 2761 507 2790 ait-sum
531 2761 575 2789 est
604 2766 625 2797 p
665 2773 699 2779 —-
735 2756 784 2786 his
807 2763 874 2794 ap,
907 2755 969 2785 hiis
992 2753 1040 2791 H,
1071 2753 1132 2791 hijs
1157 2760 1173 2782 c
1214 2770 1247 2775 —
1294 2751 1346 2783 114.
1370 2752 1497 2790 parlim
1523 2758 1596 2790 cp:
1635 2758 1720 2790 quae
1745 2750 1821 2789 (que
1845 2750 1892 2790 H)
1911 2751 2041 2790 partim

274 2810 407 2843 Bllab
446 2826 480 2830 —
518 2812 552 2838 ut
576 2806 720 2847 si119ulos
743 2813 761 2836 c
801 2823 834 2827 —
874 2805 923 2835 45.
952 2803 1096 2843 attingat
1118 2810 1138 2841 p
1167 2819 1199 2824 —
1228 2805 1273 2832 est
1297 2809 1365 2832 om,
1387 2809 1404 2831 o
1443 2819 1477 2823 —
1517 2801 1568 2831 46.
1595 2804 1773 2838 utrumque
1796 2807 1814 2830 c
1841 2816 1876 2822 —
1903 2801 2041 2840 sivzyulis

274 2870 343 2892 om.
364 2868 381 2889 c
410 2876 444 2881 —
478 2858 529 2888 47.
557 2859 594 2888 (i.
613 2856 726 2897 yroeci
750 2863 767 2886 c
795 2872 829 2876 —
866 2854 904 2884 48
943 2853 1114 2884 aerarium
1139 2858 1206 2881 om.
1227 2859 1247 2890 p
1277 2868 1308 2872 —
1346 2851 1396 2880 49.
1424 2849 1602 2881 tolerabilis
1618 2868 1667 2873 --
1684 2849 1732 2880 rei
1752 2848 1906 2888 publicae
1928 2858 1998 2881 oni.
2017 2857 2039 2881 a.

277 2929 310 2933 -
332 2919 409 2949 erqo
434 2912 462 2939 et
485 2908 565 2938 ciuis
589 2910 618 2937 et
640 2915 701 2937 rea:
725 2905 885 2935 salutaris
910 2910 927 2933 c
952 2920 995 2925 -
1018 2902 1070 2932 20.
1090 2901 1118 2932 ei
1135 2908 1204 2931 0111.
1224 2908 1241 2930 c
1270 2917 1303 2921 —
1332 2900 1383 2931 Ἡ.
1404 2900 1540 2930 minutio
1565 2907 1612 2939 cp
1641 2917 1674 2922 —
1695 2899 1880 2938 perniciose
1895 2900 2039 2930 enim—-

269 2968 387 3000 passus
410 2961 468 2995 est,
493 2959 527 2987 *in
550 2966 585 2987 co
603 2973 649 2978 --
664 2954 817 2994 praebuit
841 2952 971 2984 Nonius
996 2960 1028 2992 p.
1045 2951 1097 2981 76.
1127 2965 1161 2971 —
1196 2948 1375 2988 pernitiose
1397 2950 1447 2980 ab
1479 2967 1520 2971 —
1549 2950 1602 2980 ⁶25.
1629 2952 1706 2980 tunc
1727 2948 1820 2979 illum
1843 2949 1929 2980 male
1951 2957 1972 2989 p
2000 2967 2034 2972 -

272 3011 326 3042 26.
353 3009 462 3039 oratio
486 3010 530 3037 est
555 3006 597 3036 acl
623 3005 645 3035 B
663 3005 685 3035 11
702 3005 778 3035 ab:
810 3003 919 3033 oratio
942 3001 986 3032 ad
1017 3008 1080 3039 cp;
1116 2999 1223 3030 oratio
1247 3002 1275 3029 et
1300 2999 1343 3029 ad
1367 3006 1385 3029 ο
1421 3016 1463 3021 -
1498 2999 1698 3037 aequitatem
1721 3006 1741 3036 p
1780 3014 1815 3019 —
1852 3006 1919 3037 qua
1938 3000 2039 3038 pestis

273 3067 358 3099 quae
383 3058 489 3088 mair»-
512 3063 575 3086 esse
597 3057 698 3093 potest
722 3060 760 3093 c3
798 3060 899 3091 quam
918 3050 1018 3090 pestis
1041 3057 1125 3088 quae
1147 3049 1257 3079 maior
1276 3051 1379 3087 polest
1404 3056 1468 3079 esse
1498 3057 1517 3087 p
1557 3065 1591 3070 -
1629 3048 1681 3078 28.
1708 3050 1895 3078 tenerentur
1919 3048 2032 3079 BHa:

274 3111 437 3140 teneretur
459 3107 496 3140 bt,
523 3107 666 3135 tenerent
690 3111 787 3142 cp03
815 3105 986 3133 tuerentur
1009 3099 1075 3131 atii.
1105 3115 1140 3121 -
1167 3098 1219 3129 312.
1245 3098 1286 3129 sit
1310 3106 1378 3128 om.
1400 3098 1425 3128 ll
1454 3114 1489 3119 -
1516 3098 1613 3136 idque
1635 3104 1705 3127 om.
1725 3104 1742 3126 c
1772 3114 1803 3120 -
1832 3097 1893 3128 erit
1916 3101 1992 3128 ante
2014 3105 2035 3136 p

279 3177 309 3180 —
340 3157 391 3189 33.
418 3155 734 3202 Sinquegzecessae'tas
756 3161 778 3183 a
811 3169 844 3175 -
880 3151 932 3183 34.
959 3150 1018 3181 alii
1042 3157 1081 3180 a:
1114 3148 1219 3179 aliene
1244 3156 1277 3183 c;
1312 3156 1382 3178 om.
1403 3148 1426 3178 B
1443 3147 1567 3186 pro
1597 3164 1640 3168 —
1672 3149 1788 3177 nostra
1811 3146 1970 3177 comit-ari
1992 3145 2032 3182 b;

275 3211 385 3239 nostre
408 3206 454 3236 rei
475 3214 516 3243 .p.
537 3204 679 3234 ominari
703 3211 720 3233 c
745 3219 787 3224 —
811 3205 920 3233 tamen
945 3201 987 3232 C:
1014 3202 1142 3231 tantum
1166 3205 1198 3228 0.
1226 3199 1367 3236 («tamen
1391 3197 1614 3227 verissimum
1641 3197 1713 3226 est:
1740 3195 1824 3227 dicit
1848 3196 1940 3227 enim
1966 3203 2032 3225 non

276 3265 364 3298 opus
396 3263 474 3286 csse
508 3262 546 3284 ea
579 3252 846 3292 deprecatione,
879 3251 959 3291 quia
991 3247 1178 3290 disputatio
1208 3248 1370 3287 suscepta
1403 3247 1446 3277 sit
1477 3255 1546 3277 non
1572 3245 1615 3276 de
1641 3246 1795 3276 Romana
1819 3252 1857 3275 re
1880 3242 2032 3285 publica,

277 3305 341 3338 sed
365 3307 399 3336 iu
423 3303 628 3335 universum
653 3301 698 3332 de
722 3300 816 3331 omni
840 3308 878 3332 re
903 3297 1077 3340 publica.»
1108 3295 1243 3335 ZUMPT.)
1267 3311 1308 3318 —
1338 3296 1391 3327 35.
1416 3295 1488 3336 erit]
1513 3298 1558 3327 est
1581 3302 1644 3334 cp.
