<?xml version="1.0" encoding="UTF-8"?>
<!DOCTYPE html PUBLIC "-//W3C//DTD XHTML 1.0 Transitional//EN"
    "http://www.w3.org/TR/xhtml1/DTD/xhtml1-transitional.dtd">
<html xmlns="http://www.w3.org/1999/xhtml" xml:lang="en" lang="en">
 <head>
  <title>
</title>
<meta http-equiv="Content-Type" content="text/html;charset=utf-8" />
  <meta name='ocr-system' content='tesseract 3.04.00' />
  <meta name='ocr-capabilities' content='ocr_page ocr_carea ocr_par ocr_line ocrx_word'/>
</head>
<body>
  <div class='ocr_page' id='page_1' title='image "./operaquaesupersu04ciceuoft_1099.png"; bbox 0 0 2249 3624; ppageno 0'>
   <div class='ocr_carea' id='block_1_1' title="bbox 869 220 1902 266">
    <p class='ocr_par' dir='ltr' id='par_1_1' title="bbox 869 220 1902 266">
     <span class='ocr_line' id='line_1_1' title="bbox 869 220 1902 266; baseline -0.004 -1"><span class='ocrx_word' id='word_1_1' title='bbox 869 223 1109 266; x_wconf 80' lang='lat' dir='ltr'><strong>TIMAEUS.</strong></span> <span class='ocrx_word' id='word_1_2' title='bbox 1794 220 1902 265; x_wconf 71' lang='lat'>4005</span> 
     </span>
    </p>
   </div>
   <div class='ocr_carea' id='block_1_2' title="bbox 139 329 1958 2260">
    <p class='ocr_par' dir='ltr' id='par_1_2' title="bbox 139 329 1955 1192">
     <span class='ocr_line' id='line_1_2' title="bbox 141 329 1903 382; baseline 0.001 -14"><span class='ocrx_word' id='word_1_3' title='bbox 141 335 334 381; x_wconf 85' lang='lat' dir='ltr'>generata</span> <span class='ocrx_word' id='word_1_4' title='bbox 364 340 509 368; x_wconf 80' lang='lat' dir='ltr'><strong>causas</strong></span> <span class='ocrx_word' id='word_1_5' title='bbox 539 341 662 368; x_wconf 87' lang='lat' dir='ltr'>unum</span> <span class='ocrx_word' id='word_1_6' title='bbox 690 329 944 367; x_wconf 88' lang='lat' dir='ltr'>circumitum</span> <span class='ocrx_word' id='word_1_7' title='bbox 973 329 1084 368; x_wconf 84' lang='lat' dir='ltr'>orbis</span> <span class='ocrx_word' id='word_1_8' title='bbox 1113 329 1233 367; x_wconf 83' lang='lat' dir='ltr'>eflicit</span> <span class='ocrx_word' id='word_1_9' title='bbox 1261 330 1608 380; x_wconf 85' lang='lat' dir='ltr'>sapientissimum</span> <span class='ocrx_word' id='word_1_10' title='bbox 1637 336 1759 382; x_wconf 84' lang='lat' dir='ltr'>atque</span> <span class='ocrx_word' id='word_1_11' title='bbox 1795 333 1903 382; x_wconf 87' lang='lat' dir='ltr'>opti-</span> 
     </span>
     <span class='ocr_line' id='line_1_3' title="bbox 141 391 1901 442; baseline 0.002 -12"><span class='ocrx_word' id='word_1_12' title='bbox 141 404 270 441; x_wconf 91' lang='lat' dir='ltr'>mum,</span> <span class='ocrx_word' id='word_1_13' title='bbox 312 392 465 430; x_wconf 81' lang='lat' dir='ltr'>mensis</span> <span class='ocrx_word' id='word_1_14' title='bbox 506 397 666 438; x_wconf 81' lang='lat' dir='ltr'>autem,</span> <span class='ocrx_word' id='word_1_15' title='bbox 709 392 873 442; x_wconf 86' lang='lat' dir='ltr'>quando</span> <span class='ocrx_word' id='word_1_16' title='bbox 914 393 1022 430; x_wconf 86' lang='lat' dir='ltr'>Luna</span> <span class='ocrx_word' id='word_1_17' title='bbox 1065 391 1235 430; x_wconf 87' lang='lat' dir='ltr'>lustrato</span> <span class='ocrx_word' id='word_1_18' title='bbox 1264 404 1338 429; x_wconf 86' lang='lat' dir='ltr'>suo</span> <span class='ocrx_word' id='word_1_19' title='bbox 1369 405 1489 430; x_wconf 89' lang='lat' dir='ltr'>cursu</span> <span class='ocrx_word' id='word_1_20' title='bbox 1519 392 1654 431; x_wconf 75' lang='lat' dir='ltr'>Solem</span> <span class='ocrx_word' id='word_1_21' title='bbox 1682 401 1901 433; x_wconf 82' lang='lat' dir='ltr'>consecuta</span> 
     </span>
     <span class='ocr_line' id='line_1_4' title="bbox 141 452 1900 504; baseline 0 -10"><span class='ocrx_word' id='word_1_22' title='bbox 141 461 227 503; x_wconf 89' lang='lat' dir='ltr'>est,</span> <span class='ocrx_word' id='word_1_23' title='bbox 266 466 416 503; x_wconf 86' lang='lat' dir='ltr'>annus,</span> <span class='ocrx_word' id='word_1_24' title='bbox 453 452 520 491; x_wconf 93' lang='lat' dir='ltr'>ubi</span> <span class='ocrx_word' id='word_1_25' title='bbox 558 453 623 491; x_wconf 89' lang='lat' dir='ltr'>Sol</span> <span class='ocrx_word' id='word_1_26' title='bbox 661 466 779 491; x_wconf 89' lang='lat' dir='ltr'>suum</span> <span class='ocrx_word' id='word_1_27' title='bbox 821 459 946 491; x_wconf 88' lang='lat' dir='ltr'>totum</span> <span class='ocrx_word' id='word_1_28' title='bbox 988 454 1159 491; x_wconf 74' lang='lat' dir='ltr'>confecit</span> <span class='ocrx_word' id='word_1_29' title='bbox 1193 460 1233 492; x_wconf 87' lang='lat' dir='ltr'>et</span> <span class='ocrx_word' id='word_1_30' title='bbox 1259 455 1490 504; x_wconf 69' lang='lat' dir='ltr'>peragravit</span> <span class='ocrx_word' id='word_1_31' title='bbox 1517 456 1672 494; x_wconf 88' lang='lat' dir='ltr'>orbem.</span> <span class='ocrx_word' id='word_1_32' title='bbox 1729 458 1900 494; x_wconf 84' lang='lat' dir='ltr'>Cetero-</span> 
     </span>
     <span class='ocr_line' id='line_1_5' title="bbox 141 515 1902 570; baseline 0 -14"><span class='ocrx_word' id='word_1_33' title='bbox 141 531 228 556; x_wconf 91' lang='lat' dir='ltr'>rum</span> <span class='ocrx_word' id='word_1_34' title='bbox 258 523 394 556; x_wconf 89' lang='lat' dir='ltr'>autem</span> <span class='ocrx_word' id='word_1_35' title='bbox 421 515 602 554; x_wconf 84' lang='lat' dir='ltr'>siderum</span> <span class='ocrx_word' id='word_1_36' title='bbox 631 516 807 555; x_wconf 88' lang='lat' dir='ltr'>ambitus</span> <span class='ocrx_word' id='word_1_37' title='bbox 837 517 1071 565; x_wconf 74' lang='lat' dir='ltr'>ignorantes</span> <span class='ocrx_word' id='word_1_38' title='bbox 1101 517 1284 555; x_wconf 82' lang='lat' dir='ltr'>liomines</span> <span class='ocrx_word' id='word_1_39' title='bbox 1312 524 1476 567; x_wconf 85' lang='lat' dir='ltr'>praeter</span> <span class='ocrx_word' id='word_1_40' title='bbox 1503 517 1721 556; x_wconf 80' lang='lat' dir='ltr'>admodum</span> <span class='ocrx_word' id='word_1_41' title='bbox 1749 531 1902 570; x_wconf 81' lang='lat' dir='ltr'>paucos</span> 
     </span>
     <span class='ocr_line' id='line_1_6' title="bbox 139 578 1932 631; baseline -0.001 -12"><span class='ocrx_word' id='word_1_42' title='bbox 139 592 275 631; x_wconf 89' lang='lat' dir='ltr'>neque</span> <span class='ocrx_word' id='word_1_43' title='bbox 318 579 480 618; x_wconf 91' lang='lat' dir='ltr'>nomine</span> <span class='ocrx_word' id='word_1_44' title='bbox 521 578 731 629; x_wconf 87' lang='lat' dir='ltr'>appellant</span> <span class='ocrx_word' id='word_1_45' title='bbox 775 591 909 628; x_wconf 82' lang='lat' dir='ltr'>neque</span> <span class='ocrx_word' id='word_1_46' title='bbox 951 579 1054 616; x_wconf 84' lang='lat' dir='ltr'>iuter</span> <span class='ocrx_word' id='word_1_47' title='bbox 1097 592 1142 617; x_wconf 80' lang='lat' dir='ltr'>se</span> <span class='ocrx_word' id='word_1_48' title='bbox 1171 592 1340 617; x_wconf 85' lang='lat' dir='ltr'>numero</span> <span class='ocrx_word' id='word_1_49' title='bbox 1379 582 1704 620; x_wconf 88' lang='lat' dir='ltr'>commetiuntur.</span> <span class='ocrx_word' id='word_1_50' title='bbox 1763 582 1932 631; x_wconf 83' lang='lat' dir='ltr'>ltaque5</span> 
     </span>
     <span class='ocr_line' id='line_1_7' title="bbox 140 640 1899 695; baseline 0 -14"><span class='ocrx_word' id='word_1_51' title='bbox 140 643 329 681; x_wconf 89' lang='lat' dir='ltr'>nesciunt</span> <span class='ocrx_word' id='word_1_52' title='bbox 371 642 443 680; x_wconf 88' lang='lat' dir='ltr'>hos</span> <span class='ocrx_word' id='word_1_53' title='bbox 480 640 661 680; x_wconf 84' lang='lat' dir='ltr'>siderum</span> <span class='ocrx_word' id='word_1_54' title='bbox 704 653 864 679; x_wconf 86' lang='lat' dir='ltr'>errores</span> <span class='ocrx_word' id='word_1_55' title='bbox 905 642 944 679; x_wconf 89' lang='lat' dir='ltr'>id</span> <span class='ocrx_word' id='word_1_56' title='bbox 986 643 1118 692; x_wconf 88' lang='lat' dir='ltr'>ipsum</span> <span class='ocrx_word' id='word_1_57' title='bbox 1152 654 1268 688; x_wconf 75' lang='lat' dir='ltr'>csse,</span> <span class='ocrx_word' id='word_1_58' title='bbox 1301 642 1409 692; x_wconf 88' lang='lat' dir='ltr'>quod</span> <span class='ocrx_word' id='word_1_59' title='bbox 1439 644 1512 681; x_wconf 87' lang='lat' dir='ltr'>rite</span> <span class='ocrx_word' id='word_1_60' title='bbox 1542 642 1688 682; x_wconf 88' lang='lat' dir='ltr'>dicitur</span> <span class='ocrx_word' id='word_1_61' title='bbox 1716 650 1899 695; x_wconf 83' lang='lat' dir='ltr'>teinpus,</span> 
     </span>
     <span class='ocr_line' id='line_1_8' title="bbox 140 703 1902 757; baseline 0 -13"><span class='ocrx_word' id='word_1_62' title='bbox 140 703 397 744; x_wconf 87' lang='lat' dir='ltr'>multitudine</span> <span class='ocrx_word' id='word_1_63' title='bbox 432 704 609 751; x_wconf 88' lang='lat' dir='ltr'>inlinita,</span> <span class='ocrx_word' id='word_1_64' title='bbox 648 704 844 742; x_wconf 86' lang='lat' dir='ltr'>varietate</span> <span class='ocrx_word' id='word_1_65' title='bbox 881 703 1108 742; x_wconf 77' lang='lat' dir='ltr'>admirabili</span> <span class='ocrx_word' id='word_1_66' title='bbox 1149 704 1370 755; x_wconf 87' lang='lat' dir='ltr'>praeditos.</span> <span class='ocrx_word' id='word_1_67' title='bbox 1426 708 1482 744; x_wconf 87' lang='lat' dir='ltr'>Ac</span> <span class='ocrx_word' id='word_1_68' title='bbox 1516 712 1650 744; x_wconf 88' lang='lat' dir='ltr'>tamen</span> <span class='ocrx_word' id='word_1_69' title='bbox 1678 706 1777 745; x_wconf 91' lang='lat' dir='ltr'>illud</span> <span class='ocrx_word' id='word_1_70' title='bbox 1805 719 1902 757; x_wconf 91' lang='lat' dir='ltr'>per-</span> 
     </span>
     <span class='ocr_line' id='line_1_9' title="bbox 141 765 1902 819; baseline 0.001 -13"><span class='ocrx_word' id='word_1_71' title='bbox 141 768 242 819; x_wconf 85' lang='lat' dir='ltr'>spici</span> <span class='ocrx_word' id='word_1_72' title='bbox 281 772 321 806; x_wconf 91' lang='lat' dir='ltr'>et</span> <span class='ocrx_word' id='word_1_73' title='bbox 347 765 513 816; x_wconf 81' lang='lat' dir='ltr'>intelligi</span> <span class='ocrx_word' id='word_1_74' title='bbox 543 771 699 817; x_wconf 88' lang='lat' dir='ltr'>potest,</span> <span class='ocrx_word' id='word_1_75' title='bbox 731 765 918 804; x_wconf 88' lang='lat' dir='ltr'>absoluto</span> <span class='ocrx_word' id='word_1_76' title='bbox 947 766 1212 817; x_wconf 80' lang='lat' dir='ltr'>perfectoque</span> <span class='ocrx_word' id='word_1_77' title='bbox 1242 779 1410 805; x_wconf 90' lang='lat' dir='ltr'>numero</span> <span class='ocrx_word' id='word_1_78' title='bbox 1440 770 1634 819; x_wconf 88' lang='lat' dir='ltr'>temporis</span> <span class='ocrx_word' id='word_1_79' title='bbox 1670 769 1902 808; x_wconf 87' lang='lat' dir='ltr'>absolutum</span> 
     </span>
     <span class='ocr_line' id='line_1_10' title="bbox 140 829 1902 880; baseline 0.001 -11"><span class='ocrx_word' id='word_1_80' title='bbox 140 842 290 869; x_wconf 88' lang='lat' dir='ltr'>annum</span> <span class='ocrx_word' id='word_1_81' title='bbox 327 829 636 880; x_wconf 82' lang='lat' dir='ltr'>perfectumque</span> <span class='ocrx_word' id='word_1_82' title='bbox 675 835 769 867; x_wconf 85' lang='lat' dir='ltr'>tunc</span> <span class='ocrx_word' id='word_1_83' title='bbox 811 829 1004 879; x_wconf 87' lang='lat' dir='ltr'>compleri</span> <span class='ocrx_word' id='word_1_84' title='bbox 1045 829 1244 880; x_wconf 86' lang='lat' dir='ltr'>denique,</span> <span class='ocrx_word' id='word_1_85' title='bbox 1284 842 1375 868; x_wconf 86' lang='lat' dir='ltr'>cum</span> <span class='ocrx_word' id='word_1_86' title='bbox 1405 843 1450 869; x_wconf 92' lang='lat' dir='ltr'>se</span> <span class='ocrx_word' id='word_1_87' title='bbox 1478 838 1568 871; x_wconf 82' lang='lat' dir='ltr'>octo</span> <span class='ocrx_word' id='word_1_88' title='bbox 1596 833 1773 871; x_wconf 85' lang='lat' dir='ltr'>ambitus</span> <span class='ocrx_word' id='word_1_89' title='bbox 1802 845 1902 870; x_wconf 85' lang='lat' dir='ltr'>con-</span> 
     </span>
     <span class='ocr_line' id='line_1_11' title="bbox 140 891 1955 946; baseline 0.002 -16"><span class='ocrx_word' id='word_1_90' title='bbox 140 892 254 931; x_wconf 84' lang='lat' dir='ltr'>sectis</span> <span class='ocrx_word' id='word_1_91' title='bbox 295 893 380 931; x_wconf 89' lang='lat' dir='ltr'>suis</span> <span class='ocrx_word' id='word_1_92' title='bbox 418 892 607 930; x_wconf 81' lang='lat' dir='ltr'>cursibus</span> <span class='ocrx_word' id='word_1_93' title='bbox 636 891 688 931; x_wconf 88' lang='lat' dir='ltr'>ad</span> <span class='ocrx_word' id='word_1_94' title='bbox 715 891 823 930; x_wconf 89' lang='lat' dir='ltr'>idem</span> <span class='ocrx_word' id='word_1_95' title='bbox 854 898 977 942; x_wconf 87' lang='lat' dir='ltr'>caput</span> <span class='ocrx_word' id='word_1_96' title='bbox 1003 892 1232 931; x_wconf 89' lang='lat' dir='ltr'>retulerunt</span> <span class='ocrx_word' id='word_1_97' title='bbox 1259 906 1435 944; x_wconf 88' lang='lat' dir='ltr'>cumque</span> <span class='ocrx_word' id='word_1_98' title='bbox 1464 907 1534 932; x_wconf 86' lang='lat' dir='ltr'>eos</span> <span class='ocrx_word' id='word_1_99' title='bbox 1563 907 1807 946; x_wconf 79' lang='lat' dir='ltr'>permensus</span> <span class='ocrx_word' id='word_1_100' title='bbox 1841 901 1955 938; x_wconf 73' lang='lat' dir='ltr'>estio</span> 
     </span>
     <span class='ocr_line' id='line_1_12' title="bbox 139 953 1902 1007; baseline 0.002 -14"><span class='ocrx_word' id='word_1_101' title='bbox 139 953 248 993; x_wconf 91' lang='lat' dir='ltr'>idem</span> <span class='ocrx_word' id='word_1_102' title='bbox 284 960 324 993; x_wconf 89' lang='lat' dir='ltr'>et</span> <span class='ocrx_word' id='word_1_103' title='bbox 358 966 524 1006; x_wconf 81' lang='lat' dir='ltr'>semper</span> <span class='ocrx_word' id='word_1_104' title='bbox 562 955 623 993; x_wconf 91' lang='lat' dir='ltr'>sui</span> <span class='ocrx_word' id='word_1_105' title='bbox 659 954 800 992; x_wconf 88' lang='lat' dir='ltr'>similis</span> <span class='ocrx_word' id='word_1_106' title='bbox 838 954 962 994; x_wconf 89' lang='lat' dir='ltr'>orbis.</span> <span class='ocrx_word' id='word_1_107' title='bbox 1018 956 1098 993; x_wconf 85' lang='lat' dir='ltr'>Has</span> <span class='ocrx_word' id='word_1_108' title='bbox 1136 955 1255 1005; x_wconf 88' lang='lat' dir='ltr'>igitur</span> <span class='ocrx_word' id='word_1_109' title='bbox 1282 956 1333 994; x_wconf 88' lang='lat' dir='ltr'>ob</span> <span class='ocrx_word' id='word_1_110' title='bbox 1361 969 1507 995; x_wconf 78' lang='lat' dir='ltr'>causas</span> <span class='ocrx_word' id='word_1_111' title='bbox 1536 965 1628 996; x_wconf 85' lang='lat' dir='ltr'>nala</span> <span class='ocrx_word' id='word_1_112' title='bbox 1656 964 1765 997; x_wconf 87' lang='lat' dir='ltr'>astra</span> <span class='ocrx_word' id='word_1_113' title='bbox 1793 965 1902 1007; x_wconf 87' lang='lat' dir='ltr'>sunt,</span> 
     </span>
     <span class='ocr_line' id='line_1_13' title="bbox 141 1016 1905 1068; baseline 0.002 -12"><span class='ocrx_word' id='word_1_114' title='bbox 141 1028 247 1068; x_wconf 88' lang='lat' dir='ltr'>quae</span> <span class='ocrx_word' id='word_1_115' title='bbox 284 1029 358 1068; x_wconf 90' lang='lat' dir='ltr'>per</span> <span class='ocrx_word' id='word_1_116' title='bbox 396 1016 555 1056; x_wconf 86' lang='lat' dir='ltr'>caelum</span> <span class='ocrx_word' id='word_1_117' title='bbox 583 1017 840 1068; x_wconf 75' lang='lat' dir='ltr'>penetrantia</span> <span class='ocrx_word' id='word_1_118' title='bbox 869 1016 1070 1055; x_wconf 84' lang='lat' dir='ltr'>solstitiali</span> <span class='ocrx_word' id='word_1_119' title='bbox 1099 1030 1143 1055; x_wconf 86' lang='lat' dir='ltr'>se</span> <span class='ocrx_word' id='word_1_120' title='bbox 1173 1024 1212 1055; x_wconf 88' lang='lat' dir='ltr'>et</span> <span class='ocrx_word' id='word_1_121' title='bbox 1241 1018 1412 1057; x_wconf 87' lang='lat' dir='ltr'>brumali</span> <span class='ocrx_word' id='word_1_122' title='bbox 1442 1027 1701 1059; x_wconf 79' lang='lat' dir='ltr'>revocatione</span> <span class='ocrx_word' id='word_1_123' title='bbox 1729 1033 1905 1059; x_wconf 82' lang='lat' dir='ltr'>conver-</span> 
     </span>
     <span class='ocr_line' id='line_1_14' title="bbox 141 1079 1903 1134; baseline 0.002 -15"><span class='ocrx_word' id='word_1_124' title='bbox 141 1086 302 1129; x_wconf 86' lang='lat' dir='ltr'>terent,</span> <span class='ocrx_word' id='word_1_125' title='bbox 332 1085 374 1119; x_wconf 88' lang='lat' dir='ltr'>ut</span> <span class='ocrx_word' id='word_1_126' title='bbox 401 1080 475 1118; x_wconf 89' lang='lat' dir='ltr'>hoc</span> <span class='ocrx_word' id='word_1_127' title='bbox 503 1093 622 1119; x_wconf 85' lang='lat' dir='ltr'>omne.</span> <span class='ocrx_word' id='word_1_128' title='bbox 651 1079 822 1129; x_wconf 88' lang='lat' dir='ltr'>animal,</span> <span class='ocrx_word' id='word_1_129' title='bbox 854 1080 964 1130; x_wconf 89' lang='lat' dir='ltr'>quod</span> <span class='ocrx_word' id='word_1_130' title='bbox 992 1080 1204 1130; x_wconf 73' lang='lat' dir='ltr'>videmus,</span> <span class='ocrx_word' id='word_1_131' title='bbox 1235 1087 1347 1120; x_wconf 90' lang='lat' dir='ltr'>esset</span> <span class='ocrx_word' id='word_1_132' title='bbox 1376 1081 1430 1120; x_wconf 92' lang='lat' dir='ltr'>illi</span> <span class='ocrx_word' id='word_1_133' title='bbox 1459 1082 1645 1133; x_wconf 88' lang='lat' dir='ltr'>animali,</span> <span class='ocrx_word' id='word_1_134' title='bbox 1676 1084 1785 1134; x_wconf 87' lang='lat' dir='ltr'>quod</span> <span class='ocrx_word' id='word_1_135' title='bbox 1805 1096 1903 1123; x_wconf 88' lang='lat' dir='ltr'>sen—</span> 
     </span>
     <span class='ocr_line' id='line_1_15' title="bbox 142 1141 1244 1192; baseline 0 -11"><span class='ocrx_word' id='word_1_136' title='bbox 142 1144 290 1192; x_wconf 88' lang='lat' dir='ltr'>timus,</span> <span class='ocrx_word' id='word_1_137' title='bbox 323 1141 374 1181; x_wconf 89' lang='lat' dir='ltr'>ad</span> <span class='ocrx_word' id='word_1_138' title='bbox 402 1143 655 1182; x_wconf 88' lang='lat' dir='ltr'>aeternitatis</span> <span class='ocrx_word' id='word_1_139' title='bbox 683 1143 951 1181; x_wconf 85' lang='lat' dir='ltr'>imitationem</span> <span class='ocrx_word' id='word_1_140' title='bbox 980 1142 1244 1182; x_wconf 88' lang='lat' dir='ltr'>simillimum.</span> 
     </span>
    </p>

    <p class='ocr_par' dir='ltr' id='par_1_3' title="bbox 140 1204 1958 2260">
     <span class='ocr_line' id='line_1_16' title="bbox 241 1204 1955 1260; baseline 0.004 -17"><span class='ocrx_word' id='word_1_141' title='bbox 241 1207 289 1244; x_wconf 84' lang='lat' dir='ltr'>X.</span> <span class='ocrx_word' id='word_1_142' title='bbox 333 1206 382 1244; x_wconf 86' lang='lat' dir='ltr'>Et</span> <span class='ocrx_word' id='word_1_143' title='bbox 409 1213 545 1244; x_wconf 87' lang='lat' dir='ltr'>cetera</span> <span class='ocrx_word' id='word_1_144' title='bbox 575 1204 739 1257; x_wconf 88' lang='lat' dir='ltr'>quidem</span> <span class='ocrx_word' id='word_1_145' title='bbox 773 1217 902 1256; x_wconf 89' lang='lat' dir='ltr'>usque</span> <span class='ocrx_word' id='word_1_146' title='bbox 932 1205 983 1244; x_wconf 89' lang='lat' dir='ltr'>ad</span> <span class='ocrx_word' id='word_1_147' title='bbox 1011 1206 1205 1257; x_wconf 88' lang='lat' dir='ltr'>temporis</span> <span class='ocrx_word' id='word_1_148' title='bbox 1234 1212 1364 1245; x_wconf 86' lang='lat' dir='ltr'>ortum</span> <span class='ocrx_word' id='word_1_149' title='bbox 1388 1219 1586 1258; x_wconf 85' lang='lat' dir='ltr'>expressa</span> <span class='ocrx_word' id='word_1_150' title='bbox 1606 1207 1656 1246; x_wconf 91' lang='lat' dir='ltr'>ab</span> <span class='ocrx_word' id='word_1_151' title='bbox 1677 1207 1777 1258; x_wconf 88' lang='lat' dir='ltr'>illis,</span> <span class='ocrx_word' id='word_1_152' title='bbox 1799 1221 1955 1260; x_wconf 73' lang='lat' dir='ltr'>quaeis</span> 
     </span>
     <span class='ocr_line' id='line_1_17' title="bbox 140 1267 1904 1319; baseline 0.002 -13"><span class='ocrx_word' id='word_1_153' title='bbox 140 1268 398 1317; x_wconf 84' lang='lat' dir='ltr'>imitabatur,</span> <span class='ocrx_word' id='word_1_154' title='bbox 442 1268 684 1317; x_wconf 77' lang='lat' dir='ltr'>eetinxerat,</span> <span class='ocrx_word' id='word_1_155' title='bbox 732 1267 806 1306; x_wconf 84' lang='lat' dir='ltr'>sed</span> <span class='ocrx_word' id='word_1_156' title='bbox 839 1269 934 1319; x_wconf 87' lang='lat' dir='ltr'>quia</span> <span class='ocrx_word' id='word_1_157' title='bbox 972 1267 1153 1306; x_wconf 86' lang='lat' dir='ltr'>nondum</span> <span class='ocrx_word' id='word_1_158' title='bbox 1193 1281 1312 1307; x_wconf 88' lang='lat' dir='ltr'>omne</span> <span class='ocrx_word' id='word_1_159' title='bbox 1350 1269 1496 1308; x_wconf 86' lang='lat' dir='ltr'>animal</span> <span class='ocrx_word' id='word_1_160' title='bbox 1537 1271 1577 1308; x_wconf 91' lang='lat' dir='ltr'>in</span> <span class='ocrx_word' id='word_1_161' title='bbox 1616 1270 1767 1310; x_wconf 88' lang='lat' dir='ltr'>mundo</span> <span class='ocrx_word' id='word_1_162' title='bbox 1796 1272 1904 1310; x_wconf 92' lang='lat' dir='ltr'>intus</span> 
     </span>
     <span class='ocr_line' id='line_1_18' title="bbox 142 1329 1905 1383; baseline 0.003 -15"><span class='ocrx_word' id='word_1_163' title='bbox 142 1330 383 1380; x_wconf 86' lang='lat' dir='ltr'>incluserat,</span> <span class='ocrx_word' id='word_1_164' title='bbox 421 1343 470 1368; x_wconf 80' lang='lat' dir='ltr'>ex</span> <span class='ocrx_word' id='word_1_165' title='bbox 508 1343 555 1369; x_wconf 87' lang='lat' dir='ltr'>ea</span> <span class='ocrx_word' id='word_1_166' title='bbox 583 1336 698 1381; x_wconf 89' lang='lat' dir='ltr'>parte</span> <span class='ocrx_word' id='word_1_167' title='bbox 727 1329 946 1370; x_wconf 74' lang='lat' dir='ltr'>deficiebat</span> <span class='ocrx_word' id='word_1_168' title='bbox 974 1330 1026 1369; x_wconf 88' lang='lat' dir='ltr'>ad</span> <span class='ocrx_word' id='word_1_169' title='bbox 1054 1332 1309 1382; x_wconf 85' lang='lat' dir='ltr'>propositum</span> <span class='ocrx_word' id='word_1_170' title='bbox 1338 1332 1548 1383; x_wconf 82' lang='lat' dir='ltr'>exemplar</span> <span class='ocrx_word' id='word_1_171' title='bbox 1574 1334 1760 1383; x_wconf 79' lang='lat' dir='ltr'>imaginis</span> <span class='ocrx_word' id='word_1_172' title='bbox 1792 1335 1905 1372; x_wconf 86' lang='lat' dir='ltr'>simi-</span> 
     </span>
     <span class='ocr_line' id='line_1_19' title="bbox 141 1392 1905 1447; baseline 0.003 -17"><span class='ocrx_word' id='word_1_173' title='bbox 141 1392 282 1432; x_wconf 91' lang='lat' dir='ltr'>litudo.</span> <span class='ocrx_word' id='word_1_174' title='bbox 339 1394 445 1440; x_wconf 88' lang='lat' dir='ltr'>Quot</span> <span class='ocrx_word' id='word_1_175' title='bbox 483 1394 603 1443; x_wconf 91' lang='lat' dir='ltr'>igitur</span> <span class='ocrx_word' id='word_1_176' title='bbox 640 1399 679 1431; x_wconf 90' lang='lat' dir='ltr'>et</span> <span class='ocrx_word' id='word_1_177' title='bbox 715 1393 858 1444; x_wconf 86' lang='lat' dir='ltr'>quales</span> <span class='ocrx_word' id='word_1_178' title='bbox 895 1392 1127 1432; x_wconf 87' lang='lat' dir='ltr'>animalium</span> <span class='ocrx_word' id='word_1_179' title='bbox 1165 1394 1313 1434; x_wconf 83' lang='lat' dir='ltr'>formas</span> <span class='ocrx_word' id='word_1_180' title='bbox 1341 1407 1458 1433; x_wconf 91' lang='lat' dir='ltr'>mens</span> <span class='ocrx_word' id='word_1_181' title='bbox 1486 1397 1526 1434; x_wconf 91' lang='lat' dir='ltr'>in</span> <span class='ocrx_word' id='word_1_182' title='bbox 1553 1397 1734 1447; x_wconf 85' lang='lat' dir='ltr'>speciem</span> <span class='ocrx_word' id='word_1_183' title='bbox 1770 1409 1905 1436; x_wconf 88' lang='lat' dir='ltr'>rerum</span> 
     </span>
     <span class='ocr_line' id='line_1_20' title="bbox 143 1456 1906 1511; baseline 0.003 -17"><span class='ocrx_word' id='word_1_184' title='bbox 143 1457 307 1495; x_wconf 89' lang='lat' dir='ltr'>intuens</span> <span class='ocrx_word' id='word_1_185' title='bbox 347 1463 505 1508; x_wconf 85' lang='lat' dir='ltr'>poterat</span> <span class='ocrx_word' id='word_1_186' title='bbox 543 1469 738 1505; x_wconf 88' lang='lat' dir='ltr'>cernere,</span> <span class='ocrx_word' id='word_1_187' title='bbox 785 1456 952 1495; x_wconf 89' lang='lat' dir='ltr'>totidem</span> <span class='ocrx_word' id='word_1_188' title='bbox 986 1464 1026 1496; x_wconf 86' lang='lat' dir='ltr'>et</span> <span class='ocrx_word' id='word_1_189' title='bbox 1055 1457 1156 1496; x_wconf 88' lang='lat' dir='ltr'>tales</span> <span class='ocrx_word' id='word_1_190' title='bbox 1186 1458 1226 1496; x_wconf 93' lang='lat' dir='ltr'>in</span> <span class='ocrx_word' id='word_1_191' title='bbox 1255 1457 1329 1496; x_wconf 87' lang='lat' dir='ltr'>boc</span> <span class='ocrx_word' id='word_1_192' title='bbox 1358 1458 1509 1497; x_wconf 89' lang='lat' dir='ltr'>mundo</span> <span class='ocrx_word' id='word_1_193' title='bbox 1538 1471 1678 1498; x_wconf 87' lang='lat' dir='ltr'>secum</span> <span class='ocrx_word' id='word_1_194' title='bbox 1715 1461 1906 1511; x_wconf 82' lang='lat' dir='ltr'>cogitavit</span> 
     </span>
     <span class='ocr_line' id='line_1_21' title="bbox 145 1518 1956 1571; baseline 0.003 -14"><span class='ocrx_word' id='word_1_195' title='bbox 145 1518 352 1569; x_wconf 77' lang='lat' dir='ltr'>effingere.</span> <span class='ocrx_word' id='word_1_196' title='bbox 408 1519 533 1558; x_wconf 87' lang='lat' dir='ltr'>Erant</span> <span class='ocrx_word' id='word_1_197' title='bbox 561 1526 696 1558; x_wconf 88' lang='lat' dir='ltr'>autem</span> <span class='ocrx_word' id='word_1_198' title='bbox 725 1520 990 1558; x_wconf 90' lang='lat' dir='ltr'>animantium</span> <span class='ocrx_word' id='word_1_199' title='bbox 1018 1531 1169 1569; x_wconf 84' lang='lat' dir='ltr'>genera</span> <span class='ocrx_word' id='word_1_200' title='bbox 1199 1526 1413 1571; x_wconf 88' lang='lat' dir='ltr'>quattuor,</span> <span class='ocrx_word' id='word_1_201' title='bbox 1443 1533 1616 1571; x_wconf 86' lang='lat' dir='ltr'>quorum</span> <span class='ocrx_word' id='word_1_202' title='bbox 1647 1534 1768 1561; x_wconf 90' lang='lat' dir='ltr'>unum</span> <span class='ocrx_word' id='word_1_203' title='bbox 1799 1522 1905 1561; x_wconf 86' lang='lat' dir='ltr'>divi-</span> <span class='ocrx_word' id='word_1_204' title='bbox 1919 1536 1956 1564; x_wconf 67' lang='lat'>20</span> 
     </span>
     <span class='ocr_line' id='line_1_22' title="bbox 143 1581 1906 1632; baseline 0.003 -13"><span class='ocrx_word' id='word_1_205' title='bbox 143 1593 240 1620; x_wconf 88' lang='lat' dir='ltr'>num</span> <span class='ocrx_word' id='word_1_206' title='bbox 263 1587 385 1632; x_wconf 88' lang='lat' dir='ltr'>atque</span> <span class='ocrx_word' id='word_1_207' title='bbox 416 1581 620 1630; x_wconf 88' lang='lat' dir='ltr'>caeleste,</span> <span class='ocrx_word' id='word_1_208' title='bbox 651 1581 823 1620; x_wconf 87' lang='lat' dir='ltr'>alterum</span> <span class='ocrx_word' id='word_1_209' title='bbox 853 1583 1110 1632; x_wconf 84' lang='lat' dir='ltr'>pinnigerum</span> <span class='ocrx_word' id='word_1_210' title='bbox 1140 1588 1179 1621; x_wconf 88' lang='lat' dir='ltr'>et</span> <span class='ocrx_word' id='word_1_211' title='bbox 1207 1583 1383 1632; x_wconf 79' lang='lat' dir='ltr'>aerium,</span> <span class='ocrx_word' id='word_1_212' title='bbox 1415 1584 1576 1622; x_wconf 87' lang='lat' dir='ltr'>tertium</span> <span class='ocrx_word' id='word_1_213' title='bbox 1605 1588 1789 1632; x_wconf 78' lang='lat' dir='ltr'>aquatile,</span> <span class='ocrx_word' id='word_1_214' title='bbox 1821 1592 1906 1625; x_wconf 87' lang='lat' dir='ltr'>ter-</span> 
     </span>
     <span class='ocr_line' id='line_1_23' title="bbox 142 1644 1904 1699; baseline 0.003 -17"><span class='ocrx_word' id='word_1_215' title='bbox 142 1650 274 1682; x_wconf 88' lang='lat' dir='ltr'>restre</span> <span class='ocrx_word' id='word_1_216' title='bbox 315 1650 518 1694; x_wconf 86' lang='lat' dir='ltr'>quartum.</span> <span class='ocrx_word' id='word_1_217' title='bbox 575 1644 741 1683; x_wconf 70' lang='lat' dir='ltr'>Divinae</span> <span class='ocrx_word' id='word_1_218' title='bbox 783 1645 1040 1683; x_wconf 85' lang='lat' dir='ltr'>animationis</span> <span class='ocrx_word' id='word_1_219' title='bbox 1080 1646 1254 1683; x_wconf 77' lang='lat' dir='ltr'>maxime</span> <span class='ocrx_word' id='word_1_220' title='bbox 1293 1646 1475 1697; x_wconf 89' lang='lat' dir='ltr'>speciem</span> <span class='ocrx_word' id='word_1_221' title='bbox 1503 1647 1680 1686; x_wconf 81' lang='lat' dir='ltr'>iaciebat</span> <span class='ocrx_word' id='word_1_222' title='bbox 1708 1660 1757 1687; x_wconf 78' lang='lat' dir='ltr'>ex</span> <span class='ocrx_word' id='word_1_223' title='bbox 1786 1650 1904 1699; x_wconf 87' lang='lat' dir='ltr'>igne,</span> 
     </span>
     <span class='ocr_line' id='line_1_24' title="bbox 147 1706 1907 1760; baseline 0.002 -15"><span class='ocrx_word' id='word_1_224' title='bbox 147 1713 190 1745; x_wconf 88' lang='lat' dir='ltr'>ut</span> <span class='ocrx_word' id='word_1_225' title='bbox 218 1713 258 1745; x_wconf 91' lang='lat' dir='ltr'>et</span> <span class='ocrx_word' id='word_1_226' title='bbox 285 1706 648 1757; x_wconf 86' lang='lat' dir='ltr'>splendidissimus</span> <span class='ocrx_word' id='word_1_227' title='bbox 678 1713 788 1745; x_wconf 85' lang='lat' dir='ltr'>esset</span> <span class='ocrx_word' id='word_1_228' title='bbox 816 1713 856 1745; x_wconf 86' lang='lat' dir='ltr'>et</span> <span class='ocrx_word' id='word_1_229' title='bbox 884 1714 1054 1758; x_wconf 87' lang='lat' dir='ltr'>aspectu</span> <span class='ocrx_word' id='word_1_230' title='bbox 1084 1707 1395 1758; x_wconf 80' lang='lat' dir='ltr'>pulcherrimus.</span> <span class='ocrx_word' id='word_1_231' title='bbox 1452 1709 1636 1760; x_wconf 86' lang='lat' dir='ltr'>Cumque</span> <span class='ocrx_word' id='word_1_232' title='bbox 1665 1722 1758 1749; x_wconf 91' lang='lat' dir='ltr'>eum</span> <span class='ocrx_word' id='word_1_233' title='bbox 1792 1711 1907 1750; x_wconf 89' lang='lat' dir='ltr'>simi-</span> 
     </span>
     <span class='ocr_line' id='line_1_25' title="bbox 147 1768 1907 1819; baseline 0.002 -12"><span class='ocrx_word' id='word_1_234' title='bbox 147 1768 227 1807; x_wconf 85' lang='lat' dir='ltr'>lem</span> <span class='ocrx_word' id='word_1_235' title='bbox 257 1770 437 1808; x_wconf 71' lang='lat' dir='ltr'>universi</span> <span class='ocrx_word' id='word_1_236' title='bbox 467 1775 636 1809; x_wconf 86' lang='lat' dir='ltr'>naturae</span> <span class='ocrx_word' id='word_1_237' title='bbox 665 1771 826 1808; x_wconf 80' lang='lat' dir='ltr'>efficere</span> <span class='ocrx_word' id='word_1_238' title='bbox 855 1769 997 1819; x_wconf 74' lang='lat' dir='ltr'>vellet,</span> <span class='ocrx_word' id='word_1_239' title='bbox 1027 1769 1079 1809; x_wconf 87' lang='lat' dir='ltr'>ad</span> <span class='ocrx_word' id='word_1_240' title='bbox 1107 1770 1401 1809; x_wconf 76' lang='lat' dir='ltr'>volubilitatem</span> <span class='ocrx_word' id='word_1_241' title='bbox 1429 1772 1661 1811; x_wconf 79' lang='lat' dir='ltr'>rotundavit</span> <span class='ocrx_word' id='word_1_242' title='bbox 1693 1774 1907 1811; x_wconf 88' lang='lat' dir='ltr'>comitem-</span> 
     </span>
     <span class='ocr_line' id='line_1_26' title="bbox 148 1831 1957 1885; baseline 0.003 -15"><span class='ocrx_word' id='word_1_243' title='bbox 148 1844 228 1883; x_wconf 89' lang='lat' dir='ltr'>que</span> <span class='ocrx_word' id='word_1_244' title='bbox 268 1844 360 1870; x_wconf 89' lang='lat' dir='ltr'>eum</span> <span class='ocrx_word' id='word_1_245' title='bbox 389 1831 614 1883; x_wconf 86' lang='lat' dir='ltr'>sapientiae</span> <span class='ocrx_word' id='word_1_246' title='bbox 643 1843 764 1882; x_wconf 88' lang='lat' dir='ltr'>quam</span> <span class='ocrx_word' id='word_1_247' title='bbox 793 1833 970 1883; x_wconf 84' lang='lat' dir='ltr'>optimae</span> <span class='ocrx_word' id='word_1_248' title='bbox 998 1833 1146 1871; x_wconf 88' lang='lat' dir='ltr'>mentis</span> <span class='ocrx_word' id='word_1_249' title='bbox 1174 1833 1307 1871; x_wconf 81' lang='lat' dir='ltr'>eflecit</span> <span class='ocrx_word' id='word_1_250' title='bbox 1333 1834 1568 1885; x_wconf 84' lang='lat' dir='ltr'>circumque</span> <span class='ocrx_word' id='word_1_251' title='bbox 1598 1846 1716 1872; x_wconf 90' lang='lat' dir='ltr'>omne</span> <span class='ocrx_word' id='word_1_252' title='bbox 1749 1835 1907 1875; x_wconf 88' lang='lat' dir='ltr'>caelum</span> <span class='ocrx_word' id='word_1_253' title='bbox 1921 1848 1957 1876; x_wconf 74' lang='lat'>25</span> 
     </span>
     <span class='ocr_line' id='line_1_27' title="bbox 146 1894 1906 1949; baseline 0.001 -15"><span class='ocrx_word' id='word_1_254' title='bbox 146 1894 373 1946; x_wconf 86' lang='lat' dir='ltr'>aequaliter</span> <span class='ocrx_word' id='word_1_255' title='bbox 419 1894 648 1943; x_wconf 89' lang='lat' dir='ltr'>distribuit,</span> <span class='ocrx_word' id='word_1_256' title='bbox 694 1901 736 1933; x_wconf 91' lang='lat' dir='ltr'>ut</span> <span class='ocrx_word' id='word_1_257' title='bbox 772 1895 877 1933; x_wconf 82' lang='lat' dir='ltr'>hunc</span> <span class='ocrx_word' id='word_1_258' title='bbox 917 1896 1113 1935; x_wconf 74' lang='lat' dir='ltr'>varietate</span> <span class='ocrx_word' id='word_1_259' title='bbox 1149 1895 1383 1934; x_wconf 90' lang='lat' dir='ltr'>distinctum</span> <span class='ocrx_word' id='word_1_260' title='bbox 1419 1896 1527 1936; x_wconf 89' lang='lat' dir='ltr'>bene</span> <span class='ocrx_word' id='word_1_261' title='bbox 1557 1898 1701 1936; x_wconf 89' lang='lat' dir='ltr'>Graeci</span> <span class='ocrx_word' id='word_1_262' title='bbox 1728 1900 1906 1949; x_wconf 65' lang='grc' dir='ltr'>κόψον,</span> 
     </span>
     <span class='ocr_line' id='line_1_28' title="bbox 144 1956 1908 2010; baseline 0.002 -14"><span class='ocrx_word' id='word_1_263' title='bbox 144 1969 220 1997; x_wconf 91' lang='lat' dir='ltr'>nos</span> <span class='ocrx_word' id='word_1_264' title='bbox 248 1957 452 1996; x_wconf 89' lang='lat' dir='ltr'>lucentem</span> <span class='ocrx_word' id='word_1_265' title='bbox 480 1956 676 1996; x_wconf 88' lang='lat' dir='ltr'>mundum</span> <span class='ocrx_word' id='word_1_266' title='bbox 704 1958 1020 1996; x_wconf 85' lang='lat' dir='ltr'>nominaremus.</span> <span class='ocrx_word' id='word_1_267' title='bbox 1075 1957 1194 1996; x_wconf 89' lang='lat' dir='ltr'>Dedit</span> <span class='ocrx_word' id='word_1_268' title='bbox 1220 1963 1356 1996; x_wconf 88' lang='lat' dir='ltr'>antem</span> <span class='ocrx_word' id='word_1_269' title='bbox 1384 1958 1530 1996; x_wconf 80' lang='lat' dir='ltr'>divinis</span> <span class='ocrx_word' id='word_1_270' title='bbox 1548 1958 1628 1998; x_wconf 92' lang='lat' dir='ltr'>duo</span> <span class='ocrx_word' id='word_1_271' title='bbox 1647 1972 1798 2010; x_wconf 90' lang='lat' dir='ltr'>genera</span> <span class='ocrx_word' id='word_1_272' title='bbox 1818 1974 1908 1999; x_wconf 90' lang='lat' dir='ltr'>mo-</span> 
     </span>
     <span class='ocr_line' id='line_1_29' title="bbox 144 2019 1907 2074; baseline 0.002 -15"><span class='ocrx_word' id='word_1_273' title='bbox 144 2026 232 2068; x_wconf 86' lang='lat' dir='ltr'>tus,</span> <span class='ocrx_word' id='word_1_274' title='bbox 262 2032 404 2062; x_wconf 90' lang='lat' dir='ltr'>unum,</span> <span class='ocrx_word' id='word_1_275' title='bbox 437 2019 547 2071; x_wconf 86' lang='lat' dir='ltr'>quod</span> <span class='ocrx_word' id='word_1_276' title='bbox 575 2032 740 2071; x_wconf 89' lang='lat' dir='ltr'>semper</span> <span class='ocrx_word' id='word_1_277' title='bbox 767 2026 879 2058; x_wconf 89' lang='lat' dir='ltr'>esset</span> <span class='ocrx_word' id='word_1_278' title='bbox 906 2021 946 2058; x_wconf 91' lang='lat' dir='ltr'>in</span> <span class='ocrx_word' id='word_1_279' title='bbox 975 2020 1121 2059; x_wconf 91' lang='lat' dir='ltr'>eodem</span> <span class='ocrx_word' id='word_1_280' title='bbox 1152 2022 1177 2070; x_wconf 74' lang='lat'>†</span> <span class='ocrx_word' id='word_1_281' title='bbox 1198 2021 1249 2059; x_wconf 85' lang='lat' dir='ltr'>de</span> <span class='ocrx_word' id='word_1_282' title='bbox 1280 2032 1359 2071; x_wconf 92' lang='lat' dir='ltr'>quo</span> <span class='ocrx_word' id='word_1_283' title='bbox 1390 2027 1429 2060; x_wconf 91' lang='lat' dir='ltr'>et</span> <span class='ocrx_word' id='word_1_284' title='bbox 1447 2020 1556 2059; x_wconf 85' lang='lat' dir='ltr'>idem</span> <span class='ocrx_word' id='word_1_285' title='bbox 1576 2023 1766 2062; x_wconf 83' lang='lat' dir='ltr'>omnibus</span> <span class='ocrx_word' id='word_1_286' title='bbox 1785 2029 1907 2074; x_wconf 89' lang='lat' dir='ltr'>atque</span> 
     </span>
     <span class='ocr_line' id='line_1_30' title="bbox 144 2081 1907 2134; baseline 0.002 -13"><span class='ocrx_word' id='word_1_287' title='bbox 144 2095 224 2121; x_wconf 91' lang='lat' dir='ltr'>uno</span> <span class='ocrx_word' id='word_1_288' title='bbox 252 2081 372 2121; x_wconf 90' lang='lat' dir='ltr'>modo</span> <span class='ocrx_word' id='word_1_289' title='bbox 400 2081 573 2131; x_wconf 88' lang='lat' dir='ltr'>celaret,</span> <span class='ocrx_word' id='word_1_290' title='bbox 603 2082 795 2125; x_wconf 88' lang='lat' dir='ltr'>alterum,</span> <span class='ocrx_word' id='word_1_291' title='bbox 828 2082 940 2133; x_wconf 88' lang='lat' dir='ltr'>quod</span> <span class='ocrx_word' id='word_1_292' title='bbox 966 2084 1006 2120; x_wconf 91' lang='lat' dir='ltr'>in</span> <span class='ocrx_word' id='word_1_293' title='bbox 1040 2084 1212 2121; x_wconf 89' lang='lat' dir='ltr'>anticam</span> <span class='ocrx_word' id='word_1_294' title='bbox 1238 2089 1398 2134; x_wconf 89' lang='lat' dir='ltr'>partem</span> <span class='ocrx_word' id='word_1_295' title='bbox 1435 2096 1457 2122; x_wconf 89' lang='lat' dir='ltr'>a</span> <span class='ocrx_word' id='word_1_296' title='bbox 1494 2086 1762 2123; x_wconf 81' lang='lat' dir='ltr'>conversione</span> <span class='ocrx_word' id='word_1_297' title='bbox 1795 2087 1907 2124; x_wconf 91' lang='lat' dir='ltr'>eius-</span> 
     </span>
     <span class='ocr_line' id='line_1_31' title="bbox 147 2144 1958 2196; baseline 0.002 -13"><span class='ocrx_word' id='word_1_298' title='bbox 147 2145 241 2184; x_wconf 88' lang='lat' dir='ltr'>dem</span> <span class='ocrx_word' id='word_1_299' title='bbox 275 2151 315 2184; x_wconf 93' lang='lat' dir='ltr'>et</span> <span class='ocrx_word' id='word_1_300' title='bbox 355 2144 496 2184; x_wconf 89' lang='lat' dir='ltr'>similis</span> <span class='ocrx_word' id='word_1_301' title='bbox 538 2145 774 2196; x_wconf 89' lang='lat' dir='ltr'>pelleretur.</span> <span class='ocrx_word' id='word_1_302' title='bbox 831 2146 1019 2196; x_wconf 85' lang='lat' dir='ltr'>Quinque</span> <span class='ocrx_word' id='word_1_303' title='bbox 1057 2152 1190 2185; x_wconf 89' lang='lat' dir='ltr'>autem</span> <span class='ocrx_word' id='word_1_304' title='bbox 1232 2145 1400 2196; x_wconf 90' lang='lat' dir='ltr'>reliquis</span> <span class='ocrx_word' id='word_1_305' title='bbox 1437 2146 1613 2185; x_wconf 89' lang='lat' dir='ltr'>motibus</span> <span class='ocrx_word' id='word_1_306' title='bbox 1643 2147 1787 2186; x_wconf 90' lang='lat' dir='ltr'>orbum</span> <span class='ocrx_word' id='word_1_307' title='bbox 1815 2158 1958 2188; x_wconf 80' lang='lat' dir='ltr'>eu11130</span> 
     </span>
     <span class='ocr_line' id='line_1_32' title="bbox 147 2207 1910 2260; baseline 0.001 -13"><span class='ocrx_word' id='word_1_308' title='bbox 147 2207 272 2247; x_wconf 85' lang='lat' dir='ltr'>voluit</span> <span class='ocrx_word' id='word_1_309' title='bbox 310 2219 403 2247; x_wconf 89' lang='lat' dir='ltr'>esse</span> <span class='ocrx_word' id='word_1_310' title='bbox 432 2213 473 2247; x_wconf 92' lang='lat' dir='ltr'>et</span> <span class='ocrx_word' id='word_1_311' title='bbox 500 2214 737 2259; x_wconf 80' lang='lat' dir='ltr'>expertem,</span> <span class='ocrx_word' id='word_1_312' title='bbox 778 2207 1027 2247; x_wconf 85' lang='lat' dir='ltr'>immobilem</span> <span class='ocrx_word' id='word_1_313' title='bbox 1056 2214 1096 2247; x_wconf 91' lang='lat' dir='ltr'>et</span> <span class='ocrx_word' id='word_1_314' title='bbox 1122 2214 1309 2247; x_wconf 86' lang='lat' dir='ltr'>stantem.</span> <span class='ocrx_word' id='word_1_315' title='bbox 1360 2209 1419 2247; x_wconf 78' lang='lat' dir='ltr'>Ex</span> <span class='ocrx_word' id='word_1_316' title='bbox 1447 2220 1527 2260; x_wconf 89' lang='lat' dir='ltr'>quo</span> <span class='ocrx_word' id='word_1_317' title='bbox 1556 2220 1707 2259; x_wconf 80' lang='lat' dir='ltr'>genere</span> <span class='ocrx_word' id='word_1_318' title='bbox 1735 2221 1783 2249; x_wconf 87' lang='lat' dir='ltr'>ea</span> <span class='ocrx_word' id='word_1_319' title='bbox 1814 2216 1910 2250; x_wconf 89' lang='lat' dir='ltr'>sunt</span> 
     </span>
    </p>
   </div>
   <div class='ocr_carea' id='block_1_3' title="bbox 768 2325 996 2331">
    <p class='ocr_par' dir='ltr' id='par_1_4' title="bbox 768 2325 996 2331">
     <span class='ocr_line' id='line_1_33' title="bbox 768 2325 996 2331; baseline 0 0"><span class='ocrx_word' id='word_1_320' title='bbox 768 2325 996 2331; x_wconf 95' lang='lat' dir='ltr'> </span> 
     </span>
    </p>
   </div>
   <div class='ocr_carea' id='block_1_4' title="bbox 146 2400 1912 3337">
    <p class='ocr_par' dir='ltr' id='par_1_5' title="bbox 146 2400 1912 3337">
     <span class='ocr_line' id='line_1_34' title="bbox 235 2400 1910 2442; baseline 0.001 -8"><span class='ocrx_word' id='word_1_321' title='bbox 235 2403 264 2434; x_wconf 81' lang='lat' dir='ltr'>l.</span> <span class='ocrx_word' id='word_1_322' title='bbox 306 2405 465 2442; x_wconf 67' lang='lat' dir='ltr'>generata</span> <span class='ocrx_word' id='word_1_323' title='bbox 508 2400 620 2433; x_wconf 85' lang='lat' dir='ltr'>littera</span> <span class='ocrx_word' id='word_1_324' title='bbox 651 2402 683 2433; x_wconf 91' lang='lat' dir='ltr'>in</span> <span class='ocrx_word' id='word_1_325' title='bbox 722 2401 789 2433; x_wconf 81' lang='lat' dir='ltr'>fine</span> <span class='ocrx_word' id='word_1_326' title='bbox 829 2411 927 2433; x_wconf 86' lang='lat' dir='ltr'>erasa</span> <span class='ocrx_word' id='word_1_327' title='bbox 967 2404 991 2434; x_wconf 82' lang='lat' dir='ltr'><strong>A</strong></span> <span class='ocrx_word' id='word_1_328' title='bbox 1034 2419 1067 2424; x_wconf 91' lang='lat'><strong>—</strong></span> <span class='ocrx_word' id='word_1_329' title='bbox 1108 2403 1317 2433; x_wconf 74' lang='lat' dir='ltr'>circumitum</span> <span class='ocrx_word' id='word_1_330' title='bbox 1357 2402 1432 2433; x_wconf 80' lang='lat' dir='ltr'>AB:</span> <span class='ocrx_word' id='word_1_331' title='bbox 1474 2402 1648 2434; x_wconf 78' lang='lat' dir='ltr'>circuitum</span> <span class='ocrx_word' id='word_1_332' title='bbox 1687 2404 1712 2434; x_wconf 95' lang='grc' dir='ltr'>Ο</span> <span class='ocrx_word' id='word_1_333' title='bbox 1751 2422 1785 2427; x_wconf 92' lang='grc'><strong>-</strong></span> <span class='ocrx_word' id='word_1_334' title='bbox 1826 2405 1910 2436; x_wconf 85' lang='lat' dir='ltr'>obti-</span> 
     </span>
     <span class='ocr_line' id='line_1_35' title="bbox 146 2450 1909 2493; baseline 0.002 -10"><span class='ocrx_word' id='word_1_335' title='bbox 146 2460 236 2483; x_wconf 81' lang='lat' dir='ltr'>mum</span> <span class='ocrx_word' id='word_1_336' title='bbox 260 2453 284 2483; x_wconf 85' lang='lat' dir='ltr'>A</span> <span class='ocrx_word' id='word_1_337' title='bbox 317 2468 351 2473; x_wconf 89' lang='lat'><strong>—</strong></span> <span class='ocrx_word' id='word_1_338' title='bbox 390 2451 422 2482; x_wconf 65' lang='grc' dir='ltr'>Ξ.</span> <span class='ocrx_word' id='word_1_339' title='bbox 454 2450 556 2481; x_wconf 83' lang='lat' dir='ltr'>lustro</span> <span class='ocrx_word' id='word_1_340' title='bbox 581 2459 670 2482; x_wconf 91' lang='lat' dir='ltr'>corr.</span> <span class='ocrx_word' id='word_1_341' title='bbox 698 2451 732 2482; x_wconf 88' lang='lat' dir='ltr'>in</span> <span class='ocrx_word' id='word_1_342' title='bbox 755 2452 895 2484; x_wconf 79' lang='lat' dir='ltr'>lustrato</span> <span class='ocrx_word' id='word_1_343' title='bbox 919 2454 943 2485; x_wconf 93' lang='lat' dir='ltr'>C</span> <span class='ocrx_word' id='word_1_344' title='bbox 983 2470 1016 2475; x_wconf 80' lang='lat'>—</span> <span class='ocrx_word' id='word_1_345' title='bbox 1054 2454 1084 2484; x_wconf 83' lang='lat'>5.</span> <span class='ocrx_word' id='word_1_346' title='bbox 1121 2453 1252 2484; x_wconf 80' lang='lat' dir='ltr'>nomine</span> <span class='ocrx_word' id='word_1_347' title='bbox 1283 2453 1387 2484; x_wconf 86' lang='lat' dir='ltr'>Henr.</span> <span class='ocrx_word' id='word_1_348' title='bbox 1413 2453 1610 2493; x_wconf 84' lang='lat' dir='ltr'>Stephanus</span> <span class='ocrx_word' id='word_1_349' title='bbox 1635 2456 1669 2485; x_wconf 86' lang='lat' dir='ltr'>et</span> <span class='ocrx_word' id='word_1_350' title='bbox 1693 2453 1770 2485; x_wconf 89' lang='lat' dir='ltr'>cod.</span> <span class='ocrx_word' id='word_1_351' title='bbox 1798 2455 1909 2486; x_wconf 80' lang='lat' dir='ltr'>Mem-</span> 
     </span>
     <span class='ocr_line' id='line_1_36' title="bbox 147 2500 1910 2542; baseline 0.001 -9"><span class='ocrx_word' id='word_1_352' title='bbox 147 2502 299 2534; x_wconf 87' lang='lat' dir='ltr'>mianus:</span> <span class='ocrx_word' id='word_1_353' title='bbox 335 2509 451 2532; x_wconf 80' lang='lat' dir='ltr'>nomen</span> <span class='ocrx_word' id='word_1_354' title='bbox 487 2501 582 2532; x_wconf 88' lang='lat' dir='ltr'>CEG</span> <span class='ocrx_word' id='word_1_355' title='bbox 621 2518 655 2524; x_wconf 91' lang='lat'><em>-</em></span> <span class='ocrx_word' id='word_1_356' title='bbox 692 2501 723 2532; x_wconf 90' lang='lat'>7.</span> <span class='ocrx_word' id='word_1_357' title='bbox 755 2503 910 2541; x_wconf 81' lang='lat' dir='ltr'>praedito</span> <span class='ocrx_word' id='word_1_358' title='bbox 944 2502 996 2540; x_wconf 50' lang='lat'>5⁷¹,</span> <span class='ocrx_word' id='word_1_359' title='bbox 1030 2503 1219 2542; x_wconf 82' lang='lat' dir='ltr'>praeditum</span> <span class='ocrx_word' id='word_1_360' title='bbox 1255 2500 1333 2533; x_wconf 86' lang='lat' dir='ltr'>Gv·-·</span> <span class='ocrx_word' id='word_1_361' title='bbox 1367 2518 1402 2523; x_wconf 95' lang='lat'><strong>—</strong></span> <span class='ocrx_word' id='word_1_362' title='bbox 1440 2510 1481 2533; x_wconf 86' lang='lat' dir='ltr'>ac</span> <span class='ocrx_word' id='word_1_363' title='bbox 1514 2505 1623 2534; x_wconf 82' lang='lat' dir='ltr'>tamen</span> <span class='ocrx_word' id='word_1_364' title='bbox 1655 2503 1732 2535; x_wconf 84' lang='lat' dir='ltr'>CE:</span> <span class='ocrx_word' id='word_1_365' title='bbox 1763 2506 1910 2535; x_wconf 76' lang='lat' dir='ltr'>attamen</span> 
     </span>
     <span class='ocr_line' id='line_1_37' title="bbox 149 2549 1908 2592; baseline 0.001 -9"><span class='ocrx_word' id='word_1_366' title='bbox 149 2551 221 2583; x_wconf 90' lang='lat' dir='ltr'>GO.</span> <span class='ocrx_word' id='word_1_367' title='bbox 259 2550 309 2583; x_wconf 79' lang='lat' dir='ltr'>Cf.</span> <span class='ocrx_word' id='word_1_368' title='bbox 346 2549 567 2590; x_wconf 85' lang='lat' dir='ltr'>Wesenberg</span> <span class='ocrx_word' id='word_1_369' title='bbox 601 2559 656 2591; x_wconf 87' lang='lat' dir='ltr'>ap.</span> <span class='ocrx_word' id='word_1_370' title='bbox 692 2550 900 2591; x_wconf 77' lang='lat' dir='ltr'>Madvigium</span> <span class='ocrx_word' id='word_1_371' title='bbox 936 2552 980 2583; x_wconf 86' lang='lat' dir='ltr'>ad</span> <span class='ocrx_word' id='word_1_372' title='bbox 1005 2554 1076 2584; x_wconf 87' lang='lat' dir='ltr'>Cic.</span> <span class='ocrx_word' id='word_1_373' title='bbox 1102 2552 1146 2584; x_wconf 89' lang='lat' dir='ltr'>de</span> <span class='ocrx_word' id='word_1_374' title='bbox 1173 2551 1267 2583; x_wconf 81' lang='lat' dir='ltr'>finib.</span> <span class='ocrx_word' id='word_1_375' title='bbox 1294 2560 1328 2592; x_wconf 90' lang='lat' dir='ltr'>p.</span> <span class='ocrx_word' id='word_1_376' title='bbox 1354 2552 1428 2583; x_wconf 74' lang='lat'>⁶289.</span> <span class='ocrx_word' id='word_1_377' title='bbox 1456 2552 1543 2584; x_wconf 78' lang='lat' dir='ltr'>Add.</span> <span class='ocrx_word' id='word_1_378' title='bbox 1574 2570 1608 2575; x_wconf 91' lang='lat'>—</span> <span class='ocrx_word' id='word_1_379' title='bbox 1635 2552 1665 2584; x_wconf 91' lang='lat'>8.</span> <span class='ocrx_word' id='word_1_380' title='bbox 1691 2556 1720 2584; x_wconf 88' lang='lat' dir='ltr'>et</span> <span class='ocrx_word' id='word_1_381' title='bbox 1744 2562 1834 2585; x_wconf 90' lang='lat' dir='ltr'>corr.</span> <span class='ocrx_word' id='word_1_382' title='bbox 1866 2562 1908 2585; x_wconf 82' lang='lat' dir='ltr'>ex</span> 
     </span>
     <span class='ocr_line' id='line_1_38' title="bbox 148 2600 1904 2643; baseline 0.001 -11"><span class='ocrx_word' id='word_1_383' title='bbox 148 2609 234 2641; x_wconf 82' lang='lat' dir='ltr'>quae</span> <span class='ocrx_word' id='word_1_384' title='bbox 268 2602 292 2633; x_wconf 92' lang='lat' dir='ltr'><strong>B</strong></span> <span class='ocrx_word' id='word_1_385' title='bbox 330 2618 364 2622; x_wconf 98' lang='lat'><strong>—</strong></span> <span class='ocrx_word' id='word_1_386' title='bbox 405 2600 435 2631; x_wconf 83' lang='grc'>9.</span> <span class='ocrx_word' id='word_1_387' title='bbox 472 2609 597 2631; x_wconf 80' lang='lat' dir='ltr'>annum</span> <span class='ocrx_word' id='word_1_388' title='bbox 625 2600 870 2640; x_wconf 81' lang='lat' dir='ltr'>perfectumque</span> <span class='ocrx_word' id='word_1_389' title='bbox 907 2602 1019 2633; x_wconf 88' lang='lat' dir='ltr'>CEG:</span> <span class='ocrx_word' id='word_1_390' title='bbox 1059 2603 1302 2642; x_wconf 73' lang='lat' dir='ltr'>perfectumque</span> <span class='ocrx_word' id='word_1_391' title='bbox 1341 2611 1466 2633; x_wconf 83' lang='lat' dir='ltr'>annum</span> <span class='ocrx_word' id='word_1_392' title='bbox 1512 2603 1537 2634; x_wconf 95' lang='lat' dir='ltr'>O</span> <span class='ocrx_word' id='word_1_393' title='bbox 1579 2620 1612 2624; x_wconf 81' lang='lat'>—</span> <span class='ocrx_word' id='word_1_394' title='bbox 1654 2603 1792 2643; x_wconf 77' lang='lat' dir='ltr'>denique</span> <span class='ocrx_word' id='word_1_395' title='bbox 1829 2604 1904 2635; x_wconf 85' lang='lat' dir='ltr'>CE:</span> 
     </span>
     <span class='ocr_line' id='line_1_39' title="bbox 148 2649 1904 2692; baseline 0.002 -9"><span class='ocrx_word' id='word_1_396' title='bbox 148 2651 262 2683; x_wconf 83' lang='lat' dir='ltr'>deinde</span> <span class='ocrx_word' id='word_1_397' title='bbox 285 2652 332 2689; x_wconf 87' lang='lat' dir='ltr'>G,</span> <span class='ocrx_word' id='word_1_398' title='bbox 369 2650 499 2682; x_wconf 81' lang='lat' dir='ltr'>demum</span> <span class='ocrx_word' id='word_1_399' title='bbox 524 2657 632 2689; x_wconf 82' lang='lat' dir='ltr'>marg.</span> <span class='ocrx_word' id='word_1_400' title='bbox 660 2649 698 2681; x_wconf 90' lang='lat' dir='ltr'>V.</span> <span class='ocrx_word' id='word_1_401' title='bbox 739 2665 773 2672; x_wconf 86' lang='lat'>-</span> <span class='ocrx_word' id='word_1_402' title='bbox 814 2651 864 2681; x_wconf 76' lang='lat' dir='ltr'>to.</span> <span class='ocrx_word' id='word_1_403' title='bbox 890 2651 1062 2683; x_wconf 81' lang='lat' dir='ltr'>retulerint</span> <span class='ocrx_word' id='word_1_404' title='bbox 1085 2649 1158 2683; x_wconf 78' lang='lat' dir='ltr'>A²E</span> <span class='ocrx_word' id='word_1_405' title='bbox 1195 2669 1229 2673; x_wconf 97' lang='lat'><strong>—</strong></span> <span class='ocrx_word' id='word_1_406' title='bbox 1269 2652 1320 2683; x_wconf 76' lang='lat'>⁴3.</span> <span class='ocrx_word' id='word_1_407' title='bbox 1347 2652 1432 2690; x_wconf 84' lang='lat' dir='ltr'>quod</span> <span class='ocrx_word' id='word_1_408' title='bbox 1456 2651 1612 2683; x_wconf 78' lang='lat' dir='ltr'>A¹EGV2</span> <span class='ocrx_word' id='word_1_409' title='bbox 1641 2654 1740 2692; x_wconf 81' lang='lat' dir='ltr'>quaid</span> <span class='ocrx_word' id='word_1_410' title='bbox 1767 2651 1843 2686; x_wconf 76' lang='lat' dir='ltr'>A²B</span> <span class='ocrx_word' id='word_1_411' title='bbox 1870 2671 1904 2676; x_wconf 91' lang='lat'>-</span> 
     </span>
     <span class='ocr_line' id='line_1_40' title="bbox 149 2700 1909 2745; baseline 0.002 -13"><span class='ocrx_word' id='word_1_412' title='bbox 149 2702 201 2732; x_wconf 77' lang='lat'>⁴5.</span> <span class='ocrx_word' id='word_1_413' title='bbox 226 2709 384 2741; x_wconf 62' lang='lat' dir='ltr'>expressa</span> <span class='ocrx_word' id='word_1_414' title='bbox 409 2700 512 2732; x_wconf 84' lang='lat' dir='ltr'>Henr.</span> <span class='ocrx_word' id='word_1_415' title='bbox 539 2700 755 2740; x_wconf 82' lang='lat' dir='ltr'>Stephanus:</span> <span class='ocrx_word' id='word_1_416' title='bbox 782 2701 941 2741; x_wconf 75' lang='lat' dir='ltr'>impressa</span> <span class='ocrx_word' id='word_1_417' title='bbox 965 2702 1057 2733; x_wconf 84' lang='lat' dir='ltr'>CEG</span> <span class='ocrx_word' id='word_1_418' title='bbox 1084 2719 1118 2725; x_wconf 95' lang='lat'>-</span> <span class='ocrx_word' id='word_1_419' title='bbox 1146 2702 1197 2733; x_wconf 74' lang='lat'>46.</span> <span class='ocrx_word' id='word_1_420' title='bbox 1216 2703 1398 2742; x_wconf 59' lang='lat' dir='ltr'>ecfinaeerat</span> <span class='ocrx_word' id='word_1_421' title='bbox 1420 2704 1463 2734; x_wconf 79' lang='lat' dir='ltr'>A:</span> <span class='ocrx_word' id='word_1_422' title='bbox 1489 2706 1518 2734; x_wconf 88' lang='lat' dir='ltr'>et</span> <span class='ocrx_word' id='word_1_423' title='bbox 1538 2703 1685 2743; x_wconf 67' lang='lat' dir='ltr'>finxerat</span> <span class='ocrx_word' id='word_1_424' title='bbox 1709 2704 1789 2743; x_wconf 89' lang='lat' dir='ltr'>GV,</span> <span class='ocrx_word' id='word_1_425' title='bbox 1815 2704 1909 2745; x_wconf 80' lang='lat' dir='ltr'>effin-</span> 
     </span>
     <span class='ocr_line' id='line_1_41' title="bbox 148 2750 1907 2792; baseline 0.002 -10"><span class='ocrx_word' id='word_1_426' title='bbox 148 2755 249 2783; x_wconf 75' lang='lat' dir='ltr'>xerat</span> <span class='ocrx_word' id='word_1_427' title='bbox 284 2751 358 2788; x_wconf 84' lang='grc' dir='ltr'>ΒΟ,</span> <span class='ocrx_word' id='word_1_428' title='bbox 395 2754 425 2782; x_wconf 86' lang='lat' dir='ltr'>et</span> <span class='ocrx_word' id='word_1_429' title='bbox 459 2750 638 2791; x_wconf 72' lang='lat' dir='ltr'>effinxerat</span> <span class='ocrx_word' id='word_1_430' title='bbox 674 2751 698 2782; x_wconf 86' lang='lat' dir='ltr'>E</span> <span class='ocrx_word' id='word_1_431' title='bbox 733 2768 775 2773; x_wconf 91' lang='lat'>--</span> <span class='ocrx_word' id='word_1_432' title='bbox 810 2751 861 2782; x_wconf 74' lang='lat'>48.</span> <span class='ocrx_word' id='word_1_433' title='bbox 904 2755 981 2791; x_wconf 81' lang='lat' dir='ltr'>quot</span> <span class='ocrx_word' id='word_1_434' title='bbox 1005 2760 1094 2783; x_wconf 90' lang='lat' dir='ltr'>corr.</span> <span class='ocrx_word' id='word_1_435' title='bbox 1122 2761 1163 2783; x_wconf 84' lang='lat' dir='ltr'>ex</span> <span class='ocrx_word' id='word_1_436' title='bbox 1188 2752 1274 2791; x_wconf 83' lang='lat' dir='ltr'>quod</span> <span class='ocrx_word' id='word_1_437' title='bbox 1298 2752 1321 2783; x_wconf 91' lang='lat' dir='ltr'>B</span> <span class='ocrx_word' id='word_1_438' title='bbox 1353 2769 1386 2773; x_wconf 97' lang='lat'><strong>—</strong></span> <span class='ocrx_word' id='word_1_439' title='bbox 1427 2752 1478 2783; x_wconf 74' lang='lat'>2⁴.</span> <span class='ocrx_word' id='word_1_440' title='bbox 1508 2752 1719 2792; x_wconf 66' lang='lat' dir='ltr'>pinnigerum</span> <span class='ocrx_word' id='word_1_441' title='bbox 1747 2753 1907 2785; x_wconf 84' lang='lat' dir='ltr'>A¹BGV:</span> 
     </span>
     <span class='ocr_line' id='line_1_42' title="bbox 147 2796 1910 2842; baseline 0.002 -11"><span class='ocrx_word' id='word_1_442' title='bbox 147 2801 346 2840; x_wconf 76' lang='lat' dir='ltr'>pimiqerum</span> <span class='ocrx_word' id='word_1_443' title='bbox 384 2800 427 2838; x_wconf 84' lang='lat' dir='ltr'>E,</span> <span class='ocrx_word' id='word_1_444' title='bbox 461 2800 677 2840; x_wconf 69' lang='lat' dir='ltr'>pennigerum</span> <span class='ocrx_word' id='word_1_445' title='bbox 715 2796 789 2831; x_wconf 72' lang='lat' dir='ltr'>A²O</span> <span class='ocrx_word' id='word_1_446' title='bbox 825 2816 859 2822; x_wconf 90' lang='lat'>—-</span> <span class='ocrx_word' id='word_1_447' title='bbox 894 2804 922 2831; x_wconf 84' lang='lat' dir='ltr'>et</span> <span class='ocrx_word' id='word_1_448' title='bbox 957 2802 1086 2832; x_wconf 79' lang='lat' dir='ltr'>aerium</span> <span class='ocrx_word' id='word_1_449' title='bbox 1120 2800 1244 2833; x_wconf 72' lang='lat' dir='ltr'>A²BV:</span> <span class='ocrx_word' id='word_1_450' title='bbox 1282 2806 1310 2833; x_wconf 88' lang='lat' dir='ltr'>et</span> <span class='ocrx_word' id='word_1_451' title='bbox 1340 2804 1470 2834; x_wconf 84' lang='lat' dir='ltr'>acrium</span> <span class='ocrx_word' id='word_1_452' title='bbox 1499 2802 1534 2838; x_wconf 79' lang='lat' dir='ltr'>E.</span> <span class='ocrx_word' id='word_1_453' title='bbox 1560 2806 1589 2833; x_wconf 88' lang='lat' dir='ltr'>et</span> <span class='ocrx_word' id='word_1_454' title='bbox 1613 2804 1718 2834; x_wconf 76' lang='lat' dir='ltr'>eriam</span> <span class='ocrx_word' id='word_1_455' title='bbox 1743 2803 1792 2842; x_wconf 58' lang='grc' dir='ltr'>ΑΙ,</span> <span class='ocrx_word' id='word_1_456' title='bbox 1824 2805 1910 2836; x_wconf 78' lang='lat' dir='ltr'>ethe-</span> 
     </span>
     <span class='ocr_line' id='line_1_43' title="bbox 149 2848 1910 2893; baseline 0.002 -12"><span class='ocrx_word' id='word_1_457' title='bbox 149 2859 244 2881; x_wconf 83' lang='lat' dir='ltr'>reum</span> <span class='ocrx_word' id='word_1_458' title='bbox 267 2851 292 2881; x_wconf 93' lang='lat' dir='ltr'>G</span> <span class='ocrx_word' id='word_1_459' title='bbox 331 2867 366 2872; x_wconf 94' lang='lat'>—</span> <span class='ocrx_word' id='word_1_460' title='bbox 402 2849 549 2888; x_wconf 74' lang='lat' dir='ltr'>aquatile</span> <span class='ocrx_word' id='word_1_461' title='bbox 572 2848 777 2880; x_wconf 87' lang='lat' dir='ltr'>Lambinus:</span> <span class='ocrx_word' id='word_1_462' title='bbox 820 2858 889 2880; x_wconf 90' lang='lat' dir='ltr'>om.</span> <span class='ocrx_word' id='word_1_463' title='bbox 917 2850 1010 2881; x_wconf 88' lang='lat' dir='ltr'>CEG</span> <span class='ocrx_word' id='word_1_464' title='bbox 1047 2868 1082 2873; x_wconf 92' lang='lat'><em>-</em></span> <span class='ocrx_word' id='word_1_465' title='bbox 1119 2851 1171 2883; x_wconf 68' lang='lat'>22.</span> <span class='ocrx_word' id='word_1_466' title='bbox 1208 2853 1282 2893; x_wconf 74' lang='lat' dir='ltr'>iqne</span> <span class='ocrx_word' id='word_1_467' title='bbox 1315 2851 1442 2883; x_wconf 76' lang='lat' dir='ltr'>A¹GV:</span> <span class='ocrx_word' id='word_1_468' title='bbox 1480 2853 1548 2893; x_wconf 75' lang='lat' dir='ltr'>iqui</span> <span class='ocrx_word' id='word_1_469' title='bbox 1583 2850 1686 2884; x_wconf 82' lang='lat' dir='ltr'><strong>A²BE</strong></span> <span class='ocrx_word' id='word_1_470' title='bbox 1726 2870 1758 2875; x_wconf 98' lang='lat'><strong>—</strong></span> <span class='ocrx_word' id='word_1_471' title='bbox 1796 2853 1848 2885; x_wconf 75' lang='lat'>23.</span> <span class='ocrx_word' id='word_1_472' title='bbox 1874 2858 1910 2885; x_wconf 75' lang='lat' dir='ltr'>ut</span> 
     </span>
     <span class='ocr_line' id='line_1_44' title="bbox 151 2896 1910 2936; baseline 0.002 -5"><span class='ocrx_word' id='word_1_473' title='bbox 151 2903 181 2931; x_wconf 89' lang='lat' dir='ltr'>et</span> <span class='ocrx_word' id='word_1_474' title='bbox 204 2897 362 2931; x_wconf 74' lang='lat' dir='ltr'>A213Ev2</span> <span class='ocrx_word' id='word_1_475' title='bbox 389 2902 420 2932; x_wconf 87' lang='lat' dir='ltr'>et</span> <span class='ocrx_word' id='word_1_476' title='bbox 442 2896 493 2936; x_wconf 81' lang='lat' dir='ltr'>A¹,</span> <span class='ocrx_word' id='word_1_477' title='bbox 519 2903 553 2930; x_wconf 85' lang='lat' dir='ltr'>ut</span> <span class='ocrx_word' id='word_1_478' title='bbox 578 2900 621 2935; x_wconf 78' lang='lat' dir='ltr'>G,</span> <span class='ocrx_word' id='word_1_479' title='bbox 649 2900 696 2930; x_wconf 86' lang='lat' dir='ltr'>ita</span> <span class='ocrx_word' id='word_1_480' title='bbox 719 2903 754 2930; x_wconf 84' lang='lat' dir='ltr'>ut</span> <span class='ocrx_word' id='word_1_481' title='bbox 771 2900 795 2930; x_wconf 96' lang='lat' dir='ltr'>O</span> <span class='ocrx_word' id='word_1_482' title='bbox 816 2917 850 2921; x_wconf 97' lang='lat'><strong>—</strong></span> <span class='ocrx_word' id='word_1_483' title='bbox 870 2899 923 2931; x_wconf 72' lang='lat'>23.</span> <span class='ocrx_word' id='word_1_484' title='bbox 950 2908 1023 2931; x_wconf 82' lang='lat' dir='ltr'>eum</span> <span class='ocrx_word' id='word_1_485' title='bbox 1039 2901 1152 2932; x_wconf 82' lang='lat' dir='ltr'>CEG:</span> <span class='ocrx_word' id='word_1_486' title='bbox 1179 2910 1248 2932; x_wconf 91' lang='lat' dir='ltr'>om.</span> <span class='ocrx_word' id='word_1_487' title='bbox 1268 2902 1293 2932; x_wconf 94' lang='lat' dir='ltr'>O</span> <span class='ocrx_word' id='word_1_488' title='bbox 1314 2919 1348 2923; x_wconf 97' lang='lat'><strong>—</strong></span> <span class='ocrx_word' id='word_1_489' title='bbox 1374 2901 1427 2933; x_wconf 63' lang='grc' dir='ltr'>Ἡ.</span> <span class='ocrx_word' id='word_1_490' title='bbox 1453 2902 1602 2933; x_wconf 78' lang='lat' dir='ltr'>uniuersi</span> <span class='ocrx_word' id='word_1_491' title='bbox 1619 2901 1732 2933; x_wconf 86' lang='lat' dir='ltr'>CEG:</span> <span class='ocrx_word' id='word_1_492' title='bbox 1748 2903 1910 2934; x_wconf 76' lang='lat' dir='ltr'>universi-</span> 
     </span>
     <span class='ocr_line' id='line_1_45' title="bbox 152 2949 1906 2991; baseline 0.003 -11"><span class='ocrx_word' id='word_1_493' title='bbox 152 2950 229 2980; x_wconf 85' lang='lat' dir='ltr'>tatis</span> <span class='ocrx_word' id='word_1_494' title='bbox 262 2949 287 2980; x_wconf 93' lang='grc' dir='ltr'>Ο</span> <span class='ocrx_word' id='word_1_495' title='bbox 322 2967 363 2973; x_wconf 91' lang='lat'>-</span> <span class='ocrx_word' id='word_1_496' title='bbox 420 2953 545 2980; x_wconf 83' lang='lat' dir='ltr'>natura</span> <span class='ocrx_word' id='word_1_497' title='bbox 570 2949 663 2980; x_wconf 85' lang='lat' dir='ltr'>CEG</span> <span class='ocrx_word' id='word_1_498' title='bbox 701 2966 736 2970; x_wconf 84' lang='lat'>—-</span> <span class='ocrx_word' id='word_1_499' title='bbox 774 2949 825 2980; x_wconf 68' lang='lat'>25.</span> <span class='ocrx_word' id='word_1_500' title='bbox 862 2950 1042 2989; x_wconf 81' lang='lat' dir='ltr'>sapientiae</span> <span class='ocrx_word' id='word_1_501' title='bbox 1071 2959 1171 2990; x_wconf 85' lang='lat' dir='ltr'>quam</span> <span class='ocrx_word' id='word_1_502' title='bbox 1206 2950 1412 2982; x_wconf 84' lang='lat' dir='ltr'>Lambinus:</span> <span class='ocrx_word' id='word_1_503' title='bbox 1448 2952 1708 2991; x_wconf 78' lang='lat' dir='ltr'>sapientiamque</span> <span class='ocrx_word' id='word_1_504' title='bbox 1741 2953 1833 2985; x_wconf 87' lang='lat' dir='ltr'>CEG</span> <span class='ocrx_word' id='word_1_505' title='bbox 1873 2971 1906 2976; x_wconf 98' lang='lat'><strong>—</strong></span> 
     </span>
     <span class='ocr_line' id='line_1_46' title="bbox 156 2996 1910 3042; baseline 0.002 -12"><span class='ocrx_word' id='word_1_506' title='bbox 156 2999 298 3038; x_wconf 80' lang='lat' dir='ltr'>optimae</span> <span class='ocrx_word' id='word_1_507' title='bbox 336 2999 380 3030; x_wconf 87' lang='lat' dir='ltr'>B:</span> <span class='ocrx_word' id='word_1_508' title='bbox 418 3000 534 3031; x_wconf 81' lang='lat' dir='ltr'>obtime</span> <span class='ocrx_word' id='word_1_509' title='bbox 574 3002 619 3037; x_wconf 85' lang='grc' dir='ltr'>Α,</span> <span class='ocrx_word' id='word_1_510' title='bbox 663 3000 780 3038; x_wconf 81' lang='lat' dir='ltr'>optime</span> <span class='ocrx_word' id='word_1_511' title='bbox 817 2999 914 3031; x_wconf 87' lang='lat' dir='ltr'>EGV</span> <span class='ocrx_word' id='word_1_512' title='bbox 959 3018 992 3022; x_wconf 91' lang='lat'>—</span> <span class='ocrx_word' id='word_1_513' title='bbox 1040 3002 1143 3040; x_wconf 82' lang='lat' dir='ltr'>effecit</span> <span class='ocrx_word' id='word_1_514' title='bbox 1178 3002 1202 3031; x_wconf 74' lang='lat' dir='ltr'>A</span> <span class='ocrx_word' id='word_1_515' title='bbox 1215 2996 1301 3030; x_wconf 69' lang='lat'><strong>3²13:</strong></span> <span class='ocrx_word' id='word_1_516' title='bbox 1343 2999 1440 3039; x_wconf 79' lang='lat' dir='ltr'>efficit</span> <span class='ocrx_word' id='word_1_517' title='bbox 1478 2998 1582 3039; x_wconf 85' lang='lat' dir='ltr'>B¹V¹‚</span> <span class='ocrx_word' id='word_1_518' title='bbox 1619 3001 1722 3042; x_wconf 73' lang='lat' dir='ltr'>afficit</span> <span class='ocrx_word' id='word_1_519' title='bbox 1756 3003 1831 3033; x_wconf 80' lang='lat' dir='ltr'>GV2</span> <span class='ocrx_word' id='word_1_520' title='bbox 1868 3020 1910 3024; x_wconf 91' lang='lat'>—</span> 
     </span>
     <span class='ocr_line' id='line_1_47' title="bbox 155 3049 1911 3082; baseline 0.002 -4"><span class='ocrx_word' id='word_1_521' title='bbox 155 3056 250 3079; x_wconf 76' lang='lat' dir='ltr'>mnne</span> <span class='ocrx_word' id='word_1_522' title='bbox 287 3056 356 3080; x_wconf 92' lang='lat' dir='ltr'>om.</span> <span class='ocrx_word' id='word_1_523' title='bbox 399 3050 424 3080; x_wconf 93' lang='lat' dir='ltr'>G</span> <span class='ocrx_word' id='word_1_524' title='bbox 464 3067 507 3072; x_wconf 93' lang='lat'>—-</span> <span class='ocrx_word' id='word_1_525' title='bbox 545 3049 598 3080; x_wconf 67' lang='lat'>26.</span> <span class='ocrx_word' id='word_1_526' title='bbox 639 3049 724 3080; x_wconf 82' lang='lat' dir='ltr'>hunc</span> <span class='ocrx_word' id='word_1_527' title='bbox 762 3049 872 3080; x_wconf 90' lang='lat' dir='ltr'>CEG:</span> <span class='ocrx_word' id='word_1_528' title='bbox 913 3050 998 3081; x_wconf 82' lang='lat' dir='ltr'>hunc</span> <span class='ocrx_word' id='word_1_529' title='bbox 1034 3051 1095 3082; x_wconf 80' lang='lat' dir='ltr'>hac</span> <span class='ocrx_word' id='word_1_530' title='bbox 1135 3052 1159 3081; x_wconf 93' lang='lat' dir='ltr'>O</span> <span class='ocrx_word' id='word_1_531' title='bbox 1208 3067 1242 3072; x_wconf 97' lang='lat'><strong>—</strong></span> <span class='ocrx_word' id='word_1_532' title='bbox 1279 3058 1409 3081; x_wconf 82' lang='lat' dir='ltr'>cosmon</span> <span class='ocrx_word' id='word_1_533' title='bbox 1447 3050 1540 3082; x_wconf 86' lang='lat' dir='ltr'>CEG</span> <span class='ocrx_word' id='word_1_534' title='bbox 1580 3069 1614 3074; x_wconf 81' lang='lat'>—</span> <span class='ocrx_word' id='word_1_535' title='bbox 1651 3050 1704 3082; x_wconf 64' lang='lat'>28.</span> <span class='ocrx_word' id='word_1_536' title='bbox 1733 3052 1767 3082; x_wconf 89' lang='lat' dir='ltr'>in</span> <span class='ocrx_word' id='word_1_537' title='bbox 1800 3052 1911 3082; x_wconf 83' lang='lat' dir='ltr'>eodem</span> 
     </span>
     <span class='ocr_line' id='line_1_48' title="bbox 154 3097 1910 3138; baseline 0.003 -11"><span class='ocrx_word' id='word_1_538' title='bbox 154 3097 192 3128; x_wconf 81' lang='lat' dir='ltr'>de</span> <span class='ocrx_word' id='word_1_539' title='bbox 229 3105 292 3136; x_wconf 81' lang='lat' dir='ltr'>quo</span> <span class='ocrx_word' id='word_1_540' title='bbox 329 3101 358 3129; x_wconf 86' lang='lat' dir='ltr'>et</span> <span class='ocrx_word' id='word_1_541' title='bbox 395 3099 479 3130; x_wconf 84' lang='lat' dir='ltr'>idem</span> <span class='ocrx_word' id='word_1_542' title='bbox 517 3097 665 3129; x_wconf 79' lang='lat' dir='ltr'>omnibus</span> <span class='ocrx_word' id='word_1_543' title='bbox 701 3114 719 3120; x_wconf 90' lang='lat'>-</span> <span class='ocrx_word' id='word_1_544' title='bbox 741 3114 759 3120; x_wconf 89' lang='lat'>-</span> <span class='ocrx_word' id='word_1_545' title='bbox 797 3098 918 3130; x_wconf 83' lang='lat' dir='ltr'>celaret</span> <span class='ocrx_word' id='word_1_546' title='bbox 957 3100 1072 3132; x_wconf 85' lang='lat' dir='ltr'>CEG:</span> <span class='ocrx_word' id='word_1_547' title='bbox 1105 3101 1138 3130; x_wconf 87' lang='lat' dir='ltr'>in</span> <span class='ocrx_word' id='word_1_548' title='bbox 1167 3100 1276 3131; x_wconf 84' lang='lat' dir='ltr'>eodem</span> <span class='ocrx_word' id='word_1_549' title='bbox 1307 3107 1408 3138; x_wconf 82' lang='lat' dir='ltr'>aeque</span> <span class='ocrx_word' id='word_1_550' title='bbox 1439 3103 1467 3131; x_wconf 89' lang='lat' dir='ltr'>et</span> <span class='ocrx_word' id='word_1_551' title='bbox 1495 3100 1578 3131; x_wconf 84' lang='lat' dir='ltr'>idem</span> <span class='ocrx_word' id='word_1_552' title='bbox 1608 3101 1642 3132; x_wconf 88' lang='lat' dir='ltr'>in</span> <span class='ocrx_word' id='word_1_553' title='bbox 1672 3101 1819 3132; x_wconf 79' lang='lat' dir='ltr'>omnibus</span> <span class='ocrx_word' id='word_1_554' title='bbox 1851 3118 1868 3123; x_wconf 97' lang='lat'>—</span> <span class='ocrx_word' id='word_1_555' title='bbox 1893 3118 1910 3123; x_wconf 93' lang='lat'>-</span> 
     </span>
     <span class='ocr_line' id='line_1_49' title="bbox 154 3146 1909 3187; baseline 0.002 -10"><span class='ocrx_word' id='word_1_556' title='bbox 154 3148 177 3187; x_wconf 81' lang='lat'>†</span> <span class='ocrx_word' id='word_1_557' title='bbox 213 3146 370 3179; x_wconf 82' lang='lat' dir='ltr'>celeraret</span> <span class='ocrx_word' id='word_1_558' title='bbox 407 3148 432 3179; x_wconf 95' lang='grc' dir='ltr'><strong>Ο</strong></span> <span class='ocrx_word' id='word_1_559' title='bbox 470 3164 504 3169; x_wconf 98' lang='grc'>-</span> <span class='ocrx_word' id='word_1_560' title='bbox 538 3147 591 3178; x_wconf 69' lang='lat'>29.</span> <span class='ocrx_word' id='word_1_561' title='bbox 628 3146 773 3178; x_wconf 85' lang='lat' dir='ltr'>caelaret</span> <span class='ocrx_word' id='word_1_562' title='bbox 811 3147 838 3177; x_wconf 91' lang='lat' dir='ltr'>V</span> <span class='ocrx_word' id='word_1_563' title='bbox 873 3164 907 3169; x_wconf 92' lang='lat'><strong>—</strong></span> <span class='ocrx_word' id='word_1_564' title='bbox 947 3149 1089 3180; x_wconf 85' lang='lat' dir='ltr'>alterum</span> <span class='ocrx_word' id='word_1_565' title='bbox 1121 3157 1191 3179; x_wconf 92' lang='lat' dir='ltr'>om.</span> <span class='ocrx_word' id='word_1_566' title='bbox 1229 3148 1291 3179; x_wconf 91' lang='lat' dir='ltr'>GV</span> <span class='ocrx_word' id='word_1_567' title='bbox 1333 3166 1368 3171; x_wconf 92' lang='lat'>—-</span> <span class='ocrx_word' id='word_1_568' title='bbox 1408 3150 1442 3180; x_wconf 83' lang='lat' dir='ltr'>in</span> <span class='ocrx_word' id='word_1_569' title='bbox 1476 3150 1621 3182; x_wconf 83' lang='lat' dir='ltr'>anticam</span> <span class='ocrx_word' id='word_1_570' title='bbox 1652 3151 1838 3182; x_wconf 88' lang='lat' dir='ltr'>Victorius:</span> <span class='ocrx_word' id='word_1_571' title='bbox 1875 3152 1909 3181; x_wconf 85' lang='lat' dir='ltr'>in</span> 
     </span>
     <span class='ocr_line' id='line_1_50' title="bbox 154 3195 1907 3242; baseline 0.002 -16"><span class='ocrx_word' id='word_1_572' title='bbox 154 3195 327 3234; x_wconf 78' lang='lat' dir='ltr'>antiquam</span> <span class='ocrx_word' id='word_1_573' title='bbox 351 3195 472 3235; x_wconf 76' lang='lat' dir='ltr'>AEV²‚</span> <span class='ocrx_word' id='word_1_574' title='bbox 498 3197 531 3227; x_wconf 82' lang='lat' dir='ltr'>in</span> <span class='ocrx_word' id='word_1_575' title='bbox 555 3197 728 3235; x_wconf 72' lang='lat' dir='ltr'>antequam</span> <span class='ocrx_word' id='word_1_576' title='bbox 752 3195 803 3233; x_wconf 80' lang='lat' dir='ltr'>V1,</span> <span class='ocrx_word' id='word_1_577' title='bbox 828 3197 948 3228; x_wconf 81' lang='lat' dir='ltr'>inaniti</span> <span class='ocrx_word' id='word_1_578' title='bbox 968 3207 1068 3237; x_wconf 84' lang='lat' dir='ltr'>quam</span> <span class='ocrx_word' id='word_1_579' title='bbox 1092 3198 1135 3235; x_wconf 85' lang='lat' dir='ltr'>B,</span> <span class='ocrx_word' id='word_1_580' title='bbox 1162 3198 1195 3228; x_wconf 84' lang='lat' dir='ltr'>in</span> <span class='ocrx_word' id='word_1_581' title='bbox 1219 3198 1367 3237; x_wconf 79' lang='lat' dir='ltr'>aliquam</span> <span class='ocrx_word' id='word_1_582' title='bbox 1392 3200 1416 3229; x_wconf 93' lang='lat' dir='ltr'>G</span> <span class='ocrx_word' id='word_1_583' title='bbox 1453 3216 1487 3221; x_wconf 95' lang='lat'>—</span> <span class='ocrx_word' id='word_1_584' title='bbox 1523 3200 1575 3232; x_wconf 86' lang='lat'>30.</span> <span class='ocrx_word' id='word_1_585' title='bbox 1612 3202 1754 3242; x_wconf 81' lang='lat' dir='ltr'>quinque</span> <span class='ocrx_word' id='word_1_586' title='bbox 1788 3201 1907 3232; x_wconf 83' lang='lat' dir='ltr'>ABE:</span> 
     </span>
     <span class='ocr_line' id='line_1_51' title="bbox 155 3244 1912 3291; baseline 0.004 -16"><span class='ocrx_word' id='word_1_587' title='bbox 155 3244 295 3283; x_wconf 78' lang='lat' dir='ltr'>quidque</span> <span class='ocrx_word' id='word_1_588' title='bbox 318 3245 383 3276; x_wconf 89' lang='lat' dir='ltr'>GV</span> <span class='ocrx_word' id='word_1_589' title='bbox 410 3264 444 3268; x_wconf 92' lang='lat'>—</span> <span class='ocrx_word' id='word_1_590' title='bbox 481 3245 596 3276; x_wconf 83' lang='lat' dir='ltr'>orbum</span> <span class='ocrx_word' id='word_1_591' title='bbox 618 3254 691 3276; x_wconf 85' lang='lat' dir='ltr'>eum</span> <span class='ocrx_word' id='word_1_592' title='bbox 712 3246 815 3277; x_wconf 85' lang='lat' dir='ltr'>voluit</span> <span class='ocrx_word' id='word_1_593' title='bbox 835 3254 902 3278; x_wconf 87' lang='lat' dir='ltr'>esse</span> <span class='ocrx_word' id='word_1_594' title='bbox 924 3251 953 3278; x_wconf 88' lang='lat' dir='ltr'>et</span> <span class='ocrx_word' id='word_1_595' title='bbox 974 3250 1141 3287; x_wconf 67' lang='lat' dir='ltr'>eaepertem</span> <span class='ocrx_word' id='word_1_596' title='bbox 1165 3256 1247 3279; x_wconf 88' lang='lat' dir='ltr'>nos:</span> <span class='ocrx_word' id='word_1_597' title='bbox 1275 3247 1384 3280; x_wconf 84' lang='lat' dir='ltr'>orbem</span> <span class='ocrx_word' id='word_1_598' title='bbox 1405 3257 1479 3281; x_wconf 83' lang='lat' dir='ltr'>eum</span> <span class='ocrx_word' id='word_1_599' title='bbox 1501 3249 1602 3291; x_wconf 76' lang='lat' dir='ltr'>(enim</span> <span class='ocrx_word' id='word_1_600' title='bbox 1625 3251 1696 3291; x_wconf 90' lang='lat' dir='ltr'>GV)</span> <span class='ocrx_word' id='word_1_601' title='bbox 1720 3251 1824 3282; x_wconf 81' lang='lat' dir='ltr'>uoluit</span> <span class='ocrx_word' id='word_1_602' title='bbox 1846 3258 1912 3283; x_wconf 78' lang='lat' dir='ltr'>esse</span> 
     </span>
     <span class='ocr_line' id='line_1_52' title="bbox 154 3294 1204 3337; baseline 0.005 -13"><span class='ocrx_word' id='word_1_603' title='bbox 154 3295 185 3328; x_wconf 72' lang='lat' dir='ltr'>et</span> <span class='ocrx_word' id='word_1_604' title='bbox 205 3297 371 3333; x_wconf 66' lang='lat' dir='ltr'>expertem</span> <span class='ocrx_word' id='word_1_605' title='bbox 396 3295 487 3327; x_wconf 87' lang='lat' dir='ltr'>CEG</span> <span class='ocrx_word' id='word_1_606' title='bbox 504 3304 510 3334; x_wconf 77' lang='lat'><em>3</em></span> <span class='ocrx_word' id='word_1_607' title='bbox 534 3294 643 3327; x_wconf 82' lang='lat' dir='ltr'>orbem</span> <span class='ocrx_word' id='word_1_608' title='bbox 665 3303 739 3327; x_wconf 86' lang='lat' dir='ltr'>eum</span> <span class='ocrx_word' id='word_1_609' title='bbox 760 3303 826 3328; x_wconf 78' lang='lat' dir='ltr'>esse</span> <span class='ocrx_word' id='word_1_610' title='bbox 846 3296 949 3328; x_wconf 83' lang='lat' dir='ltr'>voluit</span> <span class='ocrx_word' id='word_1_611' title='bbox 969 3300 1136 3337; x_wconf 61' lang='lat' dir='ltr'>expertem</span> <span class='ocrx_word' id='word_1_612' title='bbox 1166 3296 1204 3330; x_wconf 91' lang='grc' dir='ltr'>Ο.</span> 
     </span>
    </p>
   </div>
  </div>
 </body>
</html>
