2249 3624
19 586 34 1051 Ὴ-,,
19 382 39 551 ,μὴ
26 254 41 357 -.,,,,
42 115 48 159 η

839 242 1176 284 FRAGMENTA.
1815 236 1916 280 10:323

158 346 334 395 Longius
363 346 544 384 exoritur
570 347 647 385 iam
677 345 785 385 claro
814 359 984 397 corporo
1014 360 1187 399 serpens

159 409 410 459 Crateraquc
439 415 557 448 tenus
586 408 693 447 lucet
721 409 959 448 mortalibus
988 409 1134 460 Hydra.

158 469 257 508 Inde
292 469 421 521 pedes
451 472 572 510 Canis
600 470 779 510 ostendit
806 473 882 509 iani
911 474 1181 522 posteriores,

156 533 205 572 Et
230 538 322 584 post
348 534 438 584 ipse
466 533 586 572 trahit
613 533 721 572 claro
750 546 841 573 cuni
871 533 1022 572 lumine.
1052 536 1241 586 puppim:
1845 531 1916 569 635

155 596 392 646 Insequitur
420 595 565 634 labens
594 608 668 647 per
696 596 795 635 caeli
826 596 976 634 lumina
1008 598 1153 644 Navis,
1818 596 1916 632 39⁰

154 659 223 707 Et,
254 670 345 696 cum
375 659 452 697 iam
482 663 563 696 toto
594 659 795 709 processit
823 670 994 708 corpore
1028 659 1172 707 Virgo,

154 722 262 760 Haec
293 720 472 759 medium
502 720 681 760 ostendit
704 720 858 760 radiato
885 722 1021 771 stipite
1051 722 1215 761 malum.

254 797 304 834 At
333 807 424 834 cum
453 795 683 846 procedunt
710 796 885 834 obscuro
917 808 1087 847 corpore
1118 797 1320 846 Chelae,

153 858 310 897 Existet
341 857 494 909 pariter
526 857 635 908 larga
663 870 754 896 cum
783 857 875 896 luce
908 860 1074 908 Bootes,
1843 856 1916 893 640

155 921 280 960 Cuius
307 920 347 958 in
374 920 595 959 adversum
620 925 682 958 est
707 926 894 959 arcturus
923 933 1094 972 corpore
1124 922 1250 971 fixus,
1816 920 1915 957 395

153 983 335 1033 Totaque
362 981 441 1021 iam
470 994 620 1034 supera
649 981 806 1032 fulgens
835 981 1063 1033 prolabitur
1091 985 1215 1034 Argo:

152 1044 394 1096 Hydraque,
426 1045 537 1096 quod
564 1044 643 1083 late
673 1044 785 1083 caelo
815 1043 1003 1095 disperso
1034 1051 1214 1095 tenetur,

152 1107 340 1147 Nondum
369 1114 448 1146 tota
477 1113 611 1159 patet,
641 1120 734 1147 nam
765 1108 936 1147 caudam
966 1110 1145 1159 contegit
1172 1109 1331 1148 umbra.

151 1172 390 1219 Anquilenens
416 1178 534 1208 aulem
562 1178 735 1208 renovata
764 1174 838 1208 luce
864 1174 1029 1219 resulqet.
1841 1169 1912 1206 645

149 1236 235 1273 Iam
264 1232 453 1272 dextrum
480 1246 611 1284 genus
645 1241 685 1273 et
709 1234 942 1273 decoratam
964 1234 1114 1273 lumine
1146 1247 1281 1274 suram

149 1296 275 1346 Erigit
300 1295 367 1334 ille
396 1309 546 1335 vacans
574 1296 736 1347 vulgato
767 1299 928 1335 nomine
958 1297 1104 1346 Nixus,
1813 1297 1912 1331 400

153 1360 225 1405 Qui
251 1361 356 1397 Fidis
383 1362 584 1398 Arcadicae
610 1374 747 1408 semper
776 1365 932 1408 confinia
960 1364 1096 1408 lanqit:

150 1423 281 1469 Quem
310 1428 427 1460 nocte
457 1423 680 1461 extinctum
711 1429 834 1474 atque
865 1429 1050 1461 exortum
1089 1422 1264 1460 vidimus
1295 1434 1370 1460 una
1389 1454 1397 1470 ‚

151 1485 355 1535 Persaepe
384 1490 426 1523 ut
454 1497 624 1534 parvum
651 1491 818 1524 tranans
850 1485 1119 1535 geminaverit
1148 1485 1303 1523 orbem.
1840 1481 1912 1519 650

150 1547 221 1585 Hic
247 1558 378 1597 genus
407 1553 447 1585 et
479 1559 616 1585 suram
649 1560 741 1585 cum
770 1547 906 1587 Chelis
940 1548 1057 1596 erigit
1091 1547 1191 1595 alte;

149 1611 244 1660 Ipse
273 1615 408 1648 autem
438 1622 638 1661 praeceps
671 1609 847 1648 obscura
876 1615 994 1648 nocte
1022 1616 1206 1658 tenetur,

150 1673 253 1710 Dum
281 1673 394 1722 Nepa
420 1677 460 1710 et
489 1672 731 1710 Arcitenens
760 1672 937 1711 invisant
967 1671 1121 1710 lumina
1149 1671 1272 1710 caeli:
1811 1672 1909 1706 405

150 1736 250 1774 Nam
282 1746 422 1772 secum
451 1733 631 1772 medium
657 1734 810 1786 pandet
834 1737 969 1785 Nepa,
1002 1734 1144 1773 tollere
1178 1747 1273 1773 vero

149 1798 192 1835 ln
219 1795 376 1835 caelum
407 1802 534 1834 totum
567 1798 755 1835 exoriens
788 1797 1003 1835 conabitur
1030 1799 1174 1835 Arcus.
1838 1794 1908 1832 655

149 1861 219 1898 Hic
247 1859 377 1897 tribus
408 1858 538 1898 elatus
567 1872 657 1898 cuin
685 1861 809 1910 signis
839 1873 1009 1912 corpore
1038 1866 1120 1899 toto

148 1924 293 1969 Lucet;
324 1928 364 1960 at
392 1923 573 1960 exoritur
599 1922 732 1961 media
762 1922 812 1960 de
849 1929 964 1973 parte
993 1924 1175 1971 Corona,

149 1983 373 2034 Caudaque
403 1984 595 2023 Centauri
625 1991 807 2023 extremo
842 1984 1019 2023 candore
1052 1984 1233 2034 refulget.
1810 1986 1908 2020 410

146 2046 217 2085 Hic
245 2058 290 2084 se
319 2046 396 2085 iam
427 2052 555 2084 totum
584 2058 729 2085 caecas
761 2047 902 2098 Equus
932 2046 1045 2085 abdit
1073 2047 1111 2084 in
1141 2047 1327 2096 umbras,

147 2110 277 2156 Quem
305 2109 422 2148 rutila
451 2108 609 2159 fulgens
642 2109 778 2161 pluma
806 2109 1081 2160 praetervolat
1106 2109 1212 2148 Ales.
1837 2107 1908 2145 660

148 2170 308 2210 Occidit
331 2171 621 2210 Andromedae
651 2171 803 2210 clarum
834 2178 955 2222 caput
983 2178 1022 2210 et
1055 2172 1137 2210 sera
1172 2172 1315 2210 Pistrix

146 2233 335 2282 Labitur,
365 2233 570 2272 horribilis
599 2233 743 2284 epulas
772 2234 932 2272 funesta
966 2234 1194 2284 requirens.

145 2297 257 2335 Hanc
286 2302 426 2334 contra
457 2295 648 2346 Cepheus
682 2308 761 2334 non
791 2302 927 2334 cessat
955 2296 1124 2334 tendere
1153 2296 1330 2346 palmas:
1808 2296 1905 2331 415

144 2358 216 2397 Illa
246 2370 379 2409 usque
407 2358 458 2397 ad
486 2359 643 2409 spinam
673 2370 864 2408 mergens
893 2370 937 2396 se
968 2359 1130 2397 caerula
1162 2357 1310 2395 condit.

145 2422 195 2459 At
224 2421 416 2472 Cepheus
449 2427 572 2471 caput
596 2427 719 2471 atque
752 2434 916 2459 umeros
945 2421 1185 2471 palmasque
1214 2420 1394 2458 reclinat.
1833 2420 1904 2457 665

246 2495 347 2533 Cum
379 2507 476 2533 vero
502 2495 562 2532 vis
591 2501 654 2533 est
680 2495 902 2534 vehemens
932 2502 1072 2534 exorta
1102 2497 1287 2546 Nepai,

143 2558 240 2596 Late
268 2557 355 2595 susa
387 2556 495 2596 volat
561 2558 636 2595 Per
667 2564 797 2596 terras
826 2559 929 2597 fama
957 2565 1144 2608 vagatur:

143 2620 192 2657 Ut
223 2618 428 2669 quondam
459 2619 583 2657 Orion
610 2619 802 2658 manibus
830 2620 1005 2659 violasse
1034 2622 1200 2659 Dianam
1802 2622 1902 2656 4²0

142 2681 316 2729 Dicitur,
347 2680 522 2719 excelsis
556 2693 698 2720 errans
726 2686 765 2720 in
792 2682 964 2720 collibus
996 2695 1161 2731 amens,

143 2744 254 2790 Quos
287 2749 399 2782 tenet
426 2746 588 2794 Aegaeo
617 2744 750 2783 defixa
777 2746 815 2782 in
847 2746 1004 2795 gurgite
1040 2746 1184 2793 Chius,
1830 2744 1903 2781 670

141 2806 335 2844 Bacchica
365 2817 487 2856 quam
516 2805 632 2844 viridi
666 2807 866 2845 convestit
897 2808 1073 2856 tegmine
1105 2808 1208 2845 vitis.

142 2865 214 2904 Ille
242 2867 349 2906 feras
376 2879 546 2906 vaecors
574 2869 724 2906 amenti
749 2867 872 2906 corde
898 2869 1097 2918 necabat,

229 3061 303 3093 387.
331 3062 529 3101 Creteraque
553 3062 591 3093 H.
620 3062 668 3093 Cf.
696 3071 728 3093 v.
756 3062 830 3094 219.
859 3080 892 3084 —
920 3063 992 3094 394.
1024 3064 1150 3094 Exislet
1183 3064 1328 3093 HCSP:
1368 3063 1505 3092 Eaesistit
1529 3063 1553 3091 Ο
1590 3081 1622 3084 -
1661 3064 1735 3095 395.
1761 3065 1900 3094 aduerso

144 3110 237 3141 HCS
262 3127 296 3132 —
336 3110 410 3142 397.
437 3111 587 3150 disparsa
615 3112 639 3142 Η
669 3128 702 3132 -
730 3111 802 3142 398
820 3116 911 3151 patet
927 3113 1127 3144 Turnebus:
1147 3113 1224 3143 late!
1243 3113 1301 3143 ΗΕ
1315 3113 1334 3142 S
1348 3114 1368 3142 Ρ
1389 3129 1420 3134 -
1444 3122 1521 3143 nam
1539 3113 1627 3143 Hcs
1646 3115 1676 3143 ot
1696 3113 1896 3144 Turnebus:

141 3168 207 3189 non
233 3160 254 3190 P
277 3177 320 3181 —
343 3159 417 3192 400.
443 3169 567 3191 vacans
591 3161 774 3192 Patricius:
802 3171 930 3202 uagyans
955 3164 979 3194 Η
993 3164 1082 3194 CSP
1109 3180 1142 3184 —
1170 3162 1244 3193 405.
1272 3163 1480 3200 arquitenens
1506 3163 1530 3193 Η
1562 3179 1591 3183 -
1615 3162 1688 3194 441.
1708 3163 1803 3193 abdet
1820 3164 1842 3193 Ρ
1864 3180 1893 3183 -

142 3207 217 3238 443.
242 3211 343 3247 caput
365 3217 435 3240 om.
462 3210 488 3240 H
515 3225 552 3232 —
578 3209 651 3241 444.
677 3210 847 3242 horribiles
871 3212 896 3242 Ο
924 3230 957 3234 -
987 3212 1061 3244 417.
1086 3212 1235 3242 humeros
1260 3212 1315 3242 ΡΟ
1352 3227 1387 3232 -
1426 3211 1500 3243 422.
1528 3220 1626 3251 aeqeo
1652 3213 1675 3243 Η
1704 3229 1737 3232 -
1766 3213 1797 3242 in
1827 3221 1896 3243 om.

143 3257 171 3288 H
198 3272 232 3278 —
271 3257 366 3289 Chius
390 3259 499 3291 HCS:
537 3259 668 3290 echinus
691 3262 713 3291 P
755 3277 790 3282 —
827 3260 903 3294 423.
940 3262 1101 3294 Bacchica
1125 3270 1225 3302 quam
1254 3260 1459 3292 Lambinus:
1499 3262 1640 3293 Brachia
1671 3270 1754 3301 quae
1790 3262 1896 3300 litis,

140 3306 286 3338 Brachia
310 3316 410 3347 quam
434 3310 457 3340 P
484 3326 519 3331 —
545 3308 620 3341 424.
647 3318 761 3341 uecors
785 3310 886 3342 CSO.
