2249 3624
240 179 350 225 4050
977 190 1259 232 CICERONIS

236 288 382 328 Vidisti
411 294 451 329 et
478 289 585 331 claro
612 292 809 332 tremulos
840 291 987 333 ardore
1024 298 1226 340 cometas,

234 349 439 402 Multaque
460 353 624 392 misceri
650 360 848 395 nocturna
873 360 1008 406 strage
1037 360 1209 406 putasti:

237 411 354 459 Quod
380 413 506 454 ferme
536 415 668 455 dirum
690 416 730 456 in
757 422 919 469 tempus
948 416 1139 457 cecidere
1169 418 1353 466 Latinae,

237 473 338 512 Cum
367 474 520 516 claram
545 479 725 529 speciem
755 485 946 518 concreto
974 479 1128 519 lumine
1156 479 1252 519 luna

233 536 403 578 Abdidit
426 545 466 578 et
492 542 626 580 subito
655 542 831 582 stellanti
860 549 979 582 nocte
1007 549 1220 595 perempta
1254 549 1330 583 est.

335 601 441 648 Quid
466 615 563 643 vero
591 605 741 644 Phoebi
768 606 856 656 fax,
885 606 1014 645 tristis
1046 606 1188 645 nuntia
1218 606 1335 657 belli,

234 663 348 709 Quae
376 676 568 715 magnum
596 666 648 706 ad
676 666 863 706 columen
890 668 1095 707 flammato
1125 668 1272 707 ardore
1297 668 1464 710 volabat

233 725 470 777 Praecipitis
499 728 599 767 caeli
624 730 751 780 partis
779 729 999 781 obitusque
1033 731 1284 782 petessens‘?

232 788 313 826 Aut
344 800 435 827 cum
462 790 631 829 terribili
655 804 880 843 percussus
911 793 1076 832 fulmine
1103 794 1201 833 civis

232 850 341 889 Luce
369 854 579 892 serenanti
603 854 739 894 vitalia
769 854 923 895 lumina
956 855 1103 907 liquit?

233 913 313 951 Aut
338 925 430 953 cum
458 927 502 954 se
531 917 699 967 gravido
726 919 953 958 tremefecit
979 931 1149 971 corpore
1179 919 1327 959 tellus‘?

234 976 316 1013 Iam
344 989 442 1015 vero
471 979 606 1018 variae
632 986 831 1019 nocturno
861 986 1045 1032 tempore
1072 983 1184 1021 visae

1475 701 1484 720 2

234 1037 456 1078 Terribiles
481 1040 634 1080 formae
661 1041 815 1081 bellum
848 1049 1066 1095 motusque
1096 1044 1340 1091 monebant,

233 1100 437 1152 Multaque
462 1114 538 1153 per
565 1109 695 1143 terras
729 1111 843 1145 vates
872 1106 1006 1146 oracla
1037 1107 1185 1146 furenti

233 1163 402 1202 Pectore
433 1164 660 1205 fundebant
686 1168 811 1206 tristis
837 1169 1062 1209 minitantia
1089 1181 1235 1208 casus:

233 1227 368 1277 Atque
397 1239 468 1277 ea,
499 1239 604 1278 quae
628 1228 747 1281 lapsu
774 1230 940 1269 tandem
972 1230 1159 1270 cecidere
1187 1236 1372 1282 vetusto,

232 1289 342 1327 Haec
367 1288 451 1328 fore
476 1292 688 1342 perpetuis
716 1293 842 1343 signis
877 1292 1082 1344 clarisque
1109 1294 1376 1345 frequentans

231 1351 324 1402 Ipse
354 1350 476 1391 deum
503 1354 661 1403 genitor
688 1354 800 1394 caelo
829 1356 1034 1407 terrisque
1063 1356 1251 1396 canebat.

232 1414 347 1452 Nunc
377 1426 445 1464 ea,
476 1415 680 1467 Torquato
710 1429 816 1468 quae
843 1417 1051 1469 quondam
1080 1424 1120 1457 et
1147 1418 1316 1458 consule
1345 1420 1461 1459 Cotta

231 1475 382 1527 Lydius
409 1476 596 1517 ediderat
622 1479 854 1530 Tyrrhenae
882 1481 1015 1531 gentis
1047 1481 1273 1533 haruspex,

234 1539 379 1578 Omnia
406 1539 486 1579 fixa
513 1546 606 1580 tuus
635 1541 867 1592 glomerans
896 1542 1143 1583 determinat
1169 1557 1311 1584 annus.

233 1601 332 1640 Nam
361 1608 478 1653 pater
505 1602 721 1643 altitonans
749 1604 928 1644 stellanti
956 1606 1076 1644 nixus
1103 1606 1275 1658 Olympo

232 1664 326 1715 Ipse
354 1676 451 1703 suos
481 1665 687 1716 quondam
716 1666 894 1706 tumulos
922 1680 969 1707 ac
999 1667 1149 1719 templa
1178 1670 1340 1721 petivit,

231 1727 282 1766 Et
309 1727 547 1779 Capitolinis
575 1729 711 1768 iniecit
737 1729 907 1769 sedibus
934 1731 1051 1781 ignis.

232 1791 333 1828 Tum
362 1791 522 1841 species
552 1803 602 1830 ex
630 1804 725 1831 aere
755 1798 870 1831 vetus
901 1800 1178 1845 venerataque
1206 1796 1348 1835 Nattae

234 1852 441 1900 Concidit,
471 1852 719 1905 elapsaeque
748 1861 909 1894 vetusto
936 1856 1101 1894 numine
1134 1855 1268 1907 leges,

230 1915 281 1954 Et
308 1914 441 1953 divom
470 1915 684 1956 simulacra
713 1918 886 1968 peremit
913 1917 1090 1957 fulminis
1120 1919 1254 1960 ardor.

230 1977 302 2015 Hic
329 1976 528 2017 silvestris
558 1984 644 2018 erat
671 1980 839 2019 Romani
868 1981 1040 2019 nominis
1073 1981 1211 2030 altriX‚

231 2040 391 2089 Martia,
422 2052 527 2091 quae
554 2053 703 2092 parvos
730 2043 918 2082 Mavortis
948 2044 1104 2082 semine
1133 2049 1250 2084 natos

232 2102 437 2141 Uberibus
465 2103 642 2154 gravidis
670 2104 780 2143 vitali
809 2117 900 2143 rore
928 2105 1109 2155 rigabat:

234 2165 346 2211 Quae
374 2170 458 2203 tum
487 2178 577 2204 cum
605 2168 744 2218 pueris
772 2167 975 2207 flammato
1004 2167 1181 2207 fulminis
1217 2170 1301 2208 ictu

233 2227 422 2266 Concidit
450 2234 572 2280 atque
601 2229 739 2268 avolsa
766 2229 919 2280 pedum
948 2232 1120 2281 vestigia
1148 2230 1278 2282 liquit.

233 2290 334 2327 Tum
362 2291 452 2340 quis
480 2303 560 2329 non
589 2292 688 2330 artis
718 2292 868 2342 scripta
897 2304 944 2331 ac
971 2299 1235 2332 monumenta
1261 2293 1449 2334 volutans

233 2352 364 2390 Voces
392 2352 595 2392 tristificas
624 2354 772 2392 chartis
801 2354 1016 2405 promebat
1041 2355 1253 2394 Etruscis?

235 2414 388 2452 Omnes
416 2414 575 2453 civilem
602 2428 801 2466 generosa
830 2417 957 2467 stirpe
987 2417 1209 2468 profectam

233 2476 371 2514 Vitare
399 2478 606 2527 ingentem
635 2477 794 2517 cladem
822 2485 1067 2530 pestemque
1103 2479 1347 2529 monebant,

234 2538 306 2577 Vel
333 2538 466 2588 legum
498 2540 663 2578 exitium
691 2542 893 2579 constanti
921 2553 1019 2579 voce
1048 2541 1255 2592 ferebant,

234 2601 401 2652 Templa
430 2601 635 2653 deumque
663 2602 766 2641 adeo
793 2603 964 2642 flammis
993 2603 1221 2654 urbemque
1258 2603 1456 2643 iubebant

233 2665 400 2715 Eripere
431 2670 470 2702 et
498 2670 675 2714 stragem
704 2664 937 2703 horribilem
967 2666 1221 2716 caedemque
1248 2666 1402 2704 vereri:

233 2728 365 2777 Atque
394 2727 494 2765 haec
522 2727 601 2765 fixa
629 2728 739 2777 gravi
769 2728 846 2766 sato
875 2740 922 2766 ac
949 2726 1114 2766 fundata
1142 2728 1296 2777 teneri,

234 2790 278 2827 Ni
308 2789 422 2839 prius
451 2788 659 2827 excelsum
688 2788 737 2827 ad
767 2790 954 2828 columen
984 2791 1151 2828 formata
1185 2789 1357 2839 decore,

235 2851 382 2889 Sancta
411 2852 515 2889 Iovis
544 2852 705 2901 spec-ies
734 2851 864 2890 claros
894 2856 1100 2903 spectaret
1127 2852 1168 2889 in
1206 2858 1333 2890 ortus.

234 2915 334 2951 Tum
363 2912 445 2950 sore
476 2919 516 2951 ut
544 2913 724 2951 occultos
752 2914 929 2965 populus
959 2920 1210 2964 sanctusque
1240 2920 1407 2954 senatus

236 2976 414 3014 Cernere
443 2981 611 3014 conatus
640 2982 804 3026 posset,
835 2977 867 3014 si
897 2975 992 3014 solis
1021 2974 1070 3014 ad
1101 2981 1231 3013 ortum

235 3037 465 3083 Conversa,
494 3036 588 3074 inde
616 3044 777 3088 patrum
807 3037 928 3076 sedes
957 3037 1180 3089 populique
1209 3037 1379 3078 videret.

234 3099 341 3137 Haec
369 3097 525 3136 tardata
555 3098 623 3137 (liu
652 3100 811 3150 species
840 3099 1093 3150 multumque
1129 3105 1285 3139 morata

236 3159 412 3199 Consule
440 3165 479 3198 te
508 3161 672 3199 tandem
701 3161 810 3200 celsa
838 3167 900 3200 est
927 3162 967 3199 in
996 3160 1095 3200 sede
1122 3160 1278 3209 locata,

233 3223 367 3273 Atque
396 3234 474 3261 una
502 3222 569 3260 fixi
599 3235 645 3262 ac
674 3224 816 3273 signati
846 3224 1041 3275 temporis
1077 3223 1174 3262 hora

1946 297 1991 336 15

1944 610 1992 649 20

1947 923 1994 963 25

1946 1235 1995 1274 30

1947 1549 1995 1588 35

1944 1860 1994 1899 40

1945 2171 1993 2210 45

1944 2481 1993 2521 50

1941 3102 1990 3140 60
