2249 3624
239 139 320 182 530
891 138 962 178 DE
993 135 1347 176 DIVINATIONE

239 247 365 289 sentit
394 246 615 292 Homerus,
648 258 741 283 cum
774 247 1019 296 querentem
1041 244 1182 282 Iovem
1214 240 1389 288 inducit,
1421 239 1535 294 quod
1558 239 1843 293 Sarpedonem
1872 241 2006 282 filium

240 324 262 351 a
294 314 425 350 morte
458 313 602 348 contra
633 307 763 346 fatum
795 305 957 357 eripere
990 318 1074 344 non
1106 310 1261 357 posset.
1322 303 1411 343 Hoc
1448 302 1559 342 idem
1592 301 1795 356 significat
1825 304 2007 344 Graecus

238 373 310 413 ille
341 373 383 411 in
414 383 503 410 eam
536 369 787 409 sententiam
818 380 990 407 versus:
1909 379 1911 381 ·

313 433 458 482 Quod
499 431 608 471 sore
650 435 889 484 paratum
931 435 1030 476 est,
1072 429 1122 468 id
1163 443 1402 469 summum
1443 434 1718 482 exsuperat
1758 430 1939 470 Iovem.

207 499 390 537 5Totum
424 494 592 534 omnino
624 493 755 532 fatum
788 493 911 532 etiam
938 492 1143 532 Atellanio
1175 505 1297 532 versu
1328 492 1419 531 iure
1451 492 1552 531 mihi
1586 505 1677 531 esse
1700 493 1875 532 inrisum
1896 491 2013 533 vide-

239 565 328 607 tur,
362 559 434 599 sed
465 558 508 596 in
539 556 663 595 rebus
695 561 777 594 tam
809 554 964 594 severis
997 568 1082 594 non
1112 560 1175 594 est
1204 554 1369 593 iocandi
1401 554 1533 594 locus.
1584 554 1867 595 Concludatur
1887 555 2014 608 igitur

238 624 375 663 ratio:
422 621 455 660 si
493 619 602 658 enim
645 617 858 671 provideri
897 616 1003 656 nihil
1043 622 1183 669 potest
1212 617 1399 657 futurum
1432 630 1524 656 esse
1556 630 1727 664 eorum,
1776 631 1883 671 quae
1915 630 2013 657 casu

239 684 365 731 fiunt,
398 683 497 737 quia
529 695 621 722 esse
654 686 765 721 certa
787 693 870 719 non
894 685 1089 733 possunt,
1122 680 1323 719 divinatio
1346 679 1461 718 nulla
1485 684 1571 727 est3
1606 680 1670 719 sin
1692 684 1832 719 autem
1854 680 2012 720 idcirco

239 753 418 802 possunt
448 744 679 800 provideri,
713 744 809 797 quia
841 749 949 782 certa
981 747 1077 782 sunt
1108 748 1149 782 et
1178 742 1342 789 fatalia,
1382 755 1525 781 rursus
1557 740 1758 782 divinatio
1790 742 1906 782 nulla
1938 746 2013 782 est.

191 812 341 851 ioEam
373 809 483 849 enim
516 813 560 847 tu
591 806 859 846 fortuitarum
891 819 1029 845 rerum
1059 819 1150 845 esse
1174 805 1356 844 dicebas.
1416 802 1483 843 ⁶26.
1517 804 1598 843 Sed
1621 804 1725 844 haec
1744 804 1872 844 fuerit
1892 804 2014 844 nobis

239 880 451 926 tamquam
483 870 587 910 levis
619 874 852 909 armaturae
884 868 1018 921 prima
1050 868 1251 908 orationis
1274 867 1491 907 excursio:
1523 881 1635 906 nunc
1656 867 1888 907 comminus
1919 879 2016 919 aga·-

239 949 332 976 mus
363 934 742 987 experiamurque,
784 931 817 969 si
850 931 1059 983 possimus
1092 943 1249 969 cornua
1281 942 1544 969 commovere
1577 930 1874 982 disputationis
1906 935 2015 970 tuae.

352 998 424 1037 XI.
469 997 561 1035 Duo
600 995 709 1034 euim
751 1007 905 1046 genera
942 993 1156 1033 divinandi
1193 1005 1284 1032 esse
1324 991 1519 1039 dicebas,
1565 1005 1696 1032 unum
1727 990 2014 1040 artificiosum,

240 1062 416 1102 alterum
447 1058 666 1106 naturale;
710 1056 983 1096 artificiosum
1016 1060 1207 1095 constare
1239 1054 1389 1107 partim
1422 1067 1474 1094 ex
1506 1054 1744 1094 coniectura
1774 1054 1928 1107 partim
1961 1067 2015 1095 ex

191 1121 531 1165 &observatione
572 1122 794 1168 diuturna3
843 1118 1033 1158 naturale
1079 1118 1193 1171 quod
1237 1117 1400 1156 animus
1446 1117 1650 1170 arriperet
1694 1122 1765 1157 aut
1805 1118 2020 1171 exciperet

241 1187 503 1227 extrinsecus
536 1197 589 1223 ex
621 1183 864 1229 divinitate,
900 1182 1012 1221 unde
1046 1194 1191 1221 omnes
1224 1180 1387 1220 animos
1418 1179 1589 1220 haustos
1621 1185 1694 1219 aut
1723 1185 1916 1234 acceptos
1948 1185 2020 1221 aut

239 1250 390 1290 libatos
430 1247 694 1287 haberemus.
754 1244 1019 1284 Artificiosae
1061 1243 1331 1283 divinationis
1369 1242 1443 1282 illa
1484 1242 1571 1282 fere
1611 1256 1764 1295 genera
1804 1243 2018 1296 ponebas:

242 1311 495 1365 extispicum
537 1321 766 1361 eorumque
808 1308 881 1361 qui
924 1320 977 1346 ex
1014 1306 1248 1360 fulgoribus
1286 1305 1546 1358 ostentisque
1579 1304 1889 1358 praedicerent,
1931 1309 2020 1345 tum

241 1388 446 1428 augurum
477 1385 709 1424 eorumque
747 1370 819 1423 qui
852 1369 980 1422 signis
1012 1375 1085 1409 aut
1115 1368 1324 1408 ominibus
1355 1372 1600 1416 uterentur3
1642 1381 1852 1421 omneque
1888 1380 2019 1421 genus

191 1445 228 1475 20
243 1435 525 1478 coniecturale
555 1435 598 1474 in
628 1433 709 1473 hoc
740 1433 827 1472 fere
858 1445 1013 1484 genere
1044 1432 1246 1485 ponebas.
1307 1428 1372 1469 27.
1405 1430 1514 1469 lllud
1547 1435 1688 1470 autem
1719 1431 1909 1471 naturale
1948 1434 2021 1470 aut

242 1498 522 1541 concitatione
554 1496 704 1536 mentis
737 1494 804 1535 edi
837 1500 878 1534 et
910 1494 1030 1547 quasi
1060 1494 1180 1534 fundi
1212 1493 1445 1540 videbatur,
1477 1498 1549 1533 aut
1569 1494 1708 1534 animo
1730 1507 1806 1547 per
1826 1506 2019 1534 somnum

244 1562 436 1604 sensibus
477 1565 518 1599 et
549 1559 660 1599 curis
692 1571 825 1598 vacuo
857 1556 1086 1610 provideri.
1146 1557 1313 1597 Duxisti
1345 1561 1484 1596 autem
1516 1555 1819 1596 divinationem
1852 1569 2021 1596 omnem

244 1639 267 1666 a
298 1624 431 1665 tribus
462 1622 611 1662 rebus:
643 1634 665 1661 a
697 1622 789 1668 deo,
822 1633 845 1660 a
876 1619 975 1667 fato,
1008 1633 1030 1659 a
1062 1625 1224 1659 natura.
1263 1618 1345 1658 Sed
1378 1624 1516 1658 tamen
1549 1632 1642 1658 cum
1675 1618 1888 1672 explicare
1911 1617 2017 1658 nihil

244 1700 412 1742 posses,
455 1685 650 1738 pugnasti
691 1683 1079 1723 commenticiorum
1120 1682 1412 1734 exemplorum
1444 1679 1617 1720 mirifica
1648 1683 1784 1735 copia.
1843 1683 1903 1722 De
1936 1694 2020 1735 quo

193 1759 230 1788 25
245 1751 423 1804 primum
454 1748 535 1787 hoc
568 1747 668 1786 libet
699 1747 861 1786 dicere:
895 1745 971 1785 hoc
1004 1759 1080 1798 ego
1114 1743 1355 1798 philosophi
1386 1757 1470 1783 non
1503 1757 1595 1783 esse
1618 1745 1811 1792 arbitror,
1842 1745 2020 1784 testibus

244 1814 320 1859 uti,
354 1812 425 1865 qui
456 1815 527 1850 aut
558 1822 657 1849 casu
690 1810 777 1850 veri
808 1814 880 1848 aut
911 1808 1068 1848 malitia
1099 1807 1194 1847 falsi
1220 1805 1389 1859 fictique
1413 1819 1504 1846 esse
1528 1813 1729 1859 possunt3
1763 1807 2021 1861 argumentis

245 1881 287 1915 et
316 1873 547 1913 rationibus
579 1878 771 1925 oportet,
822 1884 950 1925 quare
990 1871 1177 1924 quidque
1214 1870 1271 1910 ita
1302 1871 1374 1918 sit,
1415 1869 1597 1918 docere,
1630 1883 1715 1910 non
1748 1870 1939 1919 eventis,
1970 1869 2023 1909 iis

245 1936 511 1992 praesertim,
544 1936 696 1988 quibus
729 1935 830 1974 mihi
862 1935 985 1973 liceat
1015 1948 1097 1973 non
1129 1934 1315 1973 credere.

358 1999 452 2039 ΧΠ.
498 1996 565 2038 ⁶28.
605 1999 657 2038 Ut
688 1998 829 2037 ordiar
859 1997 909 2036 ab
940 1996 1231 2049 haruspicina,
1275 2008 1401 2049 quam
1442 2009 1520 2049 ego
1559 1996 1620 2036 rei
1664 1995 1855 2049 publicae
1897 2008 2023 2036 causa

197 2072 232 2100 30
248 2061 565 2114 communisque
597 2061 813 2113 religionis
845 2060 1063 2100 colendam
1096 2072 1248 2098 censeo
1273 2084 1326 2089 —
1357 2058 1438 2110 sed·
1463 2058 1542 2098 soli
1574 2072 1736 2106 sumus,
1760 2059 1857 2098 licet
1877 2072 2023 2099 verum

248 2126 472 2180 exquirere
504 2125 594 2164 sine
626 2124 809 2170 invidia,
843 2123 941 2163 mihi
974 2122 1218 2175 praesertim
1242 2122 1293 2161 de
1316 2122 1531 2174 plerisque
1555 2121 1764 2161 dubitanti
1786 2137 1861 2162 -:
1891 2122 2024 2176 inspi-

249 2190 433 2235 ciamus,
474 2187 507 2226 si
540 2188 699 2240 placet,
739 2192 835 2226 exta
867 2186 1062 2238 primum.
1128 2183 1375 2224 Persuaderi
1408 2184 1535 2236 igitur
1565 2184 1761 2237 cuiquam
1791 2189 1931 2237 potest
1961 2197 2022 2232 ea,

249 2264 358 2305 quae
389 2247 613 2303 significari
646 2248 843 2288 dicuntur
875 2248 994 2295 extis,
1027 2246 1195 2298 cognita
1226 2260 1318 2286 esse
1345 2247 1396 2286 ab
1416 2246 1708 2300 haruspicibus
1732 2246 2024 2287 observatione

250 2314 474 2353 diuturna?
509 2312 642 2360 Quam
676 2312 874 2350 diuturna
905 2311 986 2349 ista
1016 2309 1123 2349 fuit?
1155 2314 1227 2348 aut
1259 2322 1382 2362 quam
1414 2309 1646 2362 longinquo
1669 2314 1855 2362 tempore
1882 2310 2025 2350 obser-

199 2385 236 2414 35
250 2378 338 2417 vari
369 2375 538 2430 potuit?
584 2380 654 2414 aut
685 2388 768 2427 quo
802 2373 925 2413 modo
958 2378 1021 2412 est
1057 2372 1220 2411 conlata
1258 2372 1367 2411 inter
1398 2372 1536 2424 ipsos,
1576 2384 1683 2425 quae
1715 2385 1809 2425 pars
1841 2373 2026 2420 inimica,

251 2452 359 2493 quae
398 2451 494 2492 pars
532 2436 751 2477 familiaris
793 2442 930 2484 esset;
973 2435 1085 2489 quod
1122 2432 1266 2475 fissum
1303 2435 1562 2488 periculum,
1604 2433 1721 2488 quod
1759 2434 2026 2476 commodum

251 2626 305 2657 sed
327 2625 385 2656 hoc
409 2625 521 2656 eadem
544 2625 675 2654 ratione
698 2622 858 2661 refellitur
870 2630 880 2658 ‚·
905 2621 933 2651 si
956 2622 1041 2652 enim
1066 2622 1199 2652 amicus
1226 2621 1369 2661 quidam
1395 2620 1577 2659 Lambini3
1608 2621 1684 2662 ipse
1710 2621 1813 2653 codd.
1839 2620 2027 2653 lectionem

251 2677 426 2711 revocavi,
454 2683 534 2705 cuin
560 2673 641 2704 illud
666 2673 769 2710 male,
796 2671 890 2712 quod
910 2672 1089 2703 Ernestius
1114 2671 1267 2708 addidit,
1295 2672 1326 2703 in
1345 2671 1465 2702 verbis
1490 2672 1534 2702 ad
1558 2675 1756 2710 eaetremum,
1783 2671 1911 2712 quibus
1936 2671 2030 2703 iufir-

252 2726 354 2757 mitas
379 2725 480 2755 huius
505 2723 701 2764 argumenti
726 2722 952 2762 significetur7
981 2721 1089 2753 latere
1114 2722 1294 2754 videatur:
1329 2721 1523 2761 Madvigius
1548 2723 1660 2752 totum
1684 2720 1801 2753 locum
1827 2723 1871 2752 ita
1897 2730 2030 2754 sanan-

253 2774 336 2806 dum
362 2774 480 2805 duxit:
517 2773 729 2812 haruspices?
763 2772 843 2803 Cum
866 2781 917 2803 res
941 2772 1145 2802 tristissimas
1166 2772 1315 2810 portendi
1342 2771 1517 2808 dixerunt,
1544 2770 1706 2802 addunt-
1723 2772 1947 2810 -procuratis
1958 2779 1970 2808 ,·
2001 2770 2029 2802 si

251 2825 333 2855 nihil
356 2822 426 2855 vel:
454 2824 655 2863 haruspices,
681 2824 766 2863 quod
782 2832 855 2853 cum
873 2840 920 2845 --
938 2823 1107 2860 dixerunt,
1133 2819 1546 2860 addmzl--procuratis?
1570 2820 1607 2851 Si
1622 2821 1708 2851 enim
1730 2821 1812 2852 nihil
1831 2839 1865 2845 -
1893 2821 1924 2853 4.
1943 2823 2031 2852 sorte

252 2872 348 2905 Klotz
383 2891 418 2895 —
457 2877 621 2912 exuperat
653 2874 678 2904 H
712 2890 746 2894 —
786 2873 818 2903 5.
845 2872 957 2902 omnia
982 2872 1009 2903 H
1043 2890 1075 2894 —
1114 2872 1216 2912 facem
1240 2871 1279 2903 Αι
1312 2888 1346 2893 ——
1383 2880 1479 2902 uerso
1505 2871 1544 2902 Α1
1574 2888 1609 2892 -
1656 2872 1687 2903 6.
1713 2872 1818 2912 igitur
1847 2871 1895 2903 C:
1933 2869 2028 2911 quod

255 2923 357 2956 codd.
386 2923 582 2964 interpolati
608 2922 662 2954 alii
687 2923 864 2959 omittunt,
892 2921 946 2953 alii
972 2922 1003 2952 in
1031 2922 1105 2953 eius
1130 2921 1246 2952 locum
1272 2931 1350 2962 erqo
1375 2921 1509 2953 habent
1534 2938 1569 2944 -
1598 2922 1629 2953 8.
1655 2925 1742 2953 certe
1766 2922 1789 2953 B
1823 2939 1858 2942 —
1892 2921 1943 2953 46.
1970 2923 2029 2952 aut

254 2975 403 3012 acceptos
426 2976 591 3013 suspecta
617 2975 688 3004 visa
715 2976 795 3003 sunt
821 2971 941 3003 Rathio
968 2988 1003 2994 —
1032 2972 1084 3002 ⁴7.
1111 2972 1292 3011 artificiosa
1316 2972 1369 3003 AB
1399 2990 1431 2994 -
1461 2971 1513 3002 48.
1538 2971 1727 3012 fulguribus
1750 2969 1824 3002 13¹0
1850 2987 1885 2992 —
1911 2970 2030 3001 hostis-

254 3031 315 3063 que
339 3021 395 3058 A¹;
423 3023 681 3061 astrologorum
707 3030 817 3061 genus
842 3022 909 3052 hoc
933 3019 1010 3052 loco
1029 3021 1151 3052 Cicero
1177 3020 1395 3061 neglegentia
1415 3021 1568 3062 quadam
1595 3021 1875 3062 praetermisisse
1892 3019 2031 3051 videtur

258 3090 292 3095 -
324 3073 573 3112 praediceretur
600 3081 676 3102 cum
700 3080 778 3111 augi.
808 3071 834 3102 ll
868 3088 900 3091 —
936 3071 988 3102 49.
1014 3070 1197 3101 hominibus
1222 3071 1248 3101 H
1283 3088 1318 3093 —
1352 3073 1408 3103 20.
1431 3072 1640 3102 coniecturae
1666 3069 1704 3102 Α1
1730 3088 1766 3094 -
1803 3071 1857 3103 Ἡ.
1882 3077 2032 3102 somnum

255 3124 407 3154 Marsus:
434 3123 597 3152 somnium
621 3123 644 3152 C
671 3139 712 3143 —
736 3123 789 3153 ⁶25.
816 3120 933 3152 holibet
956 3122 996 3152 Al
1016 3138 1050 3143 —
1078 3121 1131 3152 26.
1157 3121 1296 3151 malicia
1319 3122 1345 3152 A
1374 3138 1407 3143 —
1432 3123 1558 3160 possint
1581 3120 1723 3152 Rathius
1750 3138 1785 3142 —
1812 3120 1865 3151 27.
1882 3119 1972 3151 hisc
1994 3134 2029 3141 —

256 3171 308 3203 32.
334 3172 534 3210 persuadere
556 3173 596 3202 A¹
624 3189 657 3193 —
685 3171 737 3202 33.
765 3170 806 3201 ab
830 3170 1059 3210 haruspicibus
1084 3170 1128 3201 H:
1157 3171 1197 3201 ab
1222 3171 1431 3210 aruspicibus
1454 3172 1533 3210 ΑΒ,
1562 3170 1791 3210 haruspicibus
1814 3168 1916 3201 codd.
1944 3167 2030 3199 dett.

256 3221 385 3253 Davisii
411 3222 445 3252 et
471 3221 595 3251 Moseri
621 3221 645 3251 O
672 3237 708 3243 —
744 3220 796 3252 34.
824 3229 924 3260 quam
947 3221 1108 3251 diuturna
1131 3228 1202 3252 om.
1226 3222 1254 3251 A
1280 3236 1316 3244 -—
1350 3221 1403 3254 35.
1429 3221 1587 3253 collatum
1611 3219 1803 3253 Lambinus
1829 3236 1865 3243 —
1897 3217 2034 3250 inimica

259 3278 302 3302 ex
326 3269 404 3302 cod.
430 3268 590 3301 Mediceo
613 3269 794 3301 Davisius:
830 3269 956 3301 inimici
981 3270 1020 3302 C.
