2249 3624
576 160 665 199 Lm.
696 159 746 198 ΙΙ.
792 159 888 199 Cn.
919 158 1169 198 XI——XIIL
1210 156 1269 210 §§
1301 154 1495 196 26—32.
1837 151 1909 193 531

156 268 324 322 aliquod
355 265 623 306 ostenderet?
655 279 706 305 an
739 266 842 305 haec
872 266 981 305 inter
1012 279 1055 304 se
1087 265 1331 317 haruspices
1364 264 1546 309 Etrusci,
1577 263 1677 309 Elii,
1708 262 1919 315 Aegyptii,

155 330 282 371 Poeni
315 329 609 369 contulerunt?
669 330 722 368 At
752 328 813 375 id,
846 334 1139 380 praeterquam
1171 328 1285 380 quod
1318 326 1405 366 lieri
1438 340 1520 365 non
1554 328 1708 379 potuit,
1742 340 1792 364 ne
1822 325 1920 377 lingi

156 393 323 446 quidem
356 397 515 444 potest3
548 392 652 430 alios
685 392 793 430 enim
826 391 908 430 alio
941 404 1055 429 more
1088 390 1276 429 videmus
1310 396 1405 429 exta
1436 389 1701 441 interpretari
1732 403 1806 427 nec
1829 401 1920 427 csse

155 469 277 497 unam
309 456 494 495 omnium
527 454 805 506 disciplinam.
866 452 931 493 ⁹29.
965 455 1015 492 Et
1043 459 1170 499 certo,
1204 454 1236 491 si
1262 460 1324 492 cst
1348 454 1386 491 in
1411 453 1519 491 extis
1541 452 1678 504 aliqua
1703 452 1781 496 vis,
1815 464 1921 503 quae

155 518 337 558 declaret
368 515 518 563 sutura,
553 530 723 556 necesse
757 522 820 555 est
851 530 943 555 cain
976 522 1048 555 aut
1080 530 1171 555 cum
1198 530 1334 555 rurum
1359 522 1506 554 natura
1537 529 1628 553 csse
1657 515 1953 553 coniunciams

154 586 224 620 aut
254 579 503 619 conformari
536 580 718 632 quodam
752 579 875 617 modo
909 579 1078 617 numine
1111 579 1282 617 ‹leoz-uni
1316 580 1440 631 vique
1464 579 1617 616 divina.
1661 578 1762 616 Cum
1786 590 1922 615 rerum

155 649 302 683 natura
341 648 452 681 tanta
493 647 662 694 tamque
705 641 917 693 praeclara
959 641 998 678 in
1033 654 1178 679 omncs
1211 647 1350 693 partes
1383 647 1602 693 motusque
1637 640 1788 679 dill'usa
1823 638 1924 692 quid

153 706 305 745 habere
337 710 477 758 potest
507 717 752 748 commune,
794 716 876 741 non
908 703 1042 742 dicam
1077 703 1353 754 gallinaceum
1387 703 1440 741 sel
1474 726 1527 730 -
1559 709 1656 741 sunt
1687 703 1818 748 enim,
1853 700 1924 753 qui

154 768 219 808 vel
249 767 514 820 argutissima
546 767 649 806 haec
681 772 775 805 exta
807 780 899 805 esse
932 767 1074 805 dicant
1095 789 1168 811 —‚
1201 766 1272 804 scd
1307 766 1413 805 tauri
1445 766 1573 818 opimi
1608 766 1720 804 iecur
1752 770 1823 804 aut
1855 776 1927 801 cor
1977 787 1981 797 ι

154 835 225 870 aut
256 831 429 883 pulmo?
461 829 562 882 quid
586 830 709 868 habet
732 828 941 875 naturale,
966 828 1078 881 quod
1102 828 1315 867 declarare
1339 829 1488 880 possit,
1513 828 1614 881 quid
1638 828 1823 867 futurum
1848 826 1926 865 sit?
1946 834 1977 862 ιο

267 893 377 932 ΧΙΙΙ.
416 890 484 931 30.
520 892 784 931 Democritus
818 897 956 931 tamen
988 905 1073 931 non
1105 890 1253 930 inscite
1286 897 1484 944 nugatur,
1516 898 1563 930 ut
1594 891 1811 944 physicus,
1844 902 1926 942 quo

154 968 305 1009 genere
337 955 441 994 nihil
473 955 746 1008 adrogantius
777 977 832 982 —

294 1017 445 1066 Quod
488 1024 568 1057 est
608 1024 724 1057 ante
767 1017 926 1070 pedes
967 1030 1111 1057 nemo
1153 1022 1398 1069 spectat,
1445 1016 1579 1056 caeli
1622 1020 1930 1056 sci-utantur

1089 1080 1262 1133 plagas
1293 1102 1348 1108 —

154 1157 298 1184 verum
337 1143 372 1182 is
410 1148 550 1183 tamen
589 1143 735 1182 habitu
777 1149 967 1183 extorum
1007 1149 1049 1183 et
1085 1142 1225 1182 colore
1263 1142 1468 1181 declarari
1505 1147 1648 1181 censet
1678 1142 1781 1181 haec
1814 1141 1982 1180 dum-⁴5

154 1212 289 1246 taxat:
321 1206 462 1260 pabuli
495 1219 627 1258 genus
660 1212 701 1245 et
732 1219 874 1245 earum
908 1220 1061 1253 rerum,
1093 1218 1197 1259 quas
1231 1209 1339 1244 terra
1371 1211 1575 1257 procreet,
1608 1203 1669 1243 vel
1700 1204 1930 1243 ubertatem

154 1269 218 1309 vel
251 1270 512 1315 tenuitatem,
545 1268 831 1308 salubritatem
864 1269 987 1308 etiam
1019 1274 1090 1308 aut
1120 1268 1403 1320 pestilentiam
1428 1268 1536 1307 extis
1558 1265 1782 1319 significari
1806 1272 1931 1320 putat.

155 1331 188 1371 O
220 1332 438 1372 mortalem
470 1331 666 1371 beatum!
721 1332 787 1371 cui
829 1337 944 1371 certo
984 1332 1071 1371 scio
1104 1331 1249 1369 ludum
1281 1344 1511 1384 numquam
1544 1329 1756 1376 defuisse,
1803 1329 1934 1369 hunc-

154 1395 220 1434 ine
252 1393 466 1433 hominem
497 1395 621 1434 tantis
656 1394 907 1434 delectatum
940 1407 1032 1433 esse
1064 1394 1212 1446 nugis,
1245 1399 1292 1433 ut
1322 1407 1409 1433 non
1441 1393 1602 1433 videret
1636 1398 1721 1432 tum
1746 1392 1932 1431 futurum

154 1457 195 1496 id
226 1457 314 1497 veri
345 1457 508 1504 simile,
555 1457 589 1497 si
631 1458 819 1497 omnium
862 1457 1071 1510 pecudum
1114 1461 1211 1495 exta
1250 1456 1399 1496 eodem
1442 1462 1630 1509 tempore
1668 1455 1711 1494 in
1752 1454 1932 1493 eundem
1948 1462 1984 1491 20

153 1518 340 1559 habitum
373 1533 416 1559 se
449 1518 719 1573 coloremque
751 1520 1075 1560 converterent!
1126 1518 1207 1558 Sed
1240 1519 1274 1558 si
1307 1519 1453 1558 eadem
1485 1519 1590 1559 hora
1620 1518 1727 1558 aliae
1759 1516 1933 1570 pecudis

153 1581 269 1622 iecur
300 1582 479 1622 nitidum
511 1588 636 1636 atque
669 1583 837 1636 plenum
870 1589 944 1629 est,
977 1582 1083 1622 aliae
1115 1581 1329 1621 horridum
1362 1587 1402 1621 et
1433 1582 1564 1628 exile,
1597 1581 1696 1634 quid
1727 1586 1790 1620 est
1821 1579 1933 1633 quod

154 1645 356 1685 declarari
398 1645 531 1698 possit
571 1645 711 1685 habitu
753 1652 944 1685 extorum
984 1650 1025 1684 et
1056 1644 1231 1684 colore?
1292 1641 1358 1683 3l.
1391 1646 1454 1683 An
1487 1644 1566 1683 hoc
1597 1643 1787 1683 eiusdem
1820 1642 1934 1682 modi

156 1714 238 1754 est,
273 1708 397 1762 quale
430 1707 742 1761 Pherecydeum
775 1708 902 1754 illud,
943 1706 1058 1760 quod
1092 1713 1154 1747 est
1185 1720 1208 1746 a
1240 1713 1279 1746 te
1312 1707 1501 1746 dictum?
1549 1707 1620 1760 qui
1654 1720 1748 1745 cum
1780 1717 1934 1757 aquam

154 1782 206 1809 ex
238 1776 364 1824 puteo
397 1771 571 1810 vidisset
601 1771 806 1818 haustam,
839 1776 973 1810 terrae
1006 1776 1165 1810 motum
1198 1770 1304 1809 dixit
1334 1769 1534 1810 futurum.
1595 1770 1760 1816 Parum,
1792 1767 1984 1814 credo,25

153 1832 428 1886 inpudenter,
470 1832 607 1887 quod,
649 1848 741 1874 cum
772 1834 907 1873 factus
940 1838 1050 1873 esset
1081 1838 1242 1880 motus,
1285 1832 1425 1872 dicere
1464 1833 1622 1873 audent
1659 1846 1767 1886 quae
1799 1831 1860 1871 vis
1893 1830 1934 1869 id

155 1895 366 1935 effecerit:
399 1896 580 1936 etiamne
611 1896 798 1936 futurum
833 1910 930 1949 esse
956 1908 1091 1948 aquae
1123 1895 1233 1947 iugis
1265 1895 1406 1935 colore
1438 1895 1756 1949 praesentiunt?
1803 1895 1936 1934 Multa

154 1957 275 1997 istius
298 1958 409 1998 modi
433 1959 631 1999 dicuntur
651 1959 693 1998 in
716 1959 892 2007 scholis,
917 1958 989 1998 sed
1013 1957 1185 1997 credere
1208 1958 1350 1997 omnia
1373 1958 1467 1998 vide
1490 1972 1542 1997 ne
1564 1972 1648 1998 non
1671 1958 1725 1997 sit
1746 1971 1933 1997 necesse.

154 2016 220 2060 32.
252 2020 404 2060 Verum
437 2021 522 2061 sint
553 2035 653 2062 sane
684 2022 765 2061 ista
786 2022 1049 2061 Democritea
1080 2033 1191 2060 vera.
1242 2020 1423 2068 Quando
1456 2035 1504 2061 ea
1535 2035 1612 2061 nos
1645 2020 1752 2060 extis
1785 2020 1934 2072 exqui-

155 2082 318 2123 rimus?
358 2089 430 2124 aut
460 2084 628 2139 quando
661 2084 823 2138 aliquid
855 2088 945 2124 eius
973 2084 1085 2124 modi
1115 2084 1167 2123 ab
1197 2083 1420 2138 haruspice
1445 2085 1646 2138 inspectis
1678 2084 1786 2123 extis
1817 2082 1933 2122 audi·
1947 2088 1983 2117 30

155 2146 322 2186 vimus?
353 2147 404 2186 ab
426 2160 535 2200 aqua
557 2151 630 2187 aut
651 2147 701 2187 ab
723 2148 808 2200 igni
831 2147 1018 2200 pericula
1040 2151 1236 2194 monent3
1272 2152 1357 2186 tum
1380 2147 1649 2193 hereditates,
1672 2152 1758 2186 tum
1782 2145 1933 2186 damna

157 2208 434 2258 denuntiant3
480 2210 628 2250 fissum
668 2209 873 2250 familiare
914 2215 955 2249 et
985 2208 1112 2249 vitale
1144 2215 1348 2258 tractant3
1394 2215 1521 2263 caput
1553 2210 1702 2250 iecoris
1735 2224 1787 2250 ex
1818 2208 1932 2249 omni

154 2277 270 2325 parte
312 2271 634 2325 diligentissime
673 2273 972 2320 considerant,
1019 2273 1053 2312 si
1093 2286 1192 2313 vero
1231 2272 1273 2311 id
1313 2286 1399 2313 non
1437 2278 1500 2314 est
1536 2274 1781 2320 inventum,
1827 2271 1932 2312 nihil

156 2340 301 2388 putant
331 2336 521 2376 accidere
552 2336 742 2389 potuisse
773 2336 947 2376 tristius.

243 2548 273 2579 4.
300 2548 412 2580 etnicis
437 2548 463 2579 H
491 2564 525 2569 —
553 2547 628 2578 helii
651 2548 694 2586 B,
722 2548 781 2579 alii
806 2549 834 2580 H
861 2564 895 2569 —
934 2548 965 2579 2.
990 2548 1089 2587 paeni
1114 2547 1141 2578 H
1170 2564 1205 2569 —-
1233 2547 1278 2577 ad
1300 2546 1334 2578 id
1358 2548 1384 2577 Α
1410 2563 1445 2567 -
1473 2547 1547 2587 fieri
1571 2554 1641 2577 om.
1671 2546 1697 2577 H
1726 2563 1760 2568 —-
1784 2546 1878 2585 potui
1903 2546 1929 2576 H

156 2614 198 2619 —
222 2599 253 2629 5.
271 2601 458 2629 necessessel
481 2596 531 2634 Αἱ,
557 2605 684 2628 necesse
706 2601 784 2628 esset
808 2597 849 2629 Α2
873 2614 908 2619 -
945 2598 975 2629 6.
1003 2599 1133 2628 nomine
1159 2597 1185 2628 ll
1211 2614 1246 2618 —
1272 2597 1372 2635 utque
1396 2595 1451 2627 B¹:
1477 2601 1577 2637 utque
1601 2597 1684 2635 ΑΗ,
1711 2598 1804 2636 atqui
1828 2596 1866 2629 Β2
1893 2615 1927 2620 -

157 2646 187 2678 7.
212 2651 375 2678 naturam
399 2650 532 2686 tamque
555 2647 603 2684 13¹,
637 2650 764 2678 natura
788 2650 984 2686 tantamque
1008 2648 1034 2678 H
1073 2665 1108 2668 —
1147 2650 1260 2686 parles
1288 2646 1438 2686 locosque
1469 2647 1595 2677 Davisii
1626 2655 1725 2687 susp.
1763 2664 1798 2669 -
1841 2646 1930 2688 quid]

157 2697 241 2736 quod
265 2697 292 2728 H
321 2714 353 2719 -
389 2697 441 2728 40.
463 2697 620 2736 pulmone
643 2698 670 2728 A
694 2714 736 2719 —-
766 2696 883 2728 habene
908 2698 1066 2728 Moserus
1091 2696 1213 2728 maluit
1238 2714 1272 2718 —-
1307 2697 1393 2735 quod
1417 2697 1591 2727 declarare
1615 2698 1696 2727 All:
1731 2706 1794 2736 quo
1818 2697 1932 2727 dec-la—

156 2755 235 2778 rare
259 2747 301 2785 Β,
328 2756 392 2787 quo
416 2747 582 2778 declarari
607 2746 710 2778 codd.
730 2747 862 2778 Oxonn.
883 2748 927 2784 Ο,
954 2748 1019 2778 lale
1042 2748 1129 2787 quod
1153 2747 1328 2778 declarare
1352 2746 1446 2777 Klotz
1473 2763 1506 2768 ——
1539 2748 1588 2778 Μ.
1614 2747 1737 2787 inscite]
1762 2748 1829 2778 inte
1851 2748 1878 2778 si
1903 2747 1931 2779 H

160 2813 194 2818 —
221 2796 272 2828 ⁴3.
291 2798 379 2838 quod
401 2801 446 2828 est
471 2797 515 2828 C:
542 2797 629 2838 quod
645 2797 684 2827 ’sl
707 2797 733 2828 O
761 2813 793 2819 -
824 2798 876 2828 45.
903 2797 952 2827 his
975 2800 1085 2828 tamen
1108 2797 1221 2828 habita
1246 2798 1273 2828 H
1302 2815 1336 2819 —
1363 2798 1421 2828 hoc
1445 2796 1584 2835 salisb,
1609 2806 1675 2828 non
1698 2797 1777 2828 haec
1800 2797 1931 2828 Davisii

157 2854 252 2888 susp.
282 2865 317 2870 —
351 2848 402 2879 46.
431 2847 508 2878 fort.
531 2847 647 2887 pabuli
670 2851 700 2878 el
723 2856 840 2878 earum
862 2856 976 2878 rerum
999 2846 1077 2879 vel:
1112 2846 1227 2886 pabuli
1250 2850 1279 2877 el
1303 2846 1450 2877 aliarum
1472 2847 1507 2876 id
1530 2855 1631 2885 =oenus
1652 2855 1778 2877 rerum.
1808 2863 1841 2867 —
1875 2846 1929 2877 47.

157 2896 544 2937 salubritatem--puto
573 2897 748 2938 glossema
781 2906 859 2929 esse
892 2896 1079 2928 ridebatur
1110 2898 1258 2928 Grutero
1298 2912 1334 2917 —-
1370 2900 1453 2935 puto
1482 2896 1547 2926 All
1589 2912 1623 2918 —
1667 2896 1718 2928 48.
1744 2897 1859 2927 ludum
1883 2897 1926 2927 C:

157 2945 316 2978 iudicium
340 2948 465 2979 Davisii
491 2947 594 2978 codd.
624 2964 659 2970 —
698 2947 857 2978 hunccine
879 2948 907 2978 H
923 2947 948 2978 O
982 2964 1017 2969 -
1059 2946 1111 2978 49.
1137 2947 1306 2977 hominum
1330 2946 1356 2977 H
1391 2963 1426 2968 -
1465 2949 1593 2976 tantum
1617 2947 1813 2978 delectatum
1835 2947 1932 2986 nuyis

158 2995 337 3029 Ernestius
365 3015 394 3020 —
425 2997 505 3038 lum]
529 3006 606 3028 cum
629 2997 657 3028 H
686 3015 720 3020 -
755 2997 810 3028 ΞΟ.
835 2997 958 3034 simile,
985 2996 1131 3027 omnium
1154 3005 1229 3026 cum
1249 2996 1413 3035 pecudum
1437 2995 1563 3026 Davies
1589 2997 1622 3026 et
1646 2996 1759 3033 Klotz,
1786 2996 1849 3028 sed
1875 2995 1931 3026 hic

158 3045 262 3077 simile
284 3054 349 3077 esse
382 3063 417 3068 —
454 3047 507 3078 2¹.
538 3047 676 3086 pecudes
705 3047 732 3077 A
765 3064 800 3069 -—
838 3047 891 3078 22.
922 3045 978 3087 est]
1003 3046 1122 3077 habent
1151 3049 1176 3077 A
1203 3054 1249 3076 m.
1276 3054 1348 3076 sec.
1376 3045 1409 3075 in
1435 3054 1503 3076 ras.
1537 3061 1571 3066 —
1610 3047 1709 3086 quod]
1734 3047 1812 3085 quid
1838 3046 1864 3077 H
1893 3062 1928 3067 —

158 3093 211 3125 23.
237 3095 377 3127 colorem
401 3096 442 3127 Ηί
479 3113 514 3118 -
555 3095 608 3128 24.
635 3097 728 3126 illum
754 3096 780 3127 H
812 3112 846 3118 -
885 3097 929 3127 ad
952 3099 982 3127 te
1004 3094 1056 3134 Al,
1090 3099 1166 3126 ante
1190 3096 1217 3126 H
1252 3112 1287 3117 ——
1325 3096 1377 3126 95.
1405 3098 1537 3125 austum
1561 3095 1588 3126 H
1622 3112 1656 3117 —
1695 3096 1748 3126 26.
1773 3095 1933 3134 pudenter

159 3141 339 3176 Ernestius
366 3162 400 3167 —
426 3149 505 3177 esset
529 3146 570 3177 C:
598 3150 643 3177 est
661 3145 797 3185 Madvig
824 3162 857 3167 —
885 3155 953 3185 qua
969 3146 1037 3177 eius
1054 3146 1094 3184 H,
1121 3144 1249 3186 quibus
1267 3145 1300 3175 in
1318 3146 1474 3184 margine
1492 3144 1667 3176 adiectum
1686 3146 1739 3176 est
1753 3145 1875 3175 dictum
1896 3161 1930 3165 —

159 3191 212 3222 27,
237 3192 377 3232 efficeret
400 3194 429 3226 H
457 3212 491 3217 —
518 3196 569 3227 98.
590 3196 702 3226 dicunt
726 3196 754 3226 H
782 3212 816 3217 —
843 3196 937 3226 scolis
960 3196 1024 3227 AH
1052 3212 1087 3217 —
1114 3204 1154 3226 ne
1178 3194 1210 3225 in
1237 3202 1304 3224 ras.
1331 3195 1359 3224 A
1385 3210 1420 3215 —
1448 3194 1501 3225 29.
1527 3195 1567 3225 sic
1591 3194 1630 3225 A¹
1647 3211 1690 3216 --
1719 3193 1771 3224 30.
1791 3193 1933 3224 eiusdem

159 3241 247 3322 gzodi
273 3243 298 3274 H
325 3260 360 3267 -
387 3243 440 3275 32,
465 3245 566 3277 uitale
591 3245 634 3277 C:
662 3244 774 3276 hostile
798 3244 1037 3286 Hottingerus,
1063 3252 1154 3285 quae
1179 3243 1382 3275 coniectura
1406 3242 1526 3275 nescio
1550 3251 1594 3274 an
1618 3243 1662 3275 sit
1684 3241 1869 3284 probanda
1895 3257 1929 3264 —-

207 3313 213 3322 .
238 3291 391 3325 accedere
412 3290 464 3325 A¹.
