2249 3624
246 177 328 218 736
965 175 1035 215 DE
1066 173 1292 214 OFFICIIS

246 298 498 340 quamquam
531 283 581 323 ab
611 282 740 334 impio
772 293 870 333 rege
902 280 1065 328 dicitur,
1096 280 1311 320 luculente
1334 282 1470 318 tamen
1495 277 1656 318 dicitur.
1720 275 1813 318 llO3.
1844 278 2018 318 Addunt

247 349 396 395 etiam,
438 359 559 400 quem
592 344 643 384 ad
676 343 845 383 modum
886 356 963 382 nos
1006 343 1193 382 dicamus
1233 340 1365 381 videri
1405 340 1611 394 quaedam
1643 342 1762 381 utilia
1793 354 1901 395 quae
1932 354 2016 381 non

245 412 339 458 sint,
372 411 430 450 sic
462 423 505 449 se
539 408 677 447 dicere
709 406 839 446 videri
873 406 1078 459 quaedam
1111 405 1290 444 honesta
1312 415 1419 456 quae
1442 416 1528 443 non
1552 404 1655 451 sint,
1682 409 1753 444 «ut
1773 405 1855 444 hoc
1875 404 2015 457 ipsum

244 474 409 513 videtur
448 472 671 511 honestum
716 469 989 508 conservandi
1027 468 1130 508 iuris
1170 466 1336 506 iurandi
1371 479 1496 506 causa
1528 466 1579 506 ad
1614 467 1845 507 cruciatum
1876 479 2019 506 rever-

214 537 366 582 misse,
410 534 481 574 sed
514 530 557 572 fit
587 546 669 572 non
703 532 949 578 honestum,
991 531 1087 583 quia
1130 530 1244 583 quod
1284 541 1359 582 per
1396 529 1478 568 vim
1517 530 1702 569 hostium
1738 534 1849 569 esset
1879 534 2018 568 actum

244 604 374 638 ratum
419 609 511 636 esse
552 608 635 635 uon
679 594 863 633 debuit.»
935 593 1105 632 Addunt
1145 593 1292 640 etiam,
1333 593 1534 645 quicquid
1573 593 1693 632 valde
1724 592 1827 632 utile
1858 593 1935 639 sit,
1976 591 2017 630 id

243 659 332 700 fieri
364 659 599 704 honestum,
631 657 754 697 etiam
788 657 821 696 si
854 661 975 696 antea
997 668 1081 695 non
1106 655 1332 695 videretur.
1379 654 1492 694 Haec
1514 654 1600 694 fere
1624 660 1767 695 contra
1791 654 2019 708 Regulum:

244 724 316 764 sed
348 722 482 776 prima
512 721 744 760 videamus.

355 784 512 825 XXIX.
554 780 649 821 404.
694 783 808 821 «Non
842 780 919 820 fuit
950 781 1137 834 Iuppiter
1169 779 1420 819 metuendus
1461 792 1512 818 ne
1545 779 1676 819 iratus
1708 784 1902 827 noceret,
1947 779 2019 832 qui

194 860 381 904 loneque
422 847 546 888 irasci
588 846 694 885 solet
731 858 808 884 nec
848 857 1039 883 nocere.»
1109 843 1222 881 Haec
1254 841 1423 894 quidem
1455 842 1563 882 ratio
1594 855 1679 881 non
1714 843 1844 895 magis
1877 847 2020 882 contra

243 911 416 965 Reguli,
457 923 583 964 quam
625 913 769 948 contra
811 920 934 946 omne
977 907 1041 945 ius
1082 904 1305 945 iurandum
1349 905 1471 944 valet.
1534 905 1615 943 Sed
1647 905 1689 944 in
1722 906 1812 945 iure
1844 905 2020 946 iurando

243 989 327 1015 non
361 974 433 1027 qui
466 978 625 1019 metus,
665 971 737 1010 sed
780 983 889 1024 quae
930 970 991 1008 vis
1024 968 1077 1007 sit
1109 967 1234 1006 debet
1264 966 1470 1019 intellegi.
1534 968 1605 1006 Est
1638 967 1748 1006 enim
1781 968 1847 1006 ius
1879 967 2022 1007 iuran-

243 1039 341 1078 dum
373 1035 608 1077 adfirmatio
641 1033 859 1085 religiosa:
893 1030 1006 1084 quod
1038 1035 1178 1069 autem
1210 1027 1426 1069 adfirmate
1461 1029 1581 1082 quasi
1615 1029 1694 1069 deo
1729 1035 1831 1070 teste
1864 1029 2021 1083 promi-

244 1102 361 1147 seris,
393 1099 434 1139 id
466 1096 693 1138 tenendum
727 1100 802 1134 est.
863 1095 947 1133 lam
980 1094 1089 1132 enim
1123 1105 1209 1131 non
1241 1092 1292 1131 ad
1324 1092 1427 1131 iram
1460 1092 1652 1139 deorum,
1676 1105 1784 1146 quae
1805 1092 1920 1131 nulla
1944 1097 2020 1137 est,

194 1172 229 1201 ¹¹5
244 1164 316 1205 sed
348 1162 399 1203 ad
432 1159 637 1201 iustitiam
670 1163 710 1197 et
740 1158 791 1197 ad
825 1155 947 1196 [idem
981 1155 1176 1209 pertinet.
1237 1155 1340 1193 Nam
1374 1154 1589 1207 praeclare
1621 1156 1800 1194 Ennius:

469 1223 502 1263 O
536 1221 683 1261 Fides
715 1221 841 1260 alma
875 1225 984 1272 apta
1017 1218 1188 1271 pinnis
1221 1222 1268 1256 et
1298 1217 1376 1256 ius
1408 1217 1675 1256 iurandum
1710 1218 1874 1258 Iovisl

245 1289 327 1338 Qui
359 1288 424 1327 ius
457 1286 584 1338 igitur
613 1285 835 1324 iurandum
870 1282 1009 1328 violat,
1042 1282 1077 1320 is
1106 1280 1250 1320 Fidem
1284 1281 1426 1327 violat,
1460 1293 1584 1334 quam
1617 1281 1658 1319 in
1683 1280 1889 1334 Capitolio
1920 1280 2021 1320 vici-

243 1367 338 1393 nam
371 1350 482 1390 Iovis
524 1348 668 1401 optimi
702 1345 894 1391 maximi,
936 1350 981 1383 ut
1017 1344 1058 1382 in
1095 1343 1265 1382 Catonis
1306 1343 1496 1382 oratione
1538 1348 1624 1390 est,
1669 1344 1848 1382 maiores
1880 1342 2013 1381 nostri

244 1428 335 1455 esse
368 1413 605 1453 voluerunt.
674 1407 766 1448 405.
811 1410 887 1446 «At
919 1407 1029 1446 enim
1063 1420 1114 1444 nc
1147 1406 1277 1445 iratus
1310 1405 1481 1458 quidem
1513 1406 1701 1458 Iuppiter
1733 1405 1826 1458 plus
1859 1404 2019 1457 Regulo

193 1476 460 1517 aonocuisset
491 1487 616 1527 quam
649 1472 727 1511 sibi
760 1471 903 1510 nocuit
935 1470 1024 1523 ipse
1056 1468 1278 1520 Regulus.»
1343 1469 1484 1515 Certe,
1517 1469 1549 1507 si
1584 1469 1687 1508 nihil
1720 1468 1874 1508 malum
1908 1472 2020 1507 esset

243 1540 323 1581 nisi
356 1538 510 1578 dolere.
572 1535 618 1574 Id
650 1539 788 1574 autem
820 1546 903 1572 non
936 1531 1061 1572 modo
1098 1528 1214 1584 [non]
1249 1544 1457 1570 summum
1491 1530 1664 1577 malum,
1688 1531 1760 1570 sed
1790 1544 1843 1570 ne
1866 1530 2019 1569 malum

244 1602 413 1656 quidem
447 1613 538 1639 esse
570 1599 751 1637 maxima
782 1595 1031 1635 auctoritate
1063 1592 1302 1647 philosophi
1335 1591 1568 1633 adfirmant.
1631 1594 1820 1641 Quorum
1850 1592 2018 1645 quidem

243 1670 391 1705 testem
424 1676 507 1702 non
539 1660 818 1705 mediocrem,
861 1658 933 1697 sed
964 1655 1077 1696 haud
1111 1656 1197 1695 scio
1230 1669 1281 1695 an
1315 1656 1605 1708 gravissimum
1638 1656 1841 1708 Regulum
1874 1654 2019 1701 nolite,

245 1740 419 1781 quaeso,
449 1725 702 1776 vituperare.
764 1722 898 1768 Quem
932 1720 1040 1759 enim
1074 1719 1397 1771 locupletiorem
1431 1719 1671 1772 quaerimus
1705 1732 1828 1772 quam
1861 1717 2017 1771 prinei-

193 1799 228 1829 ·25
243 1803 337 1843 pem
369 1787 512 1842 populi
543 1785 734 1832 Romani,
766 1785 836 1836 qui
868 1782 1075 1822 retinendi
1111 1782 1238 1821 oflicii
1272 1794 1395 1821 causa
1419 1782 1647 1820 cruciatum
1674 1782 1848 1821 subierit
1869 1780 2019 1820 volun-

244 1853 423 1892 tarium?
482 1851 586 1889 Nam
619 1848 730 1902 quod
764 1847 882 1886 aiunt
917 1845 1114 1883 «minima
1148 1845 1197 1883 de
1232 1844 1390 1890 malis»,
1423 1843 1463 1882 id
1499 1849 1562 1883 est
1592 1849 1638 1883 ut
1669 1843 1843 1897 turpiter
1875 1842 2014 1895 potius

244 1928 370 1970 quam
403 1911 666 1957 calamitose,
709 1923 761 1949 an
804 1914 866 1948 est
904 1908 1035 1947 ullum
1078 1907 1208 1945 maius
1243 1905 1395 1944 malum
1428 1905 1720 1958 turpitudine?
1768 1918 1876 1958 quae
1907 1904 1941 1944 si
1973 1904 2016 1942 in

244 1977 509 2019 deformitate
541 1973 730 2027 corporis
762 1972 889 2011 habet
919 1968 1081 2021 aliquid
1114 1968 1377 2015 offensionis,
1410 1975 1568 2021 quanta
1598 1968 1669 2007 illa
1700 1967 1945 2020 depravatio
1978 1971 2020 2005 et

242 2041 420 2082 foeditas
452 2035 675 2090 turpificati
707 2035 835 2074 animi
868 2033 990 2073 debet
1022 2030 1184 2070 videri?
1253 2027 1347 2069 406.
1387 2031 1533 2083 Itaque
1575 2031 1794 2069 nervosius
1837 2030 1907 2083 qui
1939 2029 2019 2068 ista

193 2104 455 2143 audisserunt
493 2100 628 2140 solum
671 2098 827 2137 audent
868 2095 1019 2135 malum
1063 2094 1201 2132 dicere
1239 2094 1301 2140 id,
1344 2093 1456 2146 quod
1498 2099 1620 2145 turpe
1652 2093 1730 2140 sit,
1772 2092 1843 2145 qui
1875 2096 2015 2131 autem

243 2164 480 2210 remissius,
521 2163 549 2202 ii
588 2167 727 2201 tamen
767 2172 852 2198 non
896 2158 1088 2197 dubitant
1129 2169 1336 2196 summum
1377 2155 1529 2194 malum
1563 2155 1716 2194 dicere.
1775 2156 1879 2194 Nam
1910 2153 2014 2192 illud

244 2227 430 2282 quidem,

490 2283 667 2334 Neque
714 2279 827 2319 dedi
874 2291 1038 2330 neque
1086 2277 1144 2316 do
1191 2275 1399 2316 infideli
1445 2275 1694 2329 cuiquam,

242 2354 397 2395 idcirco
427 2356 542 2391 recte
572 2363 596 2389 a
626 2354 760 2403 poeta,
794 2348 907 2401 quia,
941 2361 1032 2385 cum
1056 2351 1303 2385 tractaretur
1324 2346 1495 2391 Atreus,
1518 2356 1724 2396 personae
1748 2342 2017 2382 serviendum

195 2417 336 2457 35fuit.
396 2413 478 2454 Sed
511 2413 544 2452 si
578 2413 657 2451 hoc
690 2411 767 2450 sibi
802 2415 978 2456 sument,
1011 2409 1168 2447 nullam
1202 2421 1294 2447 esse
1326 2404 1463 2452 fidem,
1496 2419 1605 2459 quae
1637 2403 1797 2445 infideli
1828 2404 1925 2444 data
1947 2405 2013 2451 sit,

244 2479 415 2519 videant
445 2490 497 2516 ne
530 2479 755 2529 quaeratur
786 2472 943 2512 latebra
975 2472 1173 2524 periurio.
1237 2468 1330 2509 407.
1369 2471 1444 2510 Est
1475 2476 1612 2509 autem
1644 2469 1708 2508 ius
1740 2468 1865 2508 etiam
1897 2466 2017 2506 belli-

246 2555 341 2580 cum
373 2538 560 2592 fidesque
591 2537 695 2576 iuris
725 2534 892 2575 iurandi
936 2547 1061 2587 saepe
1102 2547 1194 2572 cum
1225 2533 1347 2572 hoste
1379 2531 1596 2572 servanda.
1657 2530 1782 2579 Quod
1815 2529 1927 2569 enim
1957 2530 2015 2569 ita

245 2603 424 2642 iuratum
457 2606 540 2649 est,
572 2605 618 2640 ut
648 2611 764 2639 mens
796 2597 1034 2650 conciperet
1066 2594 1152 2635 lieri
1185 2600 1400 2648 oportere,
1431 2594 1473 2634 id
1506 2593 1754 2634 servandum
1787 2597 1869 2633 est:
1902 2591 2016 2646 quod

333 2768 364 2798 2.
390 2776 455 2798 mm
478 2767 540 2798 sint
565 2775 656 2798 corr.
676 2774 716 2797 ex
742 2774 805 2796 non
830 2767 904 2795 suna
928 2764 952 2794 B
979 2780 1013 2784 —
1042 2762 1073 2793 3.
1099 2762 1211 2793 uidere
1235 2761 1299 2792 dici
1324 2769 1340 2792 c
1370 2778 1403 2782 -
1432 2760 1539 2791 dicere
1562 2768 1631 2790 otu.
1651 2767 1672 2798 p
1699 2775 1733 2780 —
1761 2761 1835 2789 sunt
1858 2758 1882 2789 B
1898 2758 1960 2789 lla
1980 2772 2015 2779 -—

251 2816 285 2847 l't
308 2817 363 2861 her
386 2818 492 2856 ipsum
517 2826 554 2848 a:
581 2820 616 2847 ut
639 2816 698 2846 hoc
721 2816 793 2855 ipsa¹
815 2815 835 2845 b
864 2832 895 2836 —
932 2814 962 2844 5.
990 2813 1129 2843 hostium
1156 2820 1224 2843 oni.
1246 2820 1266 2850 p
1294 2828 1329 2833 —
1357 2813 1468 2841 actum
1493 2811 1572 2840 esset
1597 2816 1633 2844 ος
1661 2808 1738 2839 tort.
1765 2811 1810 2838 ese
1833 2810 1957 2838 actum.
1979 2821 2014 2827 —-

245 2867 276 2896 6,
303 2875 367 2896 non
394 2866 510 2907 debuit]
545 2868 625 2898 Post
655 2866 742 2896 haec
775 2866 910 2896 sextam
943 2862 1225 2893 adversm-iorum
1258 2864 1378 2892 contra
1405 2858 1574 2899 Regulum
1600 2858 1772 2889 rationem
1806 2856 1892 2897 (Cur
1915 2857 2019 2896 iyitur

246 2916 289 2946 ad
312 2918 459 2946 senatum
479 2915 764 2956 proficiscebatur,
789 2922 863 2943 own
884 2915 1081 2951 praescr-mn
1108 2913 1145 2941 dc
1169 2912 1310 2949 raptio-is
1335 2912 1547 2941 dissuasurus
1563 2908 1675 2946 essentq
1703 2907 1876 2939 excidisse
1895 2907 2019 2937 censet

246 2965 415 3005 Ungerus,
443 2964 518 2995 coll.
546 2965 655 3004 3440.
687 2982 718 2986 —
748 2965 778 2994 9.
806 2964 927 3002 iupiter
952 2963 1060 2998 Abc;
1090 2963 1171 2992 item
1200 2969 1230 2990 v.
1252 2961 1302 2991 49,
1326 2979 1360 2983 ——
1388 2962 1440 2992 40.
1460 2969 1517 2991 nec
1533 2958 1635 2990 irasci
1659 2966 1677 2989 c
1706 2974 1740 2980 —
1770 2958 1820 2988 42.
1840 2957 1880 2987 sit
1905 2963 1975 2986 om.
1997 2963 2018 2986 a

252 3034 285 3039 -
313 3015 450 3055 intelliyi
475 3015 561 3045 (lebet
586 3022 603 3045 c
644 3032 678 3037 ——
721 3014 772 3044 43,
800 3014 949 3052 affirmat
974 3015 1004 3042 et
1028 3011 1123 3051 qnasi
1148 3018 1165 3040 c
1194 3027 1225 3030 —
1258 3011 1308 3041 45,
1335 3010 1379 3040 ad
1403 3011 1482 3040 ante
1506 3009 1602 3049 fidem
1626 3016 1696 3038 om.
1716 3015 1734 3037 c
1762 3024 1795 3028 —
1825 3006 1875 3036 46.
1902 3005 2019 3044 pennis

246 3063 316 3097 B²o
345 3081 378 3085 —
407 3063 458 3094 47.
484 3064 587 3104 igilur
609 3064 845 3094 iusiurandum
870 3070 887 3092 e
917 3077 949 3083 —
977 3062 1005 3092 ts
1028 3061 1122 3100 sidem
1147 3059 1249 3089 violat
1275 3068 1343 3090 om.
1366 3060 1404 3097 Η,
1433 3059 1464 3089 in
1484 3066 1593 3097 marg.
1615 3056 1721 3088 habet
1746 3065 1778 3095 a,
1806 3057 1887 3097 post
1908 3055 1973 3085 iovi
1998 3061 2016 3084 c

248 3132 283 3138 —
311 3115 364 3146 48.
390 3115 458 3144 iouz'
485 3115 572 3152 (oni.
599 3115 711 3153 optimi
735 3114 892 3151 macinii)
922 3121 938 3143 c
979 3129 1013 3134 —
1051 3111 1104 3141 ⁵20.
1130 3110 1198 3148 ipse
1221 3109 1331 3140 nocuit.
1354 3110 1381 3140 A
1409 3126 1443 3130 —-
1470 3108 1524 3139 ⁶24.
1552 3107 1662 3138 dolore
1687 3104 1756 3137 ss²b
1787 3123 1818 3127 —
1845 3113 1912 3134 non
1935 3105 2015 3134 ante

245 3173 409 3197 summum
433 3172 606 3203 om.ch
646 3180 680 3186 —
718 3164 771 3194 23.
799 3164 877 3194 Ιιαιιι
902 3170 923 3193 a
960 3180 995 3184 -
1032 3160 1086 3191 ⁶24„
1114 3168 1210 3198 queso
1235 3159 1332 3189 noltle
1356 3166 1373 3188 c
1411 3175 1445 3180 —
1484 3158 1538 3188 ⁶35.
1564 3156 1712 3196 subierit]
1736 3155 1796 3186 sibi
1818 3155 1905 3194 ferat
1928 3160 1949 3192 p
1977 3168 2012 3174 -

247 3216 300 3246 26.
325 3214 465 3245 minima
490 3213 632 3243 damaris
656 3214 707 3244 ab
732 3231 774 3235 —
798 3214 851 3244 ⁶37.
878 3214 912 3243 in
934 3210 1130 3249 fortitudine
1154 3209 1302 3248 corporis
1327 3209 1354 3239 ΙΙ
1380 3225 1414 3230 -
1441 3208 1494 3239 ⁶28.
1514 3207 1608 3238 habet
1633 3215 1670 3237 c:
1697 3204 1815 3236 habeat
1838 3205 1863 3234 A
1879 3203 1902 3233 B
1920 3202 1944 3232 ll
1961 3201 2013 3232 ab

251 3282 285 3287 -—
313 3265 365 3296 30.
393 3264 498 3294 dicere
521 3271 591 3293 om.
612 3271 662 3301 cp
686 3281 728 3285 —-
752 3263 785 3293 id
809 3263 953 3302 qumi·-
969 3260 1095 3292 malum
1119 3259 1225 3290 dicere
1249 3267 1318 3289 om.
1338 3259 1363 3289 Α
1402 3275 1437 3279 —-
1475 3257 1527 3287 34.
1554 3256 1577 3286 ii
1602 3256 1679 3287 Bb:
1705 3255 1737 3285 hi
1760 3255 1787 3286 Η
1802 3262 1834 3294 a,
1859 3251 1906 3292 hij
1930 3259 1947 3282 c
1973 3266 2009 3273 -

249 3314 302 3347 36.
327 3323 367 3346 ne
390 3316 529 3354 querant
552 3312 711 3344 latebram
736 3320 753 3343 c
781 3329 814 3334 —
843 3314 952 3343 aulem
977 3312 1021 3343 C:
1050 3318 1120 3342 om.
1141 3317 1159 3340 ο
1189 3326 1221 3333 -
1251 3308 1304 3340 37.
1331 3309 1379 3339 ica
1403 3316 1474 3340 om.
1492 3307 1566 3339 Ab.
