2249 3624
601 153 689 193 Lm.
720 153 786 192 IV.
826 151 922 192 CAP.
952 150 1293 191 XXII—XXIV.
1333 148 1391 202 §§
1422 146 1610 188 60—65.
1902 142 1973 184 171

233 267 504 320 sponderem,
545 266 684 312 dares,
724 265 802 304 nisi
844 270 884 304 et
924 270 963 303 te
1003 262 1146 302 audire
1190 276 1298 302 nunc
1339 261 1501 300 mallem
1534 265 1574 300 et
1610 259 1701 298 istis
1733 264 1870 298 tamen
1902 257 1982 297 alio

235 335 419 383 tempore
451 341 722 381 responsurus
754 340 905 373 essem,
944 332 1026 365 tum
1059 326 1234 371 scilicet,
1267 338 1357 363 cum
1389 324 1477 363 tibi.

349 392 497 430 xxltt.
526 392 679 443 Atque,
712 390 744 428 si
769 403 907 428 verum
938 388 1190 441 respondere
1213 387 1359 431 velles,
1394 388 1508 432 (Iam,
1530 385 1631 424 haec
1653 390 1770 423 erant
1793 383 1986 423 dicenda:

236 468 316 494 non
349 468 418 493 eos
452 454 522 493 tibi
556 465 636 491 non
670 452 886 504 probatos,
921 451 1040 490 tantis
1073 450 1251 500 ingeniis
1282 449 1472 488 homines
1506 453 1704 500 tantaque
1731 447 1987 492 auctoritate,

235 516 304 555 sed
339 523 378 555 te
408 514 762 557 animadvertisse,
797 526 899 565 quas
931 526 995 551 res
1028 512 1086 551 illi
1110 518 1276 564 propter
1297 510 1585 563 antiquitatem
1611 523 1751 563 parum
1774 509 2022 555 vidis-senus

233 590 301 616 eas
333 590 354 615 a
388 577 536 615 Stoicis
569 588 658 614 esse
691 580 946 626 perspectas,
980 575 1222 626 eisdemque
1254 574 1304 611 de
1337 573 1460 611 rebus
1497 573 1570 611 hos
1602 586 1694 610 eum
1722 572 1884 610 acutius
1907 569 1991 609 dis-

232 638 430 682 seruisse,
473 644 557 676 tum
591 638 771 676 sensisse
803 637 967 687 gravius
999 641 1037 674 et
1070 635 1239 681 fortius,
1287 635 1441 687 quippe
1474 635 1544 687 qui
1578 635 1753 686 primum
1788 632 1989 672 valetudi-

231 714 325 738 nem
357 700 505 737 honam
538 699 813 751 expetendam
848 703 999 749 negent
1023 710 1135 742 esse,
1170 697 1402 746 eligendam
1428 696 1586 743 dicant,
1620 709 1694 736 nec
1717 697 1814 749 quia
1834 696 1988 734 bonum

230 763 282 800 sit
313 760 473 807 valere,
505 760 577 799 sed
610 761 707 812 quia
739 760 789 798 sit
822 772 904 798 non
938 759 1068 797 nihilo
1101 759 1404 798 aestimandum
1436 781 1489 787 —
1521 772 1656 811 nequo
1690 764 1826 797 tamen
1860 756 1990 809 pluris

230 823 310 863 illis
343 822 523 868 videtur,
557 823 628 874 qui
662 821 763 860 illud
797 834 880 860 non
915 821 1104 859 dubitant
1136 821 1291 859 bonum
1325 820 1486 860 dicere:
1517 842 1571 849 —
1601 821 1681 859 hoc
1703 834 1800 859 vero
1823 826 1860 859 te
1883 819 2041 858 feri-0⁴0

230 897 312 924 non
346 885 553 936 potuisse,
586 883 697 936 quod
731 883 891 936 antiqui
925 883 983 921 illi
1016 884 1135 935 quasi
1169 883 1346 929 barbati,
1379 890 1423 922 ut
1453 896 1528 921 nos
1560 884 1610 921 de.
1634 884 1784 922 nostris
1807 882 1989 921 solemus

229 946 387 992 dicere,
420 944 678 985 crediderint
709 946 818 991 eius,
851 945 922 997 qui
954 944 1125 984 honeste
1149 946 1331 992 viveret,
1363 946 1395 984 si
1419 946 1526 984 idem
1551 946 1671 985 etiam
1694 946 1799 984 bene
1822 944 1990 989 valeret,

229 1008 334 1047 bene
377 1008 558 1054 audiret,
599 1008 792 1060 copiosus
836 1013 962 1053 esset,
1005 1008 1293 1059 optabiliorem
1333 1006 1421 1046 fore
1453 1009 1578 1046 vitam
1615 1007 1919 1059 melioremque
1951 1011 1992 1044 et

229 1070 358 1123 magis
391 1069 666 1124 expetendam
706 1082 829 1122 quam
868 1069 1002 1116 illius,
1045 1070 1117 1122 qui
1159 1082 1294 1122 aeque
1331 1069 1394 1108 vir
1433 1070 1568 1108 bonus
1607 1069 1781 1108 multis
1822 1067 1989 1107 modis

230 1139 357 1180 esset,
388 1139 433 1172 ut
462 1132 586 1172 Ennii
617 1132 831 1178 Alcmaeo,
2004 1137 2039 1165 ⁴5

470 1195 862 1233 circumventus
894 1193 1087 1240 morbo,
1120 1195 1317 1234 exsilio
1350 1200 1513 1247 atque
1545 1194 1736 1247 inopia.

229 1256 294 1297 63.
326 1257 389 1296 Illi
430 1257 556 1309 igitur
593 1257 752 1309 antiqui
791 1270 873 1295 non
914 1262 995 1296 tam
1037 1262 1154 1295 acute
1197 1257 1487 1309 optabiliorem
1524 1257 1637 1296 illam
1671 1257 1796 1296 vitan]
1829 1262 1989 1309 putant,

229 1320 594 1373 praestantiorem,
626 1318 876 1365 beatiorem,
910 1319 1036 1358 Stoici
1069 1325 1206 1358 autem
1239 1325 1398 1358 tantum
1431 1318 1554 1358 modo
1588 1319 1925 1372 praeponendam
1948 1320 1989 1358 in

229 1381 462 1434 seligendo,
496 1395 577 1420 non
611 1395 694 1434 quo
726 1381 885 1420 beatior
916 1394 962 1420 ea
994 1382 1076 1420 vita
1108 1382 1178 1427 sit,
1211 1381 1282 1419 sed
1316 1381 1427 1434 quod
1460 1381 1509 1420 ad
1544 1387 1728 1420 naturam
1758 1394 1990 1420 accommo-

229 1445 380 1491 datior,
423 1450 482 1490 et,
523 1444 591 1496 qui
636 1444 846 1495 sapientes
889 1457 972 1482 non
1013 1445 1116 1490 sint,
1157 1457 1300 1483 omnes
1332 1457 1467 1497 aeque.
1500 1444 1673 1483 miseros
1706 1456 1810 1483 esse.
1864 1444 2040 1483 Stoa—120

231 1507 309 1546 hoe
342 1506 537 1546 videlicet
570 1506 781 1553 viderunt,
823 1506 917 1545 illos
949 1511 1086 1545 autem
1120 1505 1161 1544 id
1193 1505 1356 1558 fugerat
1388 1507 1640 1559 superiores,
1684 1506 1872 1545 homines
1905 1520 1991 1545 sce-

229 1570 383 1609 leribus
428 1576 466 1609 et
508 1569 744 1622 parricidiis
784 1569 1021 1621 inquinatos
1065 1568 1194 1607 nihilo
1234 1569 1469 1607 miseriores
1502 1582 1592 1608 esse
1625 1582 1749 1622 quam
1782 1581 1875 1616 eos,
1917 1569 1989 1620 qui

230 1646 323 1672 cum
355 1638 464 1671 caste
498 1638 537 1671 et
570 1632 728 1680 integre
759 1632 947 1670 viverent
979 1631 1164 1669 nondum
1199 1631 1419 1682 perfectam
1448 1631 1561 1670 illam
1584 1632 1829 1684 sapientiam
1852 1636 1991 1671 essent

230 1695 454 1734 consecuti.
517 1691 582 1732 ol.
612 1695 748 1745 Atque
785 1693 863 1732 hoo
895 1693 985 1731 loeo
1017 1693 1310 1732 similitudines
1343 1707 1434 1740 eas,
1477 1694 1627 1746 quibus
1658 1694 1718 1733 illi
1750 1694 1808 1732 uti
1841 1694 1989 1740 solent,

230 1757 528 1796 dissimillimas
562 1755 815 1807 proferebas.
867 1756 970 1802 Quis
1002 1756 1111 1794 enim
1144 1756 1329 1807 ignorat,
1362 1757 1395 1795 si
1429 1756 1568 1809 plures
1597 1770 1649 1795 ex
1671 1757 1754 1796 alto
1778 1770 1989 1809 emergere
2005 1764 2040 1793 25

229 1820 378 1866 velint,
412 1820 582 1872 propius
614 1818 700 1856 fore
733 1832 803 1856 eos
837 1818 1004 1870 quidem
1034 1818 1083 1856 ad
1108 1818 1413 1870 respirandum,
1447 1818 1516 1871 qui
1540 1819 1590 1857 ad
1614 1832 1815 1858 sumniam
1839 1832 1989 1871 aquam

228 1883 308 1922 iam
341 1882 700 1934 appropinquent,
734 1880 805 1919 sed
839 1881 966 1919 nihilo
998 1882 1127 1932 magis
1159 1881 1363 1933 respirare
1398 1894 1519 1933 posse
1544 1895 1667 1934 qnam
1694 1895 1783 1928 eos,
1816 1882 1886 1934 qui
1909 1882 1992 1921 sint

228 1945 270 1983 in
302 1944 542 1997 profundo?
580 1943 689 1982 Nihil
722 1944 845 1995 igitur
875 1943 1044 1982 adiuvat
1076 1942 1299 1994 procedere
1333 1948 1372 1982 et
1402 1944 1596 1996 progredi
1631 1944 1671 1982 in
1704 1944 1873 1991 virtute,
1907 1957 1989 1997 quo

229 2006 364 2045 minus
398 2005 653 2045 miserrimus
685 2006 758 2051 sit,
800 2011 895 2044 aute
928 2019 1051 2058 quam
1085 2005 1133 2044 ad
1169 2020 1256 2045 eam
1290 2007 1548 2058 pervenerit,
1582 2008 1779 2059 quoniam
1811 2008 1852 2046 in
1885 2020 1990 2059 aqua

228 2069 330 2109 nihil
363 2069 550 2114 adiuvat,
594 2074 633 2107 ct
664 2069 861 2120 quoniam
894 2068 1043 2113 catuli,
1087 2068 1157 2120 qui
1190 2069 1270 2106 iam
1304 2068 1527 2121 dispecturi
1560 2076 1678 2116 sunt,
1711 2069 1822 2109 caeci
1855 2082 1989 2124 aeque
2005 2075 2042 2103 30

228 2138 268 2171 et
299 2131 346 2178 ii,
389 2131 460 2184 qui
501 2129 622 2169 modo
661 2131 766 2175 nati,
810 2130 1021 2169 Platonem
1053 2144 1221 2183 quoque
1254 2144 1426 2169 necesse
1459 2137 1542 2177 est,
1576 2132 1774 2184 quoniam
1806 2132 1989 2171 nondum

227 2193 395 2233 videbat
426 2192 691 2245 sapientiam,
724 2205 860 2245 aeque
893 2206 1059 2231 caecum
1092 2193 1230 2231 animo
1263 2206 1309 2231 ac
1341 2192 1546 2231 Phalarim
1577 2193 1718 2233 fuisse.

342 2255 493 2293 xxiv,
526 2253 592 2293 (535.
626 2255 705 2293 lsta
739 2255 890 2293 similia
922 2268 1003 2293 non
1037 2260 1151 2301 sunt,
1186 2256 1303 2294 Cato:
1341 2255 1381 2292 iu
1416 2255 1567 2307 quibus
1594 2256 1783 2308 quamvis
1816 2255 1989 2295 multum

230 2317 507 2371 processeris,
541 2322 675 2355 tamen
710 2316 809 2355 illud
843 2318 883 2356 in
917 2317 1060 2355 eadem
1094 2330 1215 2355 causa
1249 2323 1331 2362 est,
1364 2330 1385 2355 a
1419 2331 1499 2369 quo
1533 2317 1677 2357 abesse
1702 2318 1825 2363 velis,
1858 2318 1990 2357 donec

229 2380 430 2426 evaseris;
473 2393 548 2418 nec
591 2380 699 2418 enim
743 2380 812 2418 ille.
854 2380 1030 2431 respirat
1079 2385 1174 2418 ante
1209 2393 1333 2431 quam
1377 2380 1565 2426 emersit,
1612 2386 1652 2418 et
1693 2380 1816 2419 catuli
1856 2387 2041 2433 aeque35

230 2443 338 2482 caeci
373 2442 486 2494 prius
521 2455 643 2494 quam
676 2442 972 2493 dispexerunt,
1005 2455 1051 2480 ac
1084 2442 1117 2480 si
1153 2443 1205 2481 ita
1237 2442 1364 2480 futuri
1397 2456 1563 2493 semper
1591 2448 1740 2481 essent.
1790 2442 1865 2482 llla
1897 2448 1990 2482 sunt

229 2504 402 2544 similia:
435 2503 571 2543 Hebes
603 2504 711 2542 acies
744 2510 806 2543 est
838 2504 1015 2556 cuipiam
1049 2504 1290 2550 oculorum,
1324 2518 1492 2557 corpore
1525 2504 1627 2543 alius
1658 2505 1912 2557 languescit:
1948 2505 1988 2544 hi

317 2671 347 2702 3.
374 2671 476 2708 Atque
499 2671 522 2700 Β
537 2672 581 2701 G:
609 2671 705 2707 fitque
730 2672 753 2699 Ο
785 2688 818 2692 -
845 2670 874 2700 ὃΔ
903 2678 964 2710 qne
988 2679 1056 2700 om.
1084 2671 1106 2700 Β
1124 2673 1146 2703 κ’,
1175 2687 1207 2690 —
1235 2678 1308 2700 cuin
1333 2670 1355 2700 Β
1375 2671 1407 2699 ct
1427 2670 1633 2708 Madvigius:
1662 2673 1729 2701 {mn
1753 2671 1858 2701 ceteri
1885 2671 1988 2702 codd.

229 2723 261 2752 et
287 2722 311 2751 O
340 2739 374 2743 —
409 2721 582 2750 deseruisse
614 2721 674 2751 131⁴]
709 2738 741 2741 —-
777 2721 806 2751 7.
835 2722 887 2758 qut
927 2729 994 2750 om.
1025 2721 1045 2750 Β
1076 2738 1100 2741 -
1143 2721 1172 2750 8.
1200 2728 1256 2749 nec
1283 2720 1363 2750 lilJ:
1396 2730 1458 2748 mm
1485 2720 1509 2749 O
1532 2738 1563 2742 —
1591 2720 1621 2750 9.
1648 2720 1763 2751 Verba
1791 2721 1990 2761 interposita

227 2779 329 2810 neque
346 2787 392 2792 —-
411 2770 526 2800 bonum
558 2771 663 2800 (licere
693 2775 725 2800 et
761 2779 838 2801 mox
876 2773 907 2799 ul
938 2778 994 2800 nos
1017 2771 1054 2799 de
1087 2780 1116 2800 n.
1144 2770 1280 2799 solemus
1304 2770 1408 2799 ‹licei-e
1433 2768 1589 2799 eicienda
1616 2773 1739 2801 censet
1766 2772 1815 2802 Fr.
1844 2771 1991 2802 lacobus

228 2822 260 2852 in
286 2820 402 2852 Philol.
422 2820 637 2852 Schneidew.
660 2821 716 2853 VI,
745 2830 764 2860 p
797 2820 852 2851 48¹
877 2828 928 2859 sq.
954 2837 985 2840 —*
1004 2820 1360 2858 5=l1‹2-is‹;oe1·enzius:
1384 2820 1494 2857 plures
1517 2828 1615 2857 quum
1634 2820 1735 2850 codd.
1758 2821 1872 2857 (etiam
1895 2822 1918 2852 Β
1935 2822 1989 2852 1“ἶ’·.

225 2870 331 2909 pluris
356 2878 454 2908 quam
479 2870 521 2905 O;
545 2870 650 2908 pluris
676 2869 797 2909 [quam]
824 2870 853 2899 M
882 2886 916 2890 —
946 2868 996 2899 43.
1023 2868 1103 2908 fore]
1130 2878 1194 2899 esse
1220 2869 1240 2898 Β
1263 2886 1295 2890 -
1328 2867 1376 2899 14.
1397 2869 1505 2898 mullis
1527 2870 1630 2899 modis
1648 2870 1806 2901 Ciceroni
1832 2870 1991 2901 tribuito

233 2938 267 2942 -
296 2921 345 2949 45.
372 2920 482 2960 Ennii]
509 2920 591 2949 enirn
618 2920 640 2949 Β
670 2938 701 2940 -ss
732 2915 853 2949 aleines)
881 2920 921 2949 13:
949 2919 1052 2949 (ileum
1078 2919 1101 2948 l«)
1131 2936 1161 2940 -—
1194 2918 1242 2948 ⁴8.
1270 2919 1300 2947 in
1326 2926 1356 2947 se
1381 2918 1512 2956 leqenclo
1538 2919 1559 2948 Β
1576 2919 1598 2949 F.
1627 2935 1661 2941 -
1690 2920 1740 2950 49.
1769 2928 1831 2958 quo
1855 2920 1882 2950 b.
1911 2923 1990 2957 (non

231 2970 315 3009 quod
332 2969 373 3006 0)
398 2969 500 2998 etiam
521 2969 543 2999 κζ
565 2986 596 2989 -
625 2978 662 2998 eo
681 2978 762 2999 nos:
791 2978 831 2999 ec
850 2969 892 2998 Β;
912 2969 1090 2999 'met-310.
1119 2968 1167 2998 (211
1188 2976 1259 2997 μιν.
1281 2966 1359 2997 leet.
1380 2976 1412 3006 p.
1435 2966 1507 3004 464,
1527 2968 1578 2998 ⁴2²3.
1600 2969 1672 3004 468,
1693 2970 1724 3000 6.
1745 2985 1777 2990 —
1808 2978 1993 3000 accommo-

233 3020 304 3049 dior
321 3019 344 3048 Β
361 3019 384 3048 (2
407 3035 439 3038 -
460 3019 512 3048 ΞΟ.
532 3027 595 3048 esse
612 3027 679 3049 oin.
701 3019 723 3049 B
741 3035 772 3038 —
795 3019 845 3049 ³2¹.
865 3019 1048 3056 superiores
1066 3021 1293 3048 Goerenzms:
1321 3018 1504 3055 superiores
1521 3019 1575 3056 qui
1601 3018 1853 3048 arbilrabanlur
1869 3018 1989 3055 codd.;

232 3067 430 3106 superiores,
456 3066 522 3106 [qui
540 3067 801 3106 arbitrabantur]
823 3068 866 3101 O:
888 3068 991 3098 etiam
1010 3077 1040 3097 v,
1056 3069 1239 3105 superiores
1255 3066 1444 3097 delendum
1465 3070 1583 3099 censet
1605 3067 1768 3099 llalmius.
1783 3087 1816 3091 —
1832 3069 1882 3100 ⁶23.
1903 3070 1993 3099 illam

230 3117 409 3156 perfectam
436 3117 458 3146 B
482 3134 515 3138 —
544 3117 583 3148 ⁴24
621 3118 669 3147 uti
692 3126 760 3148 om.
788 3118 810 3148 B
835 3135 866 3138 —-
895 3118 946 3147 26.
974 3118 1113 3157 quidem}
1140 3118 1216 3156 quid
1240 3120 1283 3146 est
1308 3117 1330 3146 Β
1358 3133 1391 3138 -
1419 3126 1543 3155 aquam
1567 3119 1633 3148 iam
1657 3119 1701 3148 13:
1730 3119 1796 3148 iam
1820 3128 1941 3157 aquam
1967 3119 1991 3149 Ο

238 3184 271 3188 -
298 3166 350 3196 27.
378 3166 639 3204 appropinquent
664 3167 686 3196 B
703 3167 743 3197 Et
779 3167 1047 3205 appropinquant
1071 3168 1095 3195 t)
1123 3184 1155 3188 —
1191 3167 1252 3196 §int
1284 3166 1367 3196 1³13:
1403 3171 1475 3197 sunl
1501 3168 1525 3198 O
1553 3184 1587 3190 —-
1623 3168 1673 3198 028.
1703 3168 1804 3207 iyilw·
1826 3168 1850 3198 B
1867 3168 1890 3198 C
1907 3168 1988 3198 DE:

236 3224 312 3256 εει-90
336 3215 360 3246 Ο
389 3231 422 3236 -
457 3216 508 3246 29,
532 3216 718 3253 peruenire!
748 3216 770 3246 Β
798 3216 876 3253 (non
903 3216 938 3252 1⁴1)
966 3234 998 3239 —
1038 3217 1087 3247 530.
1115 3216 1290 3253 (lispcclw'i
1321 3215 1524 3248 Lambinus:
1559 3218 1739 3256 despecturi
1763 3217 1881 3252 codd..
1908 3217 1990 3248 item

235 3274 268 3296 v.
295 3265 346 3297 36.
374 3282 408 3287 ·—
436 3274 531 3296 caeco
555 3267 582 3297 D
611 3283 640 3286 —
671 3265 721 3296 37.
748 3265 856 3306 Hebes]
881 3266 975 3297 habes
999 3267 1021 3297 Β
1039 3266 1112 3297 tio.
1140 3266 1188 3296 (ΣΥ.
1216 3265 1259 3296 ad
1284 3276 1317 3307 p.
1338 3266 1410 3304 467,
1430 3267 1482 3298 ΞΤ.
1512 3285 1545 3289 -
1573 3266 1762 3307 Ianyuescit]
1787 3266 1884 3297 nescit
1908 3266 1944 3297 B.
