2249 3624
326 165 407 207 348
766 170 1191 213 TUSCULANARUM
1221 172 1658 214 DISPUTATIONUM

325 273 463 315 adhuc
493 275 702 315 neminem
734 278 913 328 cognovi
946 282 1112 330 poetam
1145 277 1200 326 (et
1226 279 1327 318 mihi
1355 278 1436 318 fuit
1456 292 1549 318 cum
1571 279 1756 333 Aquinio
1778 278 1988 331 amicitia),
2020 281 2091 334 qui

326 336 406 376 sibi
436 350 520 378 non
541 343 734 391 optumus
755 339 990 387 videretur;
1024 342 1082 380 sic
1103 354 1146 379 se
1169 354 1236 380 res
1257 340 1404 380 habet:
1428 346 1467 380 te
1489 346 1573 388 tua,
1596 355 1661 381 me
1686 341 1897 382 delectant
1919 356 2011 383 mea
2027 358 2093 383 —2

326 398 400 438 sed
437 405 482 440 ut
522 400 573 441 ad
611 401 856 455 Dionysium
900 402 1143 448 redeamus,
1183 403 1297 442 omni
1340 403 1452 442 cultu
1493 409 1533 443 et
1564 404 1673 444 victu
1706 405 1886 444 humano
1918 405 2095 445 carebat.

326 461 503 502 Vivebat
544 476 637 503 cum
674 463 879 516 fugitiviS,
927 479 1020 505 cum
1060 464 1329 511 facinerosis,
1369 479 1462 505 cum
1502 466 1710 506 barbaris:
1756 467 1980 514 neminem,
2024 469 2096 521 qui

292 527 397 563 baut
426 521 619 565 libertate
650 525 801 579 dignus
834 532 945 566 esset
974 533 1046 567 aut
1076 526 1199 566 vellet
1231 528 1401 567 omnino
1433 528 1537 568 liber
1567 543 1679 577 esse,
1717 527 1794 569 sibi
1827 530 2002 570 amicum
2035 544 2098 570 ar-

324 584 565 626 bitrabatur.

438 649 592 689 XXIII.
624 647 690 689 64.
733 652 825 690 Non
866 664 943 703 ego
986 653 1065 691 iam
1106 665 1199 692 cum
1241 651 1364 693 huius
1395 655 1499 700 vita,
1539 668 1621 707 qua
1663 655 1852 702 taetrius,
1894 657 2098 703 miserius,

325 709 616 751 detestabilius
648 713 887 766 excogitare
920 714 1021 753 nihil
1053 728 1244 767 possum,
1276 716 1459 755 Platonis
1490 722 1563 756 aut
1593 717 1800 770 Archytae
1833 718 1958 758 vitam
1989 733 2100 759 com-

324 773 495 825 parabo,
527 774 745 815 doctorum
776 775 991 817 hominum
1015 783 1056 817 et
1075 777 1200 830 plane
1223 778 1499 831 sapientium:
1533 792 1584 818 ex
1607 779 1750 819 eadem
1772 779 1875 819 urbe
1897 780 2099 820 humilem

273 834 625 876 tohomunculum
666 850 689 877 a
731 838 904 890 pulvere
944 844 985 878 et
1022 840 1138 879 radio
1171 840 1383 888 excitabo,
1427 842 1496 894 qui
1538 842 1679 881 multis
1722 843 1841 881 annis
1876 848 1972 895 post
2007 841 2098 889 fuit,

322 896 629 939 Archimedem.
678 899 803 940 Cuius
847 914 924 955 ego
966 908 1166 956 quaestor
1205 902 1439 955 ignoratum
1473 901 1523 943 ab
1557 904 1850 957 Syracusanis,
1884 918 1975 944 cum
2007 918 2099 944 esse

323 959 491 1000 omnino
523 968 743 1014 negarent,
784 969 971 1017 saeptum
1006 965 1192 1017 undique
1228 971 1269 1005 et
1300 966 1493 1005 vestitum
1526 966 1723 1018 vepribus
1755 971 1793 1005 et
1825 966 2004 1006 dumetis
2036 967 2099 1006 in-

323 1021 471 1074 dagavi
511 1024 795 1076 sepulchrum.
853 1027 1065 1066 Tenebam
1106 1027 1215 1071 enim
1254 1027 1457 1080 quosdam
1500 1029 1752 1076 senariolos,
1796 1042 1903 1082 quos
1934 1030 1975 1068 in
2008 1030 2099 1068 eius

324 1092 595 1126 monumento
627 1101 718 1127 esse
750 1088 973 1142 inscriptos
1006 1102 1273 1142 acceperam,
1308 1090 1380 1143 qui
1414 1090 1681 1130 declarabant
1709 1092 1751 1130 in
1775 1105 1937 1131 summo
1961 1091 2100 1144 sepul-

273 1154 308 1182 45
324 1146 423 1186 chro
454 1148 674 1201 sphaeram
707 1164 799 1190 esse
832 1153 1007 1204 positam
1039 1166 1133 1192 cum
1167 1152 1371 1205 cylindro.
1422 1151 1488 1191 65.
1521 1154 1609 1205 Ego
1642 1159 1804 1200 autem,
1836 1168 1930 1194 cum
1960 1154 2100 1194 omnia

323 1212 623 1254 conlustrarem
657 1215 793 1255 oculis
815 1237 869 1245 —
896 1222 960 1256 est
991 1216 1100 1256 enim
1133 1215 1184 1254 ad
1218 1221 1358 1267 portas
1391 1217 1646 1268 Agragianas
1685 1230 1833 1269 magna
1864 1216 2102 1269 frequentia

322 1276 641 1328 sepulchrorum
664 1301 738 1325 ——‚
771 1278 954 1318 animum
987 1278 1149 1318 adverti
1183 1277 1450 1317 columellam
1483 1291 1566 1317 non
1600 1278 1773 1317 multum
1797 1292 1819 1317 e
1842 1279 1977 1318 dumis
2001 1279 2102 1318 emi-

322 1343 509 1386 nentem,
541 1340 583 1379 in
615 1354 697 1392 qua
728 1341 862 1380 inerat
892 1341 1094 1394 sphaerae
1125 1340 1258 1393 figura
1291 1346 1331 1380 et
1363 1340 1554 1393 cylindri.
1601 1343 1738 1394 Atque
1762 1354 1838 1393 ego
1865 1339 2001 1379 statim
2026 1341 2102 1393 Sy-

319 1403 536 1442 racusanis
558 1424 612 1432 —
634 1410 752 1443 erant
771 1410 908 1443 autem
935 1404 1146 1457 principes
1170 1416 1330 1442 mecum
1358 1427 1405 1432 —-
1427 1404 1513 1442 dixi
1538 1417 1602 1442 me
1625 1403 1727 1442 illud
1751 1403 1885 1456 ipsum
1908 1403 2101 1443 arbitrari

270 1468 307 1498 20
322 1477 413 1503 esse
445 1465 558 1517 quod
592 1479 851 1518 quaererem.
908 1467 1069 1506 lnmissi
1103 1480 1195 1505 cum
1228 1465 1404 1504 falcibus
1438 1466 1553 1505 multi
1596 1471 1825 1518 purgarunt
1857 1470 1897 1504 et
1928 1478 2101 1517 aperue-

320 1531 419 1565 runt
460 1526 611 1566 locum.
664 1527 732 1568 66.
768 1528 862 1576 Quo
895 1543 990 1568 cum
1030 1529 1260 1583 patefactus
1293 1534 1403 1567 esset
1434 1528 1592 1576 aditus,
1634 1529 1685 1568 ad
1717 1528 1934 1568 adversam
1965 1528 2099 1567 basim

320 1590 584 1630 accessimus.
630 1592 869 1645 Apparebat
900 1592 1155 1645 epigramma
1187 1591 1323 1630 exesis
1363 1591 1666 1643 posterioribus
1698 1591 1884 1643 partibus
1917 1588 2100 1630 versicu-

322 1653 456 1692 lorum
497 1653 723 1693 dimidiatis
766 1653 866 1694 fere.
926 1656 986 1693 lta
1026 1654 1286 1693 nobilissima
1319 1654 1517 1693 Graeciae
1557 1654 1720 1701 civitas,
1759 1652 1972 1706 quondam
2004 1665 2100 1692 vero

321 1716 445 1756 etiam
479 1717 741 1764 doctissima,
774 1718 839 1756 sui
871 1718 973 1757 civis
1002 1718 1127 1757 unius
1148 1717 1379 1756 acutissimi
1402 1722 1717 1756 monumentum
1738 1717 1986 1768 ignorasset,
2018 1715 2098 1754 nisi

270 1782 307 1810 25
321 1779 372 1817 ab
409 1779 581 1818 homine
612 1780 803 1832 Arpinati
836 1779 1064 1819 didicisset.
1119 1779 1199 1818 Sed
1241 1779 1385 1819 redeat
1414 1779 1525 1818 unde
1557 1777 1769 1818 aberravit
1800 1778 1948 1818 oratio.
1995 1778 2101 1826 Quis

322 1846 386 1880 est
416 1842 623 1889 omnium,
668 1843 739 1895 qui
775 1843 898 1882 modo
931 1856 1023 1881 cum
1054 1843 1207 1889 Musis,
1249 1842 1290 1881 id
1324 1847 1386 1882 est
1415 1855 1507 1882 cum
1540 1841 1796 1881 humanitate
1829 1846 1870 1880 et
1900 1855 1993 1881 cum
2026 1841 2100 1881 do·

322 1903 475 1952 ctrina,
515 1905 670 1944 habeat
709 1905 881 1958 aliquod
922 1905 1242 1951 commercium,
1283 1905 1355 1958 qui
1395 1918 1439 1944 se
1480 1917 1564 1943 non
1604 1903 1716 1943 hunc
1760 1904 2098 1943 mathematicum

322 1967 440 2006 malit
470 1980 595 2020 quam
633 1968 747 2007 illum
790 1970 1044 2021 tyrannum?
1091 1967 1132 2007 Si
1165 1968 1273 2007 vitae
1314 1968 1484 2007 modum
1516 1967 1812 2019 actionemque
1845 1968 2100 2019 quaerimus,

321 2030 493 2069 alterius
526 2043 642 2069 meus
674 2031 905 2070 rationibus
938 2031 1146 2081 agitandis
1178 2029 1541 2082 exquirendisque
1573 2029 1765 2068 alebatur
1796 2042 1891 2068 cum
1918 2029 2101 2068 oblecta-

269 2095 305 2124 30
321 2092 434 2131 tione
466 2092 698 2139 sollertiae,
740 2093 811 2145 qui
844 2098 907 2133 est
938 2106 1045 2132 unus
1078 2092 1350 2132 suavissimus
1383 2098 1524 2146 pastus
1556 2093 1808 2139 animorum,
1855 2092 2028 2132 alterius
2059 2093 2099 2131 in

321 2155 448 2195 caede
481 2160 522 2195 et
553 2156 595 2194 in
620 2156 782 2195 iniuriis
815 2169 909 2195 cum
942 2161 982 2195 et
1013 2155 1165 2194 diurno
1199 2161 1239 2195 et
1271 2161 1475 2195 nocturno
1500 2161 1626 2194 metu.
1673 2157 1759 2207 Age
1783 2154 1927 2194 confer
1949 2155 2102 2194 Demo-

322 2217 484 2264 critum,
508 2217 798 2271 Pythagoram,
822 2219 1135 2270 Anaxagoram:
1172 2231 1280 2271 quae
1303 2231 1444 2270 regna,
1468 2230 1572 2271 quas
1596 2231 1699 2270 opes
1721 2217 1870 2257 studiis
1894 2230 2037 2257 eorum
2061 2223 2102 2257 et

323 2280 676 2320 delectationibus
708 2283 969 2334 antepones?
1019 2279 1084 2319 67.
1118 2281 1281 2320 Etenim
1315 2293 1423 2332 quae
1454 2293 1550 2332 pars
1576 2286 1745 2333 optuma
1769 2280 1896 2320 estin
1919 2280 2101 2329 homine,

411 2456 441 2486 sl.
468 2455 596 2495 Aquino
622 2455 646 2485 O
675 2471 707 2475 —
738 2454 767 2485 3.
796 2454 981 2493 dyonisium
1005 2456 1028 2484 G
1046 2455 1070 2485 R
1099 2471 1131 2476 —-
1165 2454 1195 2486 4.
1221 2454 1418 2493 facinorosis
1441 2454 1465 2484 B
1482 2454 1505 2484 O
1535 2471 1568 2476 —-
1598 2454 1627 2485 8.
1656 2454 1813 2492 archytae
1836 2455 1925 2485 uilac
1948 2455 2052 2487 uitam
2077 2456 2100 2488 C

324 2505 397 2546 (sed
424 2505 457 2536 in
483 2505 506 2535 B
531 2505 623 2536 uitae
639 2503 831 2535 delendum
852 2503 1076 2544 significatur)
1099 2522 1132 2525 —
1162 2504 1212 2534 ΔΙΞ.
1233 2507 1359 2543 septum
1385 2506 1407 2534 G
1425 2504 1448 2535 R
1471 2522 1503 2526 —-
1534 2505 1584 2535 45.
1612 2513 1669 2544 eqo
1695 2506 1808 2534 dacem
1832 2514 1907 2536 cum
1931 2506 2103 2536 omnia--

323 2558 439 2596 porlas
463 2555 612 2586 Gaianas
636 2555 767 2586 Nonius
792 2563 825 2594 p.
846 2554 921 2586 3:35.
946 2572 979 2575 —m
1010 2554 1059 2584 16,
1087 2554 1173 2584 enim
1197 2558 1333 2592 apat-las
1358 2555 1381 2585 C
1403 2571 1432 2576 —
1465 2556 1676 2594 ayraystmas
1693 2555 1737 2586 C:
1764 2554 1970 2585 Achradinas
1989 2555 2013 2586 O
2039 2564 2103 2586 «ex

324 2605 432 2637 Ursini
458 2604 597 2643 codice,
625 2605 644 2635 i.
672 2613 702 2635 e.
730 2606 946 2635 coniectura.
985 2603 1099 2635 Malim
1124 2604 1168 2634 ita
1195 2603 1318 2641 scribi,
1346 2606 1381 2634 ut
1406 2604 1438 2635 in
1458 2604 1534 2634 cod.
1556 2604 1750 2644 archetypo
1769 2604 1847 2641 suit,
1872 2604 2100 2645 Ayrayianas.

324 2656 444 2694 Neque
477 2655 570 2685 enim
596 2653 789 2685 admodum
815 2654 888 2685 veri
918 2652 1030 2685 simile
1057 2655 1109 2684 est
1133 2654 1183 2684 sic
1207 2654 1413 2684 „toln-adaias
1442 2655 1476 2684 in
1501 2654 1745 2694 antiquissimo
1770 2653 1892 2685 codice
1918 2662 1996 2686 esse
2022 2663 2103 2685 cor-

324 2706 478 2745 ruptum,
498 2713 614 2744 neque
635 2703 732 2735 facile
754 2713 795 2735 ex
813 2704 1005 2735 Achradina
1023 2703 1081 2741 (de
1100 2711 1168 2742 qua
1190 2704 1444 2742 Syracusarum
1464 2705 1563 2744 parte
1582 2711 1683 2734 muro
1706 2703 1819 2734 cincta
1845 2703 1887 2735 cf.
1909 2704 1980 2735 Cic.
2000 2704 2099 2736 Verr.

323 2754 374 2793 lv,
394 2755 465 2786 449.
486 2755 555 2786 Liv.
575 2753 691 2792 XXIV,
711 2754 751 2784 '22
768 2761 847 2794 sqq.
867 2753 966 2789 XXV,
986 2752 1026 2784 2⁵.
1044 2752 1136 2792 sqq.)
1158 2751 1371 2783 adiectixum
1388 2753 1595 2783 Achradinam
1611 2752 1684 2783 fieri
1711 2753 1823 2793 potuit
1840 2753 1920 2791 (Liv.
1941 2754 2042 2792 XXV,
2061 2755 2101 2786 ⁶25

323 2804 584 2836 Achradinae
604 2807 739 2843 portas,
780 2812 850 2834 non
873 2802 1096 2839 Achradinas,
1124 2802 1158 2832 31
1184 2802 1291 2840 portis
1314 2801 1596 2842 Achradinae)
1622 2811 1737 2842 neque
1764 2811 1832 2833 una
1857 2803 2033 2843 quaedam
2059 2812 2101 2835 ex

324 2853 482 2895 pluribus
514 2854 733 2885 Achradinae
761 2853 870 2894 portis
898 2853 978 2893 apte
1004 2852 1053 2883 sic
1078 2851 1157 2882 dici.
1195 2852 1407 2892 Αφγιςὶωιαε
1432 2853 1546 2892 ipsum
1572 2861 1696 2883 verum
1720 2852 1764 2883 sit
1787 2861 1830 2883 an
1855 2851 1947 2883 aliud
1972 2851 2101 2893 aliquid

324 2904 430 2936 lateat
455 2903 657 2941 (Lambinus
683 2904 835 2935 coniecit
859 2904 902 2934 ad
920 2906 1039 2942 portas
1061 2902 1306 2942 A01·a9anas
1335 2903 1354 2932 i.
1382 2911 1412 2933 e.
1440 2903 1485 2933 ad
1508 2911 1581 2933 eam
1600 2906 1736 2942 portam
1758 2902 2099 2943 [p02·las:pcrcam,

326 2954 368 2985 cf.
390 2957 542 2993 portae
566 2954 716 2992 Ciliciae,
752 2953 907 2992 Caspiae,
938 2950 1084 2991 πύλαι],
1123 2961 1190 2991 qua
1215 2953 1270 2982 via
1295 2955 1368 2983 crat
1391 2953 1434 2983 ad
1457 2953 1693 2993 Ayriyenlum,
1729 2953 1951 2984 Camerarius
1976 2953 2100 2984 usitata

325 3004 488 3035 adiectivi
512 3003 622 3035 forma
646 3004 924 3043 Acrayantz’nas),
952 3003 1117 3043 equidem
1145 3003 1176 3032 in
1204 3002 1319 3033 medio
1344 3001 1538 3042 relinquo.»
1562 3003 1617 3033 W.
1641 3021 1675 3025 -
1704 3003 1755 3033 47.
1775 3003 1995 3033 animadverti
2017 3002 2041 3033 O
2062 3020 2097 3024 —

328 3055 378 3087 «¹9.
405 3055 512 3092 ipsum
535 3053 616 3083 <illuct
641 3055 664 3084 O
693 3071 727 3075 —
763 3054 812 3084 20.
841 3053 969 3084 Inmissi
992 3053 1077 3094 cum]
1104 3053 1137 3083 in
1161 3053 1322 3083 musicum
1349 3054 1371 3083 C
1402 3070 1436 3074 -
1471 3054 1522 3084 21.
1546 3053 1751 3092 palefaclum
1776 3053 1840 3084 GR
1868 3070 1902 3074 —
1934 3052 2044 3082 aditus
2067 3052 2099 3083 in

326 3112 447 3135 rasura
473 3102 579 3133 habet
605 3105 628 3134 G
658 3121 691 3124 —
719 3103 837 3134 bassim
862 3104 926 3135 GR
954 3121 988 3125 —
1016 3102 1068 3134 23.
1095 3101 1291 3142 dimidiatis]
1326 3103 1473 3142 primam
1506 3102 1678 3142 syllabam
1704 3102 1763 3143 (di)
1789 3103 1822 3134 in
1846 3110 1967 3133 rasura
1993 3100 2101 3132 habet

327 3156 369 3186 R,
402 3152 464 3184 scd
491 3152 617 3183 eadem
644 3161 688 3184 m.
719 3171 754 3175 -
786 3154 839 3184 ⁶25
866 3153 1021 3192 Arpinati
1048 3153 1087 3184 W
1122 3151 1215 3192 (coll.
1243 3152 1261 3191 δ’
1287 3150 1338 3182 74.
1374 3154 1475 3192 Legg.
1503 3153 1532 3187 Ι,
1559 3151 1588 3183 4.
1617 3152 1660 3183 ad
1686 3153 1724 3190 Q.
1752 3152 1791 3183 fr.
1818 3153 1877 3187 111.
1906 3153 1934 3181 l.
1963 3151 2021 3182 ubi
2047 3153 2101 3183 tei·

327 3204 482 3244 legitur):
507 3203 668 3241 Arpinate
693 3203 716 3233 C
732 3203 774 3233 O.
802 3203 887 3234 Vide
914 3203 1020 3234 etiam
1045 3201 1089 3233 ad
1114 3202 1155 3233 111
1182 3201 1199 3241 5
1225 3201 1255 3232 3.
1278 3218 1312 3223 —
1340 3201 1474 3232 reddeat
1498 3202 1522 3232 R
1549 3203 1583 3232 et
1608 3202 1791 3242 (expuncta
1817 3202 1934 3242 priore
1959 3201 1988 3240 d)
2015 3201 2039 3231 G
2061 3218 2096 3223 —

325 3254 380 3284 29.
406 3253 713 3291 exquaerendisquc
738 3252 774 3283 R¹
794 3268 829 3274 —
857 3252 891 3283 31
904 3276 911 3284 .
937 3253 971 3283 in
989 3252 1058 3283 duo
1076 3251 1179 3284 codd.
1199 3252 1433 3283 oxonienses:
1461 3260 1530 3283 om.
1552 3252 1576 3283 C
1591 3252 1616 3282 O
1637 3269 1672 3274 —
1700 3251 1751 3283 33.
1771 3251 1805 3282 in
1831 3251 1959 3282 homine
1974 3267 1992 3272 -
2007 3267 2024 3272 —
2041 3259 2099 3281 ne-

326 3311 410 3335 ccsse
432 3305 478 3334 est
500 3310 571 3334 om.
602 3303 660 3333 G1.
