2249 3624
338 195 390 238 ’18
869 196 1300 239 ACADEMICORUM
1329 196 1569 238 PRIORUM

338 310 389 350 ab
429 309 481 350 iis
519 308 734 358 dicuntur,
779 309 838 350 sic
876 324 1200 364 persequamur,
1245 315 1291 350 ut
1329 308 1435 349 nihil
1464 308 1508 347 in
1537 306 1771 360 praeteritis
1801 305 2100 360 relinquamus.

337 373 521 413 Primum
550 373 674 426 igitur
703 373 981 428 perspicuitas
1011 373 1101 421 illa,
1134 386 1259 426 quam
1290 371 1486 417 diximus,
1518 370 1618 409 satis
1648 382 1840 422 magnam
1860 369 1984 410 habet
2003 370 2100 418 vim,

337 439 384 475 ut
412 436 503 489 ipsa
532 450 608 490 per
637 449 729 476 sese
761 449 830 484 ea,
862 450 970 490 quae
1002 436 1106 481 sint,
1138 435 1282 481 nobis,
1314 433 1372 472 ita
1401 438 1447 472 ut
1478 432 1584 480 sint,
1614 432 1785 472 indicet.
1836 431 1918 472 Sed
1951 437 2101 481 tamen,

336 504 384 539 ut
413 513 654 540 maneamus
684 498 727 538 in
758 498 986 552 perspicuis
1017 496 1172 536 firmius
1204 501 1244 535 et
1275 494 1553 542 constantius,
1594 495 1751 535 maiore
1783 494 1964 549 quadam
1994 509 2100 549 opus

306 567 402 602 best
440 563 507 603 vel
547 568 634 603 arte
673 562 740 603 vel
783 561 1023 614 diligentia,
1069 572 1121 598 ne
1160 558 1210 597 ab
1250 557 1322 604 iis,
1373 569 1480 610 quae
1520 556 1631 596 clara
1662 557 1744 597 sint
1772 557 1863 610 ipsa
1893 571 1968 611 per
1997 570 2101 604 sese,

338 625 458 678 quasi
489 625 727 678 praestigiis
759 624 1006 677 quibusdam
1039 628 1079 662 et
1114 619 1376 674 captionibus
1408 619 1680 672 depellamur.
1729 621 1834 660 Nam
1866 620 1939 674 qui
1968 620 2104 660 voluit

337 687 561 728 subvenire
593 687 805 728 erroribus
837 687 1043 739 Epicurus
1074 684 1147 730 iis,
1181 683 1254 736 qui
1276 681 1471 722 videntur
1496 683 1747 722 conturbare
1778 685 1865 724 veri
1896 683 2103 736 cognitio-

336 763 453 798 nem,
486 750 677 804 dixitque
710 750 910 803 sapientis
943 762 1033 788 esse
1066 746 1308 799 opinionem
1341 758 1364 784 a
1394 745 1693 798 perspicuitate
1724 746 1966 798 seiungere,
1997 744 2102 785 nihil

335 810 454 861 fecit3
486 813 618 865 ipsius
650 813 760 852 enim
793 810 1005 864 opinionis
1037 821 1218 849 errorem
1249 807 1364 847 nullo
1397 807 1522 847 modo
1556 808 1737 848 sustulit.

287 882 323 911 ⁴0
448 875 538 914 XV.
571 873 635 913 46.
669 874 804 922 Quam
837 873 889 912 ob
920 885 1026 919 rem,
1059 885 1152 910 cum
1186 870 1293 910 duae
1325 883 1474 910 causae
1505 872 1740 924 perspicuis
1772 875 1812 911 et
1842 870 2104 911 evidentibus

335 937 460 977 rebus
491 937 782 983 adversentur,
815 934 973 974 auxilia
1004 933 1179 973 totidem
1210 938 1308 972 sunt
1338 938 1483 973 contra
1515 933 1796 987 conparanda.
1850 933 2105 973 Adversatur

336 999 450 1039 enim
488 1000 688 1052 primum,
729 998 843 1052 quod
887 1009 1034 1050 parum
1067 996 1256 1049 defigunt
1286 997 1449 1035 animos
1482 1002 1522 1036 et
1550 997 1777 1036 intendunt
1806 996 1849 1036 in
1882 1008 1952 1043 ea,
1995 1007 2104 1048 quae

334 1062 557 1115 perspicua
588 1066 705 1107 sunt,
748 1065 814 1107 ut,
847 1063 1002 1112 quanta
1032 1057 1125 1098 luce
1158 1072 1206 1098 ea
1238 1058 1491 1098 circumfusa
1522 1059 1627 1106 sint,
1658 1059 1823 1111 possint
1853 1070 2103 1111 agnoscere3

336 1123 512 1163 alterum
554 1128 636 1170 est,
681 1121 792 1176 quod
823 1121 1040 1161 fallacibus
1073 1127 1114 1161 et
1143 1121 1340 1174 captiosis
1376 1121 1772 1174 interrogationibus
1803 1120 2104 1173 circumscripti

287 1190 460 1239 i5atque
498 1185 662 1238 decepti
703 1184 898 1238 quidam,
939 1197 1030 1223 cum
1069 1197 1138 1223 eas
1177 1183 1406 1223 dissolvere
1446 1196 1531 1222 non
1569 1188 1764 1236 possunt,
1805 1182 2047 1223 desciscunt
2082 1195 2105 1221 a

335 1249 522 1288 veritate.
574 1247 752 1301 Oportet
781 1247 908 1300 igitur
938 1251 980 1286 et
1011 1260 1077 1294 ea,
1110 1260 1215 1300 quae
1237 1260 1311 1300 pro
1334 1246 1629 1300 perspicuitate
1650 1245 1897 1299 responderi
1914 1250 2105 1298 possunt,

335 1309 379 1350 in
409 1316 604 1365 promptu
633 1310 809 1358 habere,
842 1310 893 1349 de
925 1309 1077 1362 quibus
1108 1310 1189 1349 iam
1221 1309 1426 1356 diximus,
1459 1313 1500 1348 et
1530 1322 1621 1348 esse
1653 1312 1855 1356 armatos,
1885 1311 1931 1347 ut
1961 1321 2106 1347 occur-

334 1385 425 1412 rere
469 1373 682 1426 possimus
726 1372 1128 1424 interrogationibus
1176 1386 1321 1411 eorum
1368 1371 1668 1424 captionesque
1710 1370 1942 1418 discutere,
1991 1370 2106 1424 quod

337 1434 534 1488 deinceps
565 1435 703 1475 facere
734 1434 945 1474 constitui.
1007 1432 1073 1473 47.
1104 1435 1325 1488 Exponam
1355 1435 1485 1488 igitur
1515 1437 1745 1487 generatim
1766 1438 2011 1487 argumenta
2036 1447 2107 1474 eo-

286 1506 321 1535 20
334 1510 440 1545 rum,
473 1497 671 1550 quoniam
703 1497 783 1552 ipsi
817 1498 942 1537 etiam
973 1497 1036 1536 illi
1064 1497 1200 1537 solent
1222 1511 1306 1537 non
1328 1497 1501 1538 confuse
1523 1497 1655 1551 loqui.
1698 1496 1882 1536 Primum
1903 1501 2108 1537 conantur

336 1560 559 1601 ostendere
591 1560 721 1600 multa
751 1573 878 1613 posse
913 1559 1043 1599 videri
1075 1573 1189 1607 esse,
1222 1573 1330 1613 quae
1363 1562 1533 1601 omnino
1566 1561 1680 1601 nulla
1710 1561 1816 1609 sint,
1852 1574 1947 1600 cum
1977 1560 2106 1601 animi

334 1623 515 1663 inaniter
544 1627 792 1663 moveantur
823 1622 969 1663 eodem
1001 1622 1126 1662 modo
1148 1622 1274 1662 rebus
1294 1624 1369 1671 iis,
1402 1637 1508 1677 quae
1532 1624 1672 1663 nullae
1695 1623 1796 1671 sint,
1827 1627 1874 1662 ut
1892 1622 1967 1670 iis,
1999 1635 2106 1676 quae

336 1685 432 1725 sint.
480 1687 584 1726 Nam
615 1699 707 1726 cum
740 1686 911 1733 dicatis,
952 1685 1168 1739 inquiunt,
1209 1685 1298 1725 visa
1329 1685 1535 1740 quaedam
1567 1685 1674 1726 mitti
1706 1698 1728 1725 a
1760 1685 1861 1734 deo,
1899 1685 2015 1725 velut
2045 1698 2106 1732 ea,

339 1761 447 1801 quae
478 1747 521 1787 in
553 1749 728 1788 somniis
759 1748 982 1788 videantur
1012 1760 1204 1801 quaeque
1235 1749 1429 1796 oraculis,
1461 1749 1681 1803 auspiciis,
1713 1749 1821 1789 extis
1843 1747 2109 1788 declarentur

287 1819 390 1849 ‘25—
411 1810 514 1851 haec
546 1811 656 1851 enim
687 1811 803 1850 aiunt
834 1808 1006 1864 probari
1035 1810 1207 1858 Stoicis,
1240 1824 1347 1864 quos
1370 1818 1515 1851 contra
1541 1811 1756 1865 disputant
1778 1834 1849 1859 —,
1882 1814 2105 1864 quaerunt,

338 1887 520 1927 quonam
557 1873 705 1921 modo,
743 1873 848 1913 falsa
879 1874 965 1913 visa
998 1886 1106 1927 quae
1139 1873 1240 1921 sint,
1284 1887 1333 1913 ea
1364 1874 1468 1914 deus
1500 1873 1664 1914 efficere
1697 1873 1830 1927 possit
1859 1871 2106 1926 probabilia,

338 1950 444 1989 quae
475 1941 615 1976 autem
645 1936 770 1989 plane
800 1950 1003 1990 proxume
1036 1935 1087 1975 ad
1119 1950 1263 1976 verum
1287 1937 1505 1985 accedant,
1539 1935 1702 1976 efficere
1724 1949 1810 1975 non
1830 1934 1991 1988 possit?
2023 1939 2107 1981 aut,

338 1999 373 2039 si
406 2013 454 2039 ea
477 2012 646 2053 quoque
676 1999 829 2053 possit,
862 2012 935 2038 cur
955 1998 1026 2037 illa
1046 2011 1130 2037 non
1153 1999 1297 2051 possit,
1330 2013 1438 2053 quae
1460 1997 1788 2053 perdifficiliter,
1818 1998 2109 2037 internoscan-

337 2066 405 2101 tur
435 2063 604 2102 tamen‘?
636 2067 695 2109 et,
724 2062 757 2100 si
789 2061 904 2108 haec,
938 2074 1010 2100 cur
1032 2074 1117 2100 non
1138 2061 1244 2101 inter
1266 2075 1373 2114 quae
1398 2062 1500 2102 nihil
1524 2062 1578 2102 sit
1599 2061 1800 2102 omnino?
1843 2057 1909 2099 48.
1932 2058 2108 2106 Deinde,

288 2131 324 2161 30
338 2138 433 2164 cum
463 2138 580 2164 mens
611 2130 829 2164 moveatur
858 2123 948 2177 ipsa
979 2136 1054 2175 per
1085 2136 1201 2170 sese,
1234 2129 1280 2163 ut
1310 2129 1350 2163 et
1381 2137 1429 2164 ea
1458 2124 1693 2170 declarant,
1727 2136 1835 2177 quae
1857 2123 2108 2176 cogitatione

337 2187 626 2240 depingimus,
669 2192 709 2227 et
746 2201 816 2235 ea,
859 2201 966 2241 quae
1006 2187 1073 2226 vel
1114 2187 1419 2227 dormientibus
1450 2187 1517 2226 vel
1546 2186 1714 2226 furiosis
1746 2186 1965 2234 videntur,
2007 2198 2108 2232 non,

337 2249 556 2303 inquiunt,
595 2250 682 2291 veri
722 2249 858 2290 simile
897 2250 950 2289 sit
991 2249 1051 2289 sic
1082 2250 1206 2289 etiam
1245 2255 1426 2289 mentem
1458 2250 1636 2297 moveri,
1672 2253 1719 2288 ut
1748 2261 1835 2289 non
1864 2248 1992 2289 modo
2023 2261 2109 2288 non

426 2469 456 2500 i.
481 2468 543 2499 hiis
567 2468 611 2504 C,
645 2467 705 2499 set}
731 2475 771 2498 us
794 2468 857 2498 AR
884 2475 991 2498 corn:
1033 2468 1080 2498 his
1104 2468 1128 2499 O
1155 2484 1189 2489 —-
1225 2468 1255 2498 5.
1282 2467 1330 2498 his
1353 2469 1379 2499 Α
1407 2483 1441 2489 -
1477 2467 1507 2498 7.
1534 2466 1595 2497 hiis
1618 2467 1711 2498 A1V¹
1740 2485 1773 2489 -
1800 2466 1828 2498 is
1851 2467 1908 2506 qui
1929 2467 2059 2499 videtur
2080 2465 2110 2497 V

339 2526 442 2554 corr..
468 2520 504 2549 ut
528 2517 635 2548 voluit
659 2518 833 2549 Goerenz.
861 2517 958 2548 cuius
984 2526 1141 2549 errorem
1167 2517 1357 2548 confutavit
1382 2516 1517 2557 Madvig
1542 2518 1573 2554 Ι,
1601 2526 1634 2557 p.
1663 2516 1724 2547 450
1750 2525 1803 2556 sq.
1832 2534 1868 2539 —-
1906 2517 1936 2549 9.
1962 2517 2038 2558 fecit
2059 2516 2106 2547 V:

334 2568 465 2607 proficit
488 2566 597 2604 A²B¹,
628 2567 766 2607 profecit
790 2569 829 2598 Α2
843 2568 937 2603 1320,
974 2567 1015 2598 cf.
1043 2567 1180 2599 Tuscul.
1207 2568 1247 2604 Y,
1275 2567 1292 2607 3³
1318 2567 1374 2598 113:
1404 2570 1455 2606 lu,
1481 2568 1507 2597 si
1532 2567 1610 2606 quid
1633 2575 1665 2597 es
1687 2566 1858 2606 facturus,
1882 2576 1971 2598 nova
1994 2567 2110 2605 aliqua

338 2617 516 2656 conquiras
548 2621 684 2656 oportet.
720 2635 752 2639 -
790 2618 841 2648 sii.
875 2618 1077 2648 adum-sofar
1109 2619 1193 2648 enim
1225 2617 1304 2648 cod.
1332 2618 1368 2648 C.
1396 2617 1515 2657 Stepli.
1544 2618 1577 2647 et
1608 2616 1804 2647 Manutius:
1834 2617 2059 2649 aduersantur
2084 2616 2107 2647 C

342 2683 375 2688 —-
404 2666 456 2697 43.
482 2667 545 2697 sint
568 2668 711 2698 Davies:
744 2671 817 2698 sunt
842 2667 905 2699 Co
936 2683 968 2689 —
1005 2669 1056 2698 115.
1084 2669 1212 2706 quidem
1238 2666 1277 2697 Vl
1304 2685 1338 2689 ——
1378 2668 1427 2698 ⁴6.
1459 2667 1654 2706 respondere
1681 2667 1804 2706 possint
1835 2665 1876 2698 Α1
1909 2684 1944 2689 -
1979 2667 2030 2698 ⁴7.
2056 2666 2110 2696 in-

335 2720 469 2755 promtu
492 2719 534 2755 A,
563 2717 751 2755 inprwnpln
776 2715 814 2747 13¹
842 2735 876 2739 z
904 2718 956 2748 ²20.
983 2717 1040 2748 illa
1067 2718 1160 2754 [ζ’-Ἐς
1189 2717 1233 2747 illi
1259 2725 1327 2747 om.
1348 2718 1424 2748 Par.
1445 2725 1536 2753 sec,
1564 2715 1658 2755 quod
1684 2714 1845 2755 placebat
1868 2716 2019 2755 Davisio,
2046 2714 2111 2746 nisi

339 2765 461 2797 malles
486 2766 662 2797 scribere:
692 2775 775 2805 quae
800 2768 898 2797 eliam
924 2768 969 2797 illi
992 2767 1145 2797 solent-
1175 2767 1227 2797 Ἣ.
1254 2767 1322 2797 ulla
1346 2764 1385 2797 Αι
1412 2784 1445 2797 2-—
1473 2766 1525 2797 ⁵22.
1552 2765 1696 2796 'inaniter
1716 2764 1880 2796 Walkero
1905 2764 2109 2802 delendum,

337 2816 525 2855 frequenter
549 2817 622 2847 eius
647 2814 722 2847 loco
740 2817 877 2848 Davisio
896 2816 1126 2848 scribendum
1144 2816 1340 2847 videbatur.
1362 2832 1397 2837 —
1417 2816 1478 2846 hiis
1500 2817 1545 2853 A,
1572 2816 1620 2845 his
1644 2814 1680 2845 B¹
1699 2833 1740 2837 —-
1762 2818 1798 2846 ut
1821 2815 1882 2846 hiis
1896 2816 1925 2847 A
1943 2834 1979 2840 -
2004 2813 2058 2847 24.
2078 2814 2112 2845 in

339 2878 474 2908 somniis
496 2887 530 2908 r:
565 2878 599 2908 in
622 2878 742 2908 somnis
767 2880 789 2908 (3
806 2879 830 2909 O
858 2897 892 2900 -
926 2880 978 2910 ⁶25.
1007 2888 1028 2910 a
1051 2879 1159 2909 sloicis
1182 2880 1208 2909 A
1236 2895 1269 2900 —
1305 2879 1357 2909 26.
1385 2879 1459 2909 deos
1482 2878 1521 2908 Αἱ
1537 2875 1576 2906 V¹
1602 2894 1636 2899 —-
1668 2878 1720 2908 27.
1748 2879 1807 2908 aut
1827 2878 1927 2917 plane
1950 2878 2010 2909 aut
2028 2884 2114 2916 pro-

339 2927 429 2957 aeime
454 2928 617 2958 Durando
643 2927 674 2958 in
701 2928 793 2958 curis
820 2929 1004 2964 secundis,
1033 2937 1119 2969 quas
1146 2928 1247 2959 Orelli
1274 2929 1306 2959 in
1331 2927 1386 2959 ed.
1407 2927 1546 2968 propria
1564 2926 1857 2958 Academicorum
1875 2926 1999 2966 (Turici
2017 2924 2111 2965 4827)

341 2984 375 3016 p.
396 2976 457 3006 327
483 2978 574 3017 sqq)
601 2977 806 3017 publicavit.
833 2981 870 3009 ut
895 2978 1066 3018 glossema
1100 2978 1292 3009 tollendum
1317 2977 1467 3008 videtur.
1496 2994 1531 2998 —
1566 2977 1723 3008 accedunt
1747 2977 1771 3008 C
1798 2978 1833 3008 et
1856 2976 1937 3008 edd.
1962 2977 2046 3008 vett.
2075 2992 2110 2996 -

341 3024 396 3055 28.
420 3026 643 3066 perclificz‘liter
668 3028 722 3065 (3¹,
753 3029 989 3067 per-difficulter
1012 3029 1054 3058 V:
1081 3046 1112 3050 —
1151 3027 1203 3058 ⁶29.
1231 3027 1349 3067 lumen]
1384 3028 1461 3067 post
1486 3029 1594 3057 lamen
1620 3025 1774 3057 Bentleio
1800 3025 1901 3058 colon
1926 3029 2006 3058 «aut
2028 3031 2114 3065 quae

342 3082 382 3105 ne
402 3074 666 3107 internoscantzn·
682 3077 829 3115 quidem»
848 3078 986 3109 ridetur
1010 3076 1240 3113 intercidisse,
1269 3075 1345 3107 coll.
1373 3076 1412 3116 33
1432 3075 1470 3107 49
1497 3077 1529 3106 et
1553 3076 1611 3113 50,
1639 3085 1672 3116 p.
1694 3076 1745 3115 49,
1771 3084 1804 3107 v.
1824 3077 1864 3108 49
1888 3078 1924 3108 et
1945 3075 2000 3108 24.
2023 3092 2058 3097 -
2084 3075 2113 3104 el

342 3124 369 3154 A
387 3132 476 3154 corr.
497 3134 537 3155 ex
563 3129 597 3155 at
624 3144 657 3148 —
685 3135 783 3164 quam
808 3127 846 3163 V,
875 3137 968 3166 quem
992 3127 1031 3158 Al
1057 3144 1091 3148 —
1120 3127 1198 3156 nihil
1220 3127 1260 3156 sit
1285 3127 1328 3157 C:
1359 3126 1437 3156 nihil
1461 3126 1586 3156 intersit
1609 3126 1633 3156 O
1659 3134 1739 3157 cum
1764 3125 1886 3157 Lamb.
1914 3125 1969 3166 (de
1988 3123 2064 3156 cod.
2085 3122 2111 3152 G

343 3181 464 3204 rursus
490 3175 655 3205 mentitur
680 3177 844 3214 Goerenz)
868 3195 899 3199 —
928 3178 979 3207 23¹.
1006 3186 1088 3214 non,
1116 3176 1267 3214 inquiunt
1291 3177 1447 3206 Goercnz
1474 3175 1677 3214 (praeeunte
1699 3176 1864 3215 mamutio,
1891 3175 1949 3216 qui
1973 3171 2112 3213 scripsit

342 3231 448 3253 nonne
471 3223 653 3263 inquiunl):
687 3234 750 3255 non
776 3226 911 3262 inquam
937 3227 958 3257 13
975 3226 1012 3263 V,
1048 3235 1111 3257 non
1135 3226 1255 3264 rumam
1281 3226 1326 3261 Α;
1362 3234 1422 3255 non
1450 3233 1647 3262 numquam,
1681 3224 1884 3256 verisimilest
1906 3223 2042 3259 Madvig
2065 3217 2110 3249 ad

346 3273 416 3303 Cic.
444 3272 487 3303 de
513 3274 595 3304 finu.
623 3273 644 3304 b
670 3276 703 3305 et
729 3283 775 3305 ni.
800 3284 833 3315 p.
854 3274 932 3311 ²148,
959 3277 991 3305 at
1009 3275 1146 3306 xitletur
1171 3276 1279 3305 torma
1305 3275 1548 3313 interrogativa
1575 3276 1609 3305 et
1626 3275 1752 3307 modus
1769 3275 2010 3307 coniunctivus
2027 3275 2109 3301 cum

347 3322 591 3355 membrorum
617 3323 861 3363 aequabilitate
887 3327 959 3356 tum
985 3325 1175 3364 pertinacia
1201 3325 1357 3356 instantis
1381 3324 1577 3365 philosophi
1603 3325 1714 3365 magis
1739 3320 1992 3357 commendari.
