2249 3624
298 132 378 175 204
672 138 740 178 DE
771 136 978 177 FINIBUS
1010 135 1272 178 BONORUM
1300 138 1369 176 ET
1400 137 1664 178 MALORUM

297 250 445 303 partim
476 250 596 290 novis
629 255 670 290 et
699 248 1021 296 commenticiis,
1056 255 1098 290 ut
1128 251 1205 290 ista
1234 250 1437 304 producta
1469 255 1509 289 et
1539 249 1733 296 reducta,
1765 249 1914 301 partim
1944 249 2053 290 idem

296 310 627 364 significantibus
659 333 712 340 —-
744 312 845 364 quid
888 310 997 350 enim
1038 312 1211 352 interest
1252 318 1423 366 expetas
1463 325 1512 351 an
1555 311 1712 363 eligas?
1753 311 1852 350 mihi
1883 311 2052 364 quidem

296 374 420 413 etiam
462 374 615 414 lautius
660 374 824 413 videtur
865 372 976 426 quod
1019 372 1184 425 eligitur
1221 380 1260 414 et
1301 375 1350 414 ad
1385 373 1494 427 quod
1529 373 1704 412 dilectus
1735 373 1958 412 adhibetur
1986 396 2053 420 —,

295 436 389 483 sed,
422 451 514 476 cum
547 450 623 489 ego
654 436 734 476 ista
764 435 903 475 omnia
933 435 1043 475 bona
1064 435 1222 483 dixero,
1254 442 1412 476 tantum
1436 435 1561 475 refert
1582 448 1705 488 quam
1729 447 1875 487 magna
1899 435 2052 483 dicam3

262 508 383 538 5cum
416 500 670 552 expetenda,
704 511 827 551 quam
858 497 992 537 valde.
1045 498 1114 537 Sin
1148 504 1285 538 autem
1318 512 1393 538 nec
1418 498 1654 550 expetenda
1677 510 1753 550 ego
1777 497 1906 549 magis
1929 510 2053 550 quam

293 566 336 600 tu
376 561 590 612 eligenda,
634 575 711 600 nec
752 560 824 600 illa
865 560 994 613 pluris
1033 558 1287 600 aestimanda
1319 574 1416 613 ego,
1459 560 1529 612 qui
1563 559 1694 605 bona,
1731 573 1856 612 quam
1886 565 1950 606 tu,
1983 561 2055 612 qui

295 623 494 675 producta
525 624 737 676 appellas,
780 624 919 662 omnia
948 624 1028 663 ista
1058 636 1230 662 necesse
1263 629 1325 662 est
1356 621 1567 662 obscurari
1599 635 1675 660 nec
1707 635 1909 674 apparere
1941 627 1981 661 et
2011 622 2054 661 in

293 685 456 725 virtutis
497 691 707 739 tamquam
747 685 789 724 in
831 685 930 724 solis
970 685 1109 725 radios
1149 685 1373 724 incurrere.
1433 681 1498 722 9l.
1530 684 1582 723 At
1613 684 1741 730 enim,
1787 684 1940 736 quain
1972 683 2055 722 vita

293 753 354 786 est
398 747 557 800 aliquid
602 747 719 794 mali,
767 760 815 786 ea
859 747 978 786 beata
1019 761 1110 787 esse
1151 761 1231 786 non
1275 753 1423 799 potest.
1486 747 1543 784 Ne
1576 759 1694 798 seges
1729 746 1899 798 quidem
1931 746 2056 797 igitur

246 817 278 845 ιο
294 810 415 862 spicis
457 810 653 849 uberibus
700 814 739 849 et
779 810 954 857 crebris,
999 810 1033 850 si
1072 822 1245 849 avenam
1287 809 1449 860 uspiam
1488 808 1664 853 videris,
1709 820 1784 846 nec
1824 813 2056 847 mercatura

292 877 565 924 quaestuosa,
596 876 630 912 si
660 873 703 911 in
735 872 925 911 maximis
956 872 1081 911 lucris
1114 872 1281 924 paulum
1315 871 1474 923 aliquid
1507 870 1644 909 damni
1677 869 1943 909 contraxerit.
1992 869 2055 907 An

289 932 367 972 hoc
399 947 534 987 usque
567 947 755 987 quaque,
788 933 910 973 aliter
940 934 983 972 in
1015 935 1128 973 vita?
1163 940 1202 973 et
1232 947 1314 973 non
1348 947 1400 972 ex
1433 933 1614 971 maxima
1645 938 1760 985 parte
1793 932 1843 971 de
1874 937 1962 971 tota
1992 933 2056 971 iu-

291 995 482 1034 dicabis?
529 1009 581 1035 an
625 996 795 1035 dubium
836 1001 898 1035 est
939 996 1039 1048 quin
1079 997 1207 1035 virtus
1248 997 1305 1035 ita
1344 996 1565 1035 maximam
1606 1000 1764 1047 partem
1797 993 1984 1032 obtineat
2012 994 2055 1033 in

289 1057 411 1096 rebus
441 1058 652 1105 humanis,
696 1063 741 1097 ut
771 1057 954 1111 reliquas
986 1059 1162 1097 obruat?
1204 1058 1379 1097 Audebo
1411 1058 1537 1109 igitur
1568 1063 1726 1103 cetera,
1769 1069 1876 1109 quae
1908 1069 2056 1095 secun-

242 1118 385 1157 mdum
425 1125 614 1159 naturam
657 1124 771 1166 sunt,
817 1120 927 1158 bona
968 1120 1181 1173 appellare
1230 1133 1303 1159 nec
1350 1120 1542 1159 fraudare
1585 1132 1661 1158 suo
1704 1125 1844 1159 vetere
1887 1119 2055 1158 nomine

288 1180 428 1232 potius
451 1195 574 1235 quam
605 1181 776 1234 aliquod
805 1195 957 1221 novum
982 1184 1218 1235 exquirere,
1251 1182 1413 1222 virtutis
1436 1187 1572 1221 autem
1597 1181 1913 1235 amplitudinem
1936 1181 2055 1233 quasi

288 1241 331 1280 in
362 1243 493 1283 altera
525 1244 653 1283 librae
685 1244 803 1283 lance
835 1257 1003 1297 ponere.
1055 1243 1121 1283 92.
1155 1246 1346 1291 Terram,
1380 1243 1640 1290 mihicrede,
1674 1257 1721 1282 ea
1744 1244 1841 1282 lanx
1865 1248 1906 1282 et
1927 1243 2056 1282 maria

288 1303 507 1358 deprimet.
560 1307 733 1359 Semper
763 1307 874 1346 enim
907 1320 959 1346 ex
991 1320 1063 1354 eo,
1098 1307 1210 1361 quod
1245 1307 1444 1346 maximas
1466 1311 1603 1359 partes
1628 1306 1814 1345 continet
1835 1305 2057 1344 latissime-

288 1380 370 1419 que
399 1367 609 1416 funditur,
642 1373 725 1408 tota
756 1383 823 1408 res
855 1369 1103 1422 appellatur.
1156 1370 1337 1409 Dicimus
1369 1369 1553 1421 aliquem
1586 1368 1718 1408 hilare
1748 1368 1908 1407 vivere:
1942 1380 2056 1420 ergo,

238 1429 321 1468 20si
363 1431 490 1470 semel
532 1431 694 1470 tristior
734 1432 905 1471 effectus
937 1437 1019 1478 est,
1062 1431 1193 1471 hilara
1225 1432 1307 1471 vita
1338 1431 1487 1470 amissa
1519 1432 1610 1470 est?
1653 1431 1702 1469 At
1734 1430 1813 1469 hoc
1844 1430 1888 1468 in
1920 1443 1969 1468 eo
2002 1431 2055 1473 M,

289 1492 456 1539 Crasso,
498 1506 623 1546 quem
655 1493 783 1532 semel
815 1494 871 1533 ait
903 1494 946 1533 in
978 1494 1060 1533 vita
1092 1494 1233 1533 risisse
1265 1494 1474 1539 Lucilius,
1514 1506 1598 1532 non
1631 1493 1826 1546 contigit,
1859 1498 1903 1531 ut
1933 1505 1981 1532 ea
2011 1506 2055 1532 re

288 1555 423 1594 minus
455 1556 709 1607 ἀγέλαστος,
752 1561 796 1595 ut
833 1556 890 1595 ait
922 1555 1052 1603 idem,
1093 1562 1323 1595 vocaretur.
1384 1556 1642 1609 Polycratem
1676 1556 1860 1594 Samium
1891 1554 2055 1594 felicem

286 1617 576 1669 appellabant:
609 1618 717 1656 nihil
749 1618 957 1657 acciderat
989 1618 1028 1657 ei
1060 1618 1172 1671 quod
1204 1618 1353 1664 nollet,
1386 1618 1465 1657 nisi
1499 1617 1612 1671 quod
1644 1618 1836 1665 anulum,
1869 1631 1952 1671 quo
1985 1617 2056 1657 de-

285 1678 532 1726 lectabatur,
574 1680 617 1718 iu
659 1680 760 1719 mari
804 1679 1024 1719 abiecerat.
1083 1680 1191 1731 Ergo
1224 1679 1373 1719 infelix
1404 1693 1487 1718 una
1519 1680 1728 1727 molestia,
1765 1679 1867 1719 felix
1899 1694 2054 1728 rursus,

236 1750 271 1778 25
286 1754 380 1779 cum
412 1741 446 1780 is
478 1742 567 1794 ipse
599 1741 748 1781 anulus
780 1742 822 1781 in
853 1741 1110 1794 praecordiis
1144 1742 1270 1794 piscis
1303 1742 1498 1781 inventus
1531 1748 1594 1781 est
1610 1745 1626 1781 ’ἶ
1665 1742 1739 1782 Ille
1771 1756 1894 1789 vero,
1927 1746 1961 1782 si
1991 1742 2054 1781 in-

285 1801 441 1854 sipiens
476 1826 530 1832 -—
562 1803 675 1856 quod
709 1809 838 1851 certe,
876 1804 1075 1855 quoniam
1114 1809 1313 1857 tyrannus
1343 1825 1414 1849 -——-,
1456 1817 1684 1856 numquam
1717 1805 1884 1845 beatus:
1926 1806 1959 1845 si
1993 1819 2055 1845 sa-

286 1865 423 1917 piens,
455 1879 506 1905 ne
537 1871 624 1905 tum
658 1866 827 1918 quidem
861 1866 1003 1912 miser,
1043 1879 1137 1904 cum
1168 1866 1219 1904 ab
1252 1865 1402 1905 Oroete
1434 1872 1624 1918 praetore
1657 1868 1780 1906 Darei
1812 1868 1853 1906 in
1886 1881 2049 1907 crucem

285 1933 400 1966 actus
433 1934 510 1968 est.
566 1930 641 1967 «At
671 1929 810 1968 multis
844 1929 959 1968 malis
991 1929 1203 1968 affectus.»
1258 1927 1362 1975 Quis
1395 1930 1544 1980 negat?
1586 1928 1658 1967 sed
1692 1942 1739 1968 ea
1763 1930 1869 1969 mala
1892 1930 2053 1969 virtutis

286 1990 570 2042 magnitudine
603 1991 898 2030 obruebantur.

236 2061 272 2089 30
396 2054 552 2092 XXXI.
585 2051 650 2091 93.
693 2056 754 2092 An
797 2066 848 2091 ne
893 2053 969 2092 hoc
1014 2053 1183 2105 quidem
1228 2054 1507 2106 Peripateticis
1546 2053 1762 2099 concedis,
1808 2060 1853 2093 ut
1895 2053 2055 2101 dicant,

286 2117 470 2155 omnium
502 2117 706 2155 bonorum
739 2116 944 2161 virorum,
988 2116 1029 2154 id
1062 2121 1123 2156 est
1154 2117 1422 2169 sapientium,
1457 2116 1647 2155 omnibus
1680 2116 1902 2155 virtutibus
1934 2129 2056 2156 orna-

287 2183 440 2226 torum,
481 2179 608 2218 vitam
650 2179 844 2217 omnibus
886 2178 1072 2230 partibus
1111 2178 1206 2230 plus
1246 2178 1400 2218 habere
1443 2191 1606 2232 semper
1636 2179 1734 2217 boni
1769 2191 1891 2231 quam
1924 2178 2055 2217 mali?

287 2240 390 2288 Quis
422 2240 501 2280 hoc
533 2241 664 2281 dicit?
706 2241 834 2280 Stoici
866 2241 1036 2280 scilicet.
1105 2241 1296 2286 Minime,
1335 2241 1406 2279 sed
1440 2241 1506 2280 isti
1540 2241 1638 2294 ipsi,
1671 2241 1742 2293 qui
1775 2240 1986 2293 voluptate
2018 2245 2058 2279 et

287 2303 431 2342 dolore
464 2304 601 2343 omnia
624 2304 875 2349 metiuntur,
909 2316 1047 2342 nonne
1072 2303 1251 2342 clamant
1274 2304 1451 2355 sapienti
1475 2303 1566 2356 plus
1589 2316 1755 2355 semper
1775 2302 1921 2342 adesse
1945 2302 2057 2356 quod

237 2364 386 2404 35velit
425 2379 549 2418 quam
592 2365 706 2419 quod
747 2365 886 2405 nolit?
935 2365 1035 2404 Cum
1079 2371 1237 2405 tantum
1279 2366 1405 2417 igitur
1444 2366 1484 2404 in
1516 2366 1668 2405 virtute
1700 2370 1861 2417 ponant
1890 2365 1942 2411 ii,
1984 2364 2056 2418 qui

374 2557 402 2587 2.
432 2557 570 2596 quidem]
598 2557 674 2595 quid
699 2557 722 2587 B
746 2575 778 2578 —
806 2557 941 2587 3.l(1l1'us
963 2558 987 2588 B
1004 2558 1028 2588 D
1049 2558 1128 2595 (uon
1148 2558 1181 2594 li)
1205 2573 1236 2577 -
1259 2557 1392 2587 (lileerus
1417 2557 1439 2586 B
1456 2557 1498 2587 E:
1527 2557 1664 2587 delectus
1682 2556 1748 2587 MO
1769 2572 1801 2577 —
1830 2557 1861 2587 ὃ.
1883 2556 1978 2586 valde
1994 2557 2056 2587 sin!

286 2609 395 2637 aulem
419 2607 478 2637 BE
500 2624 533 2627 —
562 2607 591 2637 6.
615 2607 723 2646 pluris
747 2608 968 2638 cuislimwzcla
987 2608 1009 2637 E
1034 2626 1065 2629 —
1094 2615 1194 2644 quum
1217 2607 1272 2644 «μα’
1296 2615 1367 2636 cnm
1382 2607 1506 2645 proclii!
1524 2606 1671 2644 appellas
1688 2607 1709 2636 B
1731 2623 1764 2626 -ψ
1793 2605 1823 2636 8.
1845 2606 1973 2636 virtutis
1990 2606 2057 2636 Ma-

288 2657 420 2687 nutius:
442 2658 576 2687 virlules
592 2656 683 2687 codd
716 2674 749 2677 —
771 2657 800 2687 9.
824 2657 962 2697 quidem]
982 2657 1060 2694 quid
1078 2657 1135 2686 BE
1156 2672 1188 2676 —
1217 2656 1262 2685 10.
1283 2656 1485 2697 mercatura]
1506 2656 1600 2685 miehi
1618 2659 1694 2685 lura
1712 2655 1771 2685 BE
1791 2672 1824 2676 —
1848 2656 1859 2686 1l
1870 2656 1900 2686 ¹¹t.
1917 2655 2057 2694 paulum

286 2706 463 2737 Brennus:
481 2715 603 2745 parum
621 2706 710 2737 codd
732 2717 737 2742 ;
756 2710 911 2747 *sparum
929 2708 1006 2738 Mo.
1036 2705 1077 2736 (Is
1099 2705 1141 2735 ad
1160 2715 1191 2745 p.
1213 2705 1280 2741 199,
1303 2706 1353 2736 16.
1371 2724 1402 2727 -Ἲ
1428 2706 1478 2736 12.
1502 2714 1600 2743 usque
1617 2714 1746 2744 quaque
1764 2705 1862 2735 aliter
1880 2705 1909 2734 in
1928 2705 2008 2741 vila,
2028 2708 2057 2735 et

286 2764 350 2786 non
367 2756 391 2785 O
413 2772 445 2777 —
476 2756 525 2787 vll.
547 2757 675 2795 reliqua
700 2757 911 2787 Goerenzius
939 2775 970 2779 —
993 2759 1100 2786 celera
1117 2756 1161 2785 B:
1190 2764 1258 2785 Om.
1280 2754 1304 2784 0
1327 2773 1358 2776 -
1386 2756 1432 2786 ¹5.
1451 2758 1524 2785 sunl
1543 2754 1621 2785 cod.
1643 2755 1839 2786 Leidensis:
1868 2755 1932 2785 sint
1957 2755 2056 2785 BMO

288 2822 321 2826 —
340 2808 444 2836 velere
461 2814 542 2837 nos:
570 2807 669 2836 veteri
688 2805 792 2836 codd.
813 2808 845 2836 et
872 2807 901 2836 M
917 2806 952 2836 O.
981 2805 1056 2836 vid.
1077 2804 1298 2844 XVescnberg
1322 2804 1364 2835 ad
1384 2813 1433 2835 or.
1454 2814 1487 2845 p.
1508 2805 1619 2836 Sestio
1645 2814 1676 2845 p.
1697 2805 1714 2835 7
1733 2814 1786 2845 sq.
1808 2821 1844 2826 —
1873 2804 1924 2835 46.
1948 2805 2058 2843 potius

286 2863 385 2894 quam
402 2854 535 2893 aliquod
553 2855 759 2887 Lambinus:
777 2857 885 2894 potius
901 2864 1002 2893 quam
1019 2856 1111 2885 aliud
1125 2856 1167 2885 G:
1187 2863 1285 2892 quum
1306 2855 1433 2894 aliquid
1448 2855 1610 2894 (aliquam
1623 2855 1686 2893 BE)
1703 2856 1811 2894 polius
1827 2855 1934 2886 ceteri
1951 2854 2053 2885 codd.

287 2909 321 2936 et
346 2906 390 2935 O:
418 2906 439 2944 ἦ
457 2914 558 2943 quam
583 2906 709 2945 aliquid
730 2906 838 2944 polius
862 2906 893 2936 M
914 2923 947 2927 -
976 2905 1149 2945 acquirere
1174 2905 1197 2934 E
1222 2922 1252 2925 ——
1285 2905 1332 2934 ¹7.
1353 2904 1401 2944 ea]
1429 2908 1462 2935 ιιι
1486 2905 1529 2941 Βς
1557 2908 1585 2935 ct
1610 2905 1633 2935 E
1655 2923 1688 2926 —
1716 2905 1767 2936 20.
1787 2905 1838 2944 Al]
1864 2914 1906 2935 an
1932 2905 1955 2935 B
1972 2906 1998 2936 D
2020 2922 2053 2926 -

285 2954 339 2985 ⁶21.
367 2954 522 2984 Crassum
554 2954 661 2989 illum,
697 2963 789 2993 quem
821 2955 931 2986 Cicero
963 2958 1096 2985 auctore
1120 2954 1244 2984 Lucilio
1267 2954 1364 2984 semel
1391 2955 1422 2984 in
1448 2955 1513 2984 visa
1539 2955 1646 2985 risisse
1670 2954 1781 2985 scribit
1804 2954 1957 2986 Macrob.
1985 2955 2054 2984 Sat.

288 3004 330 3040 ΙΙ,
359 3003 389 3037 l,
417 3003 446 3032 6.
477 3021 509 3024 —
537 3006 572 3033 ut
599 3006 677 3039 [non
702 3005 769 3041 aul)
797 3012 835 3034 ea
860 3004 963 3034 etiam
991 3004 1014 3034 E
1043 3021 1076 3025 —
1106 3003 1156 3033 22.
1184 3003 1350 3043 agelastux
1373 3004 1434 3034 BE
1457 3022 1490 3026 -
1518 3008 1575 3034 aul
1599 3005 1645 3034 ai!
1672 3004 1732 3034 BE
1754 3021 1786 3025 —
1817 3004 1868 3035 23.
1896 3004 2056 3034 accideret

289 3054 310 3083 B
340 3070 373 3073 —
407 3052 790 3083 annzelzcm--annulus
814 3054 876 3084 ΒΟ
906 3071 939 3075 —-
978 3053 1027 3084 2⁷4.
1054 3054 1086 3083 in
1120 3062 1212 3083 marc
1238 3053 1407 3084 v1ctorius
1440 3071 1472 3075 ——
1507 3053 1558 3084 27.
1587 3054 1726 3093 quidem]
1753 3055 1831 3092 quid
1854 3054 1877 3084 B
1896 3054 1936 3091 E3
1972 3054 2054 3084 item

286 3111 318 3132 v.
346 3101 397 3132 30.
432 3120 465 3125 —
502 3102 616 3133 Oroele
639 3102 827 3133 Victorius:
861 3107 974 3134 oronte
999 3103 1100 3134 codd.
1130 3104 1243 3140 ,ctiam
1270 3103 1303 3139 E]
1334 3120 1366 3123 —
1403 3103 1454 3133 28.
1481 3103 1530 3143 At]
1557 3106 1586 3133 et
1614 3104 1637 3134 B
1669 3121 1701 3125 —
1745 3103 1797 3134 3³.
1824 3103 1982 3133 bonorum
2003 3103 2056 3132 vi-

287 3160 403 3182 rorum
435 3152 479 3182 B:
514 3153 662 3182 virorum
692 3152 850 3183 bonorum
875 3154 944 3183 Mo
981 3170 1012 3175 —
1050 3152 1102 3183 33.
1130 3153 1230 3182 Sloici
1260 3152 1378 3182 scilice!
1405 3151 1617 3184 Lambinus:
1652 3153 1760 3184 sloicis
1790 3153 1861 3183 licet
1886 3151 1987 3182 codd.
2016 3169 2051 3174 —-

287 3194 351 3231 ista
376 3201 399 3231 B
433 3217 467 3222 —
507 3200 559 3233 34.
586 3202 788 3233 mentiuntur
811 3203 834 3233 B
868 3220 902 3225 —
938 3203 989 3234 35.
1012 3206 1140 3243 ponunt
1170 3202 1260 3233 Bake
1293 3202 1335 3233 ad
1370 3202 1439 3233 Cic.
1468 3202 1510 3234 de
1539 3204 1638 3243 Legg.
1666 3213 1698 3245 p.
1723 3203 1785 3235 375
1809 3210 1862 3243 sq.
1893 3219 1927 3224 -—
1956 3202 1989 3241 ii]
2013 3202 2054 3242 hy

290 3251 333 3288 B;
360 3251 392 3281 hi
416 3251 453 3282 O.
