<?xml version="1.0" encoding="UTF-8"?>
<!DOCTYPE html PUBLIC "-//W3C//DTD XHTML 1.0 Transitional//EN"
    "http://www.w3.org/TR/xhtml1/DTD/xhtml1-transitional.dtd">
<html xmlns="http://www.w3.org/1999/xhtml" xml:lang="en" lang="en">
 <head>
  <title>
</title>
<meta http-equiv="Content-Type" content="text/html;charset=utf-8" />
  <meta name='ocr-system' content='tesseract 3.04.00' />
  <meta name='ocr-capabilities' content='ocr_page ocr_carea ocr_par ocr_line ocrx_word'/>
</head>
<body>
  <div class='ocr_page' id='page_1' title='image "./operaquaesupersu04ciceuoft_0618.png"; bbox 0 0 2249 3624; ppageno 0'>
   <div class='ocr_carea' id='block_1_1' title="bbox 264 121 1373 163">
    <p class='ocr_par' dir='ltr' id='par_1_1' title="bbox 264 121 1373 163">
     <span class='ocr_line' id='line_1_1' title="bbox 264 121 1373 163; baseline -0.003 0"><span class='ocrx_word' id='word_1_1' title='bbox 264 122 346 163; x_wconf 82' lang='lat'>556</span> <span class='ocrx_word' id='word_1_2' title='bbox 920 122 989 161; x_wconf 91' lang='lat' dir='ltr'>DE</span> <span class='ocrx_word' id='word_1_3' title='bbox 1020 121 1373 161; x_wconf 88' lang='lat' dir='ltr'><strong>DIVINATIONE</strong></span> 
     </span>
    </p>
   </div>
   <div class='ocr_carea' id='block_1_2' title="bbox 205 226 2035 2530">
    <p class='ocr_par' dir='ltr' id='par_1_2' title="bbox 375 226 1163 270">
     <span class='ocr_line' id='line_1_2' title="bbox 375 226 1163 270; baseline -0.005 0"><span class='ocrx_word' id='word_1_4' title='bbox 375 230 478 270; x_wconf 88' lang='lat' dir='ltr'><strong>LVI.</strong></span> <span class='ocrx_word' id='word_1_5' title='bbox 512 226 604 269; x_wconf 67' lang='lat'>445.</span> <span class='ocrx_word' id='word_1_6' title='bbox 637 228 718 269; x_wconf 87' lang='lat' dir='ltr'>Sed</span> <span class='ocrx_word' id='word_1_7' title='bbox 750 228 829 268; x_wconf 88' lang='lat' dir='ltr'>iam</span> <span class='ocrx_word' id='word_1_8' title='bbox 863 227 914 267; x_wconf 87' lang='lat' dir='ltr'>ad</span> <span class='ocrx_word' id='word_1_9' title='bbox 945 232 985 267; x_wconf 88' lang='lat' dir='ltr'>te</span> <span class='ocrx_word' id='word_1_10' title='bbox 1016 227 1163 267; x_wconf 90' lang='lat' dir='ltr'>venio:</span> 
     </span>
    </p>

    <p class='ocr_par' dir='ltr' id='par_1_3' title="bbox 460 288 1999 343">
     <span class='ocr_line' id='line_1_3' title="bbox 460 288 1999 343; baseline 0.001 -11"><span class='ocrx_word' id='word_1_11' title='bbox 460 293 646 332; x_wconf 85' lang='lat' dir='ltr'>Sancte</span> <span class='ocrx_word' id='word_1_12' title='bbox 696 289 909 343; x_wconf 89' lang='lat' dir='ltr'><strong>Apollo,</strong></span> <span class='ocrx_word' id='word_1_13' title='bbox 972 290 1058 343; x_wconf 90' lang='lat' dir='ltr'>qui</span> <span class='ocrx_word' id='word_1_14' title='bbox 1119 288 1423 329; x_wconf 87' lang='lat' dir='ltr'>umbilicum</span> <span class='ocrx_word' id='word_1_15' title='bbox 1485 294 1683 330; x_wconf 90' lang='lat' dir='ltr'>certum</span> <span class='ocrx_word' id='word_1_16' title='bbox 1732 296 1999 334; x_wconf 84' lang='lat' dir='ltr'>terrarum</span> 
     </span>
    </p>

    <p class='ocr_par' dir='ltr' id='par_1_4' title="bbox 1274 351 1512 401">
     <span class='ocr_line' id='line_1_4' title="bbox 1274 351 1512 401; baseline 0.004 -11"><span class='ocrx_word' id='word_1_17' title='bbox 1274 351 1512 401; x_wconf 89' lang='lat' dir='ltr'>obsides,</span> 
     </span>
    </p>

    <p class='ocr_par' dir='ltr' id='par_1_5' title="bbox 230 413 2031 780">
     <span class='ocr_line' id='line_1_5' title="bbox 457 413 1973 468; baseline 0.001 -12"><span class='ocrx_word' id='word_1_18' title='bbox 457 416 597 456; x_wconf 85' lang='lat' dir='ltr'>Unde</span> <span class='ocrx_word' id='word_1_19' title='bbox 637 414 1014 468; x_wconf 86' lang='lat' dir='ltr'>superstitiosa</span> <span class='ocrx_word' id='word_1_20' title='bbox 1055 413 1275 466; x_wconf 90' lang='lat' dir='ltr'>primum</span> <span class='ocrx_word' id='word_1_21' title='bbox 1313 426 1473 453; x_wconf 87' lang='lat' dir='ltr'>saeva</span> <span class='ocrx_word' id='word_1_22' title='bbox 1511 414 1684 456; x_wconf 86' lang='lat' dir='ltr'>evasit</span> <span class='ocrx_word' id='word_1_23' title='bbox 1721 429 1819 456; x_wconf 82' lang='lat' dir='ltr'>vox</span> <span class='ocrx_word' id='word_1_24' title='bbox 1850 415 1973 457; x_wconf 87' lang='lat' dir='ltr'>fera.</span> 
     </span>
     <span class='ocr_line' id='line_1_6' title="bbox 230 475 2030 531; baseline 0 -12"><span class='ocrx_word' id='word_1_25' title='bbox 230 478 361 519; x_wconf 89' lang='lat' dir='ltr'>5Tuis</span> <span class='ocrx_word' id='word_1_26' title='bbox 394 479 502 518; x_wconf 89' lang='lat' dir='ltr'>enim</span> <span class='ocrx_word' id='word_1_27' title='bbox 536 477 714 517; x_wconf 89' lang='lat' dir='ltr'>oraculis</span> <span class='ocrx_word' id='word_1_28' title='bbox 736 476 995 530; x_wconf 81' lang='lat' dir='ltr'>Chrysippus</span> <span class='ocrx_word' id='word_1_29' title='bbox 1030 481 1159 516; x_wconf 88' lang='lat' dir='ltr'>totum</span> <span class='ocrx_word' id='word_1_30' title='bbox 1191 475 1384 516; x_wconf 88' lang='lat' dir='ltr'>volumen</span> <span class='ocrx_word' id='word_1_31' title='bbox 1418 477 1603 530; x_wconf 79' lang='lat' dir='ltr'>inplevit,</span> <span class='ocrx_word' id='word_1_32' title='bbox 1636 479 1783 531; x_wconf 86' lang='lat' dir='ltr'>partim</span> <span class='ocrx_word' id='word_1_33' title='bbox 1815 478 1952 527; x_wconf 86' lang='lat' dir='ltr'>falsis,</span> <span class='ocrx_word' id='word_1_34' title='bbox 1984 486 2030 520; x_wconf 92' lang='lat' dir='ltr'>ut</span> 
     </span>
     <span class='ocr_line' id='line_1_7' title="bbox 260 538 2030 595; baseline 0.002 -16"><span class='ocrx_word' id='word_1_35' title='bbox 260 552 337 591; x_wconf 85' lang='lat' dir='ltr'>ego</span> <span class='ocrx_word' id='word_1_36' title='bbox 368 540 530 593; x_wconf 88' lang='lat' dir='ltr'>opinor,</span> <span class='ocrx_word' id='word_1_37' title='bbox 561 539 711 592; x_wconf 84' lang='lat' dir='ltr'>partim</span> <span class='ocrx_word' id='word_1_38' title='bbox 744 552 842 577; x_wconf 84' lang='lat' dir='ltr'>casu</span> <span class='ocrx_word' id='word_1_39' title='bbox 874 539 996 585; x_wconf 89' lang='lat' dir='ltr'>veris,</span> <span class='ocrx_word' id='word_1_40' title='bbox 1029 543 1074 577; x_wconf 88' lang='lat' dir='ltr'>ut</span> <span class='ocrx_word' id='word_1_41' title='bbox 1107 538 1152 577; x_wconf 86' lang='lat' dir='ltr'>fit</span> <span class='ocrx_word' id='word_1_42' title='bbox 1182 539 1221 578; x_wconf 92' lang='lat' dir='ltr'>in</span> <span class='ocrx_word' id='word_1_43' title='bbox 1246 539 1358 577; x_wconf 89' lang='lat' dir='ltr'>omni</span> <span class='ocrx_word' id='word_1_44' title='bbox 1382 539 1569 579; x_wconf 88' lang='lat' dir='ltr'>oratione</span> <span class='ocrx_word' id='word_1_45' title='bbox 1592 541 1856 593; x_wconf 81' lang='lat' dir='ltr'>saepissime,</span> <span class='ocrx_word' id='word_1_46' title='bbox 1879 544 2030 595; x_wconf 86' lang='lat' dir='ltr'>partim</span> 
     </span>
     <span class='ocr_line' id='line_1_8' title="bbox 260 601 2031 657; baseline 0.002 -16"><span class='ocrx_word' id='word_1_47' title='bbox 260 601 502 655; x_wconf 81' lang='lat' dir='ltr'>flexiloquis</span> <span class='ocrx_word' id='word_1_48' title='bbox 545 607 585 640; x_wconf 92' lang='lat' dir='ltr'>et</span> <span class='ocrx_word' id='word_1_49' title='bbox 626 601 837 647; x_wconf 84' lang='lat' dir='ltr'>obscuris,</span> <span class='ocrx_word' id='word_1_50' title='bbox 879 606 923 639; x_wconf 92' lang='lat' dir='ltr'>ut</span> <span class='ocrx_word' id='word_1_51' title='bbox 964 601 1169 652; x_wconf 80' lang='lat' dir='ltr'>interpres</span> <span class='ocrx_word' id='word_1_52' title='bbox 1211 607 1329 653; x_wconf 82' lang='lat' dir='ltr'>egeat</span> <span class='ocrx_word' id='word_1_53' title='bbox 1370 601 1596 655; x_wconf 79' lang='lat' dir='ltr'>interprete</span> <span class='ocrx_word' id='word_1_54' title='bbox 1649 609 1688 642; x_wconf 91' lang='lat' dir='ltr'>et</span> <span class='ocrx_word' id='word_1_55' title='bbox 1727 617 1815 643; x_wconf 90' lang='lat' dir='ltr'>sors</span> <span class='ocrx_word' id='word_1_56' title='bbox 1853 605 1943 657; x_wconf 89' lang='lat' dir='ltr'>ipsa</span> <span class='ocrx_word' id='word_1_57' title='bbox 1979 605 2031 645; x_wconf 86' lang='lat' dir='ltr'>ad</span> 
     </span>
     <span class='ocr_line' id='line_1_9' title="bbox 259 662 2030 717; baseline 0.002 -14"><span class='ocrx_word' id='word_1_58' title='bbox 259 669 390 703; x_wconf 88' lang='lat' dir='ltr'>sortes</span> <span class='ocrx_word' id='word_1_59' title='bbox 422 663 640 703; x_wconf 87' lang='lat' dir='ltr'>referenda</span> <span class='ocrx_word' id='word_1_60' title='bbox 673 664 745 710; x_wconf 86' lang='lat' dir='ltr'>sit,</span> <span class='ocrx_word' id='word_1_61' title='bbox 785 662 934 715; x_wconf 87' lang='lat' dir='ltr'>partim</span> <span class='ocrx_word' id='word_1_62' title='bbox 967 664 1174 717; x_wconf 79' lang='lat' dir='ltr'>ambiguis</span> <span class='ocrx_word' id='word_1_63' title='bbox 1207 669 1247 703; x_wconf 89' lang='lat' dir='ltr'>et</span> <span class='ocrx_word' id='word_1_64' title='bbox 1279 677 1386 716; x_wconf 85' lang='lat' dir='ltr'>quae</span> <span class='ocrx_word' id='word_1_65' title='bbox 1419 665 1470 703; x_wconf 83' lang='lat' dir='ltr'>ad</span> <span class='ocrx_word' id='word_1_66' title='bbox 1503 665 1767 705; x_wconf 85' lang='lat' dir='ltr'>dialecticum</span> <span class='ocrx_word' id='word_1_67' title='bbox 1806 666 2030 707; x_wconf 84' lang='lat' dir='ltr'>deferenda</span> 
     </span>
     <span class='ocr_line' id='line_1_10' title="bbox 259 724 1757 780; baseline 0.002 -16"><span class='ocrx_word' id='word_1_68' title='bbox 259 726 353 765; x_wconf 90' lang='lat' dir='ltr'>sint.</span> <span class='ocrx_word' id='word_1_69' title='bbox 413 726 513 764; x_wconf 90' lang='lat' dir='ltr'>Nam</span> <span class='ocrx_word' id='word_1_70' title='bbox 547 739 640 765; x_wconf 84' lang='lat' dir='ltr'>cum</span> <span class='ocrx_word' id='word_1_71' title='bbox 672 725 741 764; x_wconf 88' lang='lat' dir='ltr'>illa</span> <span class='ocrx_word' id='word_1_72' title='bbox 774 738 863 765; x_wconf 90' lang='lat' dir='ltr'>sors</span> <span class='ocrx_word' id='word_1_73' title='bbox 896 724 1009 765; x_wconf 84' lang='lat' dir='ltr'>edita</span> <span class='ocrx_word' id='word_1_74' title='bbox 1041 728 1104 765; x_wconf 81' lang='lat' dir='ltr'>est</span> <span class='ocrx_word' id='word_1_75' title='bbox 1135 726 1466 780; x_wconf 86' lang='lat' dir='ltr'>opulentissumo</span> <span class='ocrx_word' id='word_1_76' title='bbox 1499 728 1587 779; x_wconf 85' lang='lat' dir='ltr'>regi</span> <span class='ocrx_word' id='word_1_77' title='bbox 1619 728 1757 775; x_wconf 83' lang='lat' dir='ltr'>Asiae,</span> 
     </span>
    </p>

    <p class='ocr_par' dir='ltr' id='par_1_6' title="bbox 210 787 2032 1091">
     <span class='ocr_line' id='line_1_11' title="bbox 210 787 2031 842; baseline 0 -12"><span class='ocrx_word' id='word_1_78' title='bbox 210 802 245 830; x_wconf 91' lang='lat'>10</span> <span class='ocrx_word' id='word_1_79' title='bbox 419 787 643 827; x_wconf 89' lang='lat' dir='ltr'>Croesus</span> <span class='ocrx_word' id='word_1_80' title='bbox 676 788 836 840; x_wconf 77' lang='lat' dir='ltr'>Halyn</span> <span class='ocrx_word' id='word_1_81' title='bbox 871 793 1145 841; x_wconf 90' lang='lat' dir='ltr'>penetrans</span> <span class='ocrx_word' id='word_1_82' title='bbox 1178 802 1400 840; x_wconf 81' lang='lat' dir='ltr'>magnam</span> <span class='ocrx_word' id='word_1_83' title='bbox 1434 794 1704 840; x_wconf 87' lang='lat' dir='ltr'>pervertet</span> <span class='ocrx_word' id='word_1_84' title='bbox 1736 803 1884 842; x_wconf 91' lang='lat' dir='ltr'>opum</span> <span class='ocrx_word' id='word_1_85' title='bbox 1916 791 2031 839; x_wconf 91' lang='lat' dir='ltr'>vim,</span> 
     </span>
     <span class='ocr_line' id='line_1_12' title="bbox 257 849 2026 903; baseline 0.002 -13"><span class='ocrx_word' id='word_1_86' title='bbox 257 849 442 890; x_wconf 86' lang='lat' dir='ltr'>hostium</span> <span class='ocrx_word' id='word_1_87' title='bbox 476 852 556 890; x_wconf 84' lang='lat' dir='ltr'>vim</span> <span class='ocrx_word' id='word_1_88' title='bbox 589 864 632 890; x_wconf 89' lang='lat' dir='ltr'>se</span> <span class='ocrx_word' id='word_1_89' title='bbox 665 863 961 902; x_wconf 86' lang='lat' dir='ltr'>perversurum</span> <span class='ocrx_word' id='word_1_90' title='bbox 994 851 1177 903; x_wconf 87' lang='lat' dir='ltr'>putavit,</span> <span class='ocrx_word' id='word_1_91' title='bbox 1202 851 1399 903; x_wconf 85' lang='lat' dir='ltr'>pervertit</span> <span class='ocrx_word' id='word_1_92' title='bbox 1421 857 1558 891; x_wconf 85' lang='lat' dir='ltr'>autem</span> <span class='ocrx_word' id='word_1_93' title='bbox 1583 865 1713 891; x_wconf 76' lang='lat' dir='ltr'>suani.</span> <span class='ocrx_word' id='word_1_94' title='bbox 1767 849 1782 889; x_wconf 72' lang='lat' dir='ltr'>‘l</span> <span class='ocrx_word' id='word_1_95' title='bbox 1802 849 1859 890; x_wconf 80' lang='lat' dir='ltr'>lss.</span> <span class='ocrx_word' id='word_1_96' title='bbox 1885 853 2026 893; x_wconf 85' lang='lat' dir='ltr'>Utrum</span> 
     </span>
     <span class='ocr_line' id='line_1_13' title="bbox 257 912 2031 964; baseline 0.002 -14"><span class='ocrx_word' id='word_1_97' title='bbox 257 912 385 964; x_wconf 83' lang='lat' dir='ltr'>igitur</span> <span class='ocrx_word' id='word_1_98' title='bbox 416 926 557 952; x_wconf 89' lang='lat' dir='ltr'>eorum</span> <span class='ocrx_word' id='word_1_99' title='bbox 590 912 822 959; x_wconf 82' lang='lat' dir='ltr'>accidisset,</span> <span class='ocrx_word' id='word_1_100' title='bbox 854 926 997 952; x_wconf 87' lang='lat' dir='ltr'>verum</span> <span class='ocrx_word' id='word_1_101' title='bbox 1032 913 1217 951; x_wconf 89' lang='lat' dir='ltr'>oraclum</span> <span class='ocrx_word' id='word_1_102' title='bbox 1250 912 1411 952; x_wconf 86' lang='lat' dir='ltr'>fuisset.</span> <span class='ocrx_word' id='word_1_103' title='bbox 1475 914 1556 952; x_wconf 89' lang='lat' dir='ltr'>Cur</span> <span class='ocrx_word' id='word_1_104' title='bbox 1587 920 1724 954; x_wconf 90' lang='lat' dir='ltr'>autem</span> <span class='ocrx_word' id='word_1_105' title='bbox 1757 915 1836 953; x_wconf 83' lang='lat' dir='ltr'>hoc</span> <span class='ocrx_word' id='word_1_106' title='bbox 1866 913 2031 954; x_wconf 87' lang='lat' dir='ltr'>credam</span> 
     </span>
     <span class='ocr_line' id='line_1_14' title="bbox 256 975 2031 1028; baseline 0.001 -14"><span class='ocrx_word' id='word_1_107' title='bbox 256 988 455 1028; x_wconf 89' lang='lat' dir='ltr'>umquam</span> <span class='ocrx_word' id='word_1_108' title='bbox 489 975 647 1015; x_wconf 87' lang='lat' dir='ltr'>editum</span> <span class='ocrx_word' id='word_1_109' title='bbox 671 975 857 1015; x_wconf 71' lang='lat' dir='ltr'>Croeso?</span> <span class='ocrx_word' id='word_1_110' title='bbox 904 982 973 1015; x_wconf 93' lang='lat' dir='ltr'>aut</span> <span class='ocrx_word' id='word_1_111' title='bbox 1004 975 1260 1014; x_wconf 88' lang='lat' dir='ltr'>Herodotum</span> <span class='ocrx_word' id='word_1_112' title='bbox 1294 989 1368 1013; x_wconf 86' lang='lat' dir='ltr'>cur</span> <span class='ocrx_word' id='word_1_113' title='bbox 1400 977 1653 1016; x_wconf 76' lang='lat' dir='ltr'>veraciorem</span> <span class='ocrx_word' id='word_1_114' title='bbox 1687 976 1834 1015; x_wconf 88' lang='lat' dir='ltr'>ducam</span> <span class='ocrx_word' id='word_1_115' title='bbox 1869 977 2031 1016; x_wconf 77' lang='lat' dir='ltr'>Ennio?</span> 
     </span>
     <span class='ocr_line' id='line_1_15' title="bbox 255 1036 2032 1091; baseline 0.001 -15"><span class='ocrx_word' id='word_1_116' title='bbox 255 1038 361 1077; x_wconf 90' lang='lat' dir='ltr'>Num</span> <span class='ocrx_word' id='word_1_117' title='bbox 395 1038 530 1077; x_wconf 89' lang='lat' dir='ltr'>minus</span> <span class='ocrx_word' id='word_1_118' title='bbox 561 1037 630 1076; x_wconf 90' lang='lat' dir='ltr'>ille</span> <span class='ocrx_word' id='word_1_119' title='bbox 664 1038 800 1090; x_wconf 88' lang='lat' dir='ltr'>potuit</span> <span class='ocrx_word' id='word_1_120' title='bbox 829 1038 880 1077; x_wconf 93' lang='lat' dir='ltr'>de</span> <span class='ocrx_word' id='word_1_121' title='bbox 905 1038 1056 1077; x_wconf 87' lang='lat' dir='ltr'>Croeso</span> <span class='ocrx_word' id='word_1_122' title='bbox 1089 1051 1212 1091; x_wconf 88' lang='lat' dir='ltr'>quam</span> <span class='ocrx_word' id='word_1_123' title='bbox 1246 1037 1296 1076; x_wconf 82' lang='lat' dir='ltr'>de</span> <span class='ocrx_word' id='word_1_124' title='bbox 1321 1038 1477 1091; x_wconf 77' lang='lat' dir='ltr'>Pyrrho</span> <span class='ocrx_word' id='word_1_125' title='bbox 1513 1036 1669 1090; x_wconf 83' lang='lat' dir='ltr'>fingere</span> <span class='ocrx_word' id='word_1_126' title='bbox 1691 1039 1882 1078; x_wconf 72' lang='lat' dir='ltr'>Ennius?</span> <span class='ocrx_word' id='word_1_127' title='bbox 1925 1038 2032 1087; x_wconf 90' lang='lat' dir='ltr'>Quis</span> 
     </span>
    </p>

    <p class='ocr_par' dir='ltr' id='par_1_7' title="bbox 207 1100 1902 1155">
     <span class='ocr_line' id='line_1_16' title="bbox 207 1100 1902 1155; baseline 0 -14"><span class='ocrx_word' id='word_1_128' title='bbox 207 1112 243 1141; x_wconf 74' lang='grc'>45</span> <span class='ocrx_word' id='word_1_129' title='bbox 257 1100 367 1139; x_wconf 91' lang='lat' dir='ltr'>enim</span> <span class='ocrx_word' id='word_1_130' title='bbox 399 1105 483 1146; x_wconf 89' lang='lat' dir='ltr'>est,</span> <span class='ocrx_word' id='word_1_131' title='bbox 517 1101 590 1153; x_wconf 91' lang='lat' dir='ltr'>qui</span> <span class='ocrx_word' id='word_1_132' title='bbox 621 1101 762 1140; x_wconf 87' lang='lat' dir='ltr'>credat</span> <span class='ocrx_word' id='word_1_133' title='bbox 791 1100 1000 1153; x_wconf 76' lang='lat' dir='ltr'>Apollinis</span> <span class='ocrx_word' id='word_1_134' title='bbox 1032 1114 1084 1139; x_wconf 79' lang='lat' dir='ltr'>ex</span> <span class='ocrx_word' id='word_1_135' title='bbox 1116 1100 1287 1139; x_wconf 88' lang='lat' dir='ltr'>oraculo</span> <span class='ocrx_word' id='word_1_136' title='bbox 1319 1100 1476 1153; x_wconf 69' lang='lat' dir='ltr'>Pyrrho</span> <span class='ocrx_word' id='word_1_137' title='bbox 1509 1114 1602 1141; x_wconf 85' lang='lat' dir='ltr'>esse</span> <span class='ocrx_word' id='word_1_138' title='bbox 1634 1115 1902 1155; x_wconf 87' lang='lat' dir='ltr'>responsum:</span> 
     </span>
    </p>

    <p class='ocr_par' dir='ltr' id='par_1_8' title="bbox 256 1163 2034 1405">
     <span class='ocr_line' id='line_1_17' title="bbox 426 1163 1726 1216; baseline 0.001 -14"><span class='ocrx_word' id='word_1_139' title='bbox 426 1163 521 1202; x_wconf 88' lang='lat' dir='ltr'>Aio</span> <span class='ocrx_word' id='word_1_140' title='bbox 564 1169 642 1210; x_wconf 90' lang='lat' dir='ltr'>te,</span> <span class='ocrx_word' id='word_1_141' title='bbox 683 1163 939 1210; x_wconf 84' lang='lat' dir='ltr'>Aeacida,</span> <span class='ocrx_word' id='word_1_142' title='bbox 980 1164 1246 1202; x_wconf 86' lang='lat' dir='ltr'>Romanos</span> <span class='ocrx_word' id='word_1_143' title='bbox 1288 1163 1508 1202; x_wconf 89' lang='lat' dir='ltr'>vincere</span> <span class='ocrx_word' id='word_1_144' title='bbox 1551 1177 1726 1216; x_wconf 90' lang='lat' dir='ltr'>posse.</span> 
     </span>
     <span class='ocr_line' id='line_1_18' title="bbox 256 1225 2032 1278; baseline 0.002 -14"><span class='ocrx_word' id='word_1_145' title='bbox 256 1225 439 1265; x_wconf 87' lang='lat' dir='ltr'>Primum</span> <span class='ocrx_word' id='word_1_146' title='bbox 470 1225 616 1265; x_wconf 87' lang='lat' dir='ltr'>Latine</span> <span class='ocrx_word' id='word_1_147' title='bbox 647 1226 797 1278; x_wconf 91' lang='lat' dir='ltr'>Apollo</span> <span class='ocrx_word' id='word_1_148' title='bbox 828 1239 1055 1278; x_wconf 82' lang='lat' dir='ltr'>numquam</span> <span class='ocrx_word' id='word_1_149' title='bbox 1089 1225 1248 1265; x_wconf 87' lang='lat' dir='ltr'>locutus</span> <span class='ocrx_word' id='word_1_150' title='bbox 1282 1231 1374 1273; x_wconf 77' lang='lat' dir='ltr'>est3</span> <span class='ocrx_word' id='word_1_151' title='bbox 1425 1225 1576 1264; x_wconf 86' lang='lat' dir='ltr'>deinde</span> <span class='ocrx_word' id='word_1_152' title='bbox 1608 1227 1688 1266; x_wconf 86' lang='lat' dir='ltr'>ista</span> <span class='ocrx_word' id='word_1_153' title='bbox 1721 1240 1811 1266; x_wconf 92' lang='lat' dir='ltr'>sors</span> <span class='ocrx_word' id='word_1_154' title='bbox 1844 1227 2032 1267; x_wconf 84' lang='lat' dir='ltr'>inaudita</span> 
     </span>
     <span class='ocr_line' id='line_1_19' title="bbox 257 1288 2034 1342; baseline 0.002 -15"><span class='ocrx_word' id='word_1_155' title='bbox 257 1288 427 1328; x_wconf 89' lang='lat' dir='ltr'>Graecis</span> <span class='ocrx_word' id='word_1_156' title='bbox 459 1293 548 1336; x_wconf 83' lang='lat' dir='ltr'>est3</span> <span class='ocrx_word' id='word_1_157' title='bbox 584 1294 801 1341; x_wconf 86' lang='lat' dir='ltr'>praeterea</span> <span class='ocrx_word' id='word_1_158' title='bbox 830 1288 973 1342; x_wconf 76' lang='lat' dir='ltr'>Pyrrhi</span> <span class='ocrx_word' id='word_1_159' title='bbox 1004 1288 1260 1341; x_wconf 85' lang='lat' dir='ltr'>temporibus</span> <span class='ocrx_word' id='word_1_160' title='bbox 1292 1289 1371 1327; x_wconf 84' lang='lat' dir='ltr'>iarn</span> <span class='ocrx_word' id='word_1_161' title='bbox 1398 1288 1546 1341; x_wconf 91' lang='lat' dir='ltr'>Apollo</span> <span class='ocrx_word' id='word_1_162' title='bbox 1580 1303 1724 1329; x_wconf 87' lang='lat' dir='ltr'>versus</span> <span class='ocrx_word' id='word_1_163' title='bbox 1756 1290 1892 1330; x_wconf 85' lang='lat' dir='ltr'>facere</span> <span class='ocrx_word' id='word_1_164' title='bbox 1925 1290 2034 1330; x_wconf 89' lang='lat' dir='ltr'>desi-</span> 
     </span>
     <span class='ocr_line' id='line_1_20' title="bbox 257 1350 1802 1405; baseline 0.001 -15"><span class='ocrx_word' id='word_1_165' title='bbox 257 1355 370 1399; x_wconf 81' lang='lat' dir='ltr'>erat3</span> <span class='ocrx_word' id='word_1_166' title='bbox 412 1356 647 1403; x_wconf 89' lang='lat' dir='ltr'>postremo,</span> <span class='ocrx_word' id='word_1_167' title='bbox 680 1364 933 1405; x_wconf 85' lang='lat' dir='ltr'>quamquam</span> <span class='ocrx_word' id='word_1_168' title='bbox 967 1364 1134 1402; x_wconf 85' lang='lat' dir='ltr'>semper</span> <span class='ocrx_word' id='word_1_169' title='bbox 1164 1350 1263 1398; x_wconf 89' lang='lat' dir='ltr'>fuit,</span> <span class='ocrx_word' id='word_1_170' title='bbox 1294 1356 1339 1389; x_wconf 92' lang='lat' dir='ltr'>ut</span> <span class='ocrx_word' id='word_1_171' title='bbox 1369 1351 1480 1402; x_wconf 91' lang='lat' dir='ltr'>apud</span> <span class='ocrx_word' id='word_1_172' title='bbox 1510 1352 1689 1392; x_wconf 92' lang='lat' dir='ltr'>Ennium</span> <span class='ocrx_word' id='word_1_173' title='bbox 1723 1358 1802 1400; x_wconf 91' lang='lat' dir='ltr'>est,</span> 
     </span>
    </p>

    <p class='ocr_par' dir='ltr' id='par_1_9' title="bbox 206 1413 1835 1465">
     <span class='ocr_line' id='line_1_21' title="bbox 206 1413 1835 1465; baseline 0.001 -12"><span class='ocrx_word' id='word_1_174' title='bbox 206 1425 243 1453; x_wconf 75' lang='lat'>20</span> <span class='ocrx_word' id='word_1_175' title='bbox 877 1435 931 1442; x_wconf 92' lang='lat'>--</span> <span class='ocrx_word' id='word_1_176' title='bbox 968 1413 1225 1453; x_wconf 89' lang='lat' dir='ltr'>stolidum</span> <span class='ocrx_word' id='word_1_177' title='bbox 1269 1426 1431 1465; x_wconf 84' lang='lat' dir='ltr'>genus</span> <span class='ocrx_word' id='word_1_178' title='bbox 1462 1414 1835 1462; x_wconf 83' lang='lat' dir='ltr'>Aeacidarum,</span> 
     </span>
    </p>

    <p class='ocr_par' dir='ltr' id='par_1_10' title="bbox 256 1476 2034 1718">
     <span class='ocr_line' id='line_1_22' title="bbox 428 1476 1961 1531; baseline 0.002 -16"><span class='ocrx_word' id='word_1_179' title='bbox 428 1476 828 1529; x_wconf 84' lang='lat' dir='ltr'>Bellipotentes</span> <span class='ocrx_word' id='word_1_180' title='bbox 869 1481 994 1515; x_wconf 88' lang='lat' dir='ltr'>sunt</span> <span class='ocrx_word' id='word_1_181' title='bbox 1032 1476 1199 1528; x_wconf 85' lang='lat' dir='ltr'>magis</span> <span class='ocrx_word' id='word_1_182' title='bbox 1248 1489 1394 1528; x_wconf 87' lang='lat' dir='ltr'>quam</span> <span class='ocrx_word' id='word_1_183' title='bbox 1437 1477 1961 1531; x_wconf 87' lang='lat' dir='ltr'>sapientipotentes,</span> 
     </span>
     <span class='ocr_line' id='line_1_23' title="bbox 257 1538 2033 1592; baseline 0.001 -12"><span class='ocrx_word' id='word_1_184' title='bbox 257 1545 394 1580; x_wconf 88' lang='lat' dir='ltr'>tamen</span> <span class='ocrx_word' id='word_1_185' title='bbox 426 1541 532 1579; x_wconf 87' lang='lat' dir='ltr'>hanc</span> <span class='ocrx_word' id='word_1_186' title='bbox 562 1539 861 1592; x_wconf 88' lang='lat' dir='ltr'>amphiboliam</span> <span class='ocrx_word' id='word_1_187' title='bbox 899 1552 1044 1578; x_wconf 89' lang='lat' dir='ltr'>versus</span> <span class='ocrx_word' id='word_1_188' title='bbox 1076 1538 1322 1590; x_wconf 84' lang='lat' dir='ltr'>intellegere</span> <span class='ocrx_word' id='word_1_189' title='bbox 1356 1539 1584 1590; x_wconf 88' lang='lat' dir='ltr'>potuisset,</span> <span class='ocrx_word' id='word_1_190' title='bbox 1616 1540 1828 1580; x_wconf 90' lang='lat' dir='ltr'>vincere</span> <span class='ocrx_word' id='word_1_191' title='bbox 1861 1546 1907 1580; x_wconf 90' lang='lat' dir='ltr'>te</span> <span class='ocrx_word' id='word_1_192' title='bbox 1939 1543 2033 1581; x_wconf 86' lang='lat' dir='ltr'>Ro-</span> 
     </span>
     <span class='ocr_line' id='line_1_24' title="bbox 256 1600 2034 1656; baseline 0.001 -14"><span class='ocrx_word' id='word_1_193' title='bbox 256 1615 439 1642; x_wconf 86' lang='lat' dir='ltr'>manos</span> <span class='ocrx_word' id='word_1_194' title='bbox 472 1602 602 1641; x_wconf 88' lang='lat' dir='ltr'>nihilo</span> <span class='ocrx_word' id='word_1_195' title='bbox 636 1601 766 1653; x_wconf 82' lang='lat' dir='ltr'>magis</span> <span class='ocrx_word' id='word_1_196' title='bbox 798 1601 840 1640; x_wconf 87' lang='lat' dir='ltr'>in</span> <span class='ocrx_word' id='word_1_197' title='bbox 874 1614 917 1640; x_wconf 90' lang='lat' dir='ltr'>se</span> <span class='ocrx_word' id='word_1_198' title='bbox 950 1614 1074 1653; x_wconf 84' lang='lat' dir='ltr'>quam</span> <span class='ocrx_word' id='word_1_199' title='bbox 1107 1600 1148 1639; x_wconf 89' lang='lat' dir='ltr'>in</span> <span class='ocrx_word' id='word_1_200' title='bbox 1181 1601 1389 1639; x_wconf 86' lang='lat' dir='ltr'>Romanos</span> <span class='ocrx_word' id='word_1_201' title='bbox 1422 1601 1574 1641; x_wconf 86' lang='lat' dir='ltr'>valere.</span> <span class='ocrx_word' id='word_1_202' title='bbox 1635 1603 1737 1641; x_wconf 88' lang='lat' dir='ltr'>Nam</span> <span class='ocrx_word' id='word_1_203' title='bbox 1769 1603 1840 1643; x_wconf 89' lang='lat' dir='ltr'>illa</span> <span class='ocrx_word' id='word_1_204' title='bbox 1872 1603 2034 1656; x_wconf 89' lang='lat' dir='ltr'>amphi—</span> 
     </span>
     <span class='ocr_line' id='line_1_25' title="bbox 256 1662 2033 1718; baseline 0.001 -14"><span class='ocrx_word' id='word_1_205' title='bbox 256 1665 393 1712; x_wconf 82' lang='lat' dir='ltr'>bolia,</span> <span class='ocrx_word' id='word_1_206' title='bbox 437 1677 544 1718; x_wconf 88' lang='lat' dir='ltr'>quae</span> <span class='ocrx_word' id='word_1_207' title='bbox 580 1664 779 1703; x_wconf 82' lang='lat' dir='ltr'>Croesum</span> <span class='ocrx_word' id='word_1_208' title='bbox 813 1663 998 1716; x_wconf 88' lang='lat' dir='ltr'>decepit,</span> <span class='ocrx_word' id='word_1_209' title='bbox 1047 1662 1108 1702; x_wconf 87' lang='lat' dir='ltr'>vel</span> <span class='ocrx_word' id='word_1_210' title='bbox 1143 1662 1423 1716; x_wconf 84' lang='lat' dir='ltr'>Chrysippum</span> <span class='ocrx_word' id='word_1_211' title='bbox 1467 1664 1675 1716; x_wconf 90' lang='lat' dir='ltr'>potuisset</span> <span class='ocrx_word' id='word_1_212' title='bbox 1714 1664 1882 1712; x_wconf 85' lang='lat' dir='ltr'>fallere,</span> <span class='ocrx_word' id='word_1_213' title='bbox 1929 1666 2033 1706; x_wconf 88' lang='lat' dir='ltr'>haec</span> 
     </span>
    </p>

    <p class='ocr_par' dir='ltr' id='par_1_11' title="bbox 205 1726 915 1780">
     <span class='ocr_line' id='line_1_26' title="bbox 205 1726 915 1780; baseline -0.003 -14"><span class='ocrx_word' id='word_1_214' title='bbox 205 1737 242 1766; x_wconf 74' lang='lat'>25</span> <span class='ocrx_word' id='word_1_215' title='bbox 257 1741 357 1768; x_wconf 88' lang='lat' dir='ltr'>vero</span> <span class='ocrx_word' id='word_1_216' title='bbox 390 1741 441 1766; x_wconf 91' lang='lat' dir='ltr'>ne</span> <span class='ocrx_word' id='word_1_217' title='bbox 474 1727 699 1780; x_wconf 87' lang='lat' dir='ltr'>Epicurum</span> <span class='ocrx_word' id='word_1_218' title='bbox 733 1726 915 1779; x_wconf 89' lang='lat' dir='ltr'>quidem.</span> 
     </span>
    </p>

    <p class='ocr_par' dir='ltr' id='par_1_12' title="bbox 255 1786 2035 2029">
     <span class='ocr_line' id='line_1_27' title="bbox 368 1786 2032 1842; baseline 0.001 -14"><span class='ocrx_word' id='word_1_219' title='bbox 368 1791 491 1828; x_wconf 89' lang='lat' dir='ltr'><strong>LVII.</strong></span> <span class='ocrx_word' id='word_1_220' title='bbox 535 1786 629 1828; x_wconf 45' lang='lat' dir='ltr'>l1¹17.</span> <span class='ocrx_word' id='word_1_221' title='bbox 672 1789 751 1828; x_wconf 91' lang='lat' dir='ltr'>Sed</span> <span class='ocrx_word' id='word_1_222' title='bbox 786 1788 898 1842; x_wconf 87' lang='lat' dir='ltr'>quod</span> <span class='ocrx_word' id='word_1_223' title='bbox 930 1793 1055 1841; x_wconf 86' lang='lat' dir='ltr'>caput</span> <span class='ocrx_word' id='word_1_224' title='bbox 1087 1793 1170 1835; x_wconf 87' lang='lat' dir='ltr'>est,</span> <span class='ocrx_word' id='word_1_225' title='bbox 1204 1802 1276 1827; x_wconf 86' lang='lat' dir='ltr'>cur</span> <span class='ocrx_word' id='word_1_226' title='bbox 1306 1789 1385 1828; x_wconf 90' lang='lat' dir='ltr'>isto</span> <span class='ocrx_word' id='word_1_227' title='bbox 1418 1789 1544 1828; x_wconf 91' lang='lat' dir='ltr'>modo</span> <span class='ocrx_word' id='word_1_228' title='bbox 1576 1789 1657 1828; x_wconf 87' lang='lat' dir='ltr'>iam</span> <span class='ocrx_word' id='word_1_229' title='bbox 1691 1789 1828 1829; x_wconf 82' lang='lat' dir='ltr'>oracla</span> <span class='ocrx_word' id='word_1_230' title='bbox 1860 1790 2032 1842; x_wconf 85' lang='lat' dir='ltr'>Delphis</span> 
     </span>
     <span class='ocr_line' id='line_1_28' title="bbox 255 1851 2035 1905; baseline 0 -13"><span class='ocrx_word' id='word_1_231' title='bbox 255 1865 340 1892; x_wconf 89' lang='lat' dir='ltr'>non</span> <span class='ocrx_word' id='word_1_232' title='bbox 373 1852 571 1898; x_wconf 81' lang='lat' dir='ltr'>eduntur,</span> <span class='ocrx_word' id='word_1_233' title='bbox 604 1864 689 1891; x_wconf 91' lang='lat' dir='ltr'>non</span> <span class='ocrx_word' id='word_1_234' title='bbox 722 1852 847 1890; x_wconf 91' lang='lat' dir='ltr'>modo</span> <span class='ocrx_word' id='word_1_235' title='bbox 880 1857 1025 1890; x_wconf 90' lang='lat' dir='ltr'>nostra</span> <span class='ocrx_word' id='word_1_236' title='bbox 1057 1856 1205 1896; x_wconf 87' lang='lat' dir='ltr'>aetate,</span> <span class='ocrx_word' id='word_1_237' title='bbox 1240 1851 1313 1890; x_wconf 88' lang='lat' dir='ltr'>sed</span> <span class='ocrx_word' id='word_1_238' title='bbox 1346 1851 1426 1890; x_wconf 88' lang='lat' dir='ltr'>iam</span> <span class='ocrx_word' id='word_1_239' title='bbox 1462 1852 1546 1899; x_wconf 90' lang='lat' dir='ltr'>diu,</span> <span class='ocrx_word' id='word_1_240' title='bbox 1579 1852 1659 1891; x_wconf 87' lang='lat' dir='ltr'>iam</span> <span class='ocrx_word' id='word_1_241' title='bbox 1691 1857 1736 1891; x_wconf 91' lang='lat' dir='ltr'>ut</span> <span class='ocrx_word' id='word_1_242' title='bbox 1767 1852 1871 1891; x_wconf 87' lang='lat' dir='ltr'>nihil</span> <span class='ocrx_word' id='word_1_243' title='bbox 1901 1854 2035 1905; x_wconf 87' lang='lat' dir='ltr'>possit</span> 
     </span>
     <span class='ocr_line' id='line_1_29' title="bbox 256 1914 2032 1967; baseline 0 -13"><span class='ocrx_word' id='word_1_244' title='bbox 256 1928 348 1954; x_wconf 81' lang='lat' dir='ltr'>esse</span> <span class='ocrx_word' id='word_1_245' title='bbox 379 1915 690 1967; x_wconf 66' lang='lat' dir='ltr'>contemptius?</span> <span class='ocrx_word' id='word_1_246' title='bbox 724 1914 813 1953; x_wconf 84' lang='lat' dir='ltr'>Hoc</span> <span class='ocrx_word' id='word_1_247' title='bbox 845 1914 936 1953; x_wconf 89' lang='lat' dir='ltr'>loco</span> <span class='ocrx_word' id='word_1_248' title='bbox 970 1927 1061 1953; x_wconf 83' lang='lat' dir='ltr'>cum</span> <span class='ocrx_word' id='word_1_249' title='bbox 1095 1919 1315 1964; x_wconf 80' lang='lat' dir='ltr'>urgentur,</span> <span class='ocrx_word' id='word_1_250' title='bbox 1339 1915 1561 1953; x_wconf 85' lang='lat' dir='ltr'>evanuisse</span> <span class='ocrx_word' id='word_1_251' title='bbox 1584 1915 1701 1954; x_wconf 89' lang='lat' dir='ltr'>aiunt</span> <span class='ocrx_word' id='word_1_252' title='bbox 1722 1920 1929 1954; x_wconf 84' lang='lat' dir='ltr'>vetustate</span> <span class='ocrx_word' id='word_1_253' title='bbox 1951 1915 2032 1954; x_wconf 88' lang='lat' dir='ltr'>vim</span> 
     </span>
     <span class='ocr_line' id='line_1_30' title="bbox 256 1974 2035 2029; baseline -0.001 -12"><span class='ocrx_word' id='word_1_254' title='bbox 256 1977 335 2017; x_wconf 88' lang='lat' dir='ltr'>loci</span> <span class='ocrx_word' id='word_1_255' title='bbox 376 1978 490 2024; x_wconf 89' lang='lat' dir='ltr'>eius,</span> <span class='ocrx_word' id='word_1_256' title='bbox 532 1977 642 2016; x_wconf 92' lang='lat' dir='ltr'>unde</span> <span class='ocrx_word' id='word_1_257' title='bbox 679 1976 886 2016; x_wconf 83' lang='lat' dir='ltr'>anhelitus</span> <span class='ocrx_word' id='word_1_258' title='bbox 930 1977 1000 2016; x_wconf 93' lang='lat' dir='ltr'>ille</span> <span class='ocrx_word' id='word_1_259' title='bbox 1044 1982 1176 2015; x_wconf 86' lang='lat' dir='ltr'>terrae</span> <span class='ocrx_word' id='word_1_260' title='bbox 1216 1974 1357 2022; x_wconf 82' lang='lat' dir='ltr'>fieret,</span> <span class='ocrx_word' id='word_1_261' title='bbox 1399 1989 1482 2028; x_wconf 89' lang='lat' dir='ltr'>quo</span> <span class='ocrx_word' id='word_1_262' title='bbox 1515 1976 1663 2029; x_wconf 76' lang='lat' dir='ltr'>Pythia</span> <span class='ocrx_word' id='word_1_263' title='bbox 1695 1982 1833 2016; x_wconf 87' lang='lat' dir='ltr'>mente</span> <span class='ocrx_word' id='word_1_264' title='bbox 1864 1977 2035 2016; x_wconf 85' lang='lat' dir='ltr'>incitata</span> 
     </span>
    </p>

    <p class='ocr_par' dir='ltr' id='par_1_13' title="bbox 205 2036 2035 2341">
     <span class='ocr_line' id='line_1_31' title="bbox 205 2036 2035 2091; baseline 0.001 -13"><span class='ocrx_word' id='word_1_265' title='bbox 205 2040 423 2081; x_wconf 87' lang='lat' dir='ltr'>3ooracula</span> <span class='ocrx_word' id='word_1_266' title='bbox 457 2041 611 2080; x_wconf 87' lang='lat' dir='ltr'>ederet.</span> <span class='ocrx_word' id='word_1_267' title='bbox 671 2036 730 2078; x_wconf 90' lang='lat' dir='ltr'>De</span> <span class='ocrx_word' id='word_1_268' title='bbox 768 2040 865 2078; x_wconf 92' lang='lat' dir='ltr'>vino</span> <span class='ocrx_word' id='word_1_269' title='bbox 902 2044 974 2078; x_wconf 88' lang='lat' dir='ltr'>aut</span> <span class='ocrx_word' id='word_1_270' title='bbox 1005 2038 1258 2078; x_wconf 82' lang='lat' dir='ltr'>salsamento</span> <span class='ocrx_word' id='word_1_271' title='bbox 1293 2043 1414 2090; x_wconf 88' lang='lat' dir='ltr'>putes</span> <span class='ocrx_word' id='word_1_272' title='bbox 1448 2038 1585 2091; x_wconf 89' lang='lat' dir='ltr'>loqui,</span> <span class='ocrx_word' id='word_1_273' title='bbox 1637 2052 1745 2091; x_wconf 88' lang='lat' dir='ltr'>quae</span> <span class='ocrx_word' id='word_1_274' title='bbox 1779 2045 2035 2079; x_wconf 87' lang='lat' dir='ltr'>evanescunt</span> 
     </span>
     <span class='ocr_line' id='line_1_32' title="bbox 256 2101 2032 2154; baseline 0 -13"><span class='ocrx_word' id='word_1_275' title='bbox 256 2107 472 2142; x_wconf 90' lang='lat' dir='ltr'>vetustate.</span> <span class='ocrx_word' id='word_1_276' title='bbox 534 2103 593 2141; x_wconf 87' lang='lat' dir='ltr'>De</span> <span class='ocrx_word' id='word_1_277' title='bbox 626 2102 664 2141; x_wconf 88' lang='lat' dir='ltr'>vi</span> <span class='ocrx_word' id='word_1_278' title='bbox 697 2102 779 2141; x_wconf 83' lang='lat' dir='ltr'>loci</span> <span class='ocrx_word' id='word_1_279' title='bbox 810 2102 970 2154; x_wconf 85' lang='lat' dir='ltr'>agitur,</span> <span class='ocrx_word' id='word_1_280' title='bbox 1015 2114 1154 2154; x_wconf 84' lang='lat' dir='ltr'>neque</span> <span class='ocrx_word' id='word_1_281' title='bbox 1196 2101 1328 2140; x_wconf 88' lang='lat' dir='ltr'>solum</span> <span class='ocrx_word' id='word_1_282' title='bbox 1372 2101 1551 2140; x_wconf 84' lang='lat' dir='ltr'>naturali</span> <span class='ocrx_word' id='word_1_283' title='bbox 1592 2101 1662 2140; x_wconf 91' lang='lat' dir='ltr'>sed</span> <span class='ocrx_word' id='word_1_284' title='bbox 1704 2102 1825 2141; x_wconf 86' lang='lat' dir='ltr'>etiam</span> <span class='ocrx_word' id='word_1_285' title='bbox 1867 2102 2032 2150; x_wconf 87' lang='lat' dir='ltr'>divina;</span> 
     </span>
     <span class='ocr_line' id='line_1_33' title="bbox 256 2164 2032 2219; baseline 0 -15"><span class='ocrx_word' id='word_1_286' title='bbox 256 2178 363 2219; x_wconf 88' lang='lat' dir='ltr'>quae</span> <span class='ocrx_word' id='word_1_287' title='bbox 395 2178 480 2218; x_wconf 90' lang='lat' dir='ltr'>quo</span> <span class='ocrx_word' id='word_1_288' title='bbox 512 2165 677 2204; x_wconf 85' lang='lat' dir='ltr'>tandem</span> <span class='ocrx_word' id='word_1_289' title='bbox 711 2164 836 2203; x_wconf 91' lang='lat' dir='ltr'>modo</span> <span class='ocrx_word' id='word_1_290' title='bbox 869 2165 1065 2203; x_wconf 75' lang='lat' dir='ltr'>evanuit?</span> <span class='ocrx_word' id='word_1_291' title='bbox 1097 2164 1335 2210; x_wconf 83' lang='lat' dir='ltr'>Vetustate,</span> <span class='ocrx_word' id='word_1_292' title='bbox 1368 2164 1548 2216; x_wconf 89' lang='lat' dir='ltr'>inquies.</span> <span class='ocrx_word' id='word_1_293' title='bbox 1597 2164 1714 2212; x_wconf 89' lang='lat' dir='ltr'>Quae</span> <span class='ocrx_word' id='word_1_294' title='bbox 1748 2170 1931 2204; x_wconf 85' lang='lat' dir='ltr'>vetustas</span> <span class='ocrx_word' id='word_1_295' title='bbox 1958 2170 2032 2212; x_wconf 88' lang='lat' dir='ltr'>est,</span> 
     </span>
     <span class='ocr_line' id='line_1_34' title="bbox 258 2224 2030 2280; baseline 0.001 -15"><span class='ocrx_word' id='word_1_296' title='bbox 258 2240 366 2280; x_wconf 90' lang='lat' dir='ltr'>quae</span> <span class='ocrx_word' id='word_1_297' title='bbox 406 2227 487 2266; x_wconf 90' lang='lat' dir='ltr'>vim</span> <span class='ocrx_word' id='word_1_298' title='bbox 527 2228 712 2267; x_wconf 85' lang='lat' dir='ltr'>divinam</span> <span class='ocrx_word' id='word_1_299' title='bbox 753 2224 958 2265; x_wconf 75' lang='lat' dir='ltr'>conficere</span> <span class='ocrx_word' id='word_1_300' title='bbox 991 2226 1153 2279; x_wconf 77' lang='lat' dir='ltr'>possit?</span> <span class='ocrx_word' id='word_1_301' title='bbox 1216 2226 1326 2273; x_wconf 87' lang='lat' dir='ltr'>Quid</span> <span class='ocrx_word' id='word_1_302' title='bbox 1371 2231 1453 2265; x_wconf 89' lang='lat' dir='ltr'>tam</span> <span class='ocrx_word' id='word_1_303' title='bbox 1498 2226 1684 2266; x_wconf 85' lang='lat' dir='ltr'>divinum</span> <span class='ocrx_word' id='word_1_304' title='bbox 1729 2232 1866 2266; x_wconf 85' lang='lat' dir='ltr'>autem</span> <span class='ocrx_word' id='word_1_305' title='bbox 1908 2240 2030 2279; x_wconf 84' lang='lat' dir='ltr'>quam</span> 
     </span>
     <span class='ocr_line' id='line_1_35' title="bbox 254 2289 2032 2341; baseline 0.001 -13"><span class='ocrx_word' id='word_1_306' title='bbox 254 2290 431 2328; x_wconf 80' lang='lat' dir='ltr'>adflatus</span> <span class='ocrx_word' id='word_1_307' title='bbox 464 2303 484 2328; x_wconf 91' lang='lat' dir='ltr'>e</span> <span class='ocrx_word' id='word_1_308' title='bbox 516 2294 623 2328; x_wconf 84' lang='lat' dir='ltr'>terra</span> <span class='ocrx_word' id='word_1_309' title='bbox 655 2295 837 2329; x_wconf 89' lang='lat' dir='ltr'>mentem</span> <span class='ocrx_word' id='word_1_310' title='bbox 868 2290 923 2328; x_wconf 89' lang='lat' dir='ltr'>ita</span> <span class='ocrx_word' id='word_1_311' title='bbox 956 2302 1149 2333; x_wconf 87' lang='lat' dir='ltr'>movens,</span> <span class='ocrx_word' id='word_1_312' title='bbox 1182 2293 1227 2327; x_wconf 89' lang='lat' dir='ltr'>ut</span> <span class='ocrx_word' id='word_1_313' title='bbox 1258 2301 1347 2327; x_wconf 88' lang='lat' dir='ltr'>eam</span> <span class='ocrx_word' id='word_1_314' title='bbox 1382 2289 1598 2341; x_wconf 86' lang='lat' dir='ltr'>providam</span> <span class='ocrx_word' id='word_1_315' title='bbox 1631 2303 1768 2329; x_wconf 89' lang='lat' dir='ltr'>rerum</span> <span class='ocrx_word' id='word_1_316' title='bbox 1800 2289 2032 2329; x_wconf 82' lang='lat' dir='ltr'>futurarum</span> 
     </span>
    </p>

    <p class='ocr_par' dir='ltr' id='par_1_14' title="bbox 205 2349 2032 2530">
     <span class='ocr_line' id='line_1_36' title="bbox 205 2349 2032 2404; baseline -0.001 -13"><span class='ocrx_word' id='word_1_317' title='bbox 205 2362 241 2391; x_wconf 87' lang='lat'>35</span> <span class='ocrx_word' id='word_1_318' title='bbox 256 2350 421 2399; x_wconf 85' lang='lat' dir='ltr'>efficiat,</span> <span class='ocrx_word' id='word_1_319' title='bbox 454 2358 498 2392; x_wconf 93' lang='lat' dir='ltr'>ut</span> <span class='ocrx_word' id='word_1_320' title='bbox 530 2365 577 2391; x_wconf 85' lang='lat' dir='ltr'>ea</span> <span class='ocrx_word' id='word_1_321' title='bbox 610 2365 693 2391; x_wconf 88' lang='lat' dir='ltr'>non</span> <span class='ocrx_word' id='word_1_322' title='bbox 727 2351 851 2391; x_wconf 91' lang='lat' dir='ltr'>modo</span> <span class='ocrx_word' id='word_1_323' title='bbox 885 2356 1026 2390; x_wconf 85' lang='lat' dir='ltr'>cernat</span> <span class='ocrx_word' id='word_1_324' title='bbox 1057 2351 1187 2390; x_wconf 84' lang='lat' dir='ltr'>multo</span> <span class='ocrx_word' id='word_1_325' title='bbox 1220 2356 1328 2397; x_wconf 89' lang='lat' dir='ltr'>ante,</span> <span class='ocrx_word' id='word_1_326' title='bbox 1363 2349 1435 2390; x_wconf 91' lang='lat' dir='ltr'>sed</span> <span class='ocrx_word' id='word_1_327' title='bbox 1468 2352 1591 2390; x_wconf 83' lang='lat' dir='ltr'>etiam</span> <span class='ocrx_word' id='word_1_328' title='bbox 1626 2364 1799 2390; x_wconf 87' lang='lat' dir='ltr'>nurnero</span> <span class='ocrx_word' id='word_1_329' title='bbox 1822 2364 2032 2404; x_wconf 89' lang='lat' dir='ltr'>versuque</span> 
     </span>
     <span class='ocr_line' id='line_1_37' title="bbox 255 2412 2032 2468; baseline 0.001 -15"><span class='ocrx_word' id='word_1_330' title='bbox 255 2415 526 2468; x_wconf 66' lang='lat' dir='ltr'>pronuntiet?</span> <span class='ocrx_word' id='word_1_331' title='bbox 560 2414 739 2463; x_wconf 85' lang='lat' dir='ltr'>Quando</span> <span class='ocrx_word' id='word_1_332' title='bbox 772 2415 848 2453; x_wconf 87' lang='lat' dir='ltr'>ista</span> <span class='ocrx_word' id='word_1_333' title='bbox 880 2416 942 2453; x_wconf 75' lang='lat' dir='ltr'>vis</span> <span class='ocrx_word' id='word_1_334' title='bbox 965 2420 1102 2453; x_wconf 84' lang='lat' dir='ltr'>autem</span> <span class='ocrx_word' id='word_1_335' title='bbox 1127 2413 1326 2452; x_wconf 73' lang='lat' dir='ltr'>evanuit?</span> <span class='ocrx_word' id='word_1_336' title='bbox 1358 2426 1410 2452; x_wconf 90' lang='lat' dir='ltr'>an</span> <span class='ocrx_word' id='word_1_337' title='bbox 1435 2420 1656 2467; x_wconf 85' lang='lat' dir='ltr'>postquam</span> <span class='ocrx_word' id='word_1_338' title='bbox 1682 2412 1872 2454; x_wconf 87' lang='lat' dir='ltr'>homines</span> <span class='ocrx_word' id='word_1_339' title='bbox 1896 2415 2032 2455; x_wconf 90' lang='lat' dir='ltr'>minus</span> 
     </span>
     <span class='ocr_line' id='line_1_38' title="bbox 256 2473 2032 2530; baseline 0.001 -14"><span class='ocrx_word' id='word_1_340' title='bbox 256 2475 416 2516; x_wconf 88' lang='lat' dir='ltr'>creduli</span> <span class='ocrx_word' id='word_1_341' title='bbox 455 2491 546 2516; x_wconf 89' lang='lat' dir='ltr'>esse</span> <span class='ocrx_word' id='word_1_342' title='bbox 586 2479 846 2529; x_wconf 73' lang='lat' dir='ltr'>coeperunt?</span> <span class='ocrx_word' id='word_1_343' title='bbox 907 2473 1001 2516; x_wconf 71' lang='lat'>418.</span> <span class='ocrx_word' id='word_1_344' title='bbox 1043 2476 1346 2515; x_wconf 85' lang='lat' dir='ltr'>Demosthenes</span> <span class='ocrx_word' id='word_1_345' title='bbox 1379 2475 1572 2529; x_wconf 88' lang='lat' dir='ltr'>quidem,</span> <span class='ocrx_word' id='word_1_346' title='bbox 1614 2477 1685 2530; x_wconf 91' lang='lat' dir='ltr'>qui</span> <span class='ocrx_word' id='word_1_347' title='bbox 1717 2476 1869 2516; x_wconf 85' lang='lat' dir='ltr'>abhinc</span> <span class='ocrx_word' id='word_1_348' title='bbox 1901 2490 2032 2517; x_wconf 90' lang='lat' dir='ltr'>annos</span> 
     </span>
    </p>
   </div>
   <div class='ocr_carea' id='block_1_3' title="bbox 255 2653 2032 3141">
    <p class='ocr_par' dir='ltr' id='par_1_15' title="bbox 255 2653 2032 3141">
     <span class='ocr_line' id='line_1_39' title="bbox 342 2653 2032 2694; baseline 0 -8"><span class='ocrx_word' id='word_1_349' title='bbox 342 2656 373 2686; x_wconf 66' lang='lat'>2.</span> <span class='ocrx_word' id='word_1_350' title='bbox 401 2664 418 2686; x_wconf 91' lang='grc' dir='ltr'>ο</span> <span class='ocrx_word' id='word_1_351' title='bbox 442 2659 553 2686; x_wconf 78' lang='lat' dir='ltr'>sancte</span> <span class='ocrx_word' id='word_1_352' title='bbox 579 2655 625 2692; x_wconf 84' lang='lat' dir='ltr'>C,</span> <span class='ocrx_word' id='word_1_353' title='bbox 665 2655 689 2685; x_wconf 91' lang='grc'><strong>0</strong></span> <span class='ocrx_word' id='word_1_354' title='bbox 714 2654 855 2685; x_wconf 85' lang='lat' dir='ltr'>retinuit</span> <span class='ocrx_word' id='word_1_355' title='bbox 881 2654 906 2684; x_wconf 93' lang='lat' dir='ltr'>O</span> <span class='ocrx_word' id='word_1_356' title='bbox 933 2656 1029 2685; x_wconf 81' lang='lat' dir='ltr'>extra</span> <span class='ocrx_word' id='word_1_357' title='bbox 1055 2662 1198 2684; x_wconf 72' lang='lat' dir='ltr'>versum</span> <span class='ocrx_word' id='word_1_358' title='bbox 1224 2662 1360 2694; x_wconf 87' lang='lat' dir='ltr'>ponens</span> <span class='ocrx_word' id='word_1_359' title='bbox 1403 2671 1438 2675; x_wconf 85' lang='lat'>—</span> <span class='ocrx_word' id='word_1_360' title='bbox 1480 2654 1509 2684; x_wconf 86' lang='lat'>3.</span> <span class='ocrx_word' id='word_1_361' title='bbox 1538 2653 1661 2684; x_wconf 70' lang='lat' dir='ltr'>obsides</span> <span class='ocrx_word' id='word_1_362' title='bbox 1685 2654 1732 2685; x_wconf 87' lang='lat' dir='ltr'>C:</span> <span class='ocrx_word' id='word_1_363' title='bbox 1776 2653 1898 2685; x_wconf 71' lang='lat' dir='ltr'>obtines</span> <span class='ocrx_word' id='word_1_364' title='bbox 1921 2655 2032 2687; x_wconf 87' lang='lat' dir='ltr'>Varro</span> 
     </span>
     <span class='ocr_line' id='line_1_40' title="bbox 255 2702 2032 2744; baseline -0.001 -7"><span class='ocrx_word' id='word_1_365' title='bbox 255 2705 299 2737; x_wconf 88' lang='lat' dir='ltr'>de</span> <span class='ocrx_word' id='word_1_366' title='bbox 325 2703 405 2744; x_wconf 79' lang='lat' dir='ltr'>ling.</span> <span class='ocrx_word' id='word_1_367' title='bbox 433 2704 489 2736; x_wconf 86' lang='lat' dir='ltr'>lat.</span> <span class='ocrx_word' id='word_1_368' title='bbox 518 2705 573 2734; x_wconf 77' lang='lat' dir='ltr'>Vll</span> <span class='ocrx_word' id='word_1_369' title='bbox 599 2705 618 2744; x_wconf 51' lang='grc' dir='ltr'><em>ὃ</em></span> <span class='ocrx_word' id='word_1_370' title='bbox 640 2704 677 2734; x_wconf 76' lang='grc'>47</span> <span class='ocrx_word' id='word_1_371' title='bbox 714 2721 745 2725; x_wconf 80' lang='lat'>-</span> <span class='ocrx_word' id='word_1_372' title='bbox 784 2703 814 2735; x_wconf 75' lang='lat'>4.</span> <span class='ocrx_word' id='word_1_373' title='bbox 845 2704 932 2734; x_wconf 78' lang='lat' dir='ltr'>Unde</span> <span class='ocrx_word' id='word_1_374' title='bbox 955 2704 1033 2734; x_wconf 78' lang='lat' dir='ltr'>haec</span> <span class='ocrx_word' id='word_1_375' title='bbox 1060 2702 1267 2739; x_wconf 70' lang='lat' dir='ltr'>Lambinus,</span> <span class='ocrx_word' id='word_1_376' title='bbox 1297 2705 1333 2734; x_wconf 89' lang='lat' dir='ltr'>ut</span> <span class='ocrx_word' id='word_1_377' title='bbox 1358 2711 1481 2734; x_wconf 80' lang='lat' dir='ltr'>versus</span> <span class='ocrx_word' id='word_1_378' title='bbox 1507 2703 1680 2735; x_wconf 73' lang='lat' dir='ltr'>iambicus</span> <span class='ocrx_word' id='word_1_379' title='bbox 1705 2705 1905 2736; x_wconf 78' lang='lat' dir='ltr'>octonarius</span> <span class='ocrx_word' id='word_1_380' title='bbox 1930 2704 2032 2736; x_wconf 85' lang='lat' dir='ltr'>fieret</span> 
     </span>
     <span class='ocr_line' id='line_1_41' title="bbox 257 2753 2032 2794; baseline 0.001 -10"><span class='ocrx_word' id='word_1_381' title='bbox 257 2772 291 2777; x_wconf 98' lang='lat'>—</span> <span class='ocrx_word' id='word_1_382' title='bbox 317 2755 389 2794; x_wconf 79' lang='lat' dir='ltr'>fera</span> <span class='ocrx_word' id='word_1_383' title='bbox 415 2755 459 2785; x_wconf 88' lang='lat' dir='ltr'>C:</span> <span class='ocrx_word' id='word_1_384' title='bbox 490 2754 583 2793; x_wconf 77' lang='lat' dir='ltr'>foras</span> <span class='ocrx_word' id='word_1_385' title='bbox 608 2756 777 2785; x_wconf 88' lang='lat' dir='ltr'>Gruterus</span> <span class='ocrx_word' id='word_1_386' title='bbox 811 2770 845 2774; x_wconf 88' lang='lat'>—</span> <span class='ocrx_word' id='word_1_387' title='bbox 881 2754 912 2784; x_wconf 99' lang='lat'>5</span> <span class='ocrx_word' id='word_1_388' title='bbox 939 2753 1060 2784; x_wconf 77' lang='lat' dir='ltr'>oraclis</span> <span class='ocrx_word' id='word_1_389' title='bbox 1084 2754 1107 2783; x_wconf 90' lang='lat' dir='ltr'>B</span> <span class='ocrx_word' id='word_1_390' title='bbox 1142 2770 1175 2774; x_wconf 91' lang='lat'>—</span> <span class='ocrx_word' id='word_1_391' title='bbox 1211 2753 1240 2784; x_wconf 79' lang='lat'>6.</span> <span class='ocrx_word' id='word_1_392' title='bbox 1269 2754 1356 2783; x_wconf 81' lang='lat' dir='ltr'>omni</span> <span class='ocrx_word' id='word_1_393' title='bbox 1381 2753 1595 2784; x_wconf 70' lang='lat' dir='ltr'>oraculorum</span> <span class='ocrx_word' id='word_1_394' title='bbox 1619 2756 1749 2785; x_wconf 80' lang='lat' dir='ltr'>ratione</span> <span class='ocrx_word' id='word_1_395' title='bbox 1774 2753 1922 2785; x_wconf 87' lang='lat' dir='ltr'>Orellius</span> <span class='ocrx_word' id='word_1_396' title='bbox 1946 2763 2032 2785; x_wconf 82' lang='lat' dir='ltr'>con-</span> 
     </span>
     <span class='ocr_line' id='line_1_42' title="bbox 256 2801 2028 2841; baseline 0.001 -6"><span class='ocrx_word' id='word_1_397' title='bbox 256 2804 352 2841; x_wconf 85' lang='lat' dir='ltr'>iecit,</span> <span class='ocrx_word' id='word_1_398' title='bbox 385 2805 474 2834; x_wconf 79' lang='lat' dir='ltr'>omni</span> <span class='ocrx_word' id='word_1_399' title='bbox 497 2804 698 2834; x_wconf 71' lang='lat' dir='ltr'>divinatione</span> <span class='ocrx_word' id='word_1_400' title='bbox 728 2801 926 2834; x_wconf 85' lang='lat' dir='ltr'>Frenzelius</span> <span class='ocrx_word' id='word_1_401' title='bbox 958 2820 993 2824; x_wconf 97' lang='lat'><strong>—</strong></span> <span class='ocrx_word' id='word_1_402' title='bbox 1032 2804 1062 2834; x_wconf 85' lang='grc'>8.</span> <span class='ocrx_word' id='word_1_403' title='bbox 1088 2804 1262 2836; x_wconf 76' lang='lat' dir='ltr'>referenda</span> <span class='ocrx_word' id='word_1_404' title='bbox 1285 2805 1327 2834; x_wconf 75' lang='lat' dir='ltr'>sit</span> <span class='ocrx_word' id='word_1_405' title='bbox 1350 2804 1394 2834; x_wconf 81' lang='lat' dir='ltr'>ad</span> <span class='ocrx_word' id='word_1_406' title='bbox 1416 2807 1518 2834; x_wconf 78' lang='lat' dir='ltr'>sortes</span> <span class='ocrx_word' id='word_1_407' title='bbox 1548 2804 1651 2835; x_wconf 85' lang='lat' dir='ltr'>codd.</span> <span class='ocrx_word' id='word_1_408' title='bbox 1679 2804 1763 2835; x_wconf 84' lang='lat' dir='ltr'>dett.</span> <span class='ocrx_word' id='word_1_409' title='bbox 1792 2805 1918 2836; x_wconf 85' lang='lat' dir='ltr'>Moseri</span> <span class='ocrx_word' id='word_1_410' title='bbox 1941 2805 1966 2836; x_wconf 95' lang='lat' dir='ltr'>O</span> <span class='ocrx_word' id='word_1_411' title='bbox 1993 2821 2028 2826; x_wconf 89' lang='lat'>—-</span> 
     </span>
     <span class='ocr_line' id='line_1_43' title="bbox 255 2852 2032 2894; baseline 0.001 -10"><span class='ocrx_word' id='word_1_412' title='bbox 255 2854 429 2894; x_wconf 75' lang='lat' dir='ltr'>deferenda</span> <span class='ocrx_word' id='word_1_413' title='bbox 454 2862 495 2884; x_wconf 87' lang='lat' dir='ltr'>ex</span> <span class='ocrx_word' id='word_1_414' title='bbox 521 2853 623 2884; x_wconf 69' lang='lat' dir='ltr'>codd,</span> <span class='ocrx_word' id='word_1_415' title='bbox 651 2852 864 2893; x_wconf 85' lang='lat' dir='ltr'>interpolatis</span> <span class='ocrx_word' id='word_1_416' title='bbox 891 2853 1071 2884; x_wconf 80' lang='lat' dir='ltr'>Davisius:</span> <span class='ocrx_word' id='word_1_417' title='bbox 1099 2854 1293 2892; x_wconf 77' lang='lat' dir='ltr'>deferendae</span> <span class='ocrx_word' id='word_1_418' title='bbox 1319 2855 1342 2884; x_wconf 76' lang='lat'>(2</span> <span class='ocrx_word' id='word_1_419' title='bbox 1377 2871 1411 2875; x_wconf 90' lang='lat'>—</span> <span class='ocrx_word' id='word_1_420' title='bbox 1450 2853 1480 2884; x_wconf 86' lang='lat'>9.</span> <span class='ocrx_word' id='word_1_421' title='bbox 1507 2858 1587 2884; x_wconf 71' lang='lat' dir='ltr'>esset</span> <span class='ocrx_word' id='word_1_422' title='bbox 1614 2854 1746 2885; x_wconf 82' lang='lat' dir='ltr'>Ernesti</span> <span class='ocrx_word' id='word_1_423' title='bbox 1782 2872 1813 2876; x_wconf 76' lang='lat'>—</span> <span class='ocrx_word' id='word_1_424' title='bbox 1854 2855 1904 2886; x_wconf 75' lang='lat'>40.</span> <span class='ocrx_word' id='word_1_425' title='bbox 1931 2854 2032 2894; x_wconf 76' lang='lat' dir='ltr'>halyn</span> 
     </span>
     <span class='ocr_line' id='line_1_44' title="bbox 256 2900 2028 2942; baseline 0.001 -9"><span class='ocrx_word' id='word_1_426' title='bbox 256 2905 300 2935; x_wconf 82' lang='lat' dir='ltr'>A:</span> <span class='ocrx_word' id='word_1_427' title='bbox 332 2903 434 2940; x_wconf 71' lang='lat' dir='ltr'>Valyn</span> <span class='ocrx_word' id='word_1_428' title='bbox 458 2903 495 2939; x_wconf 85' lang='grc' dir='ltr'>Β,</span> <span class='ocrx_word' id='word_1_429' title='bbox 520 2903 641 2942; x_wconf 72' lang='lat' dir='ltr'>Halym</span> <span class='ocrx_word' id='word_1_430' title='bbox 666 2903 720 2933; x_wconf 90' lang='lat' dir='ltr'>VO</span> <span class='ocrx_word' id='word_1_431' title='bbox 748 2920 782 2924; x_wconf 81' lang='lat'>—</span> <span class='ocrx_word' id='word_1_432' title='bbox 809 2904 1006 2941; x_wconf 73' lang='lat' dir='ltr'>poenetrans</span> <span class='ocrx_word' id='word_1_433' title='bbox 1023 2904 1047 2933; x_wconf 81' lang='grc' dir='ltr'>Α</span> <span class='ocrx_word' id='word_1_434' title='bbox 1079 2920 1110 2924; x_wconf 53' lang='grc'>»-</span> <span class='ocrx_word' id='word_1_435' title='bbox 1141 2904 1191 2933; x_wconf 69' lang='lat' dir='ltr'>ii.</span> <span class='ocrx_word' id='word_1_436' title='bbox 1218 2911 1250 2933; x_wconf 77' lang='lat' dir='ltr'>se</span> <span class='ocrx_word' id='word_1_437' title='bbox 1274 2905 1297 2934; x_wconf 86' lang='grc' dir='ltr'>Α</span> <span class='ocrx_word' id='word_1_438' title='bbox 1309 2904 1332 2933; x_wconf 73' lang='lat'>15</span> <span class='ocrx_word' id='word_1_439' title='bbox 1345 2900 1400 2933; x_wconf 75' lang='lat' dir='ltr'>V¹;</span> <span class='ocrx_word' id='word_1_440' title='bbox 1427 2911 1492 2934; x_wconf 73' lang='lat' dir='ltr'>sese</span> <span class='ocrx_word' id='word_1_441' title='bbox 1515 2903 1589 2933; x_wconf 56' lang='grc' dir='ltr'>ΨΟ</span> <span class='ocrx_word' id='word_1_442' title='bbox 1617 2921 1650 2925; x_wconf 94' lang='grc'>-</span> <span class='ocrx_word' id='word_1_443' title='bbox 1682 2904 1731 2934; x_wconf 76' lang='lat'>42.</span> <span class='ocrx_word' id='word_1_444' title='bbox 1753 2904 1908 2934; x_wconf 77' lang='lat' dir='ltr'>accidisse</span> <span class='ocrx_word' id='word_1_445' title='bbox 1933 2904 1971 2934; x_wconf 92' lang='lat' dir='ltr'><strong>V¹</strong></span> <span class='ocrx_word' id='word_1_446' title='bbox 1993 2921 2028 2926; x_wconf 89' lang='lat'>—</span> 
     </span>
     <span class='ocr_line' id='line_1_45' title="bbox 256 2952 2029 2993; baseline 0 -9"><span class='ocrx_word' id='word_1_447' title='bbox 256 2952 430 2984; x_wconf 76' lang='lat' dir='ltr'>oraculum</span> <span class='ocrx_word' id='word_1_448' title='bbox 454 2952 477 2981; x_wconf 89' lang='grc' dir='ltr'><strong>Ο</strong></span> <span class='ocrx_word' id='word_1_449' title='bbox 506 2968 540 2974; x_wconf 91' lang='grc'><strong>-</strong></span> <span class='ocrx_word' id='word_1_450' title='bbox 578 2953 629 2984; x_wconf 78' lang='grc'>43.</span> <span class='ocrx_word' id='word_1_451' title='bbox 656 2953 827 2984; x_wconf 56' lang='lat' dir='ltr'>oei-odorum</span> <span class='ocrx_word' id='word_1_452' title='bbox 851 2953 873 2982; x_wconf 87' lang='grc' dir='ltr'><em>Β</em></span> <span class='ocrx_word' id='word_1_453' title='bbox 902 2969 936 2973; x_wconf 93' lang='grc'>-</span> <span class='ocrx_word' id='word_1_454' title='bbox 971 2953 1022 2982; x_wconf 72' lang='grc'>15.</span> <span class='ocrx_word' id='word_1_455' title='bbox 1049 2952 1161 2982; x_wconf 69' lang='lat' dir='ltr'>orm-lo</span> <span class='ocrx_word' id='word_1_456' title='bbox 1186 2953 1208 2982; x_wconf 86' lang='lat' dir='ltr'>B</span> <span class='ocrx_word' id='word_1_457' title='bbox 1239 2970 1272 2973; x_wconf 68' lang='lat'>--</span> <span class='ocrx_word' id='word_1_458' title='bbox 1308 2953 1358 2983; x_wconf 66' lang='lat'>⁴9.</span> <span class='ocrx_word' id='word_1_459' title='bbox 1384 2956 1456 2992; x_wconf 74' lang='lat' dir='ltr'>post</span> <span class='ocrx_word' id='word_1_460' title='bbox 1481 2956 1584 2983; x_wconf 78' lang='lat' dir='ltr'>tremo</span> <span class='ocrx_word' id='word_1_461' title='bbox 1611 2955 1636 2983; x_wconf 91' lang='lat' dir='ltr'>A</span> <span class='ocrx_word' id='word_1_462' title='bbox 1665 2970 1699 2974; x_wconf 92' lang='lat'>—</span> <span class='ocrx_word' id='word_1_463' title='bbox 1733 2953 1786 2984; x_wconf 68' lang='lat'>22.</span> <span class='ocrx_word' id='word_1_464' title='bbox 1813 2953 1980 2993; x_wconf 76' lang='lat' dir='ltr'>amfibolia</span> <span class='ocrx_word' id='word_1_465' title='bbox 2003 2954 2029 2984; x_wconf 90' lang='lat' dir='ltr'>A</span> 
     </span>
     <span class='ocr_line' id='line_1_46' title="bbox 260 3001 2026 3043; baseline 0.001 -11"><span class='ocrx_word' id='word_1_466' title='bbox 260 3021 294 3025; x_wconf 92' lang='lat'><em>-</em></span> <span class='ocrx_word' id='word_1_467' title='bbox 321 3002 373 3033; x_wconf 61' lang='lat'>23.</span> <span class='ocrx_word' id='word_1_468' title='bbox 400 3011 556 3033; x_wconf 82' lang='lat' dir='ltr'>romanos</span> <span class='ocrx_word' id='word_1_469' title='bbox 579 3004 627 3041; x_wconf 82' lang='lat' dir='ltr'>B,</span> <span class='ocrx_word' id='word_1_470' title='bbox 664 3003 727 3033; x_wconf 87' lang='lat' dir='ltr'>sed</span> <span class='ocrx_word' id='word_1_471' title='bbox 752 3012 769 3033; x_wconf 91' lang='grc' dir='ltr'>ο</span> <span class='ocrx_word' id='word_1_472' title='bbox 795 3002 968 3043; x_wconf 84' lang='lat' dir='ltr'>posterius</span> <span class='ocrx_word' id='word_1_473' title='bbox 994 3010 1035 3032; x_wconf 84' lang='lat' dir='ltr'>ex</span> <span class='ocrx_word' id='word_1_474' title='bbox 1061 3011 1082 3031; x_wconf 86' lang='lat' dir='ltr'><em>a</em></span> <span class='ocrx_word' id='word_1_475' title='bbox 1106 3001 1161 3032; x_wconf 65' lang='lat' dir='ltr'>vel</span> <span class='ocrx_word' id='word_1_476' title='bbox 1189 3012 1207 3032; x_wconf 72' lang='grc' dir='ltr'><em>α</em></span> <span class='ocrx_word' id='word_1_477' title='bbox 1232 3011 1322 3033; x_wconf 75' lang='lat' dir='ltr'>corr.</span> <span class='ocrx_word' id='word_1_478' title='bbox 1365 3021 1398 3025; x_wconf 77' lang='lat'>-</span> <span class='ocrx_word' id='word_1_479' title='bbox 1444 3003 1494 3033; x_wconf 73' lang='lat'>26.</span> <span class='ocrx_word' id='word_1_480' title='bbox 1523 3012 1584 3041; x_wconf 79' lang='lat' dir='ltr'>quo</span> <span class='ocrx_word' id='word_1_481' title='bbox 1617 3004 1642 3033; x_wconf 88' lang='lat' dir='ltr'>A</span> <span class='ocrx_word' id='word_1_482' title='bbox 1682 3020 1715 3024; x_wconf 97' lang='lat'><strong>—</strong></span> <span class='ocrx_word' id='word_1_483' title='bbox 1759 3003 1899 3034; x_wconf 78' lang='lat' dir='ltr'>oracula</span> <span class='ocrx_word' id='word_1_484' title='bbox 1932 3003 1957 3034; x_wconf 92' lang='grc' dir='ltr'>Ο</span> <span class='ocrx_word' id='word_1_485' title='bbox 1992 3020 2026 3025; x_wconf 85' lang='grc'>-</span> 
     </span>
     <span class='ocr_line' id='line_1_47' title="bbox 256 3051 2027 3091; baseline 0 -8"><span class='ocrx_word' id='word_1_486' title='bbox 256 3052 388 3091; x_wconf 75' lang='lat' dir='ltr'>Delphis</span> <span class='ocrx_word' id='word_1_487' title='bbox 410 3052 551 3082; x_wconf 75' lang='lat' dir='ltr'>eduntur</span> <span class='ocrx_word' id='word_1_488' title='bbox 576 3053 797 3091; x_wconf 82' lang='lat' dir='ltr'>llottingerus</span> <span class='ocrx_word' id='word_1_489' title='bbox 836 3069 869 3074; x_wconf 98' lang='lat'>—</span> <span class='ocrx_word' id='word_1_490' title='bbox 911 3051 963 3082; x_wconf 69' lang='lat'>27.</span> <span class='ocrx_word' id='word_1_491' title='bbox 990 3051 1058 3081; x_wconf 79' lang='lat' dir='ltr'>iam</span> <span class='ocrx_word' id='word_1_492' title='bbox 1082 3052 1138 3081; x_wconf 70' lang='lat' dir='ltr'>diii</span> <span class='ocrx_word' id='word_1_493' title='bbox 1162 3052 1230 3082; x_wconf 74' lang='lat' dir='ltr'>ium</span> <span class='ocrx_word' id='word_1_494' title='bbox 1254 3056 1289 3082; x_wconf 66' lang='lat' dir='ltr'>ut</span> <span class='ocrx_word' id='word_1_495' title='bbox 1314 3052 1360 3082; x_wconf 87' lang='lat' dir='ltr'><strong>V:</strong></span> <span class='ocrx_word' id='word_1_496' title='bbox 1394 3054 1463 3083; x_wconf 80' lang='lat' dir='ltr'>iam</span> <span class='ocrx_word' id='word_1_497' title='bbox 1487 3053 1543 3083; x_wconf 75' lang='lat' dir='ltr'>diu</span> <span class='ocrx_word' id='word_1_498' title='bbox 1567 3056 1695 3084; x_wconf 69' lang='lat' dir='ltr'>lanium</span> <span class='ocrx_word' id='word_1_499' title='bbox 1718 3054 1814 3084; x_wconf 84' lang='lat' dir='ltr'>modo</span> <span class='ocrx_word' id='word_1_500' title='bbox 1838 3054 1907 3083; x_wconf 83' lang='lat' dir='ltr'>iam</span> <span class='ocrx_word' id='word_1_501' title='bbox 1929 3055 1966 3083; x_wconf 81' lang='lat' dir='ltr'>ut</span> <span class='ocrx_word' id='word_1_502' title='bbox 1989 3054 2027 3089; x_wconf 83' lang='grc' dir='ltr'>Α,</span> 
     </span>
     <span class='ocr_line' id='line_1_48' title="bbox 257 3098 2027 3141; baseline -0.001 -8"><span class='ocrx_word' id='word_1_503' title='bbox 257 3103 326 3133; x_wconf 76' lang='lat' dir='ltr'>iam</span> <span class='ocrx_word' id='word_1_504' title='bbox 349 3105 384 3131; x_wconf 71' lang='lat' dir='ltr'>ut</span> <span class='ocrx_word' id='word_1_505' title='bbox 410 3098 456 3139; x_wconf 65' lang='lat'>13¹,</span> <span class='ocrx_word' id='word_1_506' title='bbox 485 3102 550 3132; x_wconf 72' lang='lat' dir='ltr'>iam</span> <span class='ocrx_word' id='word_1_507' title='bbox 575 3103 629 3133; x_wconf 77' lang='lat' dir='ltr'>din</span> <span class='ocrx_word' id='word_1_508' title='bbox 653 3105 689 3132; x_wconf 72' lang='lat' dir='ltr'>uc</span> <span class='ocrx_word' id='word_1_509' title='bbox 711 3103 806 3133; x_wconf 82' lang='lat' dir='ltr'>modo</span> <span class='ocrx_word' id='word_1_510' title='bbox 831 3100 870 3132; x_wconf 71' lang='lat' dir='ltr'>B&#39;3</span> <span class='ocrx_word' id='word_1_511' title='bbox 905 3119 936 3123; x_wconf 93' lang='lat'>—</span> <span class='ocrx_word' id='word_1_512' title='bbox 976 3100 1028 3131; x_wconf 65' lang='lat'>28.</span> <span class='ocrx_word' id='word_1_513' title='bbox 1054 3105 1240 3140; x_wconf 61' lang='lat' dir='ltr'>urguemur</span> <span class='ocrx_word' id='word_1_514' title='bbox 1264 3099 1302 3132; x_wconf 75' lang='grc' dir='ltr'>Α1</span> <span class='ocrx_word' id='word_1_515' title='bbox 1337 3120 1370 3124; x_wconf 85' lang='grc'><strong>-</strong></span> <span class='ocrx_word' id='word_1_516' title='bbox 1408 3103 1461 3133; x_wconf 61' lang='grc' dir='ltr'>Ἦ,</span> <span class='ocrx_word' id='word_1_517' title='bbox 1489 3103 1575 3141; x_wconf 77' lang='lat' dir='ltr'>quod</span> <span class='ocrx_word' id='word_1_518' title='bbox 1598 3103 1666 3133; x_wconf 83' lang='grc' dir='ltr'>ΑΒι</span> <span class='ocrx_word' id='word_1_519' title='bbox 1692 3120 1725 3124; x_wconf 92' lang='grc'><strong>-</strong></span> <span class='ocrx_word' id='word_1_520' title='bbox 1760 3103 1813 3134; x_wconf 39' lang='grc'><strong>301</strong></span> <span class='ocrx_word' id='word_1_521' title='bbox 1840 3102 1977 3133; x_wconf 78' lang='lat' dir='ltr'>oracula</span> <span class='ocrx_word' id='word_1_522' title='bbox 2001 3102 2027 3133; x_wconf 90' lang='lat' dir='ltr'>O</span> 
     </span>
    </p>
   </div>
   <div class='ocr_carea' id='block_1_4' title="bbox 261 3149 2029 3284">
    <p class='ocr_par' dir='ltr' id='par_1_16' title="bbox 261 3149 2029 3284">
     <span class='ocr_line' id='line_1_49' title="bbox 261 3149 2029 3190; baseline 0 -10"><span class='ocrx_word' id='word_1_523' title='bbox 261 3168 295 3173; x_wconf 88' lang='lat'><em>-</em></span> <span class='ocrx_word' id='word_1_524' title='bbox 324 3152 361 3182; x_wconf 83' lang='lat' dir='ltr'>de</span> <span class='ocrx_word' id='word_1_525' title='bbox 384 3151 464 3181; x_wconf 80' lang='lat' dir='ltr'>uino</span> <span class='ocrx_word' id='word_1_526' title='bbox 489 3150 529 3182; x_wconf 75' lang='lat' dir='ltr'>A‘·&#39;</span> <span class='ocrx_word' id='word_1_527' title='bbox 544 3152 586 3181; x_wconf 88' lang='lat' dir='ltr'>V:</span> <span class='ocrx_word' id='word_1_528' title='bbox 614 3153 726 3182; x_wconf 76' lang='lat' dir='ltr'>diuino</span> <span class='ocrx_word' id='word_1_529' title='bbox 752 3149 823 3182; x_wconf 76' lang='lat' dir='ltr'>A¹ss</span> <span class='ocrx_word' id='word_1_530' title='bbox 853 3168 887 3173; x_wconf 84' lang='lat'>—-</span> <span class='ocrx_word' id='word_1_531' title='bbox 915 3150 967 3181; x_wconf 74' lang='lat'>34.</span> <span class='ocrx_word' id='word_1_532' title='bbox 986 3151 1157 3181; x_wconf 75' lang='lat' dir='ltr'>naturales</span> <span class='ocrx_word' id='word_1_533' title='bbox 1174 3152 1208 3181; x_wconf 80' lang='lat' dir='ltr'>ssl</span> <span class='ocrx_word' id='word_1_534' title='bbox 1230 3169 1263 3173; x_wconf 92' lang='lat'>—</span> <span class='ocrx_word' id='word_1_535' title='bbox 1292 3151 1331 3183; x_wconf 75' lang='lat'>‚¹33</span> <span class='ocrx_word' id='word_1_536' title='bbox 1363 3153 1433 3190; x_wconf 66' lang='lat' dir='ltr'>quit</span> <span class='ocrx_word' id='word_1_537' title='bbox 1457 3157 1525 3183; x_wconf 71' lang='lat' dir='ltr'>tam</span> <span class='ocrx_word' id='word_1_538' title='bbox 1548 3153 1698 3183; x_wconf 72' lang='lat' dir='ltr'>diuinam</span> <span class='ocrx_word' id='word_1_539' title='bbox 1714 3149 1806 3182; x_wconf 80' lang='lat' dir='ltr'><strong>V1—</strong></span> <span class='ocrx_word' id='word_1_540' title='bbox 1835 3152 1886 3184; x_wconf 72' lang='lat'>34,</span> <span class='ocrx_word' id='word_1_541' title='bbox 1907 3161 1923 3183; x_wconf 87' lang='lat' dir='ltr'>e</span> <span class='ocrx_word' id='word_1_542' title='bbox 1939 3155 2029 3183; x_wconf 80' lang='lat' dir='ltr'>terra</span> 
     </span>
     <span class='ocr_line' id='line_1_50' title="bbox 261 3200 2024 3241; baseline 0 -8"><span class='ocrx_word' id='word_1_543' title='bbox 261 3201 285 3233; x_wconf 94' lang='lat' dir='ltr'>C</span> <span class='ocrx_word' id='word_1_544' title='bbox 313 3200 387 3240; x_wconf 86' lang='lat' dir='ltr'>(sed</span> <span class='ocrx_word' id='word_1_545' title='bbox 412 3209 433 3230; x_wconf 87' lang='lat' dir='ltr'><strong><em>a</em></strong></span> <span class='ocrx_word' id='word_1_546' title='bbox 457 3200 489 3231; x_wconf 88' lang='lat' dir='ltr'>in</span> <span class='ocrx_word' id='word_1_547' title='bbox 514 3209 582 3232; x_wconf 67' lang='lat' dir='ltr'>riis.</span> <span class='ocrx_word' id='word_1_548' title='bbox 604 3201 709 3232; x_wconf 84' lang='lat' dir='ltr'>habet</span> <span class='ocrx_word' id='word_1_549' title='bbox 727 3201 778 3240; x_wconf 86' lang='lat' dir='ltr'>B):</span> <span class='ocrx_word' id='word_1_550' title='bbox 806 3210 848 3232; x_wconf 38' lang='lat' dir='ltr'>etc</span> <span class='ocrx_word' id='word_1_551' title='bbox 872 3203 964 3231; x_wconf 81' lang='lat' dir='ltr'>terra</span> <span class='ocrx_word' id='word_1_552' title='bbox 988 3200 1122 3231; x_wconf 83' lang='lat' dir='ltr'>Marsus</span> <span class='ocrx_word' id='word_1_553' title='bbox 1144 3200 1168 3231; x_wconf 87' lang='lat' dir='ltr'>O</span> <span class='ocrx_word' id='word_1_554' title='bbox 1193 3218 1226 3222; x_wconf 88' lang='lat'><strong>—</strong></span> <span class='ocrx_word' id='word_1_555' title='bbox 1256 3201 1307 3232; x_wconf 85' lang='lat'>36.</span> <span class='ocrx_word' id='word_1_556' title='bbox 1329 3203 1460 3241; x_wconf 78' lang='lat' dir='ltr'>quando</span> <span class='ocrx_word' id='word_1_557' title='bbox 1484 3205 1593 3233; x_wconf 76' lang='lat' dir='ltr'>aulem.</span> <span class='ocrx_word' id='word_1_558' title='bbox 1616 3202 1682 3233; x_wconf 71' lang='lat' dir='ltr'>isla</span> <span class='ocrx_word' id='word_1_559' title='bbox 1704 3202 1756 3233; x_wconf 80' lang='lat' dir='ltr'>uis</span> <span class='ocrx_word' id='word_1_560' title='bbox 1780 3203 1913 3233; x_wconf 81' lang='lat' dir='ltr'>Marsus</span> <span class='ocrx_word' id='word_1_561' title='bbox 1938 3201 1962 3232; x_wconf 95' lang='grc' dir='ltr'>Ο</span> <span class='ocrx_word' id='word_1_562' title='bbox 1990 3217 2024 3223; x_wconf 91' lang='lat'>--</span> 
     </span>
     <span class='ocr_line' id='line_1_51' title="bbox 262 3249 555 3284; baseline -0.007 0"><span class='ocrx_word' id='word_1_563' title='bbox 262 3251 315 3284; x_wconf 86' lang='lat'>37.</span> <span class='ocrx_word' id='word_1_564' title='bbox 341 3251 482 3283; x_wconf 82' lang='lat' dir='ltr'>credulis</span> <span class='ocrx_word' id='word_1_565' title='bbox 504 3249 555 3283; x_wconf 74' lang='lat' dir='ltr'>A‘.</span> 
     </span>
    </p>
   </div>
  </div>
 </body>
</html>
