<?xml version="1.0" encoding="UTF-8"?>
<!DOCTYPE html PUBLIC "-//W3C//DTD XHTML 1.0 Transitional//EN"
    "http://www.w3.org/TR/xhtml1/DTD/xhtml1-transitional.dtd">
<html xmlns="http://www.w3.org/1999/xhtml" xml:lang="en" lang="en">
 <head>
  <title>
</title>
<meta http-equiv="Content-Type" content="text/html;charset=utf-8" />
  <meta name='ocr-system' content='tesseract 3.04.00' />
  <meta name='ocr-capabilities' content='ocr_page ocr_carea ocr_par ocr_line ocrx_word'/>
</head>
<body>
  <div class='ocr_page' id='page_1' title='image "./operaquaesupersu04ciceuoft_0465.png"; bbox 0 0 2249 3624; ppageno 0'>
   <div class='ocr_carea' id='block_1_1' title="bbox 535 98 1889 159">
    <p class='ocr_par' dir='ltr' id='par_1_1' title="bbox 535 98 1889 159">
     <span class='ocr_line' id='line_1_1' title="bbox 535 98 1889 159; baseline -0.004 -13"><span class='ocrx_word' id='word_1_1' title='bbox 535 106 623 147; x_wconf 77' lang='lat' dir='ltr'>Lm.</span> <span class='ocrx_word' id='word_1_2' title='bbox 655 105 706 146; x_wconf 88' lang='lat'>11.</span> <span class='ocrx_word' id='word_1_3' title='bbox 747 104 845 147; x_wconf 61' lang='lat' dir='ltr'>cm».</span> <span class='ocrx_word' id='word_1_4' title='bbox 875 105 1154 147; x_wconf 78' lang='lat' dir='ltr'>xv—xvil.</span> <span class='ocrx_word' id='word_1_5' title='bbox 1193 102 1253 159; x_wconf 64' lang='lat'>§5</span> <span class='ocrx_word' id='word_1_6' title='bbox 1284 102 1478 145; x_wconf 77' lang='lat'><strong>38—45.</strong></span> <span class='ocrx_word' id='word_1_7' title='bbox 1808 98 1889 142; x_wconf 72' lang='lat'>413</span> 
     </span>
    </p>
   </div>
   <div class='ocr_carea' id='block_1_2' title="bbox 117 211 1945 2590">
    <p class='ocr_par' dir='ltr' id='par_1_2' title="bbox 117 211 1945 2262">
     <span class='ocr_line' id='line_1_2' title="bbox 123 211 1889 268; baseline -0.003 -10"><span class='ocrx_word' id='word_1_8' title='bbox 123 215 189 258; x_wconf 71' lang='lat'>4⁶2.</span> <span class='ocrx_word' id='word_1_9' title='bbox 222 215 323 256; x_wconf 90' lang='lat' dir='ltr'>Cum</span> <span class='ocrx_word' id='word_1_10' title='bbox 355 213 481 268; x_wconf 85' lang='lat' dir='ltr'>igitur</span> <span class='ocrx_word' id='word_1_11' title='bbox 510 212 685 254; x_wconf 89' lang='lat' dir='ltr'>aliorum</span> <span class='ocrx_word' id='word_1_12' title='bbox 718 213 993 254; x_wconf 88' lang='lat' dir='ltr'>animantium</span> <span class='ocrx_word' id='word_1_13' title='bbox 1026 218 1142 254; x_wconf 89' lang='lat' dir='ltr'>ortus</span> <span class='ocrx_word' id='word_1_14' title='bbox 1174 212 1215 253; x_wconf 90' lang='lat' dir='ltr'>in</span> <span class='ocrx_word' id='word_1_15' title='bbox 1250 217 1358 253; x_wconf 86' lang='lat' dir='ltr'>terra</span> <span class='ocrx_word' id='word_1_16' title='bbox 1389 214 1462 261; x_wconf 87' lang='lat' dir='ltr'>sit,</span> <span class='ocrx_word' id='word_1_17' title='bbox 1494 211 1668 252; x_wconf 90' lang='lat' dir='ltr'>aliorum</span> <span class='ocrx_word' id='word_1_18' title='bbox 1701 211 1743 252; x_wconf 91' lang='lat' dir='ltr'>in</span> <span class='ocrx_word' id='word_1_19' title='bbox 1769 224 1889 266; x_wconf 88' lang='lat' dir='ltr'>aqua,</span> 
     </span>
     <span class='ocr_line' id='line_1_3' title="bbox 122 276 1892 330; baseline -0.002 -9"><span class='ocrx_word' id='word_1_20' title='bbox 122 282 166 321; x_wconf 89' lang='lat' dir='ltr'>in</span> <span class='ocrx_word' id='word_1_21' title='bbox 196 284 291 321; x_wconf 76' lang='lat' dir='ltr'>a&#39;ere</span> <span class='ocrx_word' id='word_1_22' title='bbox 322 278 518 324; x_wconf 88' lang='lat' dir='ltr'>aliorum,</span> <span class='ocrx_word' id='word_1_23' title='bbox 549 276 776 316; x_wconf 90' lang='lat' dir='ltr'>absurdum</span> <span class='ocrx_word' id='word_1_24' title='bbox 807 290 899 316; x_wconf 84' lang='lat' dir='ltr'>esse</span> <span class='ocrx_word' id='word_1_25' title='bbox 931 277 1146 316; x_wconf 74' lang='lat' dir='ltr'>Aristoteli</span> <span class='ocrx_word' id='word_1_26' title='bbox 1179 276 1343 316; x_wconf 85' lang='lat' dir='ltr'>videtur</span> <span class='ocrx_word' id='word_1_27' title='bbox 1374 277 1415 316; x_wconf 91' lang='lat' dir='ltr'>in</span> <span class='ocrx_word' id='word_1_28' title='bbox 1447 290 1494 316; x_wconf 82' lang='lat' dir='ltr'>ea</span> <span class='ocrx_word' id='word_1_29' title='bbox 1526 281 1664 329; x_wconf 89' lang='lat' dir='ltr'>parte,</span> <span class='ocrx_word' id='word_1_30' title='bbox 1698 289 1806 330; x_wconf 89' lang='lat' dir='ltr'>quae</span> <span class='ocrx_word' id='word_1_31' title='bbox 1838 277 1892 317; x_wconf 88' lang='lat' dir='ltr'>sit</span> 
     </span>
     <span class='ocr_line' id='line_1_4' title="bbox 122 338 1892 396; baseline -0.002 -13"><span class='ocrx_word' id='word_1_32' title='bbox 122 343 173 384; x_wconf 88' lang='lat' dir='ltr'>ad</span> <span class='ocrx_word' id='word_1_33' title='bbox 205 340 412 396; x_wconf 86' lang='lat' dir='ltr'>gignenda</span> <span class='ocrx_word' id='word_1_34' title='bbox 442 338 669 378; x_wconf 79' lang='lat' dir='ltr'>animantia</span> <span class='ocrx_word' id='word_1_35' title='bbox 700 339 935 391; x_wconf 83' lang='lat' dir='ltr'>aptissima,</span> <span class='ocrx_word' id='word_1_36' title='bbox 979 339 1131 378; x_wconf 88' lang='lat' dir='ltr'>animal</span> <span class='ocrx_word' id='word_1_37' title='bbox 1174 340 1285 391; x_wconf 80' lang='lat' dir='ltr'>gigni</span> <span class='ocrx_word' id='word_1_38' title='bbox 1326 340 1486 379; x_wconf 85' lang='lat' dir='ltr'>nullum</span> <span class='ocrx_word' id='word_1_39' title='bbox 1525 344 1682 392; x_wconf 86' lang='lat' dir='ltr'>putare.</span> <span class='ocrx_word' id='word_1_40' title='bbox 1744 339 1892 379; x_wconf 82' lang='lat' dir='ltr'>Sidera</span> 
     </span>
     <span class='ocr_line' id='line_1_5' title="bbox 121 402 1893 455; baseline -0.002 -10"><span class='ocrx_word' id='word_1_41' title='bbox 121 410 259 446; x_wconf 87' lang='lat' dir='ltr'>autem</span> <span class='ocrx_word' id='word_1_42' title='bbox 290 402 520 443; x_wconf 89' lang='lat' dir='ltr'>aetherium</span> <span class='ocrx_word' id='word_1_43' title='bbox 552 402 686 441; x_wconf 86' lang='lat' dir='ltr'>locum</span> <span class='ocrx_word' id='word_1_44' title='bbox 719 402 935 454; x_wconf 78' lang='lat' dir='ltr'>optinent3</span> <span class='ocrx_word' id='word_1_45' title='bbox 970 402 1039 453; x_wconf 85' lang='lat' dir='ltr'>qui</span> <span class='ocrx_word' id='word_1_46' title='bbox 1064 402 1262 453; x_wconf 86' lang='lat' dir='ltr'>quoniam</span> <span class='ocrx_word' id='word_1_47' title='bbox 1292 402 1560 441; x_wconf 83' lang='lat' dir='ltr'>tenuissimus</span> <span class='ocrx_word' id='word_1_48' title='bbox 1583 407 1645 441; x_wconf 87' lang='lat' dir='ltr'>est</span> <span class='ocrx_word' id='word_1_49' title='bbox 1666 405 1706 441; x_wconf 89' lang='lat' dir='ltr'>et</span> <span class='ocrx_word' id='word_1_50' title='bbox 1728 415 1893 455; x_wconf 84' lang='lat' dir='ltr'><strong>semper</strong></span> 
     </span>
     <span class='ocr_line' id='line_1_6' title="bbox 121 464 1923 521; baseline -0.003 -13"><span class='ocrx_word' id='word_1_51' title='bbox 121 469 298 521; x_wconf 83' lang='lat' dir='ltr'>agitatur</span> <span class='ocrx_word' id='word_1_52' title='bbox 329 471 369 506; x_wconf 90' lang='lat' dir='ltr'>et</span> <span class='ocrx_word' id='word_1_53' title='bbox 399 464 528 516; x_wconf 59' lang='lat' dir='ltr'>riget,</span> <span class='ocrx_word' id='word_1_54' title='bbox 574 476 746 502; x_wconf 87' lang='lat' dir='ltr'>necesse</span> <span class='ocrx_word' id='word_1_55' title='bbox 779 469 858 509; x_wconf 87' lang='lat' dir='ltr'>est,</span> <span class='ocrx_word' id='word_1_56' title='bbox 892 464 1003 516; x_wconf 85' lang='lat' dir='ltr'>quod</span> <span class='ocrx_word' id='word_1_57' title='bbox 1037 464 1189 503; x_wconf 85' lang='lat' dir='ltr'>animal</span> <span class='ocrx_word' id='word_1_58' title='bbox 1223 465 1263 503; x_wconf 90' lang='lat' dir='ltr'>in</span> <span class='ocrx_word' id='word_1_59' title='bbox 1296 478 1345 503; x_wconf 90' lang='lat' dir='ltr'>eo</span> <span class='ocrx_word' id='word_1_60' title='bbox 1377 465 1587 516; x_wconf 73' lang='lat' dir='ltr'>gignatur,</span> <span class='ocrx_word' id='word_1_61' title='bbox 1621 465 1660 504; x_wconf 93' lang='lat' dir='ltr'>id</span> <span class='ocrx_word' id='word_1_62' title='bbox 1695 470 1735 505; x_wconf 90' lang='lat' dir='ltr'>et</span> <span class='ocrx_word' id='word_1_63' title='bbox 1766 474 1923 505; x_wconf 85' lang='lat' dir='ltr'>sensu5</span> 
     </span>
     <span class='ocr_line' id='line_1_7' title="bbox 120 526 1892 581; baseline -0.002 -11"><span class='ocrx_word' id='word_1_64' title='bbox 120 529 321 570; x_wconf 89' lang='lat' dir='ltr'>acerrimo</span> <span class='ocrx_word' id='word_1_65' title='bbox 351 532 391 567; x_wconf 82' lang='lat' dir='ltr'>et</span> <span class='ocrx_word' id='word_1_66' title='bbox 413 526 642 566; x_wconf 83' lang='lat' dir='ltr'>mobilitate</span> <span class='ocrx_word' id='word_1_67' title='bbox 664 526 881 565; x_wconf 87' lang='lat' dir='ltr'>celerrima</span> <span class='ocrx_word' id='word_1_68' title='bbox 905 540 1008 564; x_wconf 70' lang='lat' dir='ltr'>esse.</span> <span class='ocrx_word' id='word_1_69' title='bbox 1055 526 1193 574; x_wconf 81' lang='lat' dir='ltr'>Quare</span> <span class='ocrx_word' id='word_1_70' title='bbox 1214 542 1306 566; x_wconf 75' lang='lat' dir='ltr'>rum</span> <span class='ocrx_word' id='word_1_71' title='bbox 1332 528 1371 566; x_wconf 90' lang='lat' dir='ltr'>in</span> <span class='ocrx_word' id='word_1_72' title='bbox 1396 527 1564 566; x_wconf 78' lang='lat' dir='ltr'>aethere</span> <span class='ocrx_word' id='word_1_73' title='bbox 1587 534 1696 568; x_wconf 88' lang='lat' dir='ltr'>astra</span> <span class='ocrx_word' id='word_1_74' title='bbox 1719 529 1892 581; x_wconf 86' lang='lat' dir='ltr'>gignan-</span> 
     </span>
     <span class='ocr_line' id='line_1_8' title="bbox 120 588 1891 644; baseline -0.002 -11"><span class='ocrx_word' id='word_1_75' title='bbox 120 598 206 640; x_wconf 86' lang='lat' dir='ltr'>tur,</span> <span class='ocrx_word' id='word_1_76' title='bbox 247 595 573 631; x_wconf 89' lang='lat' dir='ltr'>consentaneum</span> <span class='ocrx_word' id='word_1_77' title='bbox 616 595 677 628; x_wconf 89' lang='lat' dir='ltr'>est</span> <span class='ocrx_word' id='word_1_78' title='bbox 717 589 757 627; x_wconf 91' lang='lat' dir='ltr'>in</span> <span class='ocrx_word' id='word_1_79' title='bbox 799 588 850 627; x_wconf 71' lang='lat' dir='ltr'>iis</span> <span class='ocrx_word' id='word_1_80' title='bbox 894 602 1061 627; x_wconf 80' lang='lat' dir='ltr'>sensum</span> <span class='ocrx_word' id='word_1_81' title='bbox 1097 590 1233 628; x_wconf 72' lang='lat' dir='ltr'>inesse</span> <span class='ocrx_word' id='word_1_82' title='bbox 1266 596 1306 629; x_wconf 85' lang='lat' dir='ltr'>et</span> <span class='ocrx_word' id='word_1_83' title='bbox 1337 590 1687 642; x_wconf 62' lang='lat' dir='ltr'>intellegentiam,</span> <span class='ocrx_word' id='word_1_84' title='bbox 1721 604 1773 630; x_wconf 83' lang='lat' dir='ltr'>ex</span> <span class='ocrx_word' id='word_1_85' title='bbox 1807 604 1891 644; x_wconf 90' lang='lat' dir='ltr'>quo</span> 
     </span>
     <span class='ocr_line' id='line_1_9' title="bbox 121 651 1892 696; baseline -0.002 -1"><span class='ocrx_word' id='word_1_86' title='bbox 121 652 298 696; x_wconf 81' lang='lat' dir='ltr'>eflicitur</span> <span class='ocrx_word' id='word_1_87' title='bbox 328 653 371 692; x_wconf 91' lang='lat' dir='ltr'>in</span> <span class='ocrx_word' id='word_1_88' title='bbox 403 651 577 692; x_wconf 88' lang='lat' dir='ltr'>deorum</span> <span class='ocrx_word' id='word_1_89' title='bbox 611 664 786 690; x_wconf 76' lang='lat' dir='ltr'>numero</span> <span class='ocrx_word' id='word_1_90' title='bbox 817 657 927 690; x_wconf 87' lang='lat' dir='ltr'>astra</span> <span class='ocrx_word' id='word_1_91' title='bbox 950 665 1042 690; x_wconf 85' lang='lat' dir='ltr'>esse</span> <span class='ocrx_word' id='word_1_92' title='bbox 1066 652 1268 692; x_wconf 70' lang='lat' dir='ltr'>ducenda.</span> <span class='ocrx_word' id='word_1_93' title='bbox 1317 654 1423 693; x_wconf 80' lang='lat' dir='ltr'>xvl.</span> <span class='ocrx_word' id='word_1_94' title='bbox 1448 654 1610 692; x_wconf 86' lang='lat' dir='ltr'>Etenim</span> <span class='ocrx_word' id='word_1_95' title='bbox 1635 653 1730 692; x_wconf 87' lang='lat' dir='ltr'>licet</span> <span class='ocrx_word' id='word_1_96' title='bbox 1751 654 1892 693; x_wconf 90' lang='lat' dir='ltr'>videre</span> 
     </span>
     <span class='ocr_line' id='line_1_10' title="bbox 120 713 1894 768; baseline -0.002 -10"><span class='ocrx_word' id='word_1_97' title='bbox 120 717 302 758; x_wconf 84' lang='lat' dir='ltr'>acutiora</span> <span class='ocrx_word' id='word_1_98' title='bbox 332 715 501 767; x_wconf 84' lang='lat' dir='ltr'>ingenia</span> <span class='ocrx_word' id='word_1_99' title='bbox 532 719 572 753; x_wconf 92' lang='lat' dir='ltr'>et</span> <span class='ocrx_word' id='word_1_100' title='bbox 602 713 653 753; x_wconf 88' lang='lat' dir='ltr'>ad</span> <span class='ocrx_word' id='word_1_101' title='bbox 687 713 1013 766; x_wconf 88' lang='lat' dir='ltr'>intellegendum</span> <span class='ocrx_word' id='word_1_102' title='bbox 1046 715 1208 766; x_wconf 83' lang='lat' dir='ltr'>aptiora</span> <span class='ocrx_word' id='word_1_103' title='bbox 1240 729 1402 761; x_wconf 88' lang='lat' dir='ltr'>eorum,</span> <span class='ocrx_word' id='word_1_104' title='bbox 1440 716 1511 768; x_wconf 90' lang='lat' dir='ltr'>qui</span> <span class='ocrx_word' id='word_1_105' title='bbox 1546 721 1675 755; x_wconf 87' lang='lat' dir='ltr'>terras</span> <span class='ocrx_word' id='word_1_106' title='bbox 1707 716 1894 755; x_wconf 89' lang='lat' dir='ltr'>incolant</span> 
     </span>
     <span class='ocr_line' id='line_1_11' title="bbox 121 776 1943 831; baseline -0.002 -11"><span class='ocrx_word' id='word_1_107' title='bbox 121 793 208 827; x_wconf 91' lang='lat' dir='ltr'>eas,</span> <span class='ocrx_word' id='word_1_108' title='bbox 239 779 281 818; x_wconf 93' lang='lat' dir='ltr'>in</span> <span class='ocrx_word' id='word_1_109' title='bbox 313 777 467 831; x_wconf 90' lang='lat' dir='ltr'>quibus</span> <span class='ocrx_word' id='word_1_110' title='bbox 498 780 569 816; x_wconf 79' lang='lat' dir='ltr'>a&#39;er</span> <span class='ocrx_word' id='word_1_111' title='bbox 599 777 652 815; x_wconf 92' lang='lat' dir='ltr'>sit</span> <span class='ocrx_word' id='word_1_112' title='bbox 682 789 810 828; x_wconf 90' lang='lat' dir='ltr'>purus</span> <span class='ocrx_word' id='word_1_113' title='bbox 833 789 879 815; x_wconf 86' lang='lat' dir='ltr'>ac</span> <span class='ocrx_word' id='word_1_114' title='bbox 908 776 1064 823; x_wconf 86' lang='lat' dir='ltr'>tenuis,</span> <span class='ocrx_word' id='word_1_115' title='bbox 1097 790 1221 829; x_wconf 88' lang='lat' dir='ltr'>quam</span> <span class='ocrx_word' id='word_1_116' title='bbox 1246 777 1430 824; x_wconf 85' lang='lat' dir='ltr'>illorum,</span> <span class='ocrx_word' id='word_1_117' title='bbox 1463 779 1534 831; x_wconf 91' lang='lat' dir='ltr'>qui</span> <span class='ocrx_word' id='word_1_118' title='bbox 1560 784 1730 818; x_wconf 88' lang='lat' dir='ltr'>utantur</span> <span class='ocrx_word' id='word_1_119' title='bbox 1751 787 1943 819; x_wconf 71' lang='lat' dir='ltr'>crassoto</span> 
     </span>
     <span class='ocr_line' id='line_1_12' title="bbox 121 835 1893 896; baseline -0.001 -13"><span class='ocrx_word' id='word_1_120' title='bbox 121 840 234 883; x_wconf 87' lang='lat' dir='ltr'>caelo</span> <span class='ocrx_word' id='word_1_121' title='bbox 274 846 398 893; x_wconf 86' lang='lat' dir='ltr'>atque</span> <span class='ocrx_word' id='word_1_122' title='bbox 438 844 647 879; x_wconf 87' lang='lat' dir='ltr'>concreto.</span> <span class='ocrx_word' id='word_1_123' title='bbox 707 835 773 876; x_wconf 74' lang='lat'>43.</span> <span class='ocrx_word' id='word_1_124' title='bbox 806 839 918 886; x_wconf 83' lang='lat' dir='ltr'>Quin</span> <span class='ocrx_word' id='word_1_125' title='bbox 953 840 1075 878; x_wconf 82' lang='lat' dir='ltr'>etiam</span> <span class='ocrx_word' id='word_1_126' title='bbox 1109 839 1199 878; x_wconf 78' lang='lat' dir='ltr'>cibo</span> <span class='ocrx_word' id='word_1_127' title='bbox 1232 854 1315 893; x_wconf 89' lang='lat' dir='ltr'>quo</span> <span class='ocrx_word' id='word_1_128' title='bbox 1347 846 1464 880; x_wconf 89' lang='lat' dir='ltr'>utare</span> <span class='ocrx_word' id='word_1_129' title='bbox 1496 840 1698 881; x_wconf 86' lang='lat' dir='ltr'>interesse</span> <span class='ocrx_word' id='word_1_130' title='bbox 1730 842 1893 896; x_wconf 91' lang='lat' dir='ltr'>aliquid</span> 
     </span>
     <span class='ocr_line' id='line_1_13' title="bbox 120 901 1894 957; baseline -0.001 -11"><span class='ocrx_word' id='word_1_131' title='bbox 120 905 172 946; x_wconf 87' lang='lat' dir='ltr'>ad</span> <span class='ocrx_word' id='word_1_132' title='bbox 203 904 355 945; x_wconf 89' lang='lat' dir='ltr'>mentis</span> <span class='ocrx_word' id='word_1_133' title='bbox 385 901 517 942; x_wconf 88' lang='lat' dir='ltr'>aciem</span> <span class='ocrx_word' id='word_1_134' title='bbox 549 907 706 955; x_wconf 87' lang='lat' dir='ltr'>putant.</span> <span class='ocrx_word' id='word_1_135' title='bbox 754 901 971 940; x_wconf 88' lang='lat' dir='ltr'>Probabile</span> <span class='ocrx_word' id='word_1_136' title='bbox 1003 907 1066 940; x_wconf 89' lang='lat' dir='ltr'>est</span> <span class='ocrx_word' id='word_1_137' title='bbox 1095 902 1222 953; x_wconf 84' lang='lat' dir='ltr'>igitur</span> <span class='ocrx_word' id='word_1_138' title='bbox 1252 908 1532 954; x_wconf 76' lang='lat' dir='ltr'>praestantem</span> <span class='ocrx_word' id='word_1_139' title='bbox 1564 904 1894 957; x_wconf 85' lang='lat' dir='ltr'>intellegentiam</span> 
     </span>
     <span class='ocr_line' id='line_1_14' title="bbox 120 963 1894 1017; baseline 0.001 -10"><span class='ocrx_word' id='word_1_140' title='bbox 120 968 163 1008; x_wconf 93' lang='lat' dir='ltr'>in</span> <span class='ocrx_word' id='word_1_141' title='bbox 203 966 408 1006; x_wconf 87' lang='lat' dir='ltr'>sideribus</span> <span class='ocrx_word' id='word_1_142' title='bbox 449 978 561 1011; x_wconf 88' lang='lat' dir='ltr'>esse,</span> <span class='ocrx_word' id='word_1_143' title='bbox 601 977 709 1017; x_wconf 89' lang='lat' dir='ltr'>quae</span> <span class='ocrx_word' id='word_1_144' title='bbox 741 969 780 1002; x_wconf 88' lang='lat' dir='ltr'>et</span> <span class='ocrx_word' id='word_1_145' title='bbox 810 963 1036 1003; x_wconf 75' lang='lat' dir='ltr'>aetheriam</span> <span class='ocrx_word' id='word_1_146' title='bbox 1069 971 1229 1016; x_wconf 89' lang='lat' dir='ltr'>partem</span> <span class='ocrx_word' id='word_1_147' title='bbox 1261 965 1404 1004; x_wconf 91' lang='lat' dir='ltr'>mundi</span> <span class='ocrx_word' id='word_1_148' title='bbox 1436 966 1622 1006; x_wconf 86' lang='lat' dir='ltr'>incolant</span> <span class='ocrx_word' id='word_1_149' title='bbox 1653 973 1691 1007; x_wconf 93' lang='lat' dir='ltr'>et</span> <span class='ocrx_word' id='word_1_150' title='bbox 1721 968 1894 1008; x_wconf 90' lang='lat' dir='ltr'>marinis</span> 
     </span>
     <span class='ocr_line' id='line_1_15' title="bbox 121 1026 1894 1082; baseline -0.001 -11"><span class='ocrx_word' id='word_1_151' title='bbox 121 1030 382 1082; x_wconf 85' lang='lat' dir='ltr'>terrenisque</span> <span class='ocrx_word' id='word_1_152' title='bbox 413 1028 630 1068; x_wconf 92' lang='lat' dir='ltr'>umoribus</span> <span class='ocrx_word' id='word_1_153' title='bbox 661 1027 786 1079; x_wconf 85' lang='lat' dir='ltr'>longo</span> <span class='ocrx_word' id='word_1_154' title='bbox 819 1026 1040 1066; x_wconf 78' lang='lat' dir='ltr'>intervallo</span> <span class='ocrx_word' id='word_1_155' title='bbox 1072 1028 1309 1067; x_wconf 85' lang='lat' dir='ltr'>extenuatis</span> <span class='ocrx_word' id='word_1_156' title='bbox 1331 1028 1509 1068; x_wconf 87' lang='lat' dir='ltr'>alantur.</span> <span class='ocrx_word' id='word_1_157' title='bbox 1559 1030 1733 1069; x_wconf 89' lang='lat' dir='ltr'>Sensum</span> <span class='ocrx_word' id='word_1_158' title='bbox 1755 1035 1894 1070; x_wconf 91' lang='lat' dir='ltr'>autem</span> 
     </span>
     <span class='ocr_line' id='line_1_16' title="bbox 120 1089 1944 1145; baseline -0.002 -11"><span class='ocrx_word' id='word_1_159' title='bbox 120 1098 328 1134; x_wconf 86' lang='lat' dir='ltr'>astrorum</span> <span class='ocrx_word' id='word_1_160' title='bbox 358 1096 484 1144; x_wconf 89' lang='lat' dir='ltr'>atque</span> <span class='ocrx_word' id='word_1_161' title='bbox 516 1090 845 1143; x_wconf 85' lang='lat' dir='ltr'>intellegentiam</span> <span class='ocrx_word' id='word_1_162' title='bbox 884 1103 1078 1129; x_wconf 85' lang='lat' dir='ltr'>maxume</span> <span class='ocrx_word' id='word_1_163' title='bbox 1110 1089 1295 1130; x_wconf 86' lang='lat' dir='ltr'>declarat</span> <span class='ocrx_word' id='word_1_164' title='bbox 1325 1090 1430 1130; x_wconf 92' lang='lat' dir='ltr'>ordo</span> <span class='ocrx_word' id='word_1_165' title='bbox 1462 1105 1606 1131; x_wconf 92' lang='lat' dir='ltr'>eorum</span> <span class='ocrx_word' id='word_1_166' title='bbox 1638 1097 1764 1145; x_wconf 92' lang='lat' dir='ltr'>atque</span> <span class='ocrx_word' id='word_1_167' title='bbox 1795 1101 1944 1134; x_wconf 68' lang='lat' dir='ltr'>con-⁴5</span> 
     </span>
     <span class='ocr_line' id='line_1_17' title="bbox 121 1152 1894 1208; baseline 0.001 -13"><span class='ocrx_word' id='word_1_168' title='bbox 121 1155 272 1196; x_wconf 89' lang='lat' dir='ltr'>stantia</span> <span class='ocrx_word' id='word_1_169' title='bbox 301 1176 355 1183; x_wconf 93' lang='lat'>—</span> <span class='ocrx_word' id='word_1_170' title='bbox 386 1153 489 1193; x_wconf 89' lang='lat' dir='ltr'>nihil</span> <span class='ocrx_word' id='word_1_171' title='bbox 530 1158 594 1192; x_wconf 88' lang='lat' dir='ltr'>est</span> <span class='ocrx_word' id='word_1_172' title='bbox 632 1153 763 1198; x_wconf 88' lang='lat' dir='ltr'>enim,</span> <span class='ocrx_word' id='word_1_173' title='bbox 806 1152 919 1204; x_wconf 90' lang='lat' dir='ltr'>quod</span> <span class='ocrx_word' id='word_1_174' title='bbox 962 1153 1123 1192; x_wconf 88' lang='lat' dir='ltr'>ratione</span> <span class='ocrx_word' id='word_1_175' title='bbox 1164 1158 1205 1192; x_wconf 93' lang='lat' dir='ltr'>et</span> <span class='ocrx_word' id='word_1_176' title='bbox 1246 1166 1421 1193; x_wconf 90' lang='lat' dir='ltr'>numero</span> <span class='ocrx_word' id='word_1_177' title='bbox 1454 1155 1610 1194; x_wconf 90' lang='lat' dir='ltr'>moveri</span> <span class='ocrx_word' id='word_1_178' title='bbox 1641 1157 1773 1208; x_wconf 86' lang='lat' dir='ltr'>possit</span> <span class='ocrx_word' id='word_1_179' title='bbox 1803 1156 1894 1197; x_wconf 88' lang='lat' dir='ltr'>sine</span> 
     </span>
     <span class='ocr_line' id='line_1_18' title="bbox 120 1214 1893 1269; baseline 0.001 -11"><span class='ocrx_word' id='word_1_180' title='bbox 120 1217 298 1258; x_wconf 90' lang='lat' dir='ltr'>consilio</span> <span class='ocrx_word' id='word_1_181' title='bbox 330 1240 408 1264; x_wconf 93' lang='lat'>—,</span> <span class='ocrx_word' id='word_1_182' title='bbox 438 1215 481 1255; x_wconf 91' lang='lat' dir='ltr'>in</span> <span class='ocrx_word' id='word_1_183' title='bbox 513 1228 598 1269; x_wconf 92' lang='lat' dir='ltr'>quo</span> <span class='ocrx_word' id='word_1_184' title='bbox 631 1214 736 1254; x_wconf 92' lang='lat' dir='ltr'>nihil</span> <span class='ocrx_word' id='word_1_185' title='bbox 768 1218 832 1253; x_wconf 86' lang='lat' dir='ltr'>est</span> <span class='ocrx_word' id='word_1_186' title='bbox 863 1215 1148 1262; x_wconf 86' lang='lat' dir='ltr'>temerarium,</span> <span class='ocrx_word' id='word_1_187' title='bbox 1181 1215 1284 1255; x_wconf 90' lang='lat' dir='ltr'>nihil</span> <span class='ocrx_word' id='word_1_188' title='bbox 1317 1217 1500 1264; x_wconf 89' lang='lat' dir='ltr'>varium,</span> <span class='ocrx_word' id='word_1_189' title='bbox 1532 1217 1639 1256; x_wconf 91' lang='lat' dir='ltr'>nihil</span> <span class='ocrx_word' id='word_1_190' title='bbox 1660 1217 1893 1259; x_wconf 87' lang='lat' dir='ltr'>fortuitum.</span> 
     </span>
     <span class='ocr_line' id='line_1_19' title="bbox 122 1277 1895 1333; baseline 0.001 -13"><span class='ocrx_word' id='word_1_191' title='bbox 122 1279 235 1321; x_wconf 90' lang='lat' dir='ltr'>Ordo</span> <span class='ocrx_word' id='word_1_192' title='bbox 277 1285 415 1321; x_wconf 85' lang='lat' dir='ltr'>autem</span> <span class='ocrx_word' id='word_1_193' title='bbox 455 1278 640 1318; x_wconf 87' lang='lat' dir='ltr'>siderum</span> <span class='ocrx_word' id='word_1_194' title='bbox 681 1282 721 1317; x_wconf 91' lang='lat' dir='ltr'>et</span> <span class='ocrx_word' id='word_1_195' title='bbox 762 1277 805 1316; x_wconf 91' lang='lat' dir='ltr'>in</span> <span class='ocrx_word' id='word_1_196' title='bbox 843 1278 956 1316; x_wconf 87' lang='lat' dir='ltr'>omni</span> <span class='ocrx_word' id='word_1_197' title='bbox 992 1278 1239 1318; x_wconf 88' lang='lat' dir='ltr'>aeternitate</span> <span class='ocrx_word' id='word_1_198' title='bbox 1270 1280 1504 1320; x_wconf 87' lang='lat' dir='ltr'>constantia</span> <span class='ocrx_word' id='word_1_199' title='bbox 1536 1294 1672 1333; x_wconf 88' lang='lat' dir='ltr'>neque</span> <span class='ocrx_word' id='word_1_200' title='bbox 1703 1286 1895 1321; x_wconf 88' lang='lat' dir='ltr'>naturam</span> 
     </span>
     <span class='ocr_line' id='line_1_20' title="bbox 120 1339 1896 1397; baseline 0 -14"><span class='ocrx_word' id='word_1_201' title='bbox 120 1342 328 1397; x_wconf 87' lang='lat' dir='ltr'>significat</span> <span class='ocrx_word' id='word_1_202' title='bbox 362 1363 415 1371; x_wconf 95' lang='lat'>—</span> <span class='ocrx_word' id='word_1_203' title='bbox 455 1347 519 1381; x_wconf 92' lang='lat' dir='ltr'>est</span> <span class='ocrx_word' id='word_1_204' title='bbox 558 1340 668 1381; x_wconf 91' lang='lat' dir='ltr'>enim</span> <span class='ocrx_word' id='word_1_205' title='bbox 711 1339 835 1393; x_wconf 88' lang='lat' dir='ltr'>plena</span> <span class='ocrx_word' id='word_1_206' title='bbox 874 1340 1046 1380; x_wconf 86' lang='lat' dir='ltr'>rationis</span> <span class='ocrx_word' id='word_1_207' title='bbox 1084 1363 1138 1368; x_wconf 95' lang='lat'><strong>—</strong></span> <span class='ocrx_word' id='word_1_208' title='bbox 1174 1354 1311 1394; x_wconf 88' lang='lat' dir='ltr'>neque</span> <span class='ocrx_word' id='word_1_209' title='bbox 1350 1340 1582 1390; x_wconf 86' lang='lat' dir='ltr'>fortunam,</span> <span class='ocrx_word' id='word_1_210' title='bbox 1623 1357 1731 1397; x_wconf 89' lang='lat' dir='ltr'>quae</span> <span class='ocrx_word' id='word_1_211' title='bbox 1761 1344 1896 1384; x_wconf 89' lang='lat' dir='ltr'>amica</span> 
     </span>
     <span class='ocr_line' id='line_1_21' title="bbox 120 1403 1945 1459; baseline 0 -13"><span class='ocrx_word' id='word_1_212' title='bbox 120 1406 310 1446; x_wconf 87' lang='lat' dir='ltr'>varietati</span> <span class='ocrx_word' id='word_1_213' title='bbox 342 1404 618 1445; x_wconf 85' lang='lat' dir='ltr'>constantiam</span> <span class='ocrx_word' id='word_1_214' title='bbox 641 1403 816 1455; x_wconf 90' lang='lat' dir='ltr'>respuit.</span> <span class='ocrx_word' id='word_1_215' title='bbox 859 1403 1060 1456; x_wconf 86' lang='lat' dir='ltr'>Sequitur</span> <span class='ocrx_word' id='word_1_216' title='bbox 1080 1416 1178 1457; x_wconf 86' lang='lat' dir='ltr'>ergo</span> <span class='ocrx_word' id='word_1_217' title='bbox 1200 1409 1244 1444; x_wconf 90' lang='lat' dir='ltr'>ut</span> <span class='ocrx_word' id='word_1_218' title='bbox 1266 1405 1355 1459; x_wconf 90' lang='lat' dir='ltr'>ipsa</span> <span class='ocrx_word' id='word_1_219' title='bbox 1378 1419 1453 1446; x_wconf 91' lang='lat' dir='ltr'>sua</span> <span class='ocrx_word' id='word_1_220' title='bbox 1474 1410 1637 1459; x_wconf 89' lang='lat' dir='ltr'>sponte,</span> <span class='ocrx_word' id='word_1_221' title='bbox 1668 1419 1744 1446; x_wconf 91' lang='lat' dir='ltr'>suo</span> <span class='ocrx_word' id='word_1_222' title='bbox 1767 1419 1894 1446; x_wconf 88' lang='lat' dir='ltr'>sensu</span> <span class='ocrx_word' id='word_1_223' title='bbox 1907 1416 1945 1446; x_wconf 71' lang='lat'>20</span> 
     </span>
     <span class='ocr_line' id='line_1_22' title="bbox 121 1462 1897 1510; baseline 0.001 -2"><span class='ocrx_word' id='word_1_224' title='bbox 121 1481 168 1508; x_wconf 88' lang='lat' dir='ltr'>ac</span> <span class='ocrx_word' id='word_1_225' title='bbox 208 1467 422 1508; x_wconf 89' lang='lat' dir='ltr'>divinitate</span> <span class='ocrx_word' id='word_1_226' title='bbox 465 1471 725 1506; x_wconf 88' lang='lat' dir='ltr'>moveantur.</span> <span class='ocrx_word' id='word_1_227' title='bbox 785 1462 851 1504; x_wconf 75' lang='grc'>44.</span> <span class='ocrx_word' id='word_1_228' title='bbox 890 1467 975 1505; x_wconf 93' lang='lat' dir='ltr'>Nec</span> <span class='ocrx_word' id='word_1_229' title='bbox 1015 1479 1113 1506; x_wconf 91' lang='lat' dir='ltr'>vero</span> <span class='ocrx_word' id='word_1_230' title='bbox 1145 1467 1395 1508; x_wconf 88' lang='lat' dir='ltr'>Aristoteles</span> <span class='ocrx_word' id='word_1_231' title='bbox 1437 1482 1522 1508; x_wconf 91' lang='lat' dir='ltr'>non</span> <span class='ocrx_word' id='word_1_232' title='bbox 1564 1468 1800 1509; x_wconf 89' lang='lat' dir='ltr'>laudandus</span> <span class='ocrx_word' id='word_1_233' title='bbox 1832 1474 1897 1510; x_wconf 91' lang='lat' dir='ltr'>est</span> 
     </span>
     <span class='ocr_line' id='line_1_23' title="bbox 120 1529 1896 1584; baseline 0.002 -14"><span class='ocrx_word' id='word_1_234' title='bbox 120 1531 163 1571; x_wconf 92' lang='lat' dir='ltr'>in</span> <span class='ocrx_word' id='word_1_235' title='bbox 194 1543 265 1579; x_wconf 91' lang='lat' dir='ltr'>eo,</span> <span class='ocrx_word' id='word_1_236' title='bbox 306 1530 421 1584; x_wconf 91' lang='lat' dir='ltr'>quod</span> <span class='ocrx_word' id='word_1_237' title='bbox 463 1529 623 1576; x_wconf 87' lang='lat' dir='ltr'>omnia,</span> <span class='ocrx_word' id='word_1_238' title='bbox 666 1541 775 1582; x_wconf 91' lang='lat' dir='ltr'>quae</span> <span class='ocrx_word' id='word_1_239' title='bbox 807 1534 1041 1577; x_wconf 88' lang='lat' dir='ltr'>moventur,</span> <span class='ocrx_word' id='word_1_240' title='bbox 1083 1535 1154 1570; x_wconf 90' lang='lat' dir='ltr'>aut</span> <span class='ocrx_word' id='word_1_241' title='bbox 1187 1535 1336 1571; x_wconf 89' lang='lat' dir='ltr'>natura</span> <span class='ocrx_word' id='word_1_242' title='bbox 1367 1532 1527 1572; x_wconf 91' lang='lat' dir='ltr'>moveri</span> <span class='ocrx_word' id='word_1_243' title='bbox 1558 1533 1724 1572; x_wconf 90' lang='lat' dir='ltr'>censuit</span> <span class='ocrx_word' id='word_1_244' title='bbox 1753 1537 1826 1573; x_wconf 89' lang='lat' dir='ltr'>aut</span> <span class='ocrx_word' id='word_1_245' title='bbox 1854 1532 1896 1573; x_wconf 90' lang='lat' dir='ltr'>vi</span> 
     </span>
     <span class='ocr_line' id='line_1_24' title="bbox 121 1591 1897 1648; baseline 0.001 -15"><span class='ocrx_word' id='word_1_246' title='bbox 121 1598 192 1633; x_wconf 85' lang='lat' dir='ltr'>aut</span> <span class='ocrx_word' id='word_1_247' title='bbox 221 1593 454 1640; x_wconf 89' lang='lat' dir='ltr'>voluntate,</span> <span class='ocrx_word' id='word_1_248' title='bbox 485 1591 645 1632; x_wconf 88' lang='lat' dir='ltr'>moveri</span> <span class='ocrx_word' id='word_1_249' title='bbox 677 1596 817 1631; x_wconf 88' lang='lat' dir='ltr'>autem</span> <span class='ocrx_word' id='word_1_250' title='bbox 848 1592 981 1631; x_wconf 83' lang='lat' dir='ltr'>solem</span> <span class='ocrx_word' id='word_1_251' title='bbox 1012 1596 1053 1631; x_wconf 88' lang='lat' dir='ltr'>et</span> <span class='ocrx_word' id='word_1_252' title='bbox 1082 1592 1223 1632; x_wconf 87' lang='lat' dir='ltr'>lunam</span> <span class='ocrx_word' id='word_1_253' title='bbox 1256 1599 1296 1634; x_wconf 90' lang='lat' dir='ltr'>et</span> <span class='ocrx_word' id='word_1_254' title='bbox 1327 1594 1465 1635; x_wconf 89' lang='lat' dir='ltr'>sidera</span> <span class='ocrx_word' id='word_1_255' title='bbox 1495 1595 1656 1635; x_wconf 88' lang='lat' dir='ltr'>omnia:</span> <span class='ocrx_word' id='word_1_256' title='bbox 1691 1608 1798 1648; x_wconf 88' lang='lat' dir='ltr'>quae</span> <span class='ocrx_word' id='word_1_257' title='bbox 1821 1608 1897 1635; x_wconf 88' lang='lat' dir='ltr'>au-</span> 
     </span>
     <span class='ocr_line' id='line_1_25' title="bbox 120 1654 1895 1708; baseline 0.001 -12"><span class='ocrx_word' id='word_1_258' title='bbox 120 1660 202 1697; x_wconf 85' lang='lat' dir='ltr'>tem</span> <span class='ocrx_word' id='word_1_259' title='bbox 232 1661 382 1696; x_wconf 89' lang='lat' dir='ltr'>natura</span> <span class='ocrx_word' id='word_1_260' title='bbox 412 1660 699 1701; x_wconf 87' lang='lat' dir='ltr'>moverentur,</span> <span class='ocrx_word' id='word_1_261' title='bbox 730 1654 833 1694; x_wconf 88' lang='lat' dir='ltr'>haec</span> <span class='ocrx_word' id='word_1_262' title='bbox 864 1660 937 1694; x_wconf 89' lang='lat' dir='ltr'>aut</span> <span class='ocrx_word' id='word_1_263' title='bbox 967 1654 1154 1708; x_wconf 88' lang='lat' dir='ltr'>pondere</span> <span class='ocrx_word' id='word_1_264' title='bbox 1186 1656 1381 1697; x_wconf 89' lang='lat' dir='ltr'>deorsum</span> <span class='ocrx_word' id='word_1_265' title='bbox 1413 1663 1485 1698; x_wconf 91' lang='lat' dir='ltr'>aut</span> <span class='ocrx_word' id='word_1_266' title='bbox 1515 1658 1684 1698; x_wconf 89' lang='lat' dir='ltr'>levitate</span> <span class='ocrx_word' id='word_1_267' title='bbox 1715 1658 1895 1698; x_wconf 89' lang='lat' dir='ltr'>sublime</span> 
     </span>
     <span class='ocr_line' id='line_1_26' title="bbox 119 1717 1945 1775; baseline -0.001 -16"><span class='ocrx_word' id='word_1_268' title='bbox 119 1717 242 1766; x_wconf 86' lang='lat' dir='ltr'>ferri,</span> <span class='ocrx_word' id='word_1_269' title='bbox 274 1731 452 1772; x_wconf 89' lang='lat' dir='ltr'>quorum</span> <span class='ocrx_word' id='word_1_270' title='bbox 484 1722 676 1757; x_wconf 84' lang='lat' dir='ltr'>neutrum</span> <span class='ocrx_word' id='word_1_271' title='bbox 707 1717 831 1757; x_wconf 89' lang='lat' dir='ltr'>astris</span> <span class='ocrx_word' id='word_1_272' title='bbox 863 1718 1146 1770; x_wconf 86' lang='lat' dir='ltr'>contingeret,</span> <span class='ocrx_word' id='word_1_273' title='bbox 1182 1725 1401 1773; x_wconf 87' lang='lat' dir='ltr'>propterea</span> <span class='ocrx_word' id='word_1_274' title='bbox 1432 1721 1547 1775; x_wconf 91' lang='lat' dir='ltr'>quod</span> <span class='ocrx_word' id='word_1_275' title='bbox 1580 1735 1725 1761; x_wconf 90' lang='lat' dir='ltr'>eorum</span> <span class='ocrx_word' id='word_1_276' title='bbox 1756 1726 1945 1761; x_wconf 74' lang='lat' dir='ltr'>motus2⁵</span> 
     </span>
     <span class='ocr_line' id='line_1_27' title="bbox 119 1778 1895 1838; baseline 0.002 -18"><span class='ocrx_word' id='word_1_277' title='bbox 119 1781 162 1821; x_wconf 93' lang='lat' dir='ltr'>in</span> <span class='ocrx_word' id='word_1_278' title='bbox 203 1778 346 1821; x_wconf 89' lang='lat' dir='ltr'>orbem</span> <span class='ocrx_word' id='word_1_279' title='bbox 387 1781 629 1834; x_wconf 84' lang='lat' dir='ltr'>circumque</span> <span class='ocrx_word' id='word_1_280' title='bbox 671 1779 862 1820; x_wconf 89' lang='lat' dir='ltr'>ferretur.</span> <span class='ocrx_word' id='word_1_281' title='bbox 912 1781 997 1819; x_wconf 82' lang='lat' dir='ltr'>Nec</span> <span class='ocrx_word' id='word_1_282' title='bbox 1028 1793 1126 1820; x_wconf 88' lang='lat' dir='ltr'>vero</span> <span class='ocrx_word' id='word_1_283' title='bbox 1159 1780 1239 1821; x_wconf 90' lang='lat' dir='ltr'>dici</span> <span class='ocrx_word' id='word_1_284' title='bbox 1281 1788 1419 1836; x_wconf 90' lang='lat' dir='ltr'>potest</span> <span class='ocrx_word' id='word_1_285' title='bbox 1448 1784 1487 1824; x_wconf 85' lang='lat' dir='ltr'>vi</span> <span class='ocrx_word' id='word_1_286' title='bbox 1520 1784 1700 1838; x_wconf 87' lang='lat' dir='ltr'>quadam</span> <span class='ocrx_word' id='word_1_287' title='bbox 1737 1784 1895 1824; x_wconf 89' lang='lat' dir='ltr'>maiore</span> 
     </span>
     <span class='ocr_line' id='line_1_28' title="bbox 117 1843 1894 1899; baseline 0.002 -15"><span class='ocrx_word' id='word_1_288' title='bbox 117 1843 233 1891; x_wconf 88' lang='lat' dir='ltr'>fieri,</span> <span class='ocrx_word' id='word_1_289' title='bbox 265 1849 310 1884; x_wconf 91' lang='lat' dir='ltr'>ut</span> <span class='ocrx_word' id='word_1_290' title='bbox 340 1849 482 1884; x_wconf 88' lang='lat' dir='ltr'>contra</span> <span class='ocrx_word' id='word_1_291' title='bbox 512 1848 703 1883; x_wconf 86' lang='lat' dir='ltr'>naturam</span> <span class='ocrx_word' id='word_1_292' title='bbox 735 1849 845 1883; x_wconf 85' lang='lat' dir='ltr'>astra</span> <span class='ocrx_word' id='word_1_293' title='bbox 878 1848 1146 1891; x_wconf 81' lang='lat' dir='ltr'>moveantur3</span> <span class='ocrx_word' id='word_1_294' title='bbox 1181 1858 1288 1897; x_wconf 90' lang='lat' dir='ltr'>quae</span> <span class='ocrx_word' id='word_1_295' title='bbox 1322 1846 1433 1885; x_wconf 86' lang='lat' dir='ltr'>enim</span> <span class='ocrx_word' id='word_1_296' title='bbox 1455 1852 1596 1899; x_wconf 89' lang='lat' dir='ltr'>potest</span> <span class='ocrx_word' id='word_1_297' title='bbox 1616 1848 1750 1887; x_wconf 87' lang='lat' dir='ltr'>maior</span> <span class='ocrx_word' id='word_1_298' title='bbox 1771 1849 1894 1888; x_wconf 71' lang='lat' dir='ltr'>esse?</span> 
     </span>
     <span class='ocr_line' id='line_1_29' title="bbox 117 1905 1895 1963; baseline 0.002 -16"><span class='ocrx_word' id='word_1_299' title='bbox 117 1907 262 1947; x_wconf 88' lang='lat' dir='ltr'>Restat</span> <span class='ocrx_word' id='word_1_300' title='bbox 298 1907 425 1959; x_wconf 89' lang='lat' dir='ltr'>igitur</span> <span class='ocrx_word' id='word_1_301' title='bbox 464 1911 509 1945; x_wconf 87' lang='lat' dir='ltr'>ut</span> <span class='ocrx_word' id='word_1_302' title='bbox 540 1910 677 1946; x_wconf 91' lang='lat' dir='ltr'>motus</span> <span class='ocrx_word' id='word_1_303' title='bbox 708 1911 916 1946; x_wconf 88' lang='lat' dir='ltr'>astrorum</span> <span class='ocrx_word' id='word_1_304' title='bbox 948 1905 1001 1945; x_wconf 88' lang='lat' dir='ltr'>sit</span> <span class='ocrx_word' id='word_1_305' title='bbox 1032 1905 1305 1948; x_wconf 89' lang='lat' dir='ltr'>voluntarius.</span> <span class='ocrx_word' id='word_1_306' title='bbox 1351 1908 1468 1957; x_wconf 89' lang='lat' dir='ltr'>Quae</span> <span class='ocrx_word' id='word_1_307' title='bbox 1501 1910 1572 1963; x_wconf 94' lang='lat' dir='ltr'>qui</span> <span class='ocrx_word' id='word_1_308' title='bbox 1603 1910 1765 1957; x_wconf 88' lang='lat' dir='ltr'>videat,</span> <span class='ocrx_word' id='word_1_309' title='bbox 1809 1923 1895 1950; x_wconf 90' lang='lat' dir='ltr'>non</span> 
     </span>
     <span class='ocr_line' id='line_1_30' title="bbox 118 1967 1895 2025; baseline 0.002 -15"><span class='ocrx_word' id='word_1_310' title='bbox 118 1969 286 2010; x_wconf 88' lang='lat' dir='ltr'>indocte</span> <span class='ocrx_word' id='word_1_311' title='bbox 317 1969 473 2015; x_wconf 89' lang='lat' dir='ltr'>solum,</span> <span class='ocrx_word' id='word_1_312' title='bbox 506 1982 650 2009; x_wconf 91' lang='lat' dir='ltr'>verum</span> <span class='ocrx_word' id='word_1_313' title='bbox 682 1969 807 2008; x_wconf 90' lang='lat' dir='ltr'>etiam</span> <span class='ocrx_word' id='word_1_314' title='bbox 838 1968 967 2021; x_wconf 86' lang='lat' dir='ltr'>impie</span> <span class='ocrx_word' id='word_1_315' title='bbox 998 1967 1145 2016; x_wconf 87' lang='lat' dir='ltr'>faciat,</span> <span class='ocrx_word' id='word_1_316' title='bbox 1178 1969 1212 2009; x_wconf 89' lang='lat' dir='ltr'>si</span> <span class='ocrx_word' id='word_1_317' title='bbox 1244 1970 1346 2011; x_wconf 89' lang='lat' dir='ltr'>deos</span> <span class='ocrx_word' id='word_1_318' title='bbox 1378 1985 1469 2013; x_wconf 89' lang='lat' dir='ltr'>esse</span> <span class='ocrx_word' id='word_1_319' title='bbox 1500 1978 1636 2025; x_wconf 85' lang='lat' dir='ltr'>neget.</span> <span class='ocrx_word' id='word_1_320' title='bbox 1682 1972 1772 2013; x_wconf 90' lang='lat' dir='ltr'>Nec</span> <span class='ocrx_word' id='word_1_321' title='bbox 1794 1986 1895 2014; x_wconf 89' lang='lat' dir='ltr'>sane</span> 
     </span>
     <span class='ocr_line' id='line_1_31' title="bbox 118 2030 1945 2090; baseline 0.001 -18"><span class='ocrx_word' id='word_1_322' title='bbox 118 2032 291 2072; x_wconf 89' lang='lat' dir='ltr'>multum</span> <span class='ocrx_word' id='word_1_323' title='bbox 336 2032 530 2078; x_wconf 91' lang='lat' dir='ltr'>interest,</span> <span class='ocrx_word' id='word_1_324' title='bbox 579 2036 717 2070; x_wconf 88' lang='lat' dir='ltr'>utrum</span> <span class='ocrx_word' id='word_1_325' title='bbox 760 2030 801 2070; x_wconf 94' lang='lat' dir='ltr'>id</span> <span class='ocrx_word' id='word_1_326' title='bbox 849 2036 973 2083; x_wconf 84' lang='lat' dir='ltr'>neget</span> <span class='ocrx_word' id='word_1_327' title='bbox 1025 2032 1076 2071; x_wconf 76' lang='lat' dir='ltr'>a&#39;n</span> <span class='ocrx_word' id='word_1_328' title='bbox 1130 2045 1200 2072; x_wconf 90' lang='lat' dir='ltr'>eos</span> <span class='ocrx_word' id='word_1_329' title='bbox 1252 2035 1366 2074; x_wconf 90' lang='lat' dir='ltr'>omni</span> <span class='ocrx_word' id='word_1_330' title='bbox 1420 2037 1716 2089; x_wconf 88' lang='lat' dir='ltr'>procuratione</span> <span class='ocrx_word' id='word_1_331' title='bbox 1765 2042 1894 2090; x_wconf 89' lang='lat' dir='ltr'>atque</span> <span class='ocrx_word' id='word_1_332' title='bbox 1908 2044 1945 2074; x_wconf 89' lang='grc' dir='ltr'>3ο</span> 
     </span>
     <span class='ocr_line' id='line_1_32' title="bbox 119 2093 1895 2149; baseline 0.003 -15"><span class='ocrx_word' id='word_1_333' title='bbox 119 2095 284 2135; x_wconf 88' lang='lat' dir='ltr'>actione</span> <span class='ocrx_word' id='word_1_334' title='bbox 314 2095 471 2149; x_wconf 79' lang='lat' dir='ltr'>privet3</span> <span class='ocrx_word' id='word_1_335' title='bbox 503 2094 603 2134; x_wconf 89' lang='lat' dir='ltr'>mibi</span> <span class='ocrx_word' id='word_1_336' title='bbox 637 2094 748 2134; x_wconf 88' lang='lat' dir='ltr'>enim</span> <span class='ocrx_word' id='word_1_337' title='bbox 780 2094 853 2148; x_wconf 91' lang='lat' dir='ltr'>qui</span> <span class='ocrx_word' id='word_1_338' title='bbox 886 2093 990 2133; x_wconf 87' lang='lat' dir='ltr'>nihil</span> <span class='ocrx_word' id='word_1_339' title='bbox 1023 2094 1109 2146; x_wconf 81' lang='lat' dir='ltr'>agit</span> <span class='ocrx_word' id='word_1_340' title='bbox 1140 2108 1232 2135; x_wconf 88' lang='lat' dir='ltr'>esse</span> <span class='ocrx_word' id='word_1_341' title='bbox 1264 2097 1435 2138; x_wconf 90' lang='lat' dir='ltr'>omnino</span> <span class='ocrx_word' id='word_1_342' title='bbox 1459 2112 1542 2138; x_wconf 89' lang='lat' dir='ltr'>non</span> <span class='ocrx_word' id='word_1_343' title='bbox 1566 2099 1742 2139; x_wconf 90' lang='lat' dir='ltr'>videtur.</span> <span class='ocrx_word' id='word_1_344' title='bbox 1790 2100 1895 2140; x_wconf 88' lang='lat' dir='ltr'>Esse</span> 
     </span>
     <span class='ocr_line' id='line_1_33' title="bbox 118 2156 1893 2212; baseline 0.004 -16"><span class='ocrx_word' id='word_1_345' title='bbox 118 2156 247 2211; x_wconf 88' lang='lat' dir='ltr'>igitur</span> <span class='ocrx_word' id='word_1_346' title='bbox 277 2157 379 2198; x_wconf 90' lang='lat' dir='ltr'>deos</span> <span class='ocrx_word' id='word_1_347' title='bbox 409 2157 467 2197; x_wconf 86' lang='lat' dir='ltr'>ita</span> <span class='ocrx_word' id='word_1_348' title='bbox 497 2156 766 2210; x_wconf 90' lang='lat' dir='ltr'>perspicuum</span> <span class='ocrx_word' id='word_1_349' title='bbox 787 2163 872 2204; x_wconf 90' lang='lat' dir='ltr'>est,</span> <span class='ocrx_word' id='word_1_350' title='bbox 911 2162 975 2204; x_wconf 89' lang='lat' dir='ltr'>ut,</span> <span class='ocrx_word' id='word_1_351' title='bbox 1007 2156 1051 2196; x_wconf 92' lang='lat' dir='ltr'>id</span> <span class='ocrx_word' id='word_1_352' title='bbox 1083 2158 1154 2211; x_wconf 86' lang='lat' dir='ltr'>qui</span> <span class='ocrx_word' id='word_1_353' title='bbox 1185 2165 1325 2212; x_wconf 86' lang='lat' dir='ltr'>neget,</span> <span class='ocrx_word' id='word_1_354' title='bbox 1357 2161 1427 2200; x_wconf 82' lang='lat' dir='ltr'>vix</span> <span class='ocrx_word' id='word_1_355' title='bbox 1458 2174 1553 2201; x_wconf 90' lang='lat' dir='ltr'>eum</span> <span class='ocrx_word' id='word_1_356' title='bbox 1585 2175 1710 2202; x_wconf 89' lang='lat' dir='ltr'>sanae</span> <span class='ocrx_word' id='word_1_357' title='bbox 1742 2162 1893 2203; x_wconf 88' lang='lat' dir='ltr'>mentis</span> 
     </span>
     <span class='ocr_line' id='line_1_34' title="bbox 121 2220 371 2262; baseline 0.004 -2"><span class='ocrx_word' id='word_1_358' title='bbox 121 2220 371 2262; x_wconf 86' lang='lat' dir='ltr'>existimem.</span> 
     </span>
    </p>

    <p class='ocr_par' dir='ltr' id='par_1_3' title="bbox 119 2280 1944 2590">
     <span class='ocr_line' id='line_1_35' title="bbox 230 2280 1893 2343; baseline 0.005 -22"><span class='ocrx_word' id='word_1_359' title='bbox 230 2283 359 2322; x_wconf 86' lang='lat' dir='ltr'>XVss.</span> <span class='ocrx_word' id='word_1_360' title='bbox 390 2280 457 2322; x_wconf 77' lang='lat'>45.</span> <span class='ocrx_word' id='word_1_361' title='bbox 489 2284 629 2323; x_wconf 89' lang='lat' dir='ltr'>Restat</span> <span class='ocrx_word' id='word_1_362' title='bbox 658 2288 702 2324; x_wconf 94' lang='lat' dir='ltr'>ut</span> <span class='ocrx_word' id='word_1_363' title='bbox 741 2283 878 2336; x_wconf 87' lang='lat' dir='ltr'>qualis</span> <span class='ocrx_word' id='word_1_364' title='bbox 909 2296 1055 2323; x_wconf 88' lang='lat' dir='ltr'>eorum</span> <span class='ocrx_word' id='word_1_365' title='bbox 1088 2288 1237 2324; x_wconf 85' lang='lat' dir='ltr'>natura</span> <span class='ocrx_word' id='word_1_366' title='bbox 1268 2285 1322 2325; x_wconf 91' lang='lat' dir='ltr'>sit</span> <span class='ocrx_word' id='word_1_367' title='bbox 1352 2286 1677 2328; x_wconf 89' lang='lat' dir='ltr'>consideremus.</span> <span class='ocrx_word' id='word_1_368' title='bbox 1729 2288 1777 2328; x_wconf 91' lang='lat' dir='ltr'>In</span> <span class='ocrx_word' id='word_1_369' title='bbox 1809 2302 1893 2343; x_wconf 89' lang='lat' dir='ltr'>quo</span> 
     </span>
     <span class='ocr_line' id='line_1_36' title="bbox 119 2344 1944 2399; baseline 0.005 -15"><span class='ocrx_word' id='word_1_370' title='bbox 119 2344 224 2385; x_wconf 92' lang='lat' dir='ltr'>nihil</span> <span class='ocrx_word' id='word_1_371' title='bbox 269 2350 331 2385; x_wconf 89' lang='lat' dir='ltr'>est</span> <span class='ocrx_word' id='word_1_372' title='bbox 372 2344 584 2386; x_wconf 87' lang='lat' dir='ltr'>difficilius</span> <span class='ocrx_word' id='word_1_373' title='bbox 618 2359 743 2399; x_wconf 92' lang='lat' dir='ltr'>quam</span> <span class='ocrx_word' id='word_1_374' title='bbox 773 2359 797 2385; x_wconf 90' lang='lat' dir='ltr'>a</span> <span class='ocrx_word' id='word_1_375' title='bbox 829 2346 1136 2386; x_wconf 89' lang='lat' dir='ltr'>consuetudine</span> <span class='ocrx_word' id='word_1_376' title='bbox 1173 2347 1387 2388; x_wconf 90' lang='lat' dir='ltr'>oculorum</span> <span class='ocrx_word' id='word_1_377' title='bbox 1421 2350 1553 2390; x_wconf 88' lang='lat' dir='ltr'>aciem</span> <span class='ocrx_word' id='word_1_378' title='bbox 1584 2352 1733 2392; x_wconf 89' lang='lat' dir='ltr'>mentis</span> <span class='ocrx_word' id='word_1_379' title='bbox 1764 2352 1944 2393; x_wconf 73' lang='lat' dir='ltr'>abdu-as</span> 
     </span>
     <span class='ocr_line' id='line_1_37' title="bbox 120 2407 1895 2467; baseline 0.005 -20"><span class='ocrx_word' id='word_1_380' title='bbox 120 2421 225 2447; x_wconf 90' lang='lat' dir='ltr'>cere.</span> <span class='ocrx_word' id='word_1_381' title='bbox 274 2409 334 2448; x_wconf 90' lang='lat' dir='ltr'>Ea</span> <span class='ocrx_word' id='word_1_382' title='bbox 365 2407 591 2448; x_wconf 85' lang='lat' dir='ltr'>difficultas</span> <span class='ocrx_word' id='word_1_383' title='bbox 621 2408 788 2448; x_wconf 82' lang='lat' dir='ltr'>induxit</span> <span class='ocrx_word' id='word_1_384' title='bbox 819 2414 860 2448; x_wconf 90' lang='lat' dir='ltr'>et</span> <span class='ocrx_word' id='word_1_385' title='bbox 883 2408 1005 2461; x_wconf 80' lang='lat' dir='ltr'>vulgo</span> <span class='ocrx_word' id='word_1_386' title='bbox 1038 2409 1241 2462; x_wconf 88' lang='lat' dir='ltr'>inperitos</span> <span class='ocrx_word' id='word_1_387' title='bbox 1265 2415 1305 2450; x_wconf 91' lang='lat' dir='ltr'>et</span> <span class='ocrx_word' id='word_1_388' title='bbox 1335 2412 1493 2452; x_wconf 88' lang='lat' dir='ltr'>similes</span> <span class='ocrx_word' id='word_1_389' title='bbox 1524 2413 1800 2467; x_wconf 89' lang='lat' dir='ltr'>philosophos</span> <span class='ocrx_word' id='word_1_390' title='bbox 1830 2414 1895 2455; x_wconf 88' lang='lat' dir='ltr'>in·-</span> 
     </span>
     <span class='ocr_line' id='line_1_38' title="bbox 119 2468 1895 2528; baseline 0.005 -19"><span class='ocrx_word' id='word_1_391' title='bbox 119 2470 349 2524; x_wconf 89' lang='lat' dir='ltr'>peritorum</span> <span class='ocrx_word' id='word_1_392' title='bbox 393 2474 440 2510; x_wconf 89' lang='lat' dir='ltr'>ut</span> <span class='ocrx_word' id='word_1_393' title='bbox 484 2471 565 2510; x_wconf 90' lang='lat' dir='ltr'>nisi</span> <span class='ocrx_word' id='word_1_394' title='bbox 606 2468 749 2524; x_wconf 85' lang='lat' dir='ltr'>figuris</span> <span class='ocrx_word' id='word_1_395' title='bbox 788 2470 1006 2510; x_wconf 88' lang='lat' dir='ltr'>hominum</span> <span class='ocrx_word' id='word_1_396' title='bbox 1039 2473 1278 2512; x_wconf 87' lang='lat' dir='ltr'>constitutis</span> <span class='ocrx_word' id='word_1_397' title='bbox 1309 2473 1416 2513; x_wconf 91' lang='lat' dir='ltr'>nihil</span> <span class='ocrx_word' id='word_1_398' title='bbox 1447 2482 1621 2528; x_wconf 86' lang='lat' dir='ltr'>possent</span> <span class='ocrx_word' id='word_1_399' title='bbox 1652 2475 1703 2516; x_wconf 92' lang='lat' dir='ltr'>de</span> <span class='ocrx_word' id='word_1_400' title='bbox 1736 2475 1800 2517; x_wconf 88' lang='lat' dir='ltr'>dis</span> <span class='ocrx_word' id='word_1_401' title='bbox 1830 2477 1895 2518; x_wconf 92' lang='lat' dir='ltr'>in-</span> 
     </span>
     <span class='ocr_line' id='line_1_39' title="bbox 122 2534 1895 2590; baseline 0.005 -18"><span class='ocrx_word' id='word_1_402' title='bbox 122 2534 365 2575; x_wconf 88' lang='lat' dir='ltr'>mortalibus</span> <span class='ocrx_word' id='word_1_403' title='bbox 397 2535 608 2587; x_wconf 84' lang='lat' dir='ltr'>cogitare:</span> <span class='ocrx_word' id='word_1_404' title='bbox 649 2534 768 2590; x_wconf 89' lang='lat' dir='ltr'>cuius</span> <span class='ocrx_word' id='word_1_405' title='bbox 799 2534 1009 2588; x_wconf 88' lang='lat' dir='ltr'>opinionis</span> <span class='ocrx_word' id='word_1_406' title='bbox 1040 2534 1188 2575; x_wconf 87' lang='lat' dir='ltr'>levitas</span> <span class='ocrx_word' id='word_1_407' title='bbox 1220 2536 1433 2578; x_wconf 87' lang='lat' dir='ltr'>confutata</span> <span class='ocrx_word' id='word_1_408' title='bbox 1462 2551 1486 2578; x_wconf 90' lang='lat' dir='ltr'>a</span> <span class='ocrx_word' id='word_1_409' title='bbox 1518 2537 1637 2579; x_wconf 89' lang='lat' dir='ltr'>Cotta</span> <span class='ocrx_word' id='word_1_410' title='bbox 1667 2552 1752 2579; x_wconf 91' lang='lat' dir='ltr'>non</span> <span class='ocrx_word' id='word_1_411' title='bbox 1784 2540 1895 2581; x_wconf 92' lang='lat' dir='ltr'>desi-</span> 
     </span>
    </p>
   </div>
   <div class='ocr_carea' id='block_1_3' title="bbox 1719 2665 1888 2672">
    <p class='ocr_par' dir='ltr' id='par_1_4' title="bbox 1719 2665 1888 2672">
     <span class='ocr_line' id='line_1_40' title="bbox 1719 2665 1888 2672; baseline 0 952"><span class='ocrx_word' id='word_1_412' title='bbox 1719 2665 1888 2672; x_wconf 95' lang='lat' dir='ltr'> </span> 
     </span>
    </p>
   </div>
   <div class='ocr_carea' id='block_1_4' title="bbox 122 2744 1895 3192">
    <p class='ocr_par' dir='ltr' id='par_1_5' title="bbox 122 2744 1895 3192">
     <span class='ocr_line' id='line_1_41' title="bbox 207 2744 1895 2788; baseline 0.006 -11"><span class='ocrx_word' id='word_1_413' title='bbox 207 2746 237 2777; x_wconf 72' lang='lat'>4.</span> <span class='ocrx_word' id='word_1_414' title='bbox 263 2746 368 2787; x_wconf 63' lang='grc' dir='ltr'>ὁρίων</span> <span class='ocrx_word' id='word_1_415' title='bbox 391 2744 442 2778; x_wconf 63' lang='lat'>⁵21:</span> <span class='ocrx_word' id='word_1_416' title='bbox 469 2746 555 2778; x_wconf 81' lang='lat' dir='ltr'>enim</span> <span class='ocrx_word' id='word_1_417' title='bbox 578 2747 603 2778; x_wconf 96' lang='grc' dir='ltr'>Ο</span> <span class='ocrx_word' id='word_1_418' title='bbox 630 2763 664 2768; x_wconf 96' lang='grc'>-</span> <span class='ocrx_word' id='word_1_419' title='bbox 692 2746 722 2778; x_wconf 90' lang='grc'>3.</span> <span class='ocrx_word' id='word_1_420' title='bbox 750 2747 793 2778; x_wconf 75' lang='lat' dir='ltr'>ad</span> <span class='ocrx_word' id='word_1_421' title='bbox 816 2748 948 2788; x_wconf 71' lang='lat' dir='ltr'>quenda</span> <span class='ocrx_word' id='word_1_422' title='bbox 972 2748 1012 2778; x_wconf 69' lang='lat' dir='ltr'>Vi</span> <span class='ocrx_word' id='word_1_423' title='bbox 1034 2766 1066 2769; x_wconf 98' lang='lat'><strong>—</strong></span> <span class='ocrx_word' id='word_1_424' title='bbox 1094 2748 1258 2779; x_wconf 74' lang='lat' dir='ltr'>animalia</span> <span class='ocrx_word' id='word_1_425' title='bbox 1281 2749 1307 2780; x_wconf 95' lang='lat' dir='ltr'>O</span> <span class='ocrx_word' id='word_1_426' title='bbox 1335 2767 1369 2771; x_wconf 92' lang='lat'>—</span> <span class='ocrx_word' id='word_1_427' title='bbox 1397 2748 1428 2780; x_wconf 73' lang='lat'>4.</span> <span class='ocrx_word' id='word_1_428' title='bbox 1455 2749 1640 2782; x_wconf 71' lang='lat' dir='ltr'>aethereum</span> <span class='ocrx_word' id='word_1_429' title='bbox 1658 2751 1683 2783; x_wconf 96' lang='grc' dir='ltr'>Ο</span> <span class='ocrx_word' id='word_1_430' title='bbox 1705 2770 1738 2775; x_wconf 93' lang='grc'>-</span> <span class='ocrx_word' id='word_1_431' title='bbox 1765 2754 1796 2786; x_wconf 81' lang='grc'>5.</span> <span class='ocrx_word' id='word_1_432' title='bbox 1815 2756 1895 2787; x_wconf 83' lang='lat' dir='ltr'>ani-</span> 
     </span>
     <span class='ocr_line' id='line_1_42' title="bbox 122 2795 1894 2839; baseline 0.006 -13"><span class='ocrx_word' id='word_1_433' title='bbox 122 2795 430 2836; x_wconf 71' lang='lat' dir='ltr'>mal--yiqnatur</span> <span class='ocrx_word' id='word_1_434' title='bbox 459 2804 549 2827; x_wconf 86' lang='lat' dir='ltr'>corr.</span> <span class='ocrx_word' id='word_1_435' title='bbox 577 2805 624 2828; x_wconf 91' lang='lat' dir='ltr'>m.</span> <span class='ocrx_word' id='word_1_436' title='bbox 658 2805 729 2828; x_wconf 85' lang='lat' dir='ltr'>sec.</span> <span class='ocrx_word' id='word_1_437' title='bbox 761 2797 795 2828; x_wconf 92' lang='lat' dir='ltr'>in</span> <span class='ocrx_word' id='word_1_438' title='bbox 826 2798 1254 2839; x_wconf 68' lang='lat' dir='ltr'>animalia—-yiynantur</span> <span class='ocrx_word' id='word_1_439' title='bbox 1282 2799 1309 2829; x_wconf 85' lang='lat' dir='ltr'><strong>A</strong></span> <span class='ocrx_word' id='word_1_440' title='bbox 1343 2816 1377 2821; x_wconf 88' lang='lat'>——</span> <span class='ocrx_word' id='word_1_441' title='bbox 1408 2799 1444 2830; x_wconf 83' lang='lat' dir='ltr'>id</span> <span class='ocrx_word' id='word_1_442' title='bbox 1472 2802 1502 2830; x_wconf 74' lang='lat' dir='ltr'>et</span> <span class='ocrx_word' id='word_1_443' title='bbox 1530 2800 1553 2830; x_wconf 91' lang='lat' dir='ltr'>B</span> <span class='ocrx_word' id='word_1_444' title='bbox 1570 2801 1617 2832; x_wconf 88' lang='lat' dir='ltr'>C:</span> <span class='ocrx_word' id='word_1_445' title='bbox 1650 2802 1684 2833; x_wconf 86' lang='lat' dir='ltr'>id</span> <span class='ocrx_word' id='word_1_446' title='bbox 1711 2807 1757 2835; x_wconf 75' lang='lat' dir='ltr'>est</span> <span class='ocrx_word' id='word_1_447' title='bbox 1786 2805 1894 2837; x_wconf 88' lang='lat' dir='ltr'>APV</span> 
     </span>
     <span class='ocr_line' id='line_1_43' title="bbox 123 2843 1893 2887; baseline 0.007 -12"><span class='ocrx_word' id='word_1_448' title='bbox 123 2843 310 2886; x_wconf 84' lang='lat' dir='ltr'>(superscr.</span> <span class='ocrx_word' id='word_1_449' title='bbox 331 2846 364 2877; x_wconf 85' lang='lat' dir='ltr'>in</span> <span class='ocrx_word' id='word_1_450' title='bbox 379 2847 406 2877; x_wconf 87' lang='lat' dir='ltr'>A</span> <span class='ocrx_word' id='word_1_451' title='bbox 424 2855 470 2878; x_wconf 92' lang='lat' dir='ltr'>m.</span> <span class='ocrx_word' id='word_1_452' title='bbox 490 2854 561 2878; x_wconf 88' lang='lat' dir='ltr'>sec.</span> <span class='ocrx_word' id='word_1_453' title='bbox 582 2847 777 2885; x_wconf 78' lang='lat' dir='ltr'>eademque,</span> <span class='ocrx_word' id='word_1_454' title='bbox 804 2848 836 2878; x_wconf 91' lang='lat' dir='ltr'>in</span> <span class='ocrx_word' id='word_1_455' title='bbox 855 2847 883 2877; x_wconf 85' lang='lat' dir='ltr'>V</span> <span class='ocrx_word' id='word_1_456' title='bbox 900 2847 977 2879; x_wconf 88' lang='lat' dir='ltr'>ead.</span> <span class='ocrx_word' id='word_1_457' title='bbox 998 2855 1044 2879; x_wconf 91' lang='lat' dir='ltr'>m.</span> <span class='ocrx_word' id='word_1_458' title='bbox 1065 2848 1156 2887; x_wconf 79' lang='lat' dir='ltr'>que);</span> <span class='ocrx_word' id='word_1_459' title='bbox 1183 2848 1268 2879; x_wconf 79' lang='lat' dir='ltr'>idem</span> <span class='ocrx_word' id='word_1_460' title='bbox 1292 2848 1315 2879; x_wconf 86' lang='lat' dir='ltr'>E</span> <span class='ocrx_word' id='word_1_461' title='bbox 1344 2865 1378 2870; x_wconf 90' lang='lat'>—</span> <span class='ocrx_word' id='word_1_462' title='bbox 1406 2849 1435 2879; x_wconf 78' lang='lat'>7.</span> <span class='ocrx_word' id='word_1_463' title='bbox 1462 2849 1496 2880; x_wconf 83' lang='lat' dir='ltr'>in</span> <span class='ocrx_word' id='word_1_464' title='bbox 1518 2849 1568 2881; x_wconf 79' lang='lat' dir='ltr'>his</span> <span class='ocrx_word' id='word_1_465' title='bbox 1591 2849 1621 2883; x_wconf 63' lang='grc' dir='ltr'><em>Ἡ</em></span> <span class='ocrx_word' id='word_1_466' title='bbox 1648 2869 1683 2874; x_wconf 84' lang='grc'><strong>-</strong></span> <span class='ocrx_word' id='word_1_467' title='bbox 1709 2856 1741 2885; x_wconf 79' lang='grc' dir='ltr'>ει</span> <span class='ocrx_word' id='word_1_468' title='bbox 1762 2863 1833 2886; x_wconf 90' lang='lat' dir='ltr'>om.</span> <span class='ocrx_word' id='word_1_469' title='bbox 1852 2855 1893 2886; x_wconf 88' lang='lat' dir='ltr'>V¹</span> 
     </span>
     <span class='ocr_line' id='line_1_44' title="bbox 125 2895 1889 2944; baseline 0.007 -19"><span class='ocrx_word' id='word_1_470' title='bbox 125 2909 160 2918; x_wconf 77' lang='lat'>-</span> <span class='ocrx_word' id='word_1_471' title='bbox 187 2895 218 2926; x_wconf 83' lang='lat'>9.</span> <span class='ocrx_word' id='word_1_472' title='bbox 244 2895 369 2927; x_wconf 75' lang='lat' dir='ltr'>altiora</span> <span class='ocrx_word' id='word_1_473' title='bbox 392 2905 522 2934; x_wconf 83' lang='lat' dir='ltr'>eorum,</span> <span class='ocrx_word' id='word_1_474' title='bbox 550 2897 606 2935; x_wconf 78' lang='lat' dir='ltr'>qui</span> <span class='ocrx_word' id='word_1_475' title='bbox 623 2913 670 2920; x_wconf 85' lang='lat'>-—</span> <span class='ocrx_word' id='word_1_476' title='bbox 686 2899 749 2928; x_wconf 70' lang='lat' dir='ltr'>aer</span> <span class='ocrx_word' id='word_1_477' title='bbox 771 2898 811 2929; x_wconf 78' lang='lat' dir='ltr'>sit</span> <span class='ocrx_word' id='word_1_478' title='bbox 833 2906 951 2929; x_wconf 78' lang='lat' dir='ltr'>rursus</span> <span class='ocrx_word' id='word_1_479' title='bbox 975 2906 1015 2929; x_wconf 87' lang='lat' dir='ltr'>ac</span> <span class='ocrx_word' id='word_1_480' title='bbox 1038 2901 1166 2937; x_wconf 71' lang='lat' dir='ltr'>tenues,</span> <span class='ocrx_word' id='word_1_481' title='bbox 1193 2907 1294 2938; x_wconf 78' lang='lat' dir='ltr'>quam</span> <span class='ocrx_word' id='word_1_482' title='bbox 1311 2915 1359 2921; x_wconf 90' lang='lat'>--</span> <span class='ocrx_word' id='word_1_483' title='bbox 1375 2903 1525 2930; x_wconf 78' lang='lat' dir='ltr'>concreto</span> <span class='ocrx_word' id='word_1_484' title='bbox 1549 2901 1679 2933; x_wconf 85' lang='lat' dir='ltr'>Nonius</span> <span class='ocrx_word' id='word_1_485' title='bbox 1703 2911 1735 2944; x_wconf 80' lang='lat' dir='ltr'>p.</span> <span class='ocrx_word' id='word_1_486' title='bbox 1757 2904 1832 2937; x_wconf 78' lang='lat'><strong>263.</strong></span> <span class='ocrx_word' id='word_1_487' title='bbox 1853 2923 1889 2928; x_wconf 91' lang='lat'><strong>—</strong></span> 
     </span>
     <span class='ocr_line' id='line_1_45' title="bbox 124 2942 1889 2988; baseline 0.007 -14"><span class='ocrx_word' id='word_1_488' title='bbox 124 2942 176 2975; x_wconf 75' lang='lat'>43.</span> <span class='ocrx_word' id='word_1_489' title='bbox 201 2947 232 2975; x_wconf 79' lang='lat' dir='ltr'>ct</span> <span class='ocrx_word' id='word_1_490' title='bbox 254 2953 323 2977; x_wconf 85' lang='lat' dir='ltr'>om.</span> <span class='ocrx_word' id='word_1_491' title='bbox 342 2947 366 2978; x_wconf 91' lang='lat' dir='ltr'>P</span> <span class='ocrx_word' id='word_1_492' title='bbox 387 2963 421 2969; x_wconf 78' lang='lat'>——</span> <span class='ocrx_word' id='word_1_493' title='bbox 447 2947 632 2978; x_wconf 80' lang='lat' dir='ltr'>aetheream</span> <span class='ocrx_word' id='word_1_494' title='bbox 655 2948 769 2978; x_wconf 68' lang='lat' dir='ltr'>viandi</span> <span class='ocrx_word' id='word_1_495' title='bbox 790 2952 921 2988; x_wconf 73' lang='lat' dir='ltr'>partem</span> <span class='ocrx_word' id='word_1_496' title='bbox 945 2948 970 2980; x_wconf 93' lang='lat' dir='ltr'>O</span> <span class='ocrx_word' id='word_1_497' title='bbox 998 2964 1033 2970; x_wconf 89' lang='lat'>-</span> <span class='ocrx_word' id='word_1_498' title='bbox 1060 2948 1207 2979; x_wconf 70' lang='lat' dir='ltr'>incolunt</span> <span class='ocrx_word' id='word_1_499' title='bbox 1231 2948 1269 2978; x_wconf 88' lang='lat' dir='ltr'>V¹</span> <span class='ocrx_word' id='word_1_500' title='bbox 1291 2965 1325 2969; x_wconf 83' lang='lat'>—</span> <span class='ocrx_word' id='word_1_501' title='bbox 1354 2948 1406 2980; x_wconf 59' lang='lat' dir='ltr'>ll.</span> <span class='ocrx_word' id='word_1_502' title='bbox 1432 2949 1600 2981; x_wconf 77' lang='lat' dir='ltr'>wnoribus</span> <span class='ocrx_word' id='word_1_503' title='bbox 1622 2960 1690 2984; x_wconf 85' lang='lat' dir='ltr'>scr.</span> <span class='ocrx_word' id='word_1_504' title='bbox 1710 2962 1792 2986; x_wconf 89' lang='lat' dir='ltr'>cum</span> <span class='ocrx_word' id='word_1_505' title='bbox 1807 2956 1835 2986; x_wconf 88' lang='lat' dir='ltr'><strong>A</strong></span> <span class='ocrx_word' id='word_1_506' title='bbox 1853 2972 1889 2978; x_wconf 90' lang='grc'><strong>-</strong></span> 
     </span>
     <span class='ocr_line' id='line_1_46' title="bbox 124 2994 1890 3038; baseline 0.007 -14"><span class='ocrx_word' id='word_1_507' title='bbox 124 2994 177 3025; x_wconf 76' lang='grc'>46.</span> <span class='ocrx_word' id='word_1_508' title='bbox 194 2995 275 3026; x_wconf 70' lang='lat' dir='ltr'>nihil</span> <span class='ocrx_word' id='word_1_509' title='bbox 298 2999 343 3027; x_wconf 76' lang='lat' dir='ltr'>est</span> <span class='ocrx_word' id='word_1_510' title='bbox 366 2998 451 3028; x_wconf 79' lang='lat' dir='ltr'>enim</span> <span class='ocrx_word' id='word_1_511' title='bbox 473 3001 509 3029; x_wconf 81' lang='lat' dir='ltr'>ut</span> <span class='ocrx_word' id='word_1_512' title='bbox 532 2999 716 3029; x_wconf 73' lang='lat' dir='ltr'>orationem</span> <span class='ocrx_word' id='word_1_513' title='bbox 738 3007 875 3030; x_wconf 82' lang='lat' dir='ltr'>numero</span> <span class='ocrx_word' id='word_1_514' title='bbox 890 2999 1169 3030; x_wconf 72' lang='lat' dir='ltr'>--temerarium</span> <span class='ocrx_word' id='word_1_515' title='bbox 1192 2999 1323 3029; x_wconf 86' lang='lat' dir='ltr'>Nonius</span> <span class='ocrx_word' id='word_1_516' title='bbox 1348 3008 1381 3038; x_wconf 86' lang='lat' dir='ltr'>p.</span> <span class='ocrx_word' id='word_1_517' title='bbox 1402 2998 1476 3030; x_wconf 73' lang='lat'>352.</span> <span class='ocrx_word' id='word_1_518' title='bbox 1498 3015 1533 3022; x_wconf 90' lang='lat'>-</span> <span class='ocrx_word' id='word_1_519' title='bbox 1554 3001 1605 3032; x_wconf 71' lang='lat'>20.</span> <span class='ocrx_word' id='word_1_520' title='bbox 1625 3003 1788 3035; x_wconf 80' lang='lat' dir='ltr'>uarietate</span> <span class='ocrx_word' id='word_1_521' title='bbox 1811 3006 1835 3036; x_wconf 93' lang='lat' dir='ltr'>P</span> <span class='ocrx_word' id='word_1_522' title='bbox 1855 3022 1890 3028; x_wconf 94' lang='grc'>-</span> 
     </span>
     <span class='ocr_line' id='line_1_47' title="bbox 123 3043 1894 3088; baseline 0.007 -14"><span class='ocrx_word' id='word_1_523' title='bbox 123 3043 178 3075; x_wconf 72' lang='grc'>24.</span> <span class='ocrx_word' id='word_1_524' title='bbox 193 3046 239 3075; x_wconf 77' lang='lat' dir='ltr'>est</span> <span class='ocrx_word' id='word_1_525' title='bbox 253 3045 330 3085; x_wconf 90' lang='lat' dir='ltr'>(per</span> <span class='ocrx_word' id='word_1_526' title='bbox 346 3047 606 3088; x_wconf 87' lang='lat' dir='ltr'>compendium)</span> <span class='ocrx_word' id='word_1_527' title='bbox 624 3049 670 3079; x_wconf 78' lang='lat' dir='ltr'>A:</span> <span class='ocrx_word' id='word_1_528' title='bbox 697 3057 765 3081; x_wconf 89' lang='lat' dir='ltr'>om.</span> <span class='ocrx_word' id='word_1_529' title='bbox 785 3049 809 3080; x_wconf 92' lang='lat' dir='ltr'>B</span> <span class='ocrx_word' id='word_1_530' title='bbox 825 3050 848 3080; x_wconf 87' lang='lat' dir='ltr'>C</span> <span class='ocrx_word' id='word_1_531' title='bbox 865 3048 889 3080; x_wconf 81' lang='grc' dir='ltr'>Ε</span> <span class='ocrx_word' id='word_1_532' title='bbox 903 3050 926 3080; x_wconf 88' lang='grc' dir='ltr'>Ρ</span> <span class='ocrx_word' id='word_1_533' title='bbox 941 3049 967 3079; x_wconf 86' lang='lat' dir='ltr'>V</span> <span class='ocrx_word' id='word_1_534' title='bbox 981 3050 1005 3080; x_wconf 96' lang='lat' dir='ltr'>O</span> <span class='ocrx_word' id='word_1_535' title='bbox 1026 3065 1062 3071; x_wconf 81' lang='lat'>——</span> <span class='ocrx_word' id='word_1_536' title='bbox 1089 3049 1142 3080; x_wconf 73' lang='lat'>22.</span> <span class='ocrx_word' id='word_1_537' title='bbox 1168 3052 1294 3080; x_wconf 76' lang='lat' dir='ltr'>natura</span> <span class='ocrx_word' id='word_1_538' title='bbox 1318 3058 1408 3080; x_wconf 89' lang='lat' dir='ltr'>corr.</span> <span class='ocrx_word' id='word_1_539' title='bbox 1435 3058 1477 3081; x_wconf 78' lang='lat' dir='ltr'>ex</span> <span class='ocrx_word' id='word_1_540' title='bbox 1499 3054 1659 3083; x_wconf 79' lang='lat' dir='ltr'>naturam</span> <span class='ocrx_word' id='word_1_541' title='bbox 1682 3054 1706 3085; x_wconf 92' lang='lat' dir='ltr'>B</span> <span class='ocrx_word' id='word_1_542' title='bbox 1721 3072 1763 3077; x_wconf 93' lang='lat'><strong>—</strong></span> <span class='ocrx_word' id='word_1_543' title='bbox 1786 3054 1838 3087; x_wconf 77' lang='lat'>24.</span> <span class='ocrx_word' id='word_1_544' title='bbox 1858 3056 1894 3087; x_wconf 80' lang='lat' dir='ltr'>in</span> 
     </span>
     <span class='ocr_line' id='line_1_48' title="bbox 125 3093 1893 3145; baseline 0.007 -22"><span class='ocrx_word' id='word_1_545' title='bbox 125 3093 257 3125; x_wconf 77' lang='lat' dir='ltr'>sublime</span> <span class='ocrx_word' id='word_1_546' title='bbox 280 3093 310 3127; x_wconf 69' lang='lat' dir='ltr'>Ql</span> <span class='ocrx_word' id='word_1_547' title='bbox 333 3096 367 3127; x_wconf 85' lang='lat' dir='ltr'>h.</span> <span class='ocrx_word' id='word_1_548' title='bbox 394 3095 414 3128; x_wconf 94' lang='lat' dir='ltr'>l.</span> <span class='ocrx_word' id='word_1_549' title='bbox 441 3099 476 3129; x_wconf 89' lang='lat' dir='ltr'>et</span> <span class='ocrx_word' id='word_1_550' title='bbox 500 3097 518 3138; x_wconf 69' lang='lat' dir='ltr'>S</span> <span class='ocrx_word' id='word_1_551' title='bbox 545 3097 624 3131; x_wconf 70' lang='lat'>44¹:</span> <span class='ocrx_word' id='word_1_552' title='bbox 653 3098 758 3129; x_wconf 85' lang='lat' dir='ltr'>iidem</span> <span class='ocrx_word' id='word_1_553' title='bbox 782 3098 1079 3139; x_wconf 85' lang='lat' dir='ltr'>praepositionem</span> <span class='ocrx_word' id='word_1_554' title='bbox 1103 3099 1267 3130; x_wconf 86' lang='lat' dir='ltr'>omittunt</span> <span class='ocrx_word' id='word_1_555' title='bbox 1291 3098 1309 3139; x_wconf 65' lang='lat' dir='ltr'>g</span> <span class='ocrx_word' id='word_1_556' title='bbox 1335 3099 1408 3130; x_wconf 51' lang='lat'><strong>1101.</strong></span> <span class='ocrx_word' id='word_1_557' title='bbox 1436 3099 1486 3131; x_wconf 85' lang='lat' dir='ltr'>Cf.</span> <span class='ocrx_word' id='word_1_558' title='bbox 1506 3100 1524 3141; x_wconf 67' lang='grc'>5</span> <span class='ocrx_word' id='word_1_559' title='bbox 1543 3102 1617 3133; x_wconf 73' lang='grc'>447.</span> <span class='ocrx_word' id='word_1_560' title='bbox 1643 3104 1745 3135; x_wconf 90' lang='lat' dir='ltr'>Tusc.</span> <span class='ocrx_word' id='word_1_561' title='bbox 1764 3104 1893 3145; x_wconf 89' lang='lat' dir='ltr'>Disp.1</span> 
     </span>
     <span class='ocr_line' id='line_1_49' title="bbox 127 3143 1890 3192; baseline 0.005 -16"><span class='ocrx_word' id='word_1_562' title='bbox 127 3143 145 3183; x_wconf 71' lang='lat' dir='ltr'>S</span> <span class='ocrx_word' id='word_1_563' title='bbox 169 3143 222 3177; x_wconf 79' lang='lat'>40.</span> <span class='ocrx_word' id='word_1_564' title='bbox 254 3163 288 3168; x_wconf 95' lang='lat'><strong>—</strong></span> <span class='ocrx_word' id='word_1_565' title='bbox 314 3147 367 3178; x_wconf 77' lang='lat'>27.</span> <span class='ocrx_word' id='word_1_566' title='bbox 393 3155 459 3178; x_wconf 84' lang='lat' dir='ltr'>esse</span> <span class='ocrx_word' id='word_1_567' title='bbox 480 3149 590 3179; x_wconf 81' lang='lat' dir='ltr'>maior</span> <span class='ocrx_word' id='word_1_568' title='bbox 613 3148 638 3180; x_wconf 90' lang='grc' dir='ltr'><strong>Ο</strong></span> <span class='ocrx_word' id='word_1_569' title='bbox 666 3165 700 3169; x_wconf 89' lang='grc'><strong>-</strong></span> <span class='ocrx_word' id='word_1_570' title='bbox 732 3148 785 3179; x_wconf 60' lang='grc'>28.</span> <span class='ocrx_word' id='word_1_571' title='bbox 812 3149 920 3180; x_wconf 76' lang='lat' dir='ltr'>Restat</span> <span class='ocrx_word' id='word_1_572' title='bbox 943 3153 979 3180; x_wconf 75' lang='lat' dir='ltr'>ut</span> <span class='ocrx_word' id='word_1_573' title='bbox 1001 3153 1171 3181; x_wconf 74' lang='lat' dir='ltr'>motus—-</span> <span class='ocrx_word' id='word_1_574' title='bbox 1188 3158 1252 3182; x_wconf 80' lang='lat' dir='ltr'>esse</span> <span class='ocrx_word' id='word_1_575' title='bbox 1278 3153 1370 3190; x_wconf 67' lang='lat' dir='ltr'>neget</span> <span class='ocrx_word' id='word_1_576' title='bbox 1394 3150 1592 3184; x_wconf 87' lang='lat' dir='ltr'>Lactantius</span> <span class='ocrx_word' id='word_1_577' title='bbox 1617 3152 1701 3184; x_wconf 87' lang='lat' dir='ltr'>Inst.</span> <span class='ocrx_word' id='word_1_578' title='bbox 1727 3153 1767 3192; x_wconf 88' lang='grc' dir='ltr'>ΙΙ,</span> <span class='ocrx_word' id='word_1_579' title='bbox 1793 3154 1825 3184; x_wconf 84' lang='grc'>5.</span> <span class='ocrx_word' id='word_1_580' title='bbox 1854 3170 1890 3176; x_wconf 88' lang='grc'>-</span> 
     </span>
    </p>
   </div>
   <div class='ocr_carea' id='block_1_5' title="bbox 127 3191 1891 3282">
    <p class='ocr_par' dir='ltr' id='par_1_6' title="bbox 127 3191 1891 3282">
     <span class='ocr_line' id='line_1_50' title="bbox 127 3191 1891 3237; baseline 0.006 -13"><span class='ocrx_word' id='word_1_581' title='bbox 127 3191 180 3225; x_wconf 83' lang='grc'>30.</span> <span class='ocrx_word' id='word_1_582' title='bbox 200 3196 438 3233; x_wconf 79' lang='lat' dir='ltr'>procuratione</span> <span class='ocrx_word' id='word_1_583' title='bbox 461 3205 552 3229; x_wconf 87' lang='lat' dir='ltr'>corr.</span> <span class='ocrx_word' id='word_1_584' title='bbox 579 3206 621 3229; x_wconf 75' lang='lat' dir='ltr'>ex</span> <span class='ocrx_word' id='word_1_585' title='bbox 641 3197 871 3237; x_wconf 76' lang='lat' dir='ltr'>procreatione</span> <span class='ocrx_word' id='word_1_586' title='bbox 893 3199 918 3230; x_wconf 89' lang='lat' dir='ltr'>B</span> <span class='ocrx_word' id='word_1_587' title='bbox 945 3214 979 3221; x_wconf 89' lang='lat'>-—</span> <span class='ocrx_word' id='word_1_588' title='bbox 1007 3199 1059 3232; x_wconf 75' lang='lat'>32.</span> <span class='ocrx_word' id='word_1_589' title='bbox 1085 3207 1189 3232; x_wconf 77' lang='lat' dir='ltr'>sanae</span> <span class='ocrx_word' id='word_1_590' title='bbox 1212 3207 1276 3232; x_wconf 80' lang='lat' dir='ltr'>esse</span> <span class='ocrx_word' id='word_1_591' title='bbox 1298 3199 1415 3233; x_wconf 76' lang='lat' dir='ltr'>mentis</span> <span class='ocrx_word' id='word_1_592' title='bbox 1438 3200 1463 3233; x_wconf 95' lang='grc' dir='ltr'>Ο</span> <span class='ocrx_word' id='word_1_593' title='bbox 1485 3218 1519 3224; x_wconf 90' lang='grc'>-</span> <span class='ocrx_word' id='word_1_594' title='bbox 1545 3200 1598 3234; x_wconf 76' lang='lat'>34.</span> <span class='ocrx_word' id='word_1_595' title='bbox 1624 3202 1715 3236; x_wconf 80' lang='lat' dir='ltr'>Sane</span> <span class='ocrx_word' id='word_1_596' title='bbox 1736 3206 1839 3235; x_wconf 78' lang='lat' dir='ltr'>restat</span> <span class='ocrx_word' id='word_1_597' title='bbox 1863 3202 1891 3234; x_wconf 89' lang='lat' dir='ltr'>V</span> 
     </span>
     <span class='ocr_line' id='line_1_51' title="bbox 128 3246 914 3282; baseline 0.004 -5"><span class='ocrx_word' id='word_1_598' title='bbox 128 3258 170 3268; x_wconf 74' lang='lat'>—</span> <span class='ocrx_word' id='word_1_599' title='bbox 192 3246 433 3280; x_wconf 75' lang='lat' dir='ltr'>consideremus</span> <span class='ocrx_word' id='word_1_600' title='bbox 456 3255 547 3280; x_wconf 86' lang='lat' dir='ltr'>corr.</span> <span class='ocrx_word' id='word_1_601' title='bbox 574 3256 617 3280; x_wconf 82' lang='lat' dir='ltr'>ex</span> <span class='ocrx_word' id='word_1_602' title='bbox 639 3247 852 3282; x_wconf 75' lang='lat' dir='ltr'>conderemus</span> <span class='ocrx_word' id='word_1_603' title='bbox 874 3248 914 3281; x_wconf 89' lang='lat' dir='ltr'>V.</span> 
     </span>
    </p>
   </div>
  </div>
 </body>
</html>
