2249 3624
290 228 399 272 4008
1027 217 1325 274 cicERoms‘

287 348 502 374 numerum
541 334 747 374 distribuit
786 336 1013 374 animorum
1053 341 1093 373 et
1128 334 1309 385 singulos
1348 334 1531 374 adiunxit
1570 337 1620 375 ad
1662 337 1819 388 singula
1849 345 1971 390 atque
1997 341 2050 380 ita

289 398 404 448 quasi
441 399 481 436 in
516 410 679 436 currum
717 398 992 436 universitatis
1022 398 1202 448 inposuit
1237 399 1652 449 commonstravitque
1694 399 1807 449 leges
1834 400 1976 440 fatales
2004 415 2049 441 ac

288 462 546 499 necessarias
576 465 615 498 et
643 459 821 499 ostendit
848 461 1021 510 primum
1049 466 1181 498 ortum
1212 472 1336 498 unum
1367 461 1450 498 sore
1479 461 1669 499 omnibus
1699 474 1876 513 eumque
1906 463 2049 502 mode-

288 529 418 562 ratum
462 528 583 573 atque
626 528 879 560 constantem
920 535 997 560 nec
1038 522 1089 561 ab
1128 522 1209 560 ullo
1248 523 1514 571 inminutum,
1564 525 1661 562 satis
1704 530 1839 563 autem
1867 531 1906 563 et
1934 528 2048 576 quasi

236 599 254 627 5
287 590 442 636 sparsis
478 587 621 625 animis
652 585 734 622 fore
763 585 819 622 uti
849 586 972 622 certis
1002 591 1230 636 temporum
1258 584 1484 623 intervallis
1514 592 1700 624 oreretur
1729 587 1898 636 animal,
1940 589 2048 638 quod

287 653 399 686 esset
435 648 486 687 ad
529 647 680 685 cultum
709 646 878 685 deorum
908 647 1194 697 aptissumum.
1252 645 1333 685 Sed
1364 659 1455 684 cum
1484 646 1636 698 duplex
1666 654 1778 686 esset
1805 656 1948 689 natura
1976 663 2049 700 ge-

285 711 396 749 neris
427 710 608 759 humani,
640 710 699 747 sic
727 721 771 747 se
801 721 866 747 res
887 709 1089 757 habebat,
1121 716 1163 747 ut
1190 711 1469 760 praestantius
1497 722 1626 760 genus
1655 717 1768 750 esset
1787 725 1951 761 eorum,
1981 714 2048 764 qui

285 779 425 811 essent
466 773 584 811 futuri
626 772 713 810 viri.
772 772 874 810 Cum
915 778 1050 810 autem
1090 773 1248 810 animos
1287 773 1528 823 corporibus
1557 775 1803 812 necessitate
1831 775 2050 814 insevisset

285 847 460 886 cumque
488 833 539 873 ad
569 847 738 885 corpora
769 841 851 873 tum
881 836 1066 873 accessio
1097 835 1231 884 fieret,
1262 841 1345 873 tum
1376 835 1608 883 abscessio,
1646 837 1847 887 principio
1878 849 2048 876 necesse

238 913 268 940 ιο
283 904 370 937 erat
405 910 571 936 sensum
609 899 810 936 exsistere
848 911 972 936 unum
1011 910 1353 949 communemque
1397 901 1576 937 omnium
1603 900 1909 938 vehementiore
1937 907 2046 939 motu

283 961 503 998 excitatum
540 960 886 1011 coniunctumque
925 966 1120 1010 naturae,
1158 959 1309 999 deinde
1350 960 1559 1011 voluptate
1598 967 1638 999 et
1665 961 1851 1001 molestia
1879 962 2046 1001 mixtum

282 1035 484 1071 amorem,
524 1028 616 1073 post
652 1023 751 1061 iram
789 1028 828 1061 et
858 1028 1008 1061 metum
1039 1029 1078 1061 et
1106 1023 1286 1074 reliquos
1315 1029 1448 1061 motus
1477 1024 1626 1073 animi,
1657 1025 1826 1062 comites
1858 1026 2047 1076 superio-

281 1098 370 1124 rum
393 1091 433 1123 et
460 1085 520 1123 his
548 1086 670 1123 etiam
700 1086 901 1124 contrarie
930 1085 1205 1124 dissidentes:
1237 1097 1341 1136 quos
1370 1086 1437 1137 qui
1467 1087 1623 1124 ratione
1653 1087 1825 1135 rexerit,
1854 1087 1959 1125 iuste
1984 1087 2046 1125 vi-

281 1149 398 1196 xerit,
428 1148 496 1197 qui
523 1153 659 1186 autem
688 1147 736 1185 iis
760 1159 804 1185 se
823 1147 1041 1196 dediderit,
1061 1143 1224 1186 iniuste.
1256 1150 1390 1199 Atque
1409 1146 1491 1196 ille,
1514 1148 1581 1199 qui
1602 1154 1712 1186 recte
1733 1154 1856 1199 atque
1876 1148 2045 1187 honeste

230 1225 266 1253 ⁴5
281 1210 525 1249 curriculum
562 1209 725 1249 vivendi
753 1222 774 1249 a
808 1216 951 1249 natura
980 1209 1118 1249 datum
1148 1211 1389 1260 confecerit,
1433 1210 1484 1249 ad
1511 1210 1611 1249 illud
1641 1216 1822 1260 astrum,
1869 1222 2045 1261 quocum

280 1279 399 1324 aptus
438 1273 574 1321 fuerit,
617 1278 859 1311 revertetur.
916 1273 991 1320 Qui
1033 1278 1170 1311 autem
1211 1271 1464 1312 inmoderate
1507 1279 1547 1311 et
1588 1274 1856 1324 intemperate
1885 1274 2043 1323 vixerit,

278 1350 372 1376 eum
401 1336 608 1374 secundus
636 1341 748 1374 ortus
777 1336 814 1374 in
845 1336 1014 1386 figuram
1043 1336 1284 1374 muliebrem
1322 1336 1553 1375 transferet.
1607 1336 1669 1384 Et,
1700 1336 1733 1374 si
1760 1348 1812 1374 ne
1840 1342 1922 1374 turn
1952 1337 2045 1386 qui-

278 1400 371 1438 dem
407 1399 529 1437 linem
565 1399 750 1437 vitiorum
788 1399 924 1447 saciet,
962 1399 1125 1449 gravius
1169 1400 1290 1437 etiam
1331 1398 1550 1438 i;‚:etabitur
1590 1405 1630 1437 et
1668 1399 1708 1436 in
1745 1399 1830 1436 suis
1863 1397 2043 1436 moribus

277 1461 500 1501 simillimas
529 1461 678 1511 figuras
708 1460 912 1512 pecudum
942 1467 982 1499 et
1008 1461 1185 1500 ferarum
1216 1461 1484 1500 transferetur
1512 1472 1646 1511 neque
1676 1461 1893 1499 terminum
1915 1459 2044 1499 malo-

226 1537 263 1566 20
278 1537 364 1563 rum
394 1525 508 1574 prius
537 1523 709 1574 aspiciet
736 1535 858 1573 quam
886 1523 995 1561 illam
1023 1523 1141 1573 sequi
1170 1523 1351 1573 coeperit
1378 1524 1689 1562 conversionem
1709 1553 1717 1569 ,
1761 1534 1883 1573 quam
1911 1523 2041 1561 habe—

276 1587 347 1625 bat
383 1587 421 1624 in
451 1598 495 1624 se
524 1586 612 1636 ipse
640 1585 823 1623 eiusdem
854 1592 893 1624 et
922 1586 1062 1624 similis
1090 1587 1270 1625 innatam
1300 1591 1340 1624 et
1367 1587 1542 1625 insitam.
1599 1585 1718 1633 Quod
1747 1591 1830 1623 tum
1868 1585 2041 1634 eveniet,

278 1662 368 1689 cum
405 1648 494 1697 illa,
535 1660 639 1699 quae
670 1661 719 1686 ex
748 1649 851 1699 igni,
885 1650 1037 1698 anima,
1068 1661 1194 1699 aqua,
1228 1654 1336 1687 terra
1364 1648 1597 1687 turbulenta
1627 1654 1667 1687 et
1692 1648 1859 1686 rationis
1892 1659 2043 1699 exper-

276 1714 330 1752 tia
357 1711 611 1760 insederint,
642 1713 797 1750 ratione
826 1711 1030 1763 depulerit
1058 1717 1095 1750 et
1121 1711 1173 1750 ad
1202 1713 1374 1762 primam
1403 1718 1525 1762 atque
1556 1712 1749 1763 optimam
1788 1710 2043 1748 affectionem

275 1775 396 1814 animi
424 1775 671 1825 pervenerit.
727 1775 825 1812 XIII.
858 1776 971 1821 Quae
1000 1786 1090 1812 cum
1119 1774 1171 1812 ita
1201 1774 1461 1824 designasset
1489 1786 1689 1824 seseque,
1720 1773 1753 1811 si
1775 1771 1874 1823 quid
1893 1777 2039 1823 postea

225 1836 428 1878 25sraudis
468 1842 537 1875 aut
576 1837 659 1875 vitii
696 1838 923 1886 evenisset,
969 1843 1082 1875 extra
1125 1849 1286 1874 omnem
1330 1835 1490 1887 culpam
1532 1847 1782 1886 causamque
1819 1835 2038 1885 posuisset,

274 1900 373 1940 alios
401 1900 442 1937 in
472 1905 643 1949 terram,
674 1899 773 1939 alios
801 1901 839 1938 in
867 1899 1026 1946 lunam,
1057 1899 1157 1938 alios
1186 1903 1224 1937 in
1253 1898 1433 1949 reliquas
1462 1898 1601 1937 mundi
1629 1904 1789 1950 parteS,
1820 1910 1925 1948 quae
1947 1902 2041 1936 sunt

274 1958 325 1999 ad
353 1959 576 2010 spatiorum
605 1961 800 2010 temporis
837 1959 1174 2008 significationem
1203 1956 1356 2011 [notae]
1389 1958 1653 2007 constitutae,
1695 1971 1895 2010 spargens
1924 1960 2040 2010 quasi

274 2022 452 2061 serebat.
507 2022 602 2059 Post
629 2025 763 2058 autem
793 2032 881 2058 eam
911 2019 1111 2057 sationem
1140 2017 1224 2067 dis,
1256 2024 1299 2056 ut
1326 2019 1380 2056 ita
1408 2019 1564 2067 dicam,
1595 2018 1825 2057 iunioribus
1854 2019 2040 2070 permisit

273 2091 317 2124 ut
355 2096 525 2135 corpora
567 2082 749 2121 mortalia
791 2082 1032 2131 effingerent
1067 2086 1349 2131 quantumque
1395 2086 1506 2118 esset
1538 2079 1742 2131 reliquum
1776 2092 1826 2119 ex
1865 2081 2039 2120 humano

223 2160 259 2190 30
273 2149 430 2196 animo,
460 2144 571 2197 quod
599 2144 771 2182 deberet
798 2142 1017 2192 accedere,
1048 2142 1089 2180 id
1116 2154 1236 2180 omne
1266 2148 1305 2181 et
1332 2154 1437 2193 quae
1467 2142 1761 2192 consequentia
1783 2148 1923 2181 essent
1942 2155 2038 2194 per-

272 2210 450 2261 polirent
494 2215 534 2247 et
573 2207 861 2256 absolverent,
904 2206 1053 2244 deinde
1096 2211 1138 2245 ut
1175 2206 1265 2244 huic
1294 2205 1486 2244 animanti
1514 2205 1722 2256 principes
1751 2218 1794 2244 se
1822 2205 2035 2256 ducesque

359 2363 388 2393 4.
418 2360 592 2392 adiuncxit
623 2361 649 2391 A
681 2377 713 2381 -
745 2359 776 2390 5.
806 2362 957 2390 oreretur
973 2354 1113 2389 A¹B¹V:
1145 2355 1496 2389 oriretur-A2B2EGO
1528 2374 1562 2380 -
1591 2357 1621 2389 6.
1654 2358 1734 2389 Post
1755 2366 1788 2388 V.
1821 2358 2038 2396 aptissumum

271 2411 304 2442 in
323 2412 346 2443 C
361 2412 416 2443 EG
430 2411 589 2451 sequitur
605 2418 682 2449 cap.
703 2408 754 2440 44.
775 2417 806 2448 p.
828 2408 922 2445 4009,
944 2408 982 2438 47
1001 2416 1079 2448 sqq.
1115 2426 1147 2429 —
1175 2408 1204 2438 7.
1224 2406 1386 2437 habebant
1402 2407 1424 2438 B
1445 2424 1479 2429 —
1503 2406 1533 2438 8.
1565 2408 1693 2437 animos
1708 2406 1901 2446 corporibus
1918 2407 2036 2438 Perio-

271 2462 365 2493 nius:
389 2462 509 2492 animis
534 2468 678 2499 corpora
700 2461 722 2490 A
738 2459 815 2494 BG,
845 2458 975 2488 animus
992 2466 1135 2496 corpora
1152 2457 1191 2494 V,
1222 2457 1348 2488 amicus
1364 2457 1547 2495 corporali
1585 2475 1618 2479 —
1656 2457 1845 2488 necessitate
1874 2457 1966 2488 ΑΒΕ
1996 2457 2033 2497 (Α

271 2514 347 2552 post
378 2511 548 2552 syllabam
578 2509 745 2547 erasam):
783 2511 852 2539 tum
876 2508 1063 2538 necessitate
1087 2507 1158 2543 GV,
1189 2506 1286 2547 [cuni]
1314 2506 1501 2537 necessitate
1530 2507 1554 2536 O
1583 2524 1616 2528 —
1646 2507 1844 2537 insevisset-
1862 2515 2037 2545 -corpora

269 2566 337 2593 tum
372 2570 440 2592 om.
471 2562 495 2591 G
523 2578 555 2582 —-
588 2560 619 2591 9.
649 2568 791 2597 corpora
822 2557 1010 2589 Manutius:
1041 2565 1184 2596 corpora
1211 2557 1398 2587 necessitate
1425 2557 1507 2593 (ΣΕ,
1540 2564 1683 2594 corpora
1711 2555 1919 2597 [necessitate]
1945 2557 1970 2587 O
1998 2574 2031 2579 —

269 2616 337 2642 tum
363 2608 449 2642 Α’-Έῑ
477 2618 551 2640 cum
576 2610 612 2647 E,
638 2618 708 2640 om.
730 2605 805 2639 A¹V
841 2625 875 2630 —-
907 2607 959 2637 ll.
992 2608 1176 2638 emt-ilatum
1197 2607 1470 2645 coniunctmnque
1499 2606 1696 2637 perionius:
1725 2606 1872 2637 eaecitato
1897 2607 2035 2637 coniun-

268 2664 383 2701 ctaque
407 2659 500 2690 ΠΕΟ
541 2677 574 2681 —
611 2659 661 2689 42.
692 2658 746 2688 ira
768 2660 797 2688 et
820 2659 908 2688 metu
932 2657 956 2686 C
971 2656 1028 2687 EG
1065 2674 1106 2679 —
1141 2660 1244 2687 motos
1268 2655 1340 2686 ΑΒ1
1381 2672 1416 2678 -
1448 2656 1499 2686 43.
1528 2655 1577 2685 his
1605 2656 1647 2685 C:
1676 2655 1737 2685 hiis
1768 2656 1844 2693 EG,
1877 2656 1917 2686 iis
1945 2656 1969 2687 O
1996 2672 2030 2677 —

266 2710 433 2741 contrarie
468 2709 570 2740 llenr.
605 2708 818 2748 Stephanus:
861 2707 1046 2737 contrarios
1081 2706 1173 2736 CEG
1204 2722 1238 2727 —
1280 2706 1362 2736 iuste
1395 2706 1518 2736 via-erit
1557 2705 1589 2735 in
1631 2713 1739 2744 marg.
1782 2704 1889 2736 habet
1926 2714 1943 2735 a
1983 2713 2031 2735 m.

268 2763 387 2791 vetere
407 2762 429 2790 Α
452 2776 485 2781 -
516 2757 567 2789 44.
598 2758 755 2789 dediderit
772 2755 960 2787 Lambinus
979 2757 1024 2793 (et
1041 2755 1117 2786 fort.
1137 2755 1194 2793 Α);
1221 2756 1344 2786 dederit
1360 2756 1418 2786 EG
1432 2756 1470 2793 V,
1501 2755 1647 2786 dederint
1674 2755 1697 2785 B
1729 2771 1762 2776 —
1791 2758 1889 2794 atque
1907 2754 2034 2785 honeste

270 2810 379 2841 GEG:
407 2812 436 2840 et
457 2809 583 2838 honeste
605 2808 630 2838 O
657 2824 689 2829 —-
722 2807 773 2838 47.
804 2806 1000 2845 transferret
1029 2802 1104 2836 EV¹
1135 2821 1170 2826 —
1200 2808 1230 2836 et
1244 2806 1271 2835 si
1287 2814 1325 2836 ne
1342 2805 1437 2836 ABE
1454 2803 1512 2834 V¹:
1538 2808 1567 2835 et
1590 2804 1635 2834 sic
1658 2812 1697 2835 ne
1720 2801 1797 2834 GV2
1824 2820 1859 2824 —
1890 2803 1939 2833 49.
1966 2806 2034 2833 ter-

209 2887 221 2901 ,
267 2860 393 2889 minum
427 2858 591 2888 matorum
625 2857 736 2888 CEG:
773 2857 939 2887 matorum
974 2855 1148 2886 terminum
1172 2855 1197 2885 O
1224 2872 1258 2876 —
1296 2855 1348 2886 20.
1374 2854 1511 2885 habebat
1536 2853 1575 2885 Α2
1589 2853 1678 2884 13213:
1707 2852 1801 2883 habet
1825 2854 1876 2891 ΑΙ,
1907 2851 2032 2883 habebit

270 2907 382 2939 B¹GV
408 2924 441 2928 —
468 2907 521 2938 2⁴.
548 2910 578 2937 et
600 2907 657 2937 uni
679 2907 793 2937 similis
817 2906 877 2936 CF,
910 2922 942 2925 ——
980 2903 1111 2935 eueniat
1147 2904 1182 2934 Βι
1219 2920 1251 2924 —-
1289 2905 1342 2935 22.
1380 2905 1505 2939 anima,
1542 2911 1644 2941 aqua,
1680 2905 1772 2933 terra
1812 2901 2031 2942 Wesenberg

269 2958 323 2997 (ad
348 2958 446 2988 Tusc.
476 2956 568 2996 Disp.
598 2958 685 2987 Part.
713 2957 766 2987 lll.
794 2966 826 2997 p.
854 2955 893 2986 49
918 2956 982 2992 nli:
1012 2953 1127 2984 aninia
1150 2956 1250 2991 atque
1272 2956 1366 2984 terra
1396 2954 1512 2989 CEG,
1541 2954 1668 2989 anima,
1694 2961 1785 2992 aqua
1808 2954 1909 2992 atque
1939 2955 2030 2983 terra

269 3018 349 3041 cum
385 3007 534 3038 Victorio
569 3006 594 3036 Ο
632 3023 664 3027 —
701 3008 838 3044 experta
870 3003 1035 3034 CEG1-
1073 3001 1125 3033 23.
1158 3002 1288 3033 ratione
1326 3003 1438 3034 CEG:
1476 3003 1615 3042 denique
1652 3003 1781 3033 ratione
1819 3001 1844 3032 O
1885 3018 1918 3023 —-
1954 3002 2031 3041 effe—

266 3059 403 3089 ctionem
431 3052 537 3087 BEV¹
569 3073 601 3077 —
642 3055 695 3085 26.
731 3053 822 3094 alios]
852 3053 997 3091 aliosque
1025 3051 1237 3088 A2B²EGV,
1277 3052 1431 3092 alioquae
1458 3052 1509 3090 A¹‚
1539 3052 1671 3090 alioque
1697 3050 1732 3082 B*
1773 3069 1806 3074 -
1844 3051 1878 3081 in
1905 3054 2029 3082 terram

268 3107 467 3139 perionius:
493 3106 528 3135 in
550 3108 642 3135 terra
666 3104 814 3141 BEGV,
840 3105 931 3133 intra
955 3104 979 3133 Α
1008 3118 1042 3123 -
1068 3101 1102 3131 in
1132 3101 1245 3132 lunam
1279 3103 1475 3133 l‘cri0nIus:
1515 3101 1550 3132 in
1580 3101 1660 3131 luna
1685 3101 1780 3132 CEG
1807 3117 1842 3123 -
1869 3100 1921 3131 27.
1948 3103 2029 3131 tem-

265 3158 358 3197 poris
380 3157 475 3196 siyna
491 3157 520 3184 et
534 3157 630 3183 nolae
655 3154 713 3184 (11⁴2
724 3156 747 3183 G
774 3154 881 3192 (notae
905 3150 973 3182 del.
1002 3149 1184 3186 Halmius.)
1213 3168 1246 3172 —-
1273 3152 1325 3182 28.
1352 3161 1425 3182 eam
1448 3151 1606 3181 sationem
1631 3151 1654 3181 C
1672 3150 1751 3181 EG:
1777 3151 1934 3181 sationem
1956 3158 2029 3180 eam

271 3207 295 3237 O
316 3223 350 3227 —
375 3206 427 3236 29.
447 3206 547 3234 essent
566 3199 634 3232 l3¹G
648 3202 672 3232 V
695 3220 726 3223 »-
753 3203 805 3232 30.
840 3203 950 3232 animo
982 3209 1052 3232 om.
1084 3199 1123 3231 A¹
1146 3216 1188 3223 —
1222 3202 1375 3232 accedere
1406 3200 1497 3232 Α“Β2
1509 3201 1586 3230 GV:
1615 3201 1779 3231 accederet
1807 3200 1855 3235 13¹.
1882 3199 2029 3230 accidere

271 3255 345 3286 A²E
382 3272 414 3276 ——
448 3252 649 3292 perpolirent
679 3253 702 3282 Α
730 3253 781 3290 (ex
806 3250 1034 3289 correctione)
1066 3250 1151 3281 B²Et
1179 3250 1338 3289 petierent
1363 3250 1410 3287 13¹,
1434 3251 1647 3290 per-uiuerent
1674 3249 1736 3280 GV
1764 3267 1797 3271 —
1823 3248 1876 3279 34.
1901 3251 1937 3279 ut
1965 3256 2026 3278 su-

272 3312 404 3347 perscr.
424 3302 530 3334 habet
546 3299 597 3340 A²‚
616 3308 686 3334 om.
709 3303 731 3331 G
745 3301 769 3330 V
796 3317 828 3322 -
853 3300 1018 3340 principes
1039 3308 1071 3332 se
1094 3300 1252 3339 ducesque
1268 3300 1456 3332 Manutius:
1471 3300 1656 3340 principem
1672 3308 1703 3330 se
1719 3299 1895 3338 ducemque
1919 3296 2022 3329 CEG.
