2249 3624
695 147 784 188 Lm.
806 147 836 186 I.
879 146 976 188 Cn.
993 145 1233 187 Vl—vlll.
1273 143 1333 199 §§
1356 142 1550 185 47—26.
1928 142 2009 184 647

245 261 339 297 vata
366 254 483 295 nulla
512 259 676 301 natura,
710 253 784 294 sed
815 260 887 294 aut
917 259 1054 293 vetere
1086 252 1374 305 occupatione,
1406 256 1453 292 ut
1483 251 1554 305 qui
1583 251 1796 305 quondam
1819 252 1861 291 in
1882 264 2012 292 vacua

246 322 462 364 venerunt,
494 321 566 356 aut
594 316 784 363 victoria,
815 322 861 356 ut
892 316 964 370 qui
996 315 1108 355 bello
1140 315 1261 370 potiti
1293 320 1404 362 sunt,
1437 321 1508 355 aut
1539 314 1644 367 lege,
1678 314 1882 368 pactione,
1915 326 2012 352 con-

246 379 417 426 ditione,
449 385 583 420 sorte:
616 392 669 419 ex
701 393 784 432 quo
816 376 860 419 sit
890 385 934 419 ut
964 391 1063 430 ager
1093 378 1272 431 Arpinas
1302 378 1567 430 Arpinatium
1601 377 1781 424 dicatur,
1813 376 2013 415 Tuscula-

246 455 323 482 nus
355 442 711 488 Tusculanorum
764 441 999 494 similisque
1039 447 1100 480 est
1136 441 1392 494 privatarum
1430 441 1744 494 possessionum
1783 439 2012 490 discriptio.

244 505 308 545 Ex
338 516 436 557 quo,
467 504 566 557 quia
596 517 717 543 suum
749 504 955 556 cuiusque
989 500 1044 549 fit,
1077 517 1235 549 eorum,
1268 516 1374 556 quae
1406 511 1553 543 natura
1575 502 1739 542 fuerant
1760 501 2044 547 communia,5

245 565 358 619 quod
390 566 544 619 cuique
575 566 737 619 optigit,
769 565 810 604 id
843 566 1027 619 quisque
1051 571 1211 605 teneat:
1246 566 1309 616 ’ἴε
1331 580 1415 618 quo
1439 569 1473 605 si
1497 567 1592 618 quis
1620 565 1698 604 sibi
1722 569 1902 616 appetet,
1926 563 2014 602 vio-

244 628 350 669 labit
378 629 440 669 ius
471 629 677 668 humanae
711 628 936 668 societatis.
1009 625 1077 667 2⁹2.
1122 628 1202 667 Sed
1237 630 1457 680 quoniam,
1497 634 1542 668 ut
1574 628 1785 681 praeclare
1816 627 2014 679 scriptum

246 697 309 732 est
338 704 361 731 a
383 692 570 739 Platone,
602 705 685 731 non
719 691 840 730 nobis
872 690 1005 729 solum
1038 691 1122 729 nati
1157 704 1299 730 sumus
1331 698 1531 744 ortusque
1555 691 1681 730 nostri
1706 695 1863 743 partem
1886 688 2017 740 patria

246 752 443 801 vindicat,
475 760 635 807 partem
667 753 802 800 amici,
834 758 958 806 atque
989 758 1035 791 ut
1067 753 1203 806 placet
1234 753 1398 801 Stoicis,
1435 767 1540 807 quae
1574 754 1614 792 in
1646 753 1766 792 terris
1794 753 2016 804 gignantur

247 815 299 856 ad
331 830 453 856 usum
483 816 700 856 hominum
733 815 873 855 omnia
904 815 1058 862 creari,
1100 816 1290 855 homines
1329 821 1465 856 autem
1507 816 1724 856 hominum
1763 826 1887 853 causa
1925 823 2067 853 esseio

248 885 490 931 generatos,
532 884 576 918 ut
615 878 694 930 ipsi
732 878 840 917 inter
877 890 920 916 se
952 878 1044 917 aliis
1076 877 1146 917 alii
1180 879 1377 928 prodesse
1410 886 1602 932 possent,
1643 879 1686 917 in
1718 878 1797 917 hoc.
1830 881 2017 915 naturam

249 942 450 982 debemus
481 941 631 981 ducem
663 941 798 994 sequi,
830 953 1073 979 communes
1105 940 1305 981 utilitates
1337 943 1379 982 in
1410 943 1594 981 medium
1619 942 1768 981 afferre
1791 939 2019 978 mutatione

249 1001 504 1050 officiorum,
539 1002 677 1043 dando
710 1003 977 1054 accipiendo,
1013 1008 1098 1041 tum
1130 1003 1309 1050 artibus,
1342 1009 1426 1043 tum
1461 1017 1601 1056 opera,
1635 1010 1719 1043 tum
1752 1000 2020 1041 facultatibus

249 1065 463 1106 devincire
496 1066 712 1105 hominum
744 1064 851 1104 inter
882 1063 1071 1104 homines
1103 1065 1361 1105 societatem.
1422 1065 1487 1105 ¹⁴23.
1520 1066 1854 1106 Fundan‘ientum
1881 1068 2020 1102 autem

248 1134 313 1168 est
342 1129 526 1168 iustitiae
557 1128 676 1174 fides,
708 1127 750 1166 id
783 1132 847 1166 est
879 1128 1083 1166 dictorum
1116 1134 1505 1182 conventorumque
1530 1130 1762 1168 constantia
1793 1132 1833 1165 et
1855 1126 2071 1165 ve1·itas.45

247 1191 313 1230 Ex
343 1204 437 1244 quo,
471 1203 727 1245 quamquam
758 1190 837 1229 hoc
868 1189 1078 1228 videbitur
1107 1188 1286 1229 fortasse
1319 1191 1499 1243 cuipiam
1524 1192 1683 1237 durius,
1706 1197 1843 1230 tamen
1866 1187 2022 1228 audea-

250 1267 340 1294 mus
372 1254 523 1293 imitari
547 1254 724 1299 Stoicos,
760 1253 832 1305 qui
866 1253 1053 1292 studiose
1087 1253 1325 1305 exquirunt,
1359 1254 1470 1293 unde
1505 1255 1628 1293 verba
1661 1255 1741 1294 sint
1773 1253 1910 1298 ducta,
1933 1264 2022 1290 cre-

249 1317 506 1370 damusque,
548 1318 645 1369 quia
675 1315 801 1362 fiat,
846 1314 960 1366 quod
993 1315 1148 1354 dictum
1181 1321 1265 1362 est,
1306 1316 1558 1368 appellatam
1591 1316 1767 1356 fidem.

365 1380 448 1420 Sed
482 1379 714 1419 iniustitiae
747 1390 898 1431 genera
932 1377 1015 1417 duo
1047 1383 1165 1417 sunt:
1197 1392 1326 1417 unum
1351 1391 1509 1425 eorum,
1532 1379 1602 1432 qui
1626 1378 1824 1424 inferunt,
1847 1377 2022 1417 alterum

251 1456 410 1490 eorum,
443 1444 514 1496 qui
548 1442 598 1482 ab
630 1442 694 1488 iis,
728 1441 881 1493 quibus
913 1439 1103 1487 infertur,
1135 1440 1167 1479 si
1202 1446 1390 1493 possunt,
1420 1454 1505 1481 non
1538 1442 1783 1495 propulsant
1814 1439 2075 1479 iniu1·ian1.20

251 1507 354 1545 Nam
387 1506 460 1558 qui
493 1505 648 1544 iniuste
680 1505 881 1557 impetum
913 1503 955 1542 in
988 1503 1230 1556 quempiam
1262 1502 1363 1542 facit
1396 1510 1467 1543 aut
1498 1504 1559 1544 ira
1590 1511 1661 1545 aut
1691 1504 1831 1556 aliqua
1864 1508 2025 1555 pertur-

254 1568 426 1608 batione
457 1568 677 1613 incitatus,
715 1567 750 1606 is
783 1565 904 1619 quasi
939 1578 1084 1605 manus
1116 1566 1263 1605 afferre
1296 1565 1461 1606 videtur
1491 1568 1627 1607 socio:
1670 1567 1739 1620 qui
1771 1571 1908 1604 autem
1940 1576 2026 1602 non

253 1630 443 1670 defendit
474 1643 549 1669 nec
580 1630 758 1676 obsistit,
790 1629 825 1668 si
860 1633 1010 1682 potest,
1043 1628 1232 1675 iniuriae,
1266 1634 1346 1667 tam
1381 1635 1442 1669 est
1472 1629 1514 1668 in
1546 1631 1647 1670 vitio
1671 1629 1852 1682 quamsi
1878 1640 2026 1679 paren-

254 1700 316 1734 tes
358 1699 428 1734 aut
469 1692 626 1732 amicos
666 1698 737 1732 aut
779 1692 953 1744 patriam
994 1691 1174 1730 deserat.
1234 1688 1300 1731 ⁶24.
1332 1693 1468 1745 Atque
1500 1692 1597 1732 illae
1631 1691 1798 1745 quidem
1832 1690 2024 1735 iniuriae,

254 1770 363 1810 quae
396 1755 578 1795 nocendi
609 1768 737 1794 causa
768 1756 818 1794 de
851 1754 1057 1794 industria
1086 1754 1335 1800 inferuntur,
1360 1768 1485 1807 saepe
1508 1768 1531 1794 a
1556 1762 1666 1794 metu
1692 1752 2076 1807 p1·0ficiscuntur,25

253 1833 348 1859 cum
380 1820 438 1866 is,
471 1818 544 1871 qui
575 1830 728 1857 nocere
760 1818 880 1857 alteri
913 1817 1088 1869 cogitat,
1121 1818 1239 1856 timet
1269 1830 1343 1863 ne,
1377 1818 1457 1856 nisi
1489 1818 1529 1856 id
1562 1817 1730 1863 fecerit,
1762 1818 1852 1869 ipse
1884 1816 2025 1865 aliquo

253 1881 462 1922 afficiatur
491 1881 770 1920 incommodo.
830 1879 1055 1919 Maximam
1096 1886 1234 1918 autem
1273 1886 1435 1932 partem
1477 1881 1529 1919 ad
1569 1880 1760 1919 iniuriam
1793 1877 2026 1918 faciendam

253 1943 575 1998 adgrediuntur,
607 1948 653 1982 ut
683 1942 968 1995 adipiscantur
999 1955 1062 1988 ea,
1095 1955 1202 1995 quae
1235 1943 1585 1995 concupiverunt:
1616 1943 1659 1982 in
1683 1956 1766 1996 quo
1790 1941 1890 1981 vitio
1913 1941 2027 1980 latis-

257 2006 361 2046 sime
392 2010 506 2058 patet
537 2006 725 2045 avaritia.

366 2068 473 2108 Vlll.
506 2065 572 2106 25.
607 2070 872 2120 Expetuntur
903 2072 1040 2106 autem
1073 2067 1243 2107 divitiae
1274 2081 1367 2107 cum
1399 2067 1449 2107 ad
1481 2081 1581 2107 usus
1612 2069 1720 2108 vitae
1752 2066 2077 2112 necessarios‚30

253 2138 340 2173 tum
371 2131 423 2170 ad
455 2130 730 2184 perfruendas
761 2131 1016 2183 voluptates.
1076 2131 1121 2169 ln
1154 2130 1306 2184 quibus
1339 2137 1477 2169 autem
1510 2131 1642 2170 maior
1673 2135 1736 2169 est
1766 2130 1953 2175 animus,
1985 2128 2028 2167 in

253 2194 305 2235 iis
336 2194 540 2246 pecuniae
583 2193 789 2245 cupiditas
830 2197 989 2245 spectat
1019 2192 1071 2231 ad
1104 2206 1203 2246 opes
1237 2198 1277 2232 et
1308 2193 1358 2232 ad
1391 2192 1646 2244 gratificandi
1680 2192 1941 2237 facultatem,
1984 2195 2029 2229 ut

254 2269 388 2309 nuper
418 2257 472 2296 Μ.
507 2255 677 2294 Crassus
718 2255 896 2308 negabat
935 2255 1064 2294 ullam
1107 2255 1207 2294 satis
1248 2268 1440 2307 magnam
1480 2255 1700 2306 pecuniam
1732 2266 1823 2293 esse
1857 2252 1916 2299 ei,
1959 2252 2029 2304 qui

254 2319 298 2360 in
329 2331 374 2358 re
406 2317 575 2370 publica
606 2317 799 2370 princeps
830 2317 958 2357 vellet
992 2330 1106 2363 esse,
1147 2318 1265 2357 cuius
1303 2316 1505 2357 fructibus
1538 2316 1769 2355 exercitum
1801 2315 1913 2354 alere
1946 2327 2028 2353 non

256 2386 409 2434 posset.
470 2379 688 2419 Delectant
730 2379 854 2419 etiam
898 2379 1106 2431 magnifici
1150 2384 1374 2432 apparatus
1417 2380 1610 2432 vitaeque
1653 2379 1786 2417 cultus
1819 2390 1912 2415 cum
1946 2376 2078 2416 ele-35

255 2443 397 2496 gautia
428 2448 468 2482 et
499 2442 633 2494 copia,
666 2442 819 2495 quibus
851 2442 976 2481 rebus
1008 2442 1201 2481 effectum
1234 2446 1297 2481 est
1328 2446 1372 2480 ut
1402 2441 1564 2481 infinita
1598 2441 1800 2493 pecuniae
1823 2439 2028 2492 cupiditas

257 2510 378 2545 esset.
438 2506 522 2544 Nec
560 2517 658 2544 vero
699 2504 759 2543 rei
799 2504 1016 2543 familiaris
1058 2504 1325 2556 amplificatio
1366 2504 1521 2543 nemini
1563 2516 1716 2542 nocens
1757 2501 2030 2554 vituperanda

256 2572 339 2614 est,
382 2566 456 2607 sed
498 2566 699 2619 fugienda
737 2579 904 2619 semper
941 2567 1095 2605 iniuria
1128 2572 1203 2605 est.
1265 2563 1330 2605 026.
1366 2567 1561 2605 Maxume
1593 2571 1732 2604 autem
1763 2563 2030 2603 adducuntur

343 2730 373 2760 l.
400 2730 502 2760 ueteri
529 2736 546 2759 c
572 2745 605 2750 —
641 2728 781 2758 condam
799 2731 822 2759 A
842 2745 876 2749 —
905 2728 935 2758 2.
955 2728 1144 2759 condicione
1168 2730 1192 2758 A
1215 2744 1248 2750 —
1278 2727 1307 2758 4.
1335 2727 1505 2766 discriptio
1531 2726 1565 2756 B:
1594 2726 1767 2763 descriptio
1791 2727 1815 2756 Α
1831 2725 1974 2756 Habeo
1992 2742 2025 2747 —

258 2779 290 2810 6.
315 2779 429 2820 obtigit
452 2779 566 2815 Abo;
593 2778 730 2818 obtingit
753 2786 771 2809 c
800 2795 834 2799 —
871 2786 887 2809 e
912 2787 976 2817 quo
999 2778 1026 2808 si
1051 2779 1121 2817 quis
1146 2777 1203 2807 sibi
1229 2775 1432 2809 A¹11abcz
1459 2786 1494 2807 eo
1520 2777 1545 2806 si
1570 2776 1642 2814 quis
1665 2775 1725 2805 sibi
1751 2775 1792 2811 13;
1831 2784 1846 2806 e
1870 2782 1935 2812 quo
1957 2774 2031 2813 plus

261 2829 289 2860 si
312 2829 385 2869 quis
407 2828 467 2860 sibi
496 2827 554 2866 A·-';
602 2837 638 2860 eo
661 2829 688 2859 si?
712 2829 767 2867 qui
792 2828 852 2859 sibi
873 2829 949 2867 plus
981 2836 1019 2864 03
1063 2829 1099 2867 [e
1124 2827 1203 2868 quo]
1229 2829 1255 2858 si
1279 2828 1351 2865 quis
1376 2827 1435 2858 sibi
1457 2827 1530 2865 plus
1561 2827 1729 2856 Goerenz.
1781 2825 1830 2856 (Lf.
1859 2825 1901 2855 lll
1932 2824 1971 2864 {g
1990 2825 2023 2855 Ἡ

260 2880 294 2910 et
317 2878 369 2909 23.
399 2895 432 2899 -
471 2881 606 2917 appetat
629 2886 647 2909 c
686 2895 721 2900 —
761 2877 790 2908 9.
816 2881 945 2917 partem
971 2878 1070 2909 amici
1096 2879 1139 2909 C:
1187 2878 1326 2917 {pas-lem
1348 2875 1526 2916 parentes}
1555 2878 1683 2914 par-lem
1711 2874 1809 2905 amici
1841 2882 1859 2905 o
1899 2891 1933 2896 --
1975 2875 2027 2904 it.

259 2927 344 2958 inter
366 2935 431 2958 sese
461 2935 480 2958 c
518 2945 551 2950 —
590 2928 641 2959 43.
670 2928 923 2967 accipiendoque
954 2935 971 2958 c
1010 2945 1044 2950 —-
1084 2926 1136 2959 44.
1163 2928 1334 2958 deutra-ere
1365 2928 1385 2958 b
1424 2945 1457 2949 —
1512 2927 1558 2956 15.
1585 2929 1629 2955 est
1653 2925 1797 2955 iustitiae
1831 2929 1853 2955 A
1872 2924 2026 2955 BHab:

258 2978 403 3009 iustiliae
425 2981 471 3009 est
494 2985 545 3010 co
571 2994 605 3000 —
635 2978 686 3009 116.
714 2978 858 3016 cuipiam
883 2978 1022 3016 fortasse
1048 2977 1122 3016 (scd
1148 2976 1401 3017 transponendi
1427 2976 1532 3015 signis
1558 2974 1682 3005 cadem
1711 2983 1756 3005 ni.
1784 2973 1922 3014 additis)
1947 2981 1964 3003 c
1992 2991 2027 2995 —

262 3026 313 3057 ⁴7.
339 3027 472 3058 imitare
494 3028 515 3059 b
545 3045 579 3050 -—
618 3029 793 3067 inquirunt
818 3036 835 3058 e
874 3046 907 3050 -
948 3029 998 3059 ΞΟ.
1027 3028 1068 3058 ab
1092 3028 1119 3058 is
1144 3030 1330 3068 (superscr.
1351 3027 1379 3063 h>
1407 3026 1442 3060 B,
1476 3025 1515 3054 ab
1540 3025 1588 3054 Itis
1611 3028 1636 3055 A
1657 3025 1682 3055 ll
1699 3024 1768 3058 ab.
1796 3024 1836 3054 ab
1860 3024 1921 3062 hijs
1946 3030 1963 3053 0
1991 3040 2026 3044 —

256 3076 382 3114 possint
405 3084 424 3107 ο
458 3094 492 3098 -
526 3078 579 3108 21.
605 3078 688 3117 facit
712 3078 745 3108 in
770 3078 957 3117 quempiam
981 3080 1005 3109 Α
1043 3094 1077 3100 -
1122 3078 1175 3109 22.
1202 3078 1322 3115 inferre
1346 3075 1385 3105 13²
1409 3076 1540 3113 (afferre
1565 3072 1611 3113 13¹)
1648 3091 1681 3096 -
1718 3073 1769 3105 ⁴24.
1798 3074 1849 3103 illa
1880 3073 1963 3104 abc
1992 3088 2025 3094 -

261 3125 314 3157 26.
341 3134 380 3156 ne
404 3134 474 3157 om.
501 3127 561 3158 Ab
601 3145 635 3149 —
672 3136 711 3158 ηθ
734 3128 761 3158 si
785 3128 816 3157 id
841 3136 905 3157 non
927 3128 1040 3167 fecerit
1063 3136 1084 3167 p
1123 3145 1157 3149 —
1205 3128 1257 3158 027.
1285 3125 1455 3164 affiriztlur
1479 3124 1590 3163 aliquo
1616 3132 1633 3154 e
1670 3141 1704 3146 —
1741 3124 1894 3154 maxima
1920 3125 2030 3152 aufem

261 3177 357 3214 parte
381 3183 399 3206 c
444 3193 486 3198 -
533 3176 584 3208 28.
612 3177 847 3216 concupierunt
871 3185 889 3207 c
935 3194 966 3197 ——
1024 3177 1075 3208 30.
1103 3186 1176 3208 cum
1200 3176 1238 3208 Α]
1256 3175 1290 3207 13¹
1308 3176 1331 3205 ΙΙ
1349 3174 1422 3205 ab:
1462 3178 1529 3204 tum
1560 3172 1676 3205 A²B2c
1722 3190 1756 3195 —
1808 3172 1860 3203 32.
1888 3172 1928 3202 iis
1951 3172 2023 3202 Ab:

263 3225 291 3256 is
314 3224 357 3262 Β,
389 3225 437 3256 his
461 3226 487 3256 H
504 3235 541 3263 a,
573 3226 635 3265 hijs
658 3234 676 3257 c
711 3244 745 3248 —
787 3226 839 3257 33.
866 3227 911 3256 Μ,
930 3235 1064 3266 prossus
1087 3227 1147 3258 Ab
1175 3244 1207 3248 —
1241 3224 1293 3256 34.
1319 3232 1384 3255 esse
1408 3223 1499 3254 uellet
1524 3231 1542 3254 c
1576 3240 1611 3245 -
1645 3223 1697 3255 35.
1723 3223 1881 3264 eliyanlia
1904 3221 1963 3253 Ab
1990 3237 2024 3243 —

265 3272 317 3305 36.
337 3275 474 3314 pecunie
496 3276 539 3308 sit
559 3276 733 3316 cupiditas.
764 3276 830 3308 Nec
854 3284 872 3307 c
898 3292 932 3297 —
960 3275 1013 3307 38.
1039 3279 1083 3308 est
1109 3277 1198 3316 (post
1224 3274 1359 3313 iniuria)
1384 3281 1454 3304 om.
1473 3272 1510 3304 B.
