2249 3624
534 133 622 172 Lm.
654 133 702 172 v.
741 132 835 172 CAP.
873 131 1210 171 xxv-xxvi.
1247 128 1306 183 §§
1338 128 1528 170 70-76.
1831 125 1910 166 499

147 245 231 285 Hoc
271 258 397 285 unum
431 245 567 284 Aristo
611 244 766 284 tenuit:
807 248 970 296 praeter
1013 243 1109 282 vitia
1142 248 1268 296 atque
1302 242 1472 282 virtutes
1503 242 1670 294 negavit
1699 255 1785 280 rem
1819 254 1910 280 esse

150 306 269 346 ullam
301 312 372 346 aut.
402 306 638 359 fugiendam
670 311 739 346 aut
771 305 1062 358 expetendam.
1115 305 1299 345 Positum
1334 311 1396 344 est
1426 318 1448 343 a
1480 304 1634 344 nostris
1665 305 1705 343 in
1739 304 1790 343 iis
1820 317 1911 342 esse

150 369 286 415 rebus,
328 383 434 421 quae
471 368 700 408 secundnm
734 373 921 407 naturam
954 374 1113 414 essent,
1154 382 1234 407 non
1275 368 1430 407 dolere.
1498 368 1586 406 Hoc
1628 367 1912 418 Hieronymus

151 445 350 470 summum
392 432 547 470 bonum
587 444 678 469 esse
720 430 836 468 dixit.
897 431 947 468 At
990 444 1084 468 vero
1128 430 1314 483 Callipho
1358 436 1397 469 et
1440 437 1533 482 post
1565 442 1656 469 eum
1689 429 1912 474 Diodorus,

151 506 238 532 cum
270 493 373 532 alter
405 493 659 544 voluptatem
693 492 948 537 adamasset,
980 492 1084 530 alter
1116 493 1361 532 vat-uitatem
1396 493 1574 539 doloris,
1607 498 1755 531 neuter
1784 490 1944 529 hone-5

149 561 250 594 state
282 568 422 594 carere
457 555 609 606 potuit,
642 567 748 606 quae
781 560 840 591 est
873 567 894 591 a
929 554 1077 592 nostris
1111 554 1274 593 laudata
1310 556 1501 594 maxime.
1554 553 1619 593 74.
1654 554 1763 602 Quin
1790 553 1914 592 etiam

148 617 221 669 ipsi
258 617 478 668 voluptarii
512 615 767 654 deverticula
799 622 1002 667 quaerunt
1035 622 1073 654 et
1107 616 1277 654 virtutes
1320 617 1473 656 liabent
1508 618 1545 656 in
1579 630 1650 656 ore
1682 622 1792 656 totos
1825 615 1914 653 dies

147 678 481 730 xoluptatemque
515 677 645 728 primo
678 676 888 714 dumtaxat
922 677 1061 727 expeti
1096 677 1259 723 (linunt,
1292 678 1444 716 deinde
1467 678 1772 718 consuetudine
1795 678 1914 729 quasi

148 741 314 780 alteram
349 739 556 791 quandam
591 743 778 776 naturam
812 738 939 783 eslii-i,
973 751 1055 789 qua
1088 739 1254 790 impulsi
1281 739 1406 777 multa
1430 740 1584 779 saciant
1608 740 1764 779 nullam
1789 752 1915 792 quae-

148 808 279 841 rentes
323 801 588 852 voluptatem.
649 800 776 838 Stoici
819 806 987 838 restant.
1048 801 1095 839 Ei
1139 800 1309 852 quidem
1353 815 1433 839 non
1479 816 1600 840 unam
1634 802 1813 854 aliquam
1846 806 1966 840 antio

146 865 313 904 alteram
354 875 437 900 rem
475 874 496 900 a
532 861 670 905 nohis,
714 861 785 898 sed
821 867 942 899 totam
977 861 1026 899 ad
1060 876 1103 899 se
1137 867 1317 900 nostram
1352 863 1665 915 philosophiam
1698 863 1917 903 transtule-

146 933 251 966 runt.
301 927 456 976 Atque,
494 930 537 962 ut
569 923 719 975 reliqui
753 922 866 961 sures
899 936 1039 961 camni
1075 937 1231 969 reruni,
1265 937 1367 975 quas
1400 932 1624 976 ceperunt,
1657 927 1772 977 signa
1805 938 1917 964 com-

146 994 321 1032 mutant,
361 987 417 1024 sie
458 986 541 1031 illi,
583 991 625 1024 ut
665 985 881 1023 sententiis
915 986 1067 1023 nostris
1103 999 1177 1037 pro
1211 986 1296 1023 suis
1332 992 1569 1033 ute1·‹.·ntur,
1615 988 1783 1026 nomina
1816 992 1918 1025 tam-

149 1063 269 1104 qnam
303 1061 437 1087 rerum
472 1053 591 1085 notas
624 1052 901 1085 nmtaverunt.
954 1047 1012 1085 lta
1044 1047 1292 1099 relinquitur
1314 1048 1402 1086 sola
1424 1047 1526 1087 haer
1550 1048 1773 1101 disciplina
1796 1048 1919 1100 digna

146 1111 344 1152 studiosis
388 1110 660 1161 ingenuarum
701 1109 875 1154 artium,
915 1109 1038 1159 digna
1081 1109 1273 1154 eruditis,
1316 1109 1443 1161 digna
1485 1110 1604 1149 elaris
1645 1111 1761 1157 viris,
1794 1110 1919 1162 digna
1938 1120 1968 1147 15

148 1173 417 1228 principibus,
451 1172 576 1223 digna
607 1171 788 1223 regibus.
837 1170 902 1210 753.
937 1173 1055 1218 Quae
1089 1185 1183 1210 rum
1208 1170 1381 1211 dixisset
1404 1172 1662 1225 paulumque
1686 1172 1919 1219 institisset,

149 1235 259 1283 Quid
293 1237 382 1273 est'?
425 1235 579 1286 inquit,
622 1234 776 1272 satisne
812 1234 926 1272 vobis
962 1233 1102 1272 videor
1140 1248 1214 1286 pro
1246 1248 1339 1273 meo
1373 1235 1461 1273 iure
1496 1235 1537 1273 in
1572 1236 1718 1275 vestris
1751 1235 1921 1274 auribus

147 1299 480 1336 commentatus?
512 1297 563 1335 Et
595 1309 691 1348 ego,
725 1297 787 1334 Tu
818 1310 939 1342 vero,
972 1296 1163 1348 inquam,
1199 1297 1310 1343 Piso,
1344 1302 1388 1336 ut
1409 1310 1534 1349 saepe
1557 1297 1683 1344 alias,
1717 1298 1774 1337 sic
1795 1296 1921 1336 hodie

146 1360 200 1398 ita
234 1372 355 1398 nosse
388 1360 467 1398 ista
500 1359 610 1397 visus
644 1372 707 1403 es,
741 1363 802 1404 ut,
836 1358 868 1397 si
903 1359 960 1397 tui
994 1358 1112 1397 nobis
1137 1364 1323 1410 potestas
1347 1360 1513 1412 saepius
1536 1359 1677 1407 fieret,
1711 1373 1795 1399 non
1817 1358 1923 1398 mul-

148 1428 233 1461 tum
274 1422 442 1460 Graecis
485 1421 806 1473 supplicandum
847 1426 1050 1473 putarem.
1112 1420 1237 1468 Quod
1276 1422 1445 1474 quidem
1491 1436 1540 1461 eo
1572 1422 1745 1475 probavi
1778 1422 1971 1474 magis,20

150 1484 246 1536 quia
278 1484 448 1522 memini
483 1484 668 1522 Staseam
692 1482 1032 1534 Neapolitanum,
1066 1482 1278 1523 doctorem
1302 1484 1419 1523 illum
1443 1489 1582 1532 tuum,
1614 1484 1800 1524 nobilem
1822 1497 1922 1524 sane

145 1546 489 1598 Peripateticum,
522 1544 736 1598 aliquanto
770 1545 849 1584 ista
881 1558 1000 1584 secus
1029 1545 1169 1585 dicere
1193 1547 1384 1593 solitum,
1417 1548 1716 1587 assentientem
1749 1547 1819 1595 iis,
1852 1547 1923 1601 qui

147 1608 321 1647 multum
355 1608 395 1646 in
427 1607 591 1647 fortuna
623 1606 806 1646 secunda
838 1613 909 1646 aut
939 1607 1138 1655 adversa,
1172 1608 1349 1648 multum
1382 1609 1423 1648 in
1453 1609 1576 1648 bonis
1599 1615 1670 1649 aut
1692 1609 1811 1649 malis
1834 1622 1924 1649 cor-

146 1670 259 1724 poris
293 1675 511 1722 ponerent.
572 1670 664 1715 Est,
709 1674 751 1708 ut
785 1669 912 1715 dicis,
944 1670 1104 1722 inquit:
1146 1671 1219 1710 sed
1251 1670 1354 1710 haec
1386 1671 1436 1711 ab
1468 1671 1697 1720 Antiocho,
1729 1671 1924 1712 familiari

146 1738 307 1779 nostro,
352 1732 548 1771 dicuntur
586 1730 716 1770 multo
760 1732 910 1771 melius
953 1738 993 1771 et
1032 1732 1200 1781 fortius,
1251 1747 1376 1786 quam
1418 1747 1441 1773 a
1480 1734 1624 1774 Stasea
1655 1735 1973 1774 dicebantu1·:25

146 1807 398 1848 quamquam
439 1807 516 1846 ego
549 1807 631 1833 non
664 1806 839 1846 quaero,
881 1795 982 1847 quid
1015 1795 1087 1835 tibi
1119 1809 1142 1835 a
1174 1809 1238 1835 me
1270 1796 1489 1848 probatum
1522 1798 1590 1845 sit,
1623 1797 1696 1837 sed
1726 1796 1825 1836 huic
1859 1795 1924 1835 Ci-

147 1858 286 1897 ceroni
320 1862 481 1903 nostro,
515 1869 638 1909 quem
671 1856 924 1909 discipulum
957 1858 1080 1911 cupio
1114 1871 1136 1897 a
1169 1864 1208 1898 te
1241 1858 1463 1898 abducere.

258 1920 410 1958 xxvi.
445 1917 512 1958 76.
557 1920 663 1957 Tum
696 1919 870 1958 Lucius:
913 1920 1013 1959 Mihi
1046 1933 1143 1960 vero
1175 1922 1256 1960 ista
1287 1921 1406 1961 valde
1444 1922 1618 1974 probata
1651 1927 1771 1969 sunt,
1811 1921 1924 1976 quod

146 1983 243 2022 item
275 1982 390 2021 fratri
424 1988 537 2034 puto.
590 1982 695 2020 Tum
728 1981 827 2020 mihi
864 1982 975 2027 Piso,
1014 1982 1125 2030 Quid
1159 1996 1277 2035 ergo,
1310 1983 1471 2037 inquit,
1505 1984 1634 2024 dasne
1666 1983 1923 2025 adulescenti

146 2045 338 2084 veniam?
380 2058 431 2083 an
464 2058 557 2082 eum
592 2043 753 2083 discere
786 2056 832 2082 ea
866 2044 1020 2090 mavis,
1065 2058 1171 2098 quae
1205 2060 1297 2084 cum
1330 2045 1453 2099 plane
1490 2047 1780 2099 perdidicerit,
1820 2044 1924 2085 nihil
1939 2058 1976 2087 30

146 2107 277 2146 sciat?
310 2107 396 2158 Ego
431 2120 528 2145 vero
562 2106 651 2152 isti,
684 2107 872 2158 inquam,
906 2108 1116 2159 permitto,
1149 2107 1223 2146 sed
1252 2120 1393 2147 nonne
1416 2109 1643 2149 meministi
1673 2109 1800 2149 licere
1823 2106 1925 2146 mihi
1952 2115 1957 2122 ¹

144 2169 222 2208 ista
255 2169 452 2220 probare,
490 2181 596 2222 quae
629 2174 726 2207 sunt
757 2182 778 2207 a
811 2174 849 2207 te
883 2168 1023 2208 dicta?
1067 2170 1171 2217 Quis
1215 2170 1325 2210 enim
1358 2176 1495 2222 potest
1527 2184 1595 2218 ea,
1638 2184 1744 2224 quae
1776 2171 1925 2224 proba-

145 2231 246 2270 bilia
277 2231 498 2271 videantur
529 2231 589 2276 ei,
622 2244 704 2270 non
737 2231 945 2283 probare?
987 2234 1050 2270 An
1075 2246 1186 2278 vero,
1220 2232 1378 2285 inquit,
1411 2233 1631 2286 quisquam
1664 2239 1800 2286 potest
1830 2246 1926 2286 pro—

145 2293 266 2340 bare,
299 2293 409 2345 quod
441 2299 709 2346 perceptum,
742 2293 851 2346 quod
885 2293 1254 2346 comprehensum,
1288 2293 1399 2347 quod
1424 2296 1639 2347 cognitum
1663 2308 1745 2334 non
1769 2295 1924 2334 habet?

145 2356 236 2394 Non
269 2361 330 2395 est
356 2356 434 2402 ita,
468 2356 657 2409 inquam,
690 2356 798 2402 Piso,
831 2369 981 2407 magna
1004 2356 1228 2396 dissensio.
1280 2357 1391 2396 Nihil
1415 2362 1477 2396 est
1499 2358 1610 2396 enim
1635 2358 1768 2405 aliud,
1801 2370 1923 2411 quam
1938 2369 1974 2398 35

148 2417 200 2456 ob
231 2430 317 2457 rem
349 2417 450 2457 mihi
482 2418 640 2470 percipi
671 2417 775 2457 nihil
806 2431 931 2470 posse
966 2417 1173 2465 videatur,
1214 2419 1296 2458 nisi
1341 2420 1451 2472 quod
1484 2419 1744 2474 percipiendi
1775 2421 1837 2460 vis
1868 2421 1925 2460 ita

238 2590 268 2620 Ξ.
295 2594 351 2620 aul
371 2590 546 2628 petendam
571 2590 594 2620 B
615 2607 650 2612 -
678 2598 743 2621 esse
767 2599 836 2621 om.
865 2591 889 2621 O
913 2609 943 2612 —
974 2590 1004 2622 4.
1033 2590 1202 2629 Ccilliplzon
1228 2599 1308 2621 cum
1334 2590 1517 2621 schuetzio
1540 2592 1564 2621 O
1584 2609 1618 2612 —
1646 2591 1677 2622 5.
1704 2592 1927 2625 adamavisset

150 2641 174 2671 O
196 2658 229 2662 —
259 2641 289 2672 6.
311 2642 394 2680 Quin
421 2642 520 2672 etiam
537 2659 554 2663 -
569 2659 585 2663 —
605 2645 769 2680 quaerunt
787 2660 803 2664 -
818 2660 835 2664 -
852 2641 968 2672 liabens
986 2658 1002 2661 -
1017 2658 1033 2662 —
1051 2641 1160 2671 ‹lic-unt
1180 2639 1388 2671 Lambinus:
1418 2641 1500 2678 Quin
1525 2640 1624 2671 eliam
1639 2658 1657 2663 —
1670 2659 1688 2663 —
1706 2647 1869 2680 quaerant
1882 2660 1925 2666 -—

148 2691 320 2721 habeant-
333 2707 351 2713 -—
369 2692 480 2721 (licant
497 2691 619 2727 codd.;
647 2693 669 2730 -ζ-
688 2693 772 2730 Quiri
797 2692 896 2722 etiam
911 2707 959 2713 —-
979 2694 1142 2729 quaerant
1159 2708 1175 2712 -
1190 2708 1207 2712 -
1224 2690 1363 2720 [iubeant
1381 2707 1428 2711 -—
1447 2690 1558 2720 dicant
1583 2691 1614 2721 Μ
1634 2707 1669 2712 —-
1697 2692 1728 2722 8.
1748 2692 1925 2723 dumtaxat

144 2741 253 2778 primo
278 2740 301 2770 B
319 2740 340 2770 Ε
361 2757 394 2761 -
416 2741 446 2771 0.
465 2742 592 2779 fatiant
611 2742 807 2773 Ernestius:
834 2742 961 2781 fueiuul
980 2740 1082 2771 codd.
1105 2742 1137 2770 et
1158 2741 1224 2770 ΜΟ
1245 2756 1279 2761 -
1300 2740 1427 2770 nullam
1444 2757 1460 2762 -
1475 2757 1490 2762 -
1509 2743 1634 2771 restant
1650 2741 1780 2772 Nonius
1797 2751 1831 2782 p.
1847 2743 1922 2774 378.

152 2806 185 2810 —-
214 2790 265 2820 210.
292 2790 320 2819 ei
345 2790 389 2819 B:
417 2790 457 2820 1Ιὲ
482 2790 524 2820 O:
550 2791 576 2821 li
602 2792 632 2822 Μ
667 2809 694 2812 -«
725 2793 774 2822 tt.
803 2802 870 2822 rem
896 2791 1075 2821 Davisius:
1102 2798 1171 2820 om.
1200 2789 1324 2823 codd.;
1353 2789 1445 2829 [rem]
1472 2790 1495 2820 O
1522 2806 1556 2810 —
1587 2790 1638 2821 ⁴2.
1664 2790 1829 2830 clepermzt
1854 2793 1923 2823 Da-

148 2837 234 2868 x'isio
259 2840 401 2869 auc-tore
419 2840 443 2869 O
463 2856 497 2860 —
531 2841 576 2870 ¹5.
599 2841 699 2879 [liqna
719 2842 925 2879 principibus
942 2850 1011 2872 om.
1034 2842 1059 2872 D
1082 2858 1115 2863 -
1146 2842 1195 2871 ttj,
1220 2848 1408 2878 parumque
1433 2842 1514 2877 (non
1529 2840 1753 2879 paruumque)
1772 2841 1840 2872 BE.
1871 2842 1920 2872 tls.

149 2887 193 2918 ad
217 2896 251 2928 p.
278 2888 351 2925 ⁴204,
382 2889 431 2918 tt.
461 2907 493 2910 —
524 2890 575 2920 47.
605 2890 699 2930 Quid]
726 2892 812 2929 quod
838 2891 861 2921 li
890 2909 923 2913 —
952 2895 995 2922 es!
1020 2900 1089 2921 om.
1117 2892 1143 2921 l)
1169 2907 1202 2911 —
1231 2890 1312 2919 satis
1337 2898 1405 2920 om.
1434 2890 1458 2920 E
1485 2907 1519 2910 —
1547 2889 1836 2921 nobis-—uoscris
1859 2891 1922 2922 BE

148 2954 191 2959 —-
214 2937 265 2968 18.
295 2938 539 2968 commendatus
565 2939 586 2969 Β
603 2939 626 2969 E
654 2957 686 2960 —
722 2941 789 2970 alia
816 2940 839 2970 B
858 2941 882 2970 li
912 2958 944 2962 --
978 2940 1028 2970 49.
1056 2939 1146 2970 uobis
1174 2943 1320 2978 poleslas
1344 2939 1474 2978 saepius
1498 2940 1541 2969 B:
1568 2941 1664 2980 eopia
1687 2940 1778 2971 nobis
1799 2949 1925 2981 semper

149 2986 174 3017 O
201 2988 355 3025 (poteslas
386 2986 517 3018 habent
545 2989 648 3019 etiam
676 2991 698 3019 (j
714 2990 752 3025 D)
783 3008 815 3012 —
851 2990 903 3020 21.
937 2990 1058 3020 nemini
1091 2990 1169 3019 istus
1201 2998 1273 3019 eum¹
1299 2989 1321 3019 Β
1340 2989 1362 3019 li
1395 3006 1428 3009 —
1463 2990 1515 3020 2⁴2.
1542 2989 1723 3028 aliquando
1752 2991 1856 3021 ΒΕΟ
1884 3008 1919 3012 -—

149 3036 202 3068 24.
221 3038 382 3076 familiari
407 3041 516 3068 ›zoslro
536 3039 577 3068 15:
605 3043 714 3068 ηαδ-[νυ
738 3040 902 3077 Ιϊιῑηὶἰὶαι·ι’
928 3040 952 3069 O
977 3056 1009 3059 -κ
1040 3040 1090 3069 235.
1119 3048 1137 3068 (1
1163 3038 1291 3078 δίζω-θα]
1319 3039 1379 3068 isla
1404 3047 1442 3069 ea
1468 3038 1512 3073 B;
1538 3039 1618 3070 istas
1640 3049 1680 3071 ea
1705 3040 1728 3071 F.
1748 3056 1782 3061 —
1812 3041 1862 3071 27.
1882 3040 1922 3070 ab

150 3090 179 3117 le
208 3087 232 3117 B
262 3105 293 3110 —
330 3088 382 3118 30.
408 3087 506 3125 plane
537 3088 578 3117 13:
612 3088 792 3125 pl'tlf‘tltlre
824 3090 848 3119 Ο
883 3105 915 3109 -
950 3088 1161 3126 perdidicerit
1195 3089 1426 3119 Goerenzius:
1463 3089 1641 3127 perdiderit
1671 3090 1715 3125 B;
1748 3090 1923 3129 perdidicit

153 3135 232 3166 eod.
259 3136 452 3176 Spirensis:
479 3136 626 3166 didicerit
652 3140 676 3167 t)
706 3155 737 3158 —
767 3138 818 3168 31.
847 3138 898 3168 isli
925 3138 1062 3176 inquam
1087 3137 1190 3168 codd.
1210 3139 1327 3176 (etiam
1347 3138 1390 3175 Ε,
1417 3138 1460 3169 de
1479 3147 1549 3179 quo
1567 3138 1737 3179 deceptus
1755 3139 1921 3170 estMad-

153 3185 292 3224 x·igius):
321 3186 469 3222 inquam,
497 3186 548 3215 isli
572 3187 603 3216 Μ
633 3204 659 3208 —-
693 3187 808 3227 nonne]
833 3188 867 3219 *in
891 3197 941 3218 me
966 3188 989 3218 Β
1007 3206 1049 3210 -
1073 3187 1180 3218 lucere.
1204 3188 1281 3217 mihi
1306 3188 1367 3218 isla
1387 3188 1530 3227 probare
1554 3189 1597 3225 B;
1622 3188 1701 3219 mihi
1723 3188 1820 3220 licere
1838 3198 1921 3228 pro-

155 3232 233 3265 bare
256 3234 319 3266 isla
343 3235 368 3265 O
387 3251 421 3256 —
450 3235 501 3266 32.
524 3239 628 3274 potest
652 3236 701 3274 ea]
724 3239 838 3275 postea
862 3237 885 3268 Β
907 3256 940 3260 —-
969 3247 1055 3277 quae
1081 3238 1159 3277 (non
1184 3238 1294 3277 quam)
1321 3238 1426 3270 etiam
1449 3238 1475 3271 E
1494 3257 1529 3261 —
1556 3238 1608 3271 36.
1634 3238 1716 3270 nihil
1732 3238 1860 3279 percipi
1877 3239 1913 3270 O.
