2249 3624
507 170 595 209 Lux.
620 171 646 208 1.
693 171 790 209 CM».
815 171 1287 209 xxxvii—xxxix.
1327 169 1386 222 §§
1425 168 1650 209 1:3:3-4235).
1878 168 1960 208 677

201 290 313 322 muS,
359 276 399 315 id
441 280 502 315 est
543 279 678 314 motus
719 276 845 314 animi
888 277 1038 316 nimios
1079 277 1227 316 rationi
1261 290 1344 315 non
1376 281 1736 328 optemperanteS,
1778 277 1837 315 sic
1869 276 1959 316 eins

199 339 310 378 modi
343 338 521 377 motibus
552 351 688 377 sermo
721 338 843 376 debet
876 352 1040 381 vacare.
1082 352 1132 377 ne
1165 345 1234 378 aut
1266 340 1323 378 ira
1357 340 1507 378 existat
1546 344 1618 378 aut
1649 337 1854 390 cupiditas
1884 339 1960 377 ali-

199 414 278 454 qua
309 405 381 439 aut
411 399 578 452 pigritia
609 406 678 438 aut
710 401 875 451 ignavia
908 407 977 439 aut
1006 401 1085 439 tale
1107 402 1266 454 aliquid
1289 407 1503 454 appareat,
1527 400 1789 454 maximeque
1811 414 1959 440 curan-

199 463 294 502 dum
326 468 388 502 est
419 467 462 501 ut
493 475 589 508 eos,
621 462 870 515 quibuscum
904 476 1137 502 sermonem
1171 464 1444 509 conferenms,
1476 470 1517 502 et
1548 464 1681 502 vereri
1712 468 1753 502 et
1783 462 1958 515 diligere

198 524 426 567 videamur.
485 523 808 576 Obiurgationes
840 525 962 563 etiam
997 538 1081 563 non
1115 539 1339 578 numquam
1372 526 1562 565 incidunt
1595 525 1877 572 necessariae,
1916 526 1989 567 ins

198 586 349 640 quibus
390 586 589 625 utendum
632 592 694 626 est
733 586 911 626 fortasse
950 593 990 625 et
1028 589 1142 627 vocis
1181 589 1449 627 contentione
1482 588 1635 627 maiore
1667 592 1708 626 et
1738 588 1959 627 verborum

197 649 396 702 gravitate
427 648 609 695 acriore;
652 648 693 688 id
717 649 933 701 ‘agendum
967 649 1110 695 etiam,
1144 656 1187 689 ut
1219 663 1265 689 ea
1298 650 1431 689 facere
1464 649 1678 689 videamur
1709 650 1816 690 irati.
1877 649 1958 689 Sed

197 717 243 752 ut
272 711 323 751 ad
354 711 557 751 urendum
591 717 632 751 et
662 711 900 757 secandum,
931 712 991 751 sic
1021 712 1072 751 ad
1106 712 1185 751 hoc
1216 726 1348 765 genus
1380 712 1611 763 castigandi
1643 726 1734 752 raro
1758 712 1959 765 invitique

197 773 435 820 veniemus,
478 787 553 814 nec
595 787 790 828 umquam
832 774 912 813 nisi
948 776 1205 822 necessario,
1247 776 1279 814 si
1313 775 1426 814 nulla
1457 776 1689 828 reperietur
1719 775 1800 814 alia
1830 776 1960 814 medi-

196 836 308 876 cina:
350 837 422 876 sed
455 842 591 876 tamen
624 836 683 875 ira
716 836 860 889 procul
893 837 1023 883 absit,
1062 851 1154 876 cum
1188 851 1269 890 qua
1302 837 1404 876 nihil
1437 844 1547 877 recte
1578 838 1693 884 lieri,
1725 838 1829 878 nihil
1861 851 2010 882 con-⁴0

197 898 376 938 siderate
408 904 560 951 potest.
622 897 714 938 137.
756 900 945 951 Magnam
979 906 1115 938 autem
1148 906 1304 953 partem
1339 900 1530 940 clementi
1561 902 1832 953 castigatione
1863 901 1961 940 licet

198 961 275 1007 uti,
308 962 508 1013 gravitate
539 967 678 1001 tamen
710 961 924 1007 adiuncta,
958 968 1000 1001 ut
1030 964 1229 1002 severitas
1260 960 1508 1015 adhibeatur
1545 969 1585 1003 et
1615 964 1866 1003 contumelia
1897 976 1961 1002 re-

198 1023 399 1076 pellatur,
440 1030 563 1077 atque
605 1024 730 1063 etiam
768 1024 873 1063 illud
913 1024 1073 1076 ipsum,
1115 1025 1227 1078 quod
1269 1026 1505 1065 acerbitatis
1547 1026 1670 1066 habet
1710 1026 1960 1079 obiurgatio,

197 1085 521 1137 significandum
561 1092 623 1126 est
663 1087 795 1139 ipsius
839 1083 910 1139 [id]
955 1100 1103 1133 causa,
1150 1088 1221 1140 qui
1266 1087 1531 1139 obiurgetm,
1578 1102 1669 1128 esse
1709 1093 1960 1142 susceptum.

196 1149 371 1188 Rectum
403 1155 466 1188 est
495 1154 632 1189 autem
665 1149 789 1188 etiam
822 1150 863 1188 in
897 1149 980 1188 illis
1013 1150 1368 1197 contentionibus,
1401 1164 1507 1203 quae
1539 1165 1630 1191 cum
1660 1151 2011 1194 inimicissimisis

197 1209 320 1258 fiunt,
353 1211 478 1251 etiam
511 1211 543 1250 si
576 1211 698 1251 nohis
730 1210 902 1264 indigna
933 1213 1170 1259 audiamus,
1204 1217 1340 1252 tamen
1372 1214 1614 1264 gravitatem
1648 1213 1850 1260 retinere,
1880 1214 1962 1252 ira-

198 1273 392 1313 cundiam
432 1274 612 1326 pellere:
661 1286 768 1326 quae
811 1274 921 1312 enim
962 1288 1056 1313 cum
1097 1275 1238 1328 aliqua
1277 1277 1594 1327 perturbatione
1637 1275 1758 1322 liunt,
1799 1288 1848 1315 ea
1884 1288 1962 1314 nec

197 1341 436 1376 constanter
467 1334 554 1376 fieri
584 1342 763 1390 possunt
794 1349 933 1389 neque
964 1336 1036 1383 iis,
1068 1337 1140 1389 qui
1173 1336 1340 1384 adsunt,
1372 1338 1552 1391 probari.
1611 1338 1804 1378 Deforme
1837 1338 1962 1378 etiam

198 1403 262 1438 est
291 1396 342 1438 de
373 1411 417 1437 se
447 1398 584 1451 ipsum
615 1398 878 1451 praedicare,
916 1397 1021 1438 falsa
1052 1400 1320 1452 praesertim,
1361 1407 1402 1440 et
1431 1414 1525 1441 cum
1556 1401 1760 1441 inrisione
1791 1401 1963 1441 audien-

197 1462 298 1501 tium
330 1461 483 1501 imitari
514 1461 688 1500 militem
720 1461 963 1514 gloriosum.
1976 1479 2013 1508 20

310 1523 508 1563 XXXIX.
556 1521 649 1562 1138.
696 1524 747 1563 Et
787 1524 985 1576 quoniam
1028 1525 1165 1563 onmia
1207 1526 1519 1578 persequimur,
1560 1526 1753 1566 volumus
1795 1525 1965 1579 quidem

198 1591 322 1633 certe,
355 1585 578 1625 dicendum
611 1591 673 1625 est
704 1586 842 1633 etiam,
876 1586 1043 1638 qualem
1075 1586 1257 1626 hominis
1287 1587 1483 1628 honorati
1511 1593 1552 1628 et
1573 1589 1772 1642 principis
1793 1588 1965 1628 domum

198 1649 359 1702 placeat
390 1661 504 1695 esse,
546 1649 665 1688 cuius
698 1648 792 1688 finis
824 1654 887 1688 est
916 1663 1040 1695 usus,
1082 1649 1132 1688 ad
1171 1663 1295 1702 quem
1335 1651 1686 1691 accommodanda
1724 1656 1787 1690 est
1821 1647 1965 1690 aedifi-

200 1711 321 1752 candi
355 1710 582 1764 descriptio
615 1715 656 1750 et
687 1716 825 1751 tamen
855 1710 1093 1751 adhibenda
1126 1712 1434 1752 commoditatis
1466 1713 1767 1768 dignitatisque
1789 1714 1965 1766 diligen-

200 1775 269 1814 tia.
331 1773 404 1813 Cn.
437 1773 632 1821 Octavio,
675 1773 745 1827 qui
779 1774 939 1826 primus
972 1788 1024 1814 ex
1055 1773 1125 1813 illa
1156 1773 1315 1815 familia
1347 1776 1495 1815 consul
1526 1775 1657 1816 factus
1689 1782 1773 1824 est,
1814 1777 2016 1820 honorias

198 1836 329 1876 fuisse
369 1836 629 1890 accepimus,
677 1836 789 1890 quod
829 1836 1083 1890 praeclaram
1125 1835 1385 1877 aedificasset
1428 1839 1470 1877 in
1511 1839 1669 1878 Palatio
1715 1845 1756 1879 et
1800 1840 1966 1892 plenam

200 1899 416 1952 dignitatis
449 1898 638 1938 domum:
681 1912 788 1952 quae
820 1912 914 1939 cum
945 1899 1070 1951 vulgo
1102 1901 1327 1947 viseretur,
1368 1901 1592 1953 suffragata
1623 1901 1814 1949 domino,
1854 1914 1966 1942 novo

199 1962 386 2009 homini,
417 1962 468 2001 ad
501 1961 761 2002 consulatum
794 1962 1042 2014 putabatur:
1074 1962 1181 2001 hanc
1214 1963 1395 2002 Scaurus
1426 1963 1653 2004 demolitus
1684 1964 1967 2004 accessionem

200 2024 392 2064 adiunxit
421 2023 608 2063 aedibus.
668 2024 814 2076 Itaque
845 2024 916 2063 ille
948 2025 990 2064 in
1023 2038 1138 2064 suam
1171 2025 1339 2065 domum
1371 2026 1636 2066 consulatum
1667 2027 1828 2078 primus
1859 2031 1966 2066 attu-

200 2087 269 2127 lit:
315 2086 405 2134 hic,
446 2086 597 2126 summi
632 2091 673 2126 et
703 2086 921 2126 clarissimi
954 2087 1029 2126 viri
1062 2085 1195 2135 filius,
1242 2088 1284 2127 in
1325 2086 1492 2127 domum
1533 2089 1850 2141 multiplicatam
1881 2100 2017 2131 nonso

200 2148 407 2202 repulsam
439 2148 573 2188 solum
606 2148 781 2196 rettulit,
813 2149 885 2188 sed
918 2149 1190 2200 ignominiam
1224 2150 1347 2189 etiam
1369 2156 1409 2190 et
1431 2150 1721 2190 calamitatem.
1774 2147 1968 2189 [139.οτ-

200 2211 338 2251 nanda
370 2210 481 2250 enim
512 2216 574 2250 est
604 2210 785 2263 dignitas
818 2211 956 2257 domo,
988 2224 1073 2250 non
1105 2225 1157 2252 ex
1191 2211 1314 2252 domo
1347 2218 1431 2253 tota
1462 2212 1715 2266 quaerenda,
1742 2225 1819 2252 nec
1841 2211 1966 2252 domo

202 2274 418 2320 dominus,
451 2273 524 2313 sed
558 2272 730 2312 domino
762 2272 912 2312 domus
945 2274 1202 2314 honestanda
1235 2280 1320 2322 est,
1353 2280 1415 2322 et,
1447 2280 1492 2315 ut
1523 2276 1565 2314 in
1597 2276 1746 2315 ceteris
1776 2275 1967 2315 habenda

201 2336 308 2376 ratio
339 2349 422 2376 non
455 2348 529 2375 sua
560 2335 717 2382 solum,
750 2335 824 2375 sed
857 2335 981 2375 etiam
1013 2336 1206 2385 aliorum,
1238 2338 1298 2377 sic
1329 2338 1373 2377 in
1406 2337 1531 2378 domo
1563 2337 1662 2377 clari
1693 2336 1890 2383 hominis,
1922 2337 1967 2376 in

203 2410 327 2452 quam
372 2403 413 2437 et
448 2398 640 2451 hospites
681 2397 800 2438 multi
841 2398 1072 2451 recipiendi
1119 2404 1160 2440 et
1201 2400 1457 2440 admittenda
1500 2400 1716 2440 hominum
1764 2399 2017 2452 cuiusque35

203 2461 367 2513 generis
410 2460 657 2508 multitudo,
696 2458 932 2500 adhibenda
975 2475 1073 2502 cura
1115 2468 1177 2502 est
1216 2462 1413 2502 laxitatis.
1484 2463 1616 2502 Aliter
1650 2462 1788 2515 ampla
1818 2461 1966 2501 domus

203 2521 401 2562 dedecori
431 2535 558 2575 saepe
588 2521 757 2562 domino
790 2520 846 2570 fit,
879 2523 913 2562 si
946 2528 1008 2563 est
1037 2524 1080 2563 in
1103 2537 1151 2563 ea
1172 2524 1378 2571 solitudo,
1400 2531 1440 2565 et
1461 2525 1661 2572 maxime,
1684 2525 1717 2563 si
1738 2523 1966 2576 aliquando

291 2649 321 2682 4.
347 2658 494 2682 sermone
516 2652 542 2682 A
578 2668 612 2672 —
650 2650 681 2681 6.
707 2652 863 2682 utendum
885 2655 931 2683 cst
952 2653 1092 2692 sortasse
1114 2654 1203 2684 vocis
1219 2670 1266 2675 -—
1283 2653 1414 2683 acriore
1436 2653 1566 2683 Nonius
1590 2661 1624 2693 p.
1639 2651 1714 2683 2¹41.
1743 2669 1777 2674 —
1814 2652 1845 2683 7.
1871 2655 1907 2683 ut
1928 2660 1969 2684 ne

202 2708 242 2732 ea
266 2707 285 2732 ο
311 2717 347 2722 -
380 2700 411 2731 8.
437 2701 478 2731 sit
502 2700 546 2731 ad
569 2700 693 2745 hocf-
709 2701 882 2732 veniamus
905 2702 1036 2734 Nonius
1060 2711 1093 2743 p.
1109 2702 1184 2733 379.
1210 2719 1253 2726 —
1283 2704 1329 2734 sic
1352 2706 1383 2734 et
1405 2703 1448 2733 ad
1472 2710 1490 2733 c
1514 2720 1555 2724 —
1587 2702 1617 2732 9.
1644 2702 1848 2741 repperietur
1870 2703 1968 2734 ABH

207 2765 242 2772 ——
268 2749 339 2780 alia
362 2757 432 2781 om.
453 2750 481 2781 H
508 2768 543 2773 —-
573 2751 622 2782 Μ.
649 2751 811 2791 Magnam
834 2755 944 2782 autem
965 2756 1096 2791 partem
1120 2752 1326 2784 Lambinus:
1353 2754 1480 2792 Mayna
1503 2756 1612 2783 autem
1631 2755 1730 2791 parte
1754 2752 1791 2783 C.
1818 2752 1868 2784 Cf.
1884 2751 1964 2792 5⁶24.

206 2815 241 2821 —
270 2800 322 2831 42.
341 2803 378 2830 ut
399 2803 429 2830 et
451 2800 610 2831 seueritas
633 2808 686 2840 cp
701 2808 719 2832 ο
752 2818 786 2823 -
815 2801 866 2833 ⁴4.
884 2802 919 2833 id
944 2803 975 2832 in
994 2802 1125 2841 aliquot
1143 2803 1246 2834 codd.
1263 2803 1433 2833 omissum
1450 2800 1588 2833 seclusi.
1611 2819 1643 2823 ——
1673 2802 1725 2833 45.
1752 2802 1785 2832 in
1808 2802 1870 2841 hijs
1892 2810 1912 2832 c
1929 2818 1964 2824 —-

204 2848 345 2880 inimicis
367 2857 386 2880 c
413 2867 447 2871 —
476 2850 527 2881 46.
547 2851 685 2890 ἱηάίρηα
709 2858 774 2881 esse
798 2851 976 2882 audiamus
999 2852 1128 2883 ABHb
1155 2853 1197 2892 (in
1215 2853 1238 2883 B
1256 2861 1321 2883 esse
1339 2853 1552 2892 expunctum
1570 2851 1633 2888 est)
1662 2868 1695 2872 —
1723 2851 1774 2883 48.
1793 2860 1898 2891 neque
1919 2851 1969 2882 his

205 2898 301 2930 ΑΒΗ
316 2899 381 2937 ab,
416 2908 472 2931 nec
495 2900 556 2939 hijs
579 2907 617 2937 c;
651 2909 708 2932 nec
731 2900 772 2931 ab
794 2901 834 2932 iis
856 2910 877 2941 p
910 2919 943 2924 -
982 2901 1034 2933 49.
1053 2903 1161 2941 ipsum
1184 2910 1363 2943 superscr.
1382 2903 1451 2941 ipso
1475 2910 1514 2935 a,
1539 2901 1644 2939 ipsum
1669 2908 1756 2931 corr.
1778 2901 1812 2932 in
1835 2902 1904 2940 ipso
1927 2901 1965 2939 b;

204 2947 274 2986 ipso
297 2949 351 2979 Ac
378 2966 412 2970 -
439 2948 492 2980 23.
509 2951 584 2990 finis
601 2953 629 2981 et
647 2959 726 2981 usus
750 2951 809 2982 BH
824 2952 873 2982 ab
902 2969 932 2974 -
964 2951 1016 2983 24.
1043 2952 1227 2983 adhibenda
1249 2956 1293 2983 est
1317 2960 1433 2982 comm.
1459 2958 1477 2981 c
1503 2967 1536 2972 —
1565 2951 1867 2990 commoditatisque
1884 2953 1964 2988 (om.

206 2997 386 3037 dignitatis)
404 2998 443 3029 B¹
462 3016 497 3020 —
524 2999 576 3031 26.
603 3000 789 3039 aedificasse
810 3001 832 3031 b
859 3019 893 3023 —
920 3002 954 3031 in
974 3002 1127 3040 palatino
1151 3010 1187 3034 a:
1214 3002 1245 3032 in
1271 3002 1350 3032 latio
1374 3009 1391 3031 c
1420 3018 1452 3022 —
1480 3000 1533 3031 98.
1554 3000 1597 3030 ad
1619 3001 1857 3031 consalandum
1881 3000 1968 3032 Hab

208 3062 243 3068 —
265 3046 474 3085 putabantur
495 3049 516 3080 b
545 3066 577 3071 —
603 3049 688 3080 hanc
712 3058 804 3080 serus
827 3050 996 3081 demolitus
1013 3068 1060 3074 --
1076 3051 1210 3083 aedibus
1234 3051 1362 3082 Nonius
1387 3059 1419 3090 p.
1437 3049 1512 3081 346.
1532 3067 1566 3072 -
1594 3051 1816 3082 accensionem
1840 3050 1968 3082 BHab

209 3113 244 3118 —
283 3095 336 3127 30.
360 3098 426 3128 viri
449 3106 520 3129 om.
538 3098 559 3130 b
590 3116 632 3122 ——
667 3099 719 3130 34.
744 3101 774 3130 et
797 3107 861 3131 ac:
891 3108 960 3131 om.
979 3101 1071 3132 Bllb
1105 3117 1138 3123 -
1177 3100 1228 3131 32.
1257 3101 1342 3131 enim
1365 3103 1410 3130 est
1433 3099 1576 3139 dignitas
1598 3100 1692 3131 domo
1717 3100 1855 3132 BHab:
1881 3100 1968 3131 enim

208 3145 302 3177 domo
325 3149 371 3176 est
393 3147 539 3187 dignitas
562 3157 599 3185 c;
633 3152 677 3180 esc
700 3149 785 3180 enim
809 3150 954 3188 dianilas
977 3150 1071 3181 domo
1103 3159 1122 3182 ο
1160 3168 1194 3172 -
1233 3153 1301 3181 cola
1324 3158 1368 3180 ex
1391 3150 1486 3180 domo
1514 3157 1533 3180 c
1571 3167 1604 3172 -—
1641 3148 1694 3181 34.
1720 3151 1755 3180 in
1779 3158 1845 3189 qua
1875 3157 1894 3180 c
1928 3166 1963 3172 —-

209 3194 262 3226 35.
288 3197 317 3226 et
339 3195 542 3229 admittenda
557 3216 575 3222 -
591 3215 609 3221 -
625 3198 776 3229 latitatis
799 3199 929 3230 Nonius
955 3208 986 3240 p.
1004 3200 1065 3231 432
1091 3202 1125 3231 et
1149 3199 1221 3231 340.
1252 3217 1285 3221 —
1319 3199 1534 3230 ammittenda-
1557 3199 1670 3231 BH¹a
1695 3217 1730 3222 —
1762 3200 1815 3231 36.
1839 3199 1968 3240 ¹ceneris

211 3252 248 3276 a:
278 3245 367 3276 modi
396 3252 480 3285 epo
510 3249 545 3279 et
574 3248 724 3286 Nonius;
751 3256 821 3279 om.
842 3248 932 3280 BHb
972 3267 1005 3272 -
1043 3253 1087 3281 est
1110 3258 1193 3280 cura
1216 3257 1234 3279 c
1274 3265 1308 3271 —
1346 3248 1399 3279 37.
1424 3257 1519 3288 saepe
1541 3249 1672 3281 domino
1697 3250 1721 3282 C
1749 3250 1865 3289 (etiam
1882 3250 1962 3290 ab):

211 3295 341 3327 domino
363 3304 460 3336 saepe
482 3304 501 3328 ο
530 3315 573 3320 -
598 3299 648 3338 fit,
665 3298 693 3329 si
708 3315 756 3321 --
773 3298 840 3329 alio
863 3298 994 3332 domino
1017 3308 1087 3331 om.
1106 3307 1126 3331 ο
1151 3316 1185 3322 -
1211 3297 1258 3340 fil]
1275 3299 1317 3331 sic
1340 3299 1459 3332 Bflab
1484 3316 1520 3323 —
1547 3303 1593 3332 est
1615 3308 1706 3332 corr.
1725 3308 1768 3333 ex
1790 3300 1833 3332 sit
1852 3300 1886 3332 b.
