2249 3624
600 122 688 162 Lm.
720 122 789 162 ΙΙΙ.
831 121 929 162 CAP.
960 120 1265 161 XXI—XXII.
1301 118 1360 172 §§
1391 117 1579 159 ‹38-75.
1892 116 1963 158 fl5l

210 248 373 274 nocere.
422 235 505 274 Nee
538 248 634 273 vero
667 239 823 273 rectum
857 239 917 273 est
949 248 1039 272 cum
1071 234 1213 272 amicis
1235 238 1303 271 aut
1330 231 1614 270 benemeritis
1638 231 1878 270 consociare
1901 237 1972 272 aut

208 297 461 349 coniungere
502 297 717 341 iniuriam,
758 296 1083 348 gravissimeque
1122 302 1162 334 et
1201 295 1413 334 verissime
1457 293 1695 333 defenditur
1742 308 1970 346 numquam

207 360 461 411 aequitatem
500 359 549 397 ab
581 359 760 397 utilitate
806 372 927 410 posse
969 359 1130 408 seiungi
1173 362 1232 404 et,
1274 358 1471 411 quicquid
1509 370 1691 410 aequum
1729 356 1971 408 iustumque

208 426 339 467 esset,
377 421 417 459 id
460 422 583 460 etiam
629 420 872 466 honestum,
916 421 1206 473 vicissimque,
1250 420 1453 474 quicquid
1494 425 1605 459 esset
1645 419 1889 465 honestum,
1931 418 1971 457 id

206 483 360 522 iustum
393 484 517 522 etiam
549 487 672 534 atque
704 496 885 534 aequum
919 483 1018 522 sore.
1066 482 1129 521 72.
1155 484 1214 522 Ad
1239 497 1392 536 easque
1416 484 1606 530 virtutes,
1640 483 1691 522 de
1713 484 1866 535 quibus
1890 482 2008 525 dis-5

206 550 394 598 putatum
438 551 519 589 est,
560 545 819 583 dialecticam
861 545 984 583 etiam
1028 546 1257 595 adiungunt
1300 552 1338 584 et
1379 546 1611 599 physicam,
1644 560 1799 598 easque
1830 545 1972 585 ambas

206 607 403 646 virtutum
437 608 604 646 nomine
636 606 869 658 appellant,
902 608 1094 653 alteram,
1128 608 1238 660 qnod
1272 608 1421 647 habeat
1449 609 1673 656 rationem,
1707 622 1757 648 ne
1781 610 1845 648 cui
1869 608 1972 648 falso

206 671 486 709 assentiamur
516 683 618 708 neve
653 683 850 721 uinquam
884 671 1067 721 captiosa
1101 671 1393 722 probabilitate
1425 671 1634 718 fallamur,
1675 684 1831 724 eaque,
1865 684 1972 723 quae

209 731 260 770 de
292 732 414 770 bonis
447 738 487 771 et
520 732 639 771 malis
673 732 961 778 didicerimus,
996 739 1037 771 ut
1070 738 1210 770 tenere
1244 733 1435 785 tut-rique
1470 735 1689 785 possimus.
1752 735 1850 772 Nam
1883 733 1973 772 sine

208 792 281 834 hac
313 800 399 833 arte
431 795 619 846 quemvis
651 794 906 833 arbitrantur
930 808 952 833 a
977 808 1073 833 vcro
1106 794 1254 833 abduci
1287 794 1458 847 fallique
1491 808 1627 848 posse.
1680 797 1802 835 Recte
1835 797 1972 848 igitur,
1990 809 2022 837 to

207 857 241 896 si
279 856 471 895 omnibus
511 857 552 895 in
591 856 714 895 rebus
748 857 957 895 temeritas
998 857 1290 910 ignoratioque
1331 858 1480 897 vitiosa
1522 863 1605 904 est,
1644 872 1709 898 ars
1751 872 1821 906 ea,
1864 872 1971 911 quae

207 918 316 958 tollit
346 918 468 965 haec,
501 919 628 958 virtus
662 919 873 957 nominata
906 924 981 958 est.

319 981 452 1020 xxu.
485 979 551 1020 73.
584 981 786 1034 l’hysicae
819 995 987 1034 quoque
1020 995 1102 1021 non
1136 981 1225 1020 sine
1259 995 1384 1021 causa
1412 983 1588 1022 tributus
1611 983 1718 1023 idem
1743 991 1803 1024 est
1824 985 1972 1033 honos,

208 1048 431 1097 propterea
463 1043 597 1096 quod,
630 1044 701 1096 qui
726 1045 1022 1084 convenienter
1049 1050 1221 1083 naturae
1245 1045 1428 1083 victurus
1450 1049 1532 1090 est,
1565 1045 1600 1084 ei
1625 1044 1973 1097 proficiscendum

207 1112 269 1146 est
300 1106 351 1145 ab
383 1106 495 1145 omni
529 1107 685 1146 mundo
717 1112 844 1159 atque
877 1107 927 1146 ab
960 1107 1050 1146 eius
1084 1106 1388 1159 procuratione.
1450 1108 1532 1145 Nec
1563 1121 1660 1146 vero
1694 1115 1828 1160 potest
1859 1111 2024 1163 quis-215

208 1181 334 1222 quam
367 1167 417 1207 de
451 1168 572 1207 bonis
605 1174 645 1207 et
678 1168 796 1207 malis
829 1182 924 1208 vere
958 1168 1139 1208 iudicare
1173 1168 1251 1207 nisi
1283 1169 1394 1208 omni
1427 1170 1589 1222 cognita
1621 1171 1779 1211 ratione
1805 1179 1974 1213 naturae

207 1238 246 1271 et
286 1231 394 1271 vitae
434 1231 557 1270 etiam
602 1230 797 1276 deorum,
839 1237 878 1270 et
909 1236 1045 1270 utrum
1078 1231 1300 1270 conveniat
1329 1245 1460 1270 necne
1493 1238 1639 1272 natura
1669 1233 1850 1274 hominis
1882 1250 1975 1275 cum

207 1294 416 1334 universa.
469 1292 670 1346 Quaeque
704 1298 801 1332 sunt
833 1299 971 1332 vetera
1003 1300 1223 1347 praecepta
1257 1294 1533 1346 sapientium,
1577 1296 1647 1348 qui
1680 1298 1825 1336 iubent
1855 1303 1975 1337 tem-

206 1357 320 1409 pori
353 1368 533 1409 parere
566 1360 605 1394 et
635 1356 792 1408 sequi
826 1356 967 1394 deum
1000 1362 1039 1396 et
1071 1370 1122 1395 se
1155 1370 1381 1395 noscere
1415 1362 1455 1395 et
1487 1357 1626 1396 nihil
1658 1359 1842 1406 nimis,
1875 1361 1975 1398 haec

207 1419 298 1459 sine
330 1418 517 1472 physicis
549 1432 675 1471 quam
707 1418 789 1458 vim
821 1419 1003 1458 habeant
1023 1442 1077 1448 —
1100 1424 1139 1458 et
1160 1419 1315 1458 habent
1337 1420 1561 1459 maximam
1583 1443 1658 1468 —,
1690 1422 1831 1461 videre
1854 1436 1975 1462 nemo
1990 1434 2025 1462 20

206 1486 357 1535 potest.
406 1481 544 1533 Atque
577 1481 699 1520 etiam
733 1481 782 1519 ad
813 1481 1014 1520 iustitiam
1048 1482 1285 1529 colendam,
1318 1482 1368 1521 ad
1402 1482 1578 1522 tuendas
1610 1484 1815 1523 amicitias
1841 1490 1882 1524 et
1913 1497 1977 1524 re-

207 1545 342 1597 liquas
380 1543 572 1583 caritates
609 1542 710 1596 quid
753 1549 902 1583 natura
942 1544 1097 1591 valeat,
1138 1543 1241 1583 haec
1278 1558 1363 1583 una
1400 1545 1583 1597 cognitio
1623 1551 1759 1598 potest
1801 1546 1976 1587 tradere.

205 1608 291 1646 Nee
322 1620 420 1646 vero
450 1605 585 1658 pietas
617 1606 840 1645 advorsum
874 1605 995 1653 deos,
1030 1619 1106 1646 nec
1139 1611 1295 1659 quanta
1318 1607 1368 1646 iis
1390 1608 1519 1659 gratia
1542 1607 1760 1656 debeatur,
1792 1608 1882 1648 sine
1905 1623 1978 1649 ex-

207 1669 450 1724 planatione
482 1672 652 1706 naturae
685 1667 870 1720 intellegi
903 1674 1052 1721 potest.
1114 1667 1178 1707 74.
1212 1669 1293 1708 Sed
1325 1670 1405 1709 iam
1437 1671 1572 1710 sentio
1600 1684 1665 1710 me
1694 1685 1785 1712 esse
1809 1672 1977 1724 longius

207 1738 469 1786 provectum,
503 1745 627 1784 quam
660 1732 876 1784 proposita
906 1733 1012 1773 ratio
1046 1733 1292 1786 postularet.
1344 1734 1497 1773 Verum
1529 1733 1786 1774 admirabilis
1809 1748 1978 1787 compo·
1994 1748 2030 1776 ⁵25

208 1796 304 1836 sitio
339 1794 586 1847 disciplinae
618 1795 964 1848 incredibilisque
995 1809 1133 1834 rerum
1167 1796 1291 1835 traxit
1321 1795 1444 1842 ordo,
1478 1809 1621 1848 quem,
1664 1809 1741 1848 per
1771 1795 1871 1836 deos
1903 1797 1979 1836 irn-

209 1857 419 1897 mortalis!
454 1870 593 1896 nonne
626 1857 819 1897 miraris?
855 1858 965 1906 Quid
998 1858 1108 1897 enim
1140 1863 1211 1898 aut
1241 1860 1282 1897 in
1308 1863 1477 1905 natura,
1511 1871 1593 1911 qua
1615 1858 1721 1898 nihil
1744 1864 1806 1898 est
1827 1859 1978 1912 aptius,

208 1920 311 1960 nihil
354 1919 626 1972 descriptius,
667 1925 737 1959 aut
774 1921 816 1960 in
850 1921 1044 1973 operibus
1076 1934 1201 1960 manu
1232 1921 1349 1961 sactis
1382 1926 1463 1960 tam
1496 1920 1774 1973 compositum
1808 1926 1978 1975 tamque

210 1986 473 2034 compactum
504 1987 545 2022 et
575 1989 903 2035 coagmentatum
938 1985 1117 2024 inveniri
1148 1986 1315 2037 potest?
1359 1983 1460 2037 quid
1492 1983 1701 2036 posterius
1734 1984 1862 2037 priori
1894 1998 1978 2024 non

210 2045 432 2084 convenit?
466 2045 568 2098 quid
601 2046 810 2098 sequitur,
844 2047 957 2099 quod
990 2061 1073 2086 non
1104 2047 1359 2099 respondeat
1390 2045 1627 2098 superiori?
1671 2046 1772 2099 quid
1804 2060 1889 2086 non
1921 2048 1980 2087 sic
1994 2059 2030 2087 30

210 2107 323 2147 aliud
356 2120 407 2147 ex
439 2108 520 2147 alio
553 2109 752 2156 nectitur,
784 2114 849 2155 ut,
882 2109 916 2148 si
948 2110 1076 2149 ullam
1102 2110 1279 2149 litteram
1303 2110 1500 2156 moveris,
1533 2108 1675 2148 labent
1696 2109 1864 2149 omnia?
1895 2111 1980 2149 Ne'c

211 2174 349 2210 tamen
381 2170 606 2224 quicquam
637 2177 716 2219 est,
750 2173 864 2225 quod
896 2173 1054 2213 moveri
1086 2173 1232 2226 possit.

323 2231 390 2272 75.
424 2233 560 2281 Quam
602 2235 737 2287 gravis
775 2249 898 2283 vero,
940 2248 1063 2289 quam
1095 2231 1336 2286 magnilica,
1381 2245 1505 2286 quam
1538 2236 1732 2272 constans
1764 2231 1983 2273 conficitur

211 2309 389 2350 persona
421 2296 644 2349 sapientis!
678 2297 769 2350 qui,
802 2312 894 2337 cum
917 2298 1022 2337 ratio
1045 2297 1253 2343 docuerit,
1286 2296 1396 2349 qnod
1419 2296 1640 2335 honestum
1664 2300 1795 2343 esset,
1826 2296 1867 2335 id
1890 2309 1981 2336 esse

214 2358 348 2397 solum
379 2358 556 2405 bonum,
588 2372 754 2412 semper
785 2360 837 2400 sit
869 2374 1042 2400 necesse
1075 2365 1136 2399 est
1165 2360 1311 2398 beatus
1343 2371 1525 2411 vereque
1548 2358 1687 2397 omnia
1714 2358 1791 2398 ista
1812 2359 1982 2398 nomina
1995 2370 2032 2399 35

213 2420 446 2472 possideat,
487 2435 594 2475 quae
635 2421 797 2462 irrideri
829 2422 880 2462 ab
912 2422 1118 2475 imperitis
1151 2422 1300 2462 solent.
1357 2421 1528 2460 Rectius
1561 2421 1671 2460 enim
1703 2420 1984 2474 appellabitur

301 2596 331 2626 t.
356 2595 481 2626 meritis
503 2596 628 2627 sociare
652 2596 675 2626 B
696 2613 730 2617 —
758 2597 789 2627 ⁶2.
816 2596 977 2627 iniuriam
1002 2605 1070 2627 om.
1092 2597 1115 2627 B
1142 2597 1220 2628 (non
1238 2595 1277 2633 E)
1298 2613 1332 2617 —
1358 2594 1554 2634 grauissime
1577 2597 1606 2624 et
1629 2594 1652 2625 B
1674 2612 1706 2618 -
1737 2595 1766 2625 5.
1786 2603 1841 2625 eas
1862 2595 1939 2626 virt.
1959 2596 1983 2626 B

221 2663 255 2668 -
273 2644 303 2676 8.
327 2645 486 2684 fallamur
503 2655 571 2677 om.
591 2648 617 2678 A
638 2664 672 2667 —
699 2646 813 2686 eaque]
832 2655 934 2685 aeque
952 2648 995 2684 A,
1023 2655 1102 2685 eque
1126 2647 1148 2677 B
1165 2647 1188 2677 E
1211 2664 1244 2668 —
1271 2646 1301 2676 9.
1322 2645 1530 2676 didicerimus
1554 2644 1596 2675 B:
1624 2644 1838 2675 didiceremus
1861 2647 1905 2683 A3
1934 2646 1985 2676 di-

218 2704 358 2726 ceremus
381 2696 482 2727 codd.
511 2696 595 2727 dett.
618 2713 653 2718 —-
679 2697 781 2727 teneri
806 2699 848 2730 A:
876 2705 914 2727 ize
939 2697 961 2726 Β
990 2713 1023 2717 -
1053 2698 1104 2727 lt).
1133 2696 1285 2734 quamuis
1309 2695 1331 2725 B
1348 2695 1371 2725 Ε
1393 2712 1425 2716 —-
1454 2704 1475 2723 α
1498 2703 1577 2724 uero
1594 2696 1639 2724 A:
1666 2694 1706 2725 ab
1729 2704 1806 2725 vero
1823 2695 1846 2725 B
1862 2695 1886 2725 E
1901 2695 1926 2725 O
1945 2712 1980 2716 —

220 2746 270 2776 tt.
295 2747 547 2787 iynorantiaque
565 2749 591 2779 D
612 2764 646 2770 —
674 2757 731 2778 ars
753 2749 780 2779 Α
795 2749 817 2778 Β
834 2749 857 2779 (3
874 2748 916 2778 D:
944 2746 985 2777 ab
1008 2746 1056 2776 his
1081 2745 1184 2777 codd.
1212 2745 1425 2776 deteriores:
1458 2753 1515 2774 ars
1538 2743 1578 2774 ab
1602 2744 1650 2773 his
1671 2753 1751 2775 cum
1769 2745 1883 2776 Marso
1901 2745 1926 2775 O
1946 2760 1981 2767 —

222 2796 272 2826 42.
298 2796 383 2836 haec]
408 2798 502 2829 huius
524 2798 548 2829 B
579 2815 610 2821 —
641 2799 692 2829 43.
720 2797 857 2838 quoque]
884 2797 1013 2836 quidem
1038 2797 1061 2827 B
1090 2814 1124 2818 —
1152 2799 1196 2826 est
1220 2804 1289 2826 0111.
1317 2795 1340 2825 B
1367 2812 1401 2816 —
1430 2793 1480 2825 lli.
1506 2797 1551 2824 est
1576 2794 1787 2833 Madvigius:
1813 2795 1854 2825 sic
1879 2794 1982 2827 codd.

223 2846 255 2874 et
279 2845 346 2875 Mo
372 2863 406 2869 —·
431 2847 470 2887 ei]
496 2851 525 2879 ei
548 2849 632 2885 AB;
661 2848 703 2879 cf.
731 2848 749 2887 S
776 2848 826 2878 67.
858 2865 892 2869 -—
926 2848 977 2878 Π.
1003 2850 1033 2878 et
1056 2849 1231 2884 ulrumque
1255 2856 1282 2876 c.
1311 2845 1334 2876 E
1362 2862 1395 2865 ——
1425 2846 1476 2875 118.
1503 2845 1676 2875 universa:
1703 2846 1985 2883 quaeque—-ni-

222 2893 292 2923 mis.
316 2894 401 2925 Haec
423 2897 490 2927 sine
514 2897 538 2927 Ο
566 2914 600 2918 -
628 2901 775 2928 ueterum
801 2897 1013 2928 Goerenzius
1040 2897 1085 2934 (in
1109 2895 1320 2933 Addendis),
1349 2893 1425 2925 coll.
1447 2894 1500 2931 IV,
1529 2894 1547 2933 g
1574 2894 1626 2925 ⁴7.
1644 2912 1688 2917 —
1713 2895 1764 2926 49.
1791 2898 1820 2926 ec
1843 2895 1932 2934 sequi
1957 2898 1986 2926 et

223 2943 316 2973 deum
340 2944 400 2974 BE
427 2961 460 2967 —
486 2947 575 2987 haec]
600 2956 658 2978 nee
682 2948 705 2978 B
727 2965 760 2969 —
787 2948 839 2978 ⁶253.
867 2947 945 2977 haec
968 2955 1045 2977 cero
1064 2955 1100 2984 p.
1127 2947 1201 2976 adv.
1226 2946 1316 2982 cleos,
1344 2952 1401 2974 aec
1425 2952 1491 2983 qua
1516 2943 1567 2974 isti
1590 2944 1704 2983 qratia
1721 2944 1891 2981 debeatur,
1918 2945 1985 2976 sine

223 2992 451 3030 explanatione
464 3004 497 3026 n.
515 2997 573 3027 inl.
591 3000 692 3036 potest
708 2997 838 3028 Nonius
858 3005 890 3036 p.
906 2996 968 3026 ⁵2:32
986 3004 1012 3027 s.
1031 3005 1063 3027 κ’.
1078 2996 1260 3027 Advorsum
1276 3012 1307 3016 —
1330 2994 1509 3024 aduersum
1521 3011 1538 3015 -
1552 3011 1569 3015 -
1583 2993 1816 3032 ecplanalione
1832 2994 1981 3025 Nonius:

223 3043 377 3072 adversus
392 3060 439 3068 --
454 3046 670 3085 eoeplicatione
686 3046 788 3077 codd.
811 3048 881 3077 Cio.
903 3048 937 3077 et
954 3046 1020 3077 ΜΟ
1041 3063 1075 3067 -
1103 3045 1151 3085 iis]
1176 3046 1223 3075 his
1240 3047 1263 3075 A
1279 3045 1323 3082 O,
1348 3044 1406 3082 hys
1430 3044 1452 3073 B
1475 3061 1508 3065 —-
1535 3042 1588 3075 ⁶24».
1615 3044 1674 3075 int.
1700 3053 1763 3074 non
1786 3047 1888 3082 polest
1906 3045 1928 3075 B
1946 3061 1980 3065 —

223 3091 275 3121 ς26-
294 3092 415 3132 rerum]
439 3102 488 3125 me
509 3104 620 3128 rerum
642 3098 666 3128 B
689 3114 722 3118 —
750 3097 801 3127 ⁶27.
822 3095 898 3136 qua]
925 3096 1010 3134 quod
1028 3096 1049 3126 B
1065 3096 1089 3126 Ε
1110 3113 1144 3117 -
1172 3096 1223 3126 29.
1242 3095 1509 3125 cocicmentatum
1525 3095 1571 3129 A;
1597 3096 1885 3133 coauymentatum
1902 3093 1925 3124 B
1945 3110 1979 3114 —

223 3141 275 3171 30.
302 3142 386 3180 quod
410 3152 472 3174 non
494 3144 533 3175 sit
556 3146 639 3177 aller
660 3147 762 3176 iudex
779 3146 844 3176 alio
863 3147 884 3176 Β
902 3146 924 3176 Ε
945 3163 980 3168 -
1008 3145 1059 3176 31.
1079 3148 1115 3175 ut
1132 3147 1215 3183 Aug.
1236 3143 1456 3175 Mattliiaeus:
1481 3147 1599 3174 utnon
1618 3142 1720 3174 codd.
1742 3145 1775 3173 et
1792 3144 1829 3173 O.
1857 3142 1906 3173 Cf.
1926 3142 1980 3175 tv,

224 3190 241 3230 S
267 3190 325 3221 53:
352 3192 392 3222 Ec
416 3193 482 3230 ais,
508 3194 534 3224 si
554 3204 622 3226 una
645 3196 754 3226 littera
779 3198 940 3225 commota
963 3196 1015 3233 sit,
1040 3197 1110 3234 sore
1134 3198 1201 3225 tola
1226 3197 1260 3224 ul
1284 3194 1367 3223 labet
1384 3193 1568 3232 disciplina.
1595 3210 1623 3214 —
1650 3193 1753 3223 ullam
1771 3195 1795 3223 A
1811 3192 1852 3222 B:
1880 3200 1981 3221 unam

224 3239 267 3271 de
286 3240 473 3273 Marklandi
489 3244 633 3276 coniect.
653 3246 678 3277 O
698 3263 731 3267 —
753 3246 804 3277 32.
825 3246 910 3284 quod
925 3246 969 3276 B:
996 3253 1059 3284 quo
1075 3247 1102 3276 A
1122 3261 1155 3266 —
1176 3244 1227 3275 35.
1246 3243 1297 3282 sit]
1315 3243 1342 3274 si
1358 3244 1384 3274 A
1406 3260 1439 3265 —
1456 3251 1595 3282 vereque
1610 3260 1628 3266 -
1641 3260 1658 3265 -
1671 3242 1835 3282 possideat
1851 3248 1919 3272 om.
1940 3241 1975 3271 Β.
