2249 3624
255 126 336 168 508
910 131 979 170 DE
1010 129 1361 169 DIVINATIONE

257 239 431 274 censent
462 248 552 275 esse
585 249 684 276 suae
717 236 941 276 maiestatis
973 234 1306 288 praesignificare
1338 235 1574 276 hominibus
1606 251 1712 290 quae
1744 244 1840 278 sunt
1867 239 2018 290 futura,

255 300 329 335 aut
367 309 414 335 ea
456 310 507 336 ne
545 298 625 350 ipsi
664 298 834 351 quidem
873 297 913 336 di
956 295 1190 349 significare
1223 303 1412 350 possunt.
1473 300 1526 338 At
1555 312 1693 352 neque
1724 314 1810 340 non
1841 302 2019 355 diligunt

255 370 331 396 nos
362 381 416 387 —
447 366 544 399 sunt
575 361 683 399 enim
724 356 900 398 benefici
938 359 1167 412 generique
1206 359 1423 399 hominum
1461 361 1584 400 amici
1615 384 1694 409 -—,
1733 376 1872 417 neque
1903 365 2021 417 igno-

254 425 348 458 rant
378 433 446 467 ea,
485 435 590 473 quae
622 422 672 461 ab
704 421 806 474 ipsis
838 422 1063 461 constituta
1095 426 1135 460 et
1165 421 1379 475 designata
1413 428 1527 469 sunt,
1568 437 1705 477 neque
1736 431 1879 466 nostra
1918 428 2021 467 nihil

221 481 430 522 5interest
467 484 573 522 scire
613 496 688 530 ea,
734 496 841 537 quae
883 489 1086 524 eventura
1125 485 1208 524 sint
1256 507 1307 512 —
1359 485 1514 525 erimus
1558 487 1669 526 enim
1712 488 1944 537 cautiores,
1987 491 2021 530 si

255 543 433 583 sciemus
464 569 516 575 ——
546 559 684 598 neque
714 545 794 585 hoc
825 545 1008 585 alienum
1041 547 1198 586 ducunt
1229 548 1444 587 maiestate
1478 562 1552 588 sua
1591 572 1642 577 -—
1682 549 1787 589 nihil
1820 557 1882 591 est
1912 553 2020 592 enim

253 604 533 645 beneficentia
571 608 855 659 praestantius
895 630 976 654 ——,
1024 622 1161 662 neque
1204 623 1288 649 non
1330 616 1506 663 possunt
1548 609 1685 651 sutura
1727 625 2018 665 praenoscere.

254 665 320 705 83.
352 669 444 706 Non
476 668 601 721 igitur
631 675 728 709 sunt
759 669 798 709 di
832 684 908 709 nec
941 670 1175 723 significant
1204 672 1354 711 futura.
1399 673 1505 712 Sunt
1532 679 1670 713 autem
1700 674 1762 720 di,
1791 674 2024 728 significant

254 742 368 782 ergo.
426 731 477 769 Et
509 744 615 779 non,
658 732 691 771 si
724 730 981 786 significant,
1024 733 1160 773 nullas
1198 734 1285 773 vias
1324 734 1424 773 dant
1462 736 1583 775 nobis
1622 736 1673 775 ad
1706 734 2022 789 significationis

204 798 240 826 ⁴0
254 792 469 832 scientiam
501 816 556 821 —
586 793 738 834 frustra
770 796 881 834 enim
914 795 1199 848 significarent
1229 818 1308 844 —,
1350 810 1451 844 nec,
1494 798 1528 836 si
1560 798 1660 838 dant
1691 799 1802 846 vias,
1843 812 1927 839 non
1961 806 2025 840 est

253 853 485 894 divinatio:
528 862 590 895 est
620 857 747 909 igitur
779 857 1022 897 divinatio.»

366 917 562 957 XXXIX.
608 917 674 958 84.
714 919 800 959 Hac
840 921 998 959 ratione
1040 925 1079 959 et
1119 920 1377 975 Chrysippus
1418 928 1457 961 et.
1487 922 1697 974 Diogenes
1735 929 1775 962 et
1805 924 2025 978 Antipater

254 978 398 1017 utitur.
462 979 575 1027 Quid
615 987 678 1021 est
715 982 839 1034 igitur
879 996 951 1021 cur
989 982 1263 1028 dubitandum
1297 984 1348 1022 sit
1379 985 1477 1036 quin
1510 984 1593 1023 sint
1624 998 1694 1032 ea,
1740 999 1847 1038 quae
1880 987 2023 1041 dispu-

253 1041 360 1087 tavi,
392 1042 625 1090 verissima,
657 1044 690 1083 si
724 1045 828 1084 ratio
863 1058 1025 1085 mecum
1056 1045 1175 1091 facit,
1208 1046 1243 1084 si
1275 1052 1442 1093 eventa,
1475 1047 1508 1086 si
1542 1047 1710 1100 populi,
1745 1049 1778 1087 si
1811 1050 2019 1098 nationes,

204 1110 240 1139 ⁴5
255 1104 288 1143 si
321 1103 491 1151 Graeci,
533 1106 565 1144 si
598 1107 785 1153 barbari,
827 1107 861 1146 si
895 1108 1071 1147 maiores
1104 1109 1226 1148 etiam
1260 1110 1412 1157 nostri,
1453 1110 1486 1149 si
1526 1111 1707 1164 denique
1748 1110 1826 1151 hoc
1857 1125 2024 1165 semper

254 1166 309 1205 ita
341 1173 527 1220 putatum
561 1174 644 1215 est,
687 1170 720 1209 si
755 1170 904 1209 summi
937 1170 1208 1223 philosophi,
1251 1171 1284 1210 si
1317 1178 1492 1225 poetae,
1542 1173 1576 1212 si
1608 1173 1903 1226 sapientissimi
1934 1175 2024 1222 viri,

255 1229 327 1282 qui
359 1243 424 1269 res
456 1230 642 1283 publicas
675 1233 995 1280 constituerunt,
1029 1234 1101 1286 qui
1132 1234 1259 1273 urbes
1291 1235 1598 1274 condiderunt?
1640 1237 1704 1274 An
1736 1235 1834 1274 dum
1865 1236 2025 1277 hestiae

254 1291 482 1346 loquantur
512 1302 823 1348 exspectamus,
865 1297 1081 1337 hominum
1113 1297 1402 1337 consentiente
1433 1298 1682 1337 auctoritate
1715 1300 1900 1339 contenti
1942 1313 2026 1340 non

255 1357 434 1394 sumus?
494 1354 560 1396 85.
606 1359 690 1398 Nec
728 1373 826 1399 vero
867 1360 1091 1413 quicquam
1131 1360 1243 1400 aliud
1285 1359 1497 1407 adfertur,
1546 1373 1619 1399 cur
1649 1374 1723 1407 ea,
1771 1374 1878 1414 quae
1920 1362 2026 1409 dico,

203 1423 241 1452 20
257 1415 472 1458 divinandi
504 1433 657 1471 genera
688 1421 803 1461 nulla
835 1423 929 1468 sint,
963 1423 1043 1462 nisi
1077 1423 1192 1476 quod
1225 1420 1396 1461 difficile
1427 1422 1541 1461 dictu
1572 1422 1738 1462 videtur
1759 1437 1866 1476 quae
1889 1425 2027 1465 cuius-

256 1493 338 1533 que
371 1481 638 1522 divinationis
670 1484 794 1531 ratio‚
836 1498 944 1538 quae
964 1481 1099 1524 ‘causa
1131 1485 1197 1524 sit.
1259 1484 1372 1532 Quid
1406 1485 1516 1524 enim
1548 1484 1675 1524 habet
1703 1485 1912 1539 haruspex
1954 1501 2027 1526 cur

253 1541 396 1594 pulmo
439 1543 595 1584 incisus
640 1546 764 1585 etiam
807 1547 850 1586 in
892 1547 1011 1587 bonis
1053 1548 1160 1587 extis
1201 1547 1366 1586 dirimat
1397 1552 1559 1599 tempus
1592 1553 1632 1586 et
1662 1547 1849 1600 proferat
1879 1548 2025 1589 diem?

255 1604 355 1657 quid
393 1618 526 1658 augur
563 1621 636 1647 cur
672 1622 693 1648 a
726 1610 873 1649 dextra
904 1623 1079 1656 corvus,
1126 1624 1146 1649 a
1179 1609 1347 1649 sinistra
1378 1610 1526 1649 cornix
1556 1609 1680 1649 faciat
1709 1614 1876 1651 ratum?
1927 1613 2027 1665 quid

254 1667 489 1721 astrologus
531 1683 605 1709 cur
644 1671 764 1711 stella
809 1672 913 1712 [ovis
955 1678 1025 1712 aut
1060 1672 1236 1712 Veneris
1280 1673 1501 1712 coniuncta
1544 1686 1637 1712 cum
1668 1674 1786 1713 Luna
1826 1674 1877 1713 ad
1910 1680 2026 1715 ortus

204 1735 478 1783 95puerorum
521 1732 715 1773 salutaris
754 1736 828 1781 sit,
872 1735 1037 1774 Saturni
1080 1735 1277 1775 Martisve
1319 1736 1560 1774 contraria?
1623 1735 1704 1775 Cur
1743 1742 1880 1775 autem
1924 1737 2025 1777 deus

254 1792 508 1833 dormientes
549 1809 623 1835 nos
664 1802 851 1843 moneat,
889 1798 1111 1850 vigilantes
1150 1797 1376 1850 neglegat?
1440 1798 1551 1845 Quid
1593 1797 1747 1837 deinde
1785 1812 1933 1839 causae
1965 1805 2027 1839 est

254 1869 328 1896 cur
351 1856 581 1897 Cassandra
613 1858 755 1898 furens
786 1859 922 1899 futura
954 1860 1201 1913 prospiciat,
1236 1862 1420 1900 Priamus
1452 1861 1620 1913 sapiens
1652 1860 1732 1900 hoc
1757 1861 1866 1902 idem
1890 1862 2027 1902 facere

254 1932 339 1958 non
372 1922 524 1972 queat?
568 1919 634 1960 86.
669 1922 750 1961 Cur
780 1922 851 1962 fiat
884 1923 1070 1976 quidque
1104 1923 1299 1976 quaeris?
1332 1923 1456 1962 Recte
1479 1924 1663 1969 omnino,
1696 1924 1768 1963 sed
1801 1938 1884 1963 non
1916 1938 2026 1964 nunc

254 1982 295 2021 id
328 1983 485 2034 agitur:
532 1983 603 2023 fiat
634 1997 764 2023 necne
797 1983 883 2032 fiat,
924 1985 964 2025 id
998 1986 1227 2038 quaeritur.
1278 1985 1350 2032 Ut,
1393 1986 1427 2024 si
1459 1990 1691 2038 magnetem
1725 1985 1901 2038 lapidem
1935 1999 2026 2026 esse

204 2046 241 2076 30
255 2044 409 2092 dicam,
444 2046 516 2098 qui
547 2045 701 2085 ferrum
734 2047 785 2086 ad
818 2061 861 2087 se
894 2047 1064 2087 adliciat
1096 2053 1136 2087 et
1168 2047 1321 2095 trahat,
1352 2049 1553 2088 rationem
1587 2061 1659 2087 cur
1689 2047 1731 2087 id
1765 2047 1833 2088 liat
1865 2048 2026 2088 adferre

254 2119 476 2160 nequeam,
509 2106 595 2148 fieri
629 2110 799 2149 omnino
830 2124 970 2163 neges.
1020 2111 1142 2158 Quod
1175 2111 1283 2150 idem
1315 2110 1418 2150 facis
1449 2111 1489 2149 in
1523 2111 1796 2158 divinatione,
1830 2125 1954 2165 quam
1987 2117 2028 2151 et

255 2170 462 2209 cernimus
506 2171 585 2223 ipsi
627 2177 667 2211 et
708 2173 899 2212 audimus
941 2179 981 2212 et
1012 2173 1189 2226 legimus
1230 2179 1270 2212 et
1301 2186 1324 2213 a
1356 2174 1544 2226 patribus
1577 2174 1823 2226 accepimus.
1884 2175 2028 2228 Neque

255 2238 350 2272 ante
383 2233 693 2286 philosophiam
725 2235 996 2287 patefactam,
1030 2249 1136 2288 quae
1168 2249 1302 2289 nuper
1332 2236 1502 2275 inventa
1535 2242 1620 2282 est,
1652 2236 1728 2274 hac
1760 2236 1810 2274 de
1841 2248 1885 2274 re
1917 2248 2028 2275 com-

345 2356 374 2385 4.
400 2357 463 2386 sinc
489 2357 515 2387 H
543 2374 576 2378 —
604 2357 635 2388 ¹⁴2.
663 2358 708 2388 clii
732 2366 821 2388 corr.
844 2358 875 2388 in
893 2359 925 2388 di
942 2361 967 2389 A
988 2374 1021 2379 —
1053 2361 1130 2398 post
1155 2368 1256 2397 neque
1280 2361 1334 2390 est
1359 2360 1391 2390 in
1416 2361 1442 2390 Α
1468 2360 1580 2389 maior
1604 2358 1740 2396 lacuna,
1768 2368 1883 2399 neque
1909 2361 2026 2389 tamen

255 2406 444 2447 quicquam
471 2407 571 2438 deest
599 2425 631 2429 —
659 2418 724 2439 non
749 2417 817 2439 oin.
846 2409 873 2439 ll
902 2427 935 2431 —
963 2409 993 2439 3.
1019 2406 1153 2439 Ιιοιηὶηᾶ
1179 2409 1234 2448 (nil
1257 2410 1290 2439 in
1315 2417 1382 2440 ras.
1403 2417 1449 2439 ni.
1469 2409 1554 2447 seo.)
1581 2417 1684 2447 neque
1709 2411 1788 2448 (oni.
1809 2408 1920 2447 amici)
1946 2410 1972 2439 A
1990 2426 2023 2429 —

254 2457 412 2497 ignorare
437 2458 463 2488 ll
500 2476 541 2480 —-
576 2457 606 2489 4.
635 2462 781 2489 nostram
808 2459 886 2489 nihil
909 2460 1061 2490 interesse
1086 2460 1112 2490 ΙΙ
1151 2477 1184 2480 -
1224 2461 1254 2490 5.
1282 2464 1423 2490 uenlura
1449 2460 1474 2490 H
1504 2477 1537 2480 —-
1564 2460 1627 2490 sint
1651 2459 1767 2490 ARV:
1801 2463 1874 2489 sunt
1899 2459 1961 2489 ΗΟ
1989 2476 2022 2480 -

255 2507 285 2538 6.
312 2517 416 2548 neque
439 2509 525 2539 enim
549 2509 607 2539 hoc
632 2506 705 2539 13¹ss
741 2527 775 2530 —
811 2510 841 2539 7.
870 2509 1090 2548 beneficientia
1116 2510 1200 2547 Bll⁷
1237 2509 1279 2540 cf.
1308 2511 1351 2548 ΙΙ,
1378 2509 1393 2548 §
1417 2509 1473 2539 ¹26
1509 2526 1543 2530 —
1574 2512 1787 2548 praestamus
1810 2511 1835 2540 A
1869 2518 1959 2540 corr.
1986 2517 2026 2540 ex

250 2559 471 2597 praestanteis
498 2577 532 2581 —
558 2568 774 2597 praenoscere
791 2560 836 2590 C:
861 2561 1145 2599 praesissnisz'cm·e‚
1169 2563 1452 2598 praemonstrare,
1473 2559 1667 2597 praedicere
1691 2561 1749 2589 aut
1767 2558 1857 2590 aliud
1878 2557 2026 2589 verbum

256 2608 330 2638 eius
362 2608 455 2638 modi
485 2609 746 2648 signifir·ationis
778 2609 869 2640 hene
895 2610 1039 2649 requirit
1066 2610 1213 2640 lortinus
1240 2610 1273 2639 in
1298 2607 1444 2639 miscell.
1472 2608 1634 2639 observv.
1664 2617 1695 2649 p.
1716 2609 1746 2639 8.
1797 2610 1882 2639 Cum
1909 2610 2028 2639 tamen

254 2657 349 2688 idem
376 2667 474 2689 error
499 2659 584 2690 intra
619 2661 663 2696 ll,
691 2660 725 2697 ἐς
748 2660 804 2690 102
831 2661 865 2690 et
890 2660 950 2690 '105
977 2661 1154 2694 recurrat,
1190 2660 1398 2690 Ciceronem
1424 2658 1688 2698 reprehendere
1720 2667 1823 2698 quan]
1851 2659 2028 2698 corrigere

255 2708 362 2739 satius
388 2710 452 2739 est.
481 2726 515 2730 -—-
551 2710 581 2739 8.
610 2710 713 2748 iqilnr
737 2712 766 2740 et
790 2713 863 2739 sunt
889 2708 1077 2740 Lambinus
1110 2726 1142 2730 —
1180 2710 1209 2739 9.
1237 2713 1265 2739 et
1291 2718 1352 2739 non
1378 2709 1404 2737 si·
1430 2708 1639 2738 Lambinus:
1667 2711 1697 2739 et
1720 2709 1746 2737 si
1770 2716 1834 2738 non
1859 2708 1882 2738 C
1913 2725 1946 2730 -—
1975 2707 2025 2738 40.

254 2766 316 2787 non
343 2767 407 2788 non
432 2762 475 2788 es!
500 2759 599 2789 ABV
632 2775 676 2781 —
710 2758 761 2790 213.
789 2768 849 2789 cur
873 2767 949 2799 sup.
977 2757 1034 2789 lin.
1062 2759 1085 2789 Β
1126 2775 1159 2780 -
1199 2758 1287 2799 quin]
1313 2767 1387 2789 cum
1414 2759 1437 2788 Η
1477 2775 1510 2779 -
1551 2767 1588 2788 θα
1615 2766 1691 2798 sup.
1720 2757 1778 2788 lin.
1805 2759 1831 2788 A
1859 2774 1892 2779 —
1922 2756 1972 2788 2¹4.
2000 2757 2028 2787 si

255 2810 335 2839 ante
361 2814 477 2839 euentu*
502 2818 570 2839 orn.
598 2810 622 2840 B
664 2827 694 2831 —
723 2813 839 2840 euenla
866 2810 906 2846 Β,
933 2809 994 2840 sed
1020 2818 1039 2839 a
1066 2809 1098 2839 in
1124 2817 1191 2839 ras.
1220 2808 1369 2839 duarum
1395 2808 1588 2839 litterarum
1618 2826 1650 2829 —
1682 2810 1731 2841 15,
1761 2816 1815 2837 W.
1841 2807 1867 2837 si
1892 2807 2028 2844 denique

254 2858 312 2888 hoc
344 2867 468 2897 semper
497 2860 546 2889 tta
576 2863 729 2898 praalum
760 2863 804 2890 est
837 2861 914 2900 post
943 2869 998 2890 vv.
1033 2859 1127 2889 urbes
1158 2859 1373 2889 condiderunt
1405 2859 1666 2899 transponenda
1698 2867 1776 2890 esse
1803 2858 2026 2897 Hottingerus

256 2908 393 2939 censuit
412 2926 446 2930 —
473 2908 530 2939 hoc
556 2910 599 2939 ila
625 2919 749 2949 semper
767 2910 805 2947 H,
833 2909 895 2941 sed
920 2910 968 2940 ita
992 2918 1068 2950 sup.
1089 2908 1145 2939 lin.
1168 2927 1200 2930 —
1229 2910 1275 2939 16,
1297 2909 1505 2948 foi-[poetae
1522 2910 1708 2939 clarissumi
1729 2925 1761 2930 —-
1785 2908 1835 2939 118.
1854 2908 2027 2947 contempti

255 2959 280 2989 B
309 2976 343 2980 —
372 2958 422 2988 49.
449 2959 550 2989 simus
575 2960 600 2990 H
628 2976 663 2980 —
696 2960 748 2991 ⁶20.
776 2969 862 2999 quae
885 2960 978 2990 cuius
1002 2968 1087 2999 quae
1112 2961 1135 2989 Α
1165 2976 1197 2980 Ἀ
1226 2958 1277 2989 ¹23.
1305 2968 1365 2988 cur
1390 2959 1421 2999 a]
1447 2960 1524 2997 quid
1549 2968 1570 2990 α,
1593 2958 1642 2996 13¹,
1669 2958 1732 2990 sed
1758 2966 1848 2989 corr.
1876 2958 1888 2988 4
1913 2966 1958 2988 m.
1990 2975 2024 2980 a·

256 3007 391 3039 Probus
416 3017 448 3048 p.
468 3009 508 3039 25)
533 3008 624 3040 Keil:
652 3013 686 3039 ul
705 3010 816 3041 Cicero
841 3011 1054 3040 diuinarum:
1082 3009 1228 3047 Quorum
1253 3018 1274 3039 a
1298 3010 1417 3040 (ἰωήν-α
1442 3018 1572 3043 corvus.
1600 3018 1621 3039 a
1644 3009 1782 3039 sinislra
1805 3008 1924 3039 cornioe
1945 3008 2026 3047 facit

256 3059 448 3098 augurium.
475 3077 517 3081 —-
541 3060 593 3089 25.
618 3068 795 3097 puerorom
818 3059 858 3090 ΑΙ
883 3077 924 3082 -
948 3060 1000 3090 ⁶26.
1027 3061 1072 3088 est
1097 3060 1131 3089 P.
1154 3059 1345 3089 Victorius:
1373 3060 1412 3089 sil
1439 3059 1461 3090 C
1492 3077 1525 3081 -
1554 3059 1605 3089 ⁵27.
1624 3059 1738 3097 furens
1763 3067 1832 3089 om.
1854 3058 1879 3088 H
1908 3074 1941 3078 —
1969 3057 2021 3087 ⁵28.

257 3110 335 3149 quid
361 3109 469 3147 queris
488 3110 514 3139 H
532 3128 573 3131 —
598 3110 649 3140 ⁴20.
670 3109 778 3150 necne]
798 3118 854 3141 nec
873 3110 898 3140 ll
919 3127 953 3131 —
981 3109 1021 3140 30
1055 3109 1197 3138 adlieeac
1222 3109 1278 3139 llV
1299 3127 1333 3130 ——
1361 3110 1472 3140 trahat
1496 3110 1554 3140 AB
1570 3109 1614 3139 H:
1643 3109 1754 3139 trahat
1778 3111 1814 3138 at
1836 3107 1876 3142 V,
1903 3106 1963 3138 sed
1989 3109 2024 3136 at

258 3167 334 3198 sup.
362 3157 433 3193 lin,
460 3159 608 3189 attrahat
632 3168 706 3190 exc.
735 3161 820 3191 Pith.
849 3162 883 3190 et
907 3161 931 3190 O
959 3177 992 3181 »-
1021 3160 1072 3190 31.
1101 3167 1222 3197 nequeo
1247 3159 1273 3189 H
1303 3177 1336 3181 —
1365 3160 1486 3199 neyes?
1511 3159 1554 3191 O:
1583 3159 1720 3198 signum
1746 3155 2022 3196 interrogationis

258 3207 451 3239 tollendum
483 3217 560 3240 esse
592 3208 706 3240 docuit
738 3210 873 3251 Madvig
904 3209 948 3240 ad
974 3210 1044 3241 Clo.
1072 3208 1114 3240 de
1140 3208 1222 3239 tinn.
1258 3217 1290 3249 p.
1311 3208 1367 3240 531
1398 3227 1440 3231 —
1471 3208 1522 3239 33.
1544 3208 1718 3248 philosofia
1737 3207 1905 3248 patefacta
1929 3206 1956 3237 H
1979 3222 2022 3227 —

258 3257 329 3299 hac]
356 3266 396 3288 ac
421 3257 460 3288 H.
