2249 3624
351 152 433 195 258
785 153 1213 194 TUSCULANARUM
1246 153 1681 194 DISPUTATIONUM

518 260 586 299 Ne
618 273 691 299 me
723 258 1009 299 occidente
1042 258 1229 299 matris
1262 263 1488 312 superet
1518 259 1727 298 caritas.

519 322 621 362 Huc
651 322 826 374 arripe
857 322 916 361 ad
947 335 1019 361 me
1050 322 1281 361 manibus
1313 322 1636 361 abstractam
1668 320 1794 373 piis:

517 384 620 422 Iam
652 397 853 423 cernam
886 397 1024 423 mene
1055 384 1293 424 anillam
1325 385 1583 438 potiorem
1617 389 1779 435 putes.

419 442 485 484 21.
517 446 703 497 Perge,
735 446 885 491 aude,
918 446 1066 484 nate!
1102 446 1374 486 inlacrima
1405 447 1579 499 patris
1612 445 1874 498 pestibus,

319 518 337 545 5
519 507 783 547 Miserere:
816 514 1002 560 gentes
1034 514 1246 549 nostras
1277 509 1495 548 flebunt
1525 507 1790 547 miserias.

517 569 645 608 Heu!
680 570 986 622 virginalem
1017 584 1088 610 me
1121 585 1205 611 ore
1238 572 1508 624 ploratum
1541 571 1723 616 edere,

520 631 674 678 Quem
705 633 843 671 vidit
871 645 1019 671 nemo
1052 633 1142 672 ulli
1174 635 1619 686 ingemescentem
1652 632 1812 671 malol

517 693 854 734 cheminata
884 694 1048 734 virtus
1080 695 1307 735 adflicta
1337 695 1551 735 occidit.

516 757 738 802 Accede,
770 762 909 804 nate,
941 756 1158 805 adsiste,
1190 758 1547 797 miserandum
1578 756 1763 809 aspice

300 828 336 856 40
515 818 815 858 Eviscerati
848 833 1034 872 corpus
1066 820 1364 859 laceratum
1396 819 1592 872 patris!

518 880 727 928 Videte,
760 882 954 929 cuncti,
987 888 1162 935 tuque,
1195 882 1487 921 caelestum
1519 886 1682 928 sator,

518 943 655 990 Iace,
688 943 927 991 obsecro,
958 945 1011 983 in
1044 958 1114 983 me
1146 945 1242 983 vim
1275 956 1544 983 coruscam
1575 943 1832 983 fulminis!

516 1005 682 1053 Nunc,
714 1019 845 1045 nunc
877 1006 1100 1046 dolorum
1132 1005 1372 1045 auxiferi
1404 1011 1651 1058 torquent
1682 1007 1938 1053 vertices,

515 1068 651 1107 Nunc
682 1069 840 1122 serpit
869 1069 1037 1108 ardor.
1084 1068 1117 1107 O
1150 1073 1271 1107 ante
1304 1068 1561 1108 victrices
1594 1081 1796 1116 manus,

446 1138 482 1168 ².
516 1129 549 1169 O
582 1136 826 1182 pectora,
857 1144 881 1171 o
914 1137 1073 1183 terga,
1106 1144 1130 1169 0
1162 1130 1468 1169 lacertorum
1504 1130 1630 1177 tori,

517 1192 786 1232 Vestrone
816 1207 1002 1246 pressu
1034 1193 1301 1246 quondam
1334 1193 1623 1232 Nemeaeus
1655 1193 1735 1232 leo

516 1254 773 1295 Frendens
806 1254 1015 1295 efflavit
1045 1255 1286 1308 graviter
1317 1260 1608 1294 extremum
1641 1255 1894 1295 halitum?

515 1317 651 1357 Haec
682 1317 868 1357 dextra
898 1319 1112 1357 Lernam
1146 1323 1316 1356 taetra
1346 1322 1563 1357 mactata
1595 1323 1805 1357 excetra

516 1380 737 1427 Pacavit,
769 1380 890 1420 haec
920 1380 1256 1433 bicorporem
1289 1379 1517 1419 adflixit
1547 1393 1778 1427 manum,

298 1451 336 1480 20
514 1442 906 1497 Erymanthiam
935 1443 1066 1483 haec
1097 1442 1390 1482 vastificam
1422 1442 1608 1482 abiecit
1638 1442 1868 1490 beluam,

517 1504 649 1544 Haec
682 1518 703 1543 e
735 1506 992 1544 Tartarea
1024 1505 1300 1545 tenebrica
1332 1505 1659 1544 abstractum
1690 1506 1852 1559 plaga

517 1567 814 1620 Tricipitem
848 1567 1026 1607 eduxit
1056 1567 1224 1621 Hydra
1255 1573 1550 1620 generatum
1582 1580 1778 1615 canem,

515 1628 652 1668 Haec
683 1629 962 1669 interemit
992 1635 1138 1669 tortu
1169 1629 1587 1682 multiplicabili

514 1691 815 1738 Draconem,
847 1689 1117 1731 auriferam
1151 1697 1330 1745 optutu
1361 1691 1737 1731 adservantem
1768 1691 2022 1731 arborem.

297 1763 334 1791 25
516 1752 670 1792 Multa
701 1753 796 1792 alia
828 1753 1022 1793 victrix
1053 1759 1231 1793 nostra
1262 1753 1510 1793 lustravit
1540 1767 1735 1801 manus,

513 1815 614 1854 Nec
646 1815 926 1868 quisquam
959 1829 980 1855 e
1012 1815 1212 1855 nostris
1244 1816 1409 1869 spolia
1439 1816 1578 1868 cepit
1608 1816 1867 1856 laudibus.

348 1877 627 1916 Possumusne
667 1891 742 1917 nos
783 1884 1051 1918 contemnere
1084 1877 1295 1925 dolorem,
1339 1892 1433 1918 cum
1465 1879 1603 1930 ipsum
1634 1878 1856 1917 Herculem
1889 1883 1972 1917 tam
2003 1877 2112 1916 into-

348 1939 528 1979 leranter
559 1939 701 1979 dolere
729 1939 978 1980 videamus?

458 2002 511 2041 X.
543 2000 609 2042 023.
641 2003 792 2043 Veniat
822 2003 1072 2057 Aeschylus,
1103 2015 1186 2042 non
1218 2007 1344 2055 poeta
1376 2002 1533 2050 solum,
1566 2002 1637 2042 sed
1661 2003 1784 2042 etiam
1806 2003 2112 2056 Pythagoreus3

298 2074 333 2104 30
348 2065 407 2105 sic
446 2065 555 2104 enim
593 2066 846 2118 accepimus.
910 2066 1002 2114 Quo
1041 2066 1165 2105 modo
1204 2065 1284 2105 fert
1322 2066 1430 2119 apud
1471 2079 1565 2105 euni
1603 2065 1874 2105 Prometheus
1911 2066 2113 2113 dolorem,

347 2141 472 2180 quem
504 2128 661 2180 excipit
690 2129 742 2168 ob
771 2128 925 2169 furtum
958 2129 1202 2168 Lemnium!

518 2190 657 2230 Unde
689 2191 831 2243 ignis
864 2191 1004 2230 cluet
1034 2191 1353 2231 mortalibus
1385 2191 1513 2231 clam

513 2252 753 2293 Divisus:
787 2267 892 2293 eum
925 2253 1112 2294 doctus
1144 2253 1486 2294 Prometheus

416 1126 440 1167 Ν)

446 1126 469 1167 lx.)

300 1139 335 1167 45

432 2478 463 2509 7.
489 2478 747 2518 ingemiscentem
776 2478 841 2509 ΒΟ
875 2495 909 2499 -
945 2479 975 2509 8.
1002 2478 1210 2517 cheminata
1240 2478 1409 2511 Klotzins:
1445 2480 1501 2510 Sic
1527 2480 1687 2519 femin-ala
1714 2479 1796 2517 CO;
1832 2479 2018 2519 effeminata
2042 2477 2109 2510 alii.

348 2526 421 2557 «Sic
444 2536 746 2568 supervacaneum
772 2530 843 2563 θεὶς
868 2529 1044 2566 feminabus
1067 2529 1184 2559 autem
1210 2530 1255 2559 ita
1282 2532 1330 2567 (z
1346 2530 1569 2569 effeminatus,
1596 2528 1709 2567 mollis)
1735 2538 1754 2559 a
1771 2527 1864 2559 nullo
1881 2529 2000 2560 Latino
2024 2528 2112 2560 scri-

347 2578 444 2616 ptore
470 2576 600 2608 dictum
626 2577 800 2608 invenitur
826 2577 1022 2615 *seminando
1048 2586 1088 2608 ex
1112 2578 1269 2615 seminari
1292 2579 1394 2609 tertio
1420 2587 1451 2619 p.
1480 2579 1561 2610 Chr.
1590 2588 1622 2609 n.
1650 2577 1768 2609 seculo
1795 2576 1932 2609 Caelius
1956 2576 2112 2608 Aurelia-

347 2634 411 2656 nus
428 2625 528 2666 longe
546 2625 644 2657 aliter
661 2626 791 2664 dixin.»
810 2627 864 2657 W.
894 2627 943 2657 Cl'.
965 2636 997 2667 p.
1016 2628 1089 2665 257,
1107 2629 1157 2659 119.
1181 2645 1214 2650 -—
1236 2628 1286 2658 slO.
1306 2629 1488 2659 Eriscerati
1511 2636 1630 2667 corpus
1653 2628 1836 2658 laceratum
1852 2626 2013 2667 Bentley:
2042 2627 2113 2659 eui—

344 2679 506 2706 sceratam
529 2685 647 2715 corpus
671 2677 853 2707 laceralum
879 2676 924 2708 Cz
960 2677 1175 2708 evisceratum
1199 2686 1318 2716 corpus
1341 2678 1481 2708 lacerati
1505 2676 1571 2708 alii.
1600 2677 1700 2707 «Veri
1725 2675 1870 2708 similius
1895 2679 1949 2708 est
1971 2677 2067 2709 evisc.
2093 2685 2111 2707 a

342 2724 448 2763 patris
478 2723 612 2765 longius
647 2727 822 2756 remotum
856 2734 875 2756 a
907 2724 1047 2757 librario
1079 2726 1194 2767 aliquo
1227 2728 1381 2768 propiori
1412 2736 1531 2766 corpus
1561 2725 1869 2757 accommodatum
1902 2734 1980 2758 esse
2006 2735 2111 2767 quam

345 2773 467 2804 lacer.»
493 2775 548 2806 W.
577 2791 611 2796 —
648 2777 659 2805 1!
670 2776 698 2806 11.
726 2774 920 2806 caelestem
945 2773 977 2816 (ἒ
1005 2775 1135 2815 deleto)
1169 2779 1193 2808 R
1230 2795 1263 2799 —
1298 2778 1349 2808 42.
1377 2776 1569 2807 choruscam
1593 2777 1619 2807 G
1651 2793 1685 2797 —
1722 2776 1773 2806 116.
1800 2784 1953 2807 nemaeus
1983 2777 2045 2808 GR
2073 2793 2108 2798 —

347 2823 398 2854 48.
425 2826 534 2854 taetra
561 2823 683 2863 (littera
709 2827 786 2865 post
803 2834 844 2855 ra
862 2831 972 2864 erasa)
999 2828 1042 2863 G,
1069 2825 1179 2858 taetra
1205 2828 1267 2858 RB
1288 2845 1321 2849 —
1351 2827 1402 2857 1¹9.
1429 2827 1565 2857 Pacarit
1581 2825 1782 2857 Turnebus:
1808 2826 1959 2857 Placauit
1977 2826 2109 2863 GR2B;

345 2873 470 2904 Placuit
492 2873 531 2905 R¹
558 2891 590 2895 —
621 2873 674 2905 24.
702 2878 850 2913 optutum
873 2877 898 2907 R
925 2878 959 2906 et
981 2874 1093 2907 littera
1118 2885 1151 2907 m
1175 2878 1346 2916 expuncta
1372 2877 1414 2910 B:
1441 2876 1588 2907 obtutum
1612 2877 1637 2906 G
1661 2893 1704 2897 -
1727 2876 1958 2907 adseruantem
1983 2877 2028 2908 C:
2054 2875 2111 2907 ob-

345 2926 528 2953 servante-m
552 2923 588 2954 O.
617 2923 870 2955 «scribendum
896 2927 949 2956 est
972 2926 1200 2957 adservantem
1226 2927 1274 2966 (Ξ
1297 2925 1480 2966 Sophoclis
1504 2922 1690 2964 φύλακα);
1720 2926 1899 2957 adservare
1922 2927 2017 2957 enim
2040 2935 2109 2958 non

346 2970 459 3003 solum
484 2974 537 3002 est
561 2971 744 3011 belcam-en,
768 2974 962 3005 cerwahrcn
979 2974 1154 3015 (seruare),
1178 2976 1240 3007 sed
1260 2976 1364 3006 otiam
1383 2976 1428 3015 (h.
1448 2974 1468 3006 l.
1489 2976 1696 3016 praesertim
1715 2984 1796 3006 cum
1813 2976 1927 3006 obtutu
1942 2976 2109 3015 iunctum)

346 3021 537 3052 beobachten
562 3021 793 3061 (observare),
822 3023 992 3055 bewachen
1016 3024 1235 3064 (custodire):
1263 3025 1304 3056 cf.
1333 3026 1402 3056 Cic.
1430 3026 1497 3056 Att.
1524 3026 1563 3058 X.
1591 3026 1642 3063 46,
1662 3026 1699 3056 2:
1724 3026 1812 3056 Nam
1834 3029 1864 3056 et
1887 3025 2110 3056 dissimulabi-

345 3080 418 3102 mus
440 3074 469 3102 et
493 3071 542 3111 (ut
565 3073 692 3110 opinor,
718 3074 878 3105 acerrime
895 3074 1182 3114 adservabimur),
1207 3075 1378 3114 ‘navigatio
1393 3091 1410 3096 -
1424 3092 1442 3097 -
1458 3078 1548 3113 opto,
1575 3078 1682 3106 cetera
1698 3092 1746 3097 --
1763 3074 1976 3106 cavebuntur.
2004 3074 2054 3112 48,
2075 3075 2106 3106 4.

348 3120 447 3151 CaeS.
475 3120 511 3151 B.
539 3120 576 3151 C.
602 3122 634 3157 1,
662 3122 694 3152 2¹
730 3123 936 3162 sinyulorum
964 3124 1133 3156 hominurn
1157 3124 1298 3154 occultos
1321 3125 1441 3155 eoeitus.
1475 3124 1537 3161 ΙΙΙ,
1564 3125 1639 3155 ⁵28.»
1664 3125 1719 3156 W.
1750 3141 1783 3146 —
1811 3125 1864 3155 26.
1890 3125 1994 3164 coepit
2017 3124 2041 3155 C
2071 3140 2106 3146 —

346 3169 398 3200 27.
420 3177 594 3208 possumus
617 3179 697 3201 neno
720 3176 943 3212 contempnere
959 3191 1007 3196 -—
1023 3174 1190 3205 videamus
1215 3174 1392 3206 Charisius
1419 3182 1451 3214 p.
1471 3174 1545 3212 ⁶222,
1569 3175 1606 3207 9:
1632 3183 1803 3213 possumus
1825 3182 1884 3205 nos
1898 3173 2107 3204 -—videmus

346 3219 437 3250 Bake
462 3218 483 3250 l.
502 3218 523 3250 l.
543 3228 575 3259 p.
595 3219 646 3250 82.
663 3234 697 3241 —
726 3221 951 3252 intolleranter
967 3223 991 3253 G
1011 3239 1044 3244 -
1072 3223 1124 3254 29.
1143 3224 1268 3262 escylus
1285 3226 1309 3255 G
1325 3225 1348 3255 R
1368 3242 1402 3246 —
1429 3225 1481 3256 32.
1499 3225 1601 3256 clucet
1619 3226 1662 3261 G3
1688 3225 1790 3256 clucet
1808 3223 1872 3264 (vel
1889 3222 1992 3262 ducet)
2011 3230 2101 3253 corr.

347 3267 480 3299 inlucet
503 3268 547 3305 R3
572 3267 657 3299 lucet
679 3268 703 3299 B
729 3284 764 3291 —
791 3270 843 3301 33.
869 3271 982 3302 doctus
1004 3279 1180 3313 superscr.
1207 3273 1218 3304 i
1242 3272 1318 3304 ead.
1346 3280 1453 3304 manu
1477 3274 1519 3313 B,
1546 3274 1650 3305 dictus
1673 3274 1710 3305 Ο.
