2249 3624
588 156 676 195 Lm.
708 154 756 195 V.
796 153 895 194 CAP.
928 151 1183 193 XIV—XV.
1221 149 1280 203 §§
1311 147 1499 189 39-43.
1844 147 1922 189 489

168 276 338 322 tumque
370 272 551 321 praestet
583 280 699 307 mens
729 272 854 320 atque
891 267 1025 306 ratio‘?
1065 265 1093 316 ἦ·
1127 264 1280 317 Sicque
1319 268 1549 303 extremum
1582 262 1765 302 omnium
1799 275 1926 315 appe-

168 330 385 372 tendorum
418 336 543 383 atque
576 330 741 369 ductum
774 343 796 368 a
828 329 959 382 prima
992 326 1353 367 commendatione
1376 332 1548 366 naturae
1571 325 1711 365 multis
1732 325 1926 376 gradibus

167 394 397 439 adscendit,
445 399 487 431 ut
525 393 575 432 ad
619 406 824 431 summum
866 391 1126 444 perveniret,
1172 389 1283 443 quod
1324 389 1558 428 cumulatur
1597 401 1648 427 ex
1690 388 1927 440 integritate

167 455 351 507 corporis
384 460 422 492 et
455 468 506 493 ex
539 455 688 493 mentis
721 455 881 493 ratione
915 453 1108 505 perfecta.

276 516 366 554 XV.
398 512 463 553 ll.
503 516 605 554 Cum
646 517 772 566 igitur
802 530 849 555 ea
891 516 963 558 sit.
1003 529 1126 568 quam
1161 516 1357 569 exposui,
1400 515 1530 554 forma
1561 519 1751 560 naturae,
1790 513 1845 560 si,
1886 517 1961 552 ιιῑῑ5

168 577 284 618 initio
316 576 423 623 dixi,
457 577 579 616 simul
611 583 736 629 atque
769 585 882 616 ortus
916 583 1048 623 esset,
1081 592 1124 617 se
1157 580 1336 632 quisque
1359 582 1630 630 cognosceret
1661 575 1929 628 iudicareque

168 644 326 694 posset,
358 652 465 694 quae
497 639 559 678 vis
591 645 631 678 et
662 639 787 678 totius
820 645 929 677 essct
957 644 1128 679 naturae
1151 647 1191 680 et
1222 642 1397 694 partium
1422 640 1698 691 singularum,
1730 637 1930 677 continuo

169 702 342 747 videret,
374 700 474 752 quid
509 706 619 739 cssct
649 701 748 746 hoc,
781 700 893 753 quod
927 702 1192 753 quaerimus,
1225 704 1411 742 omnium
1445 716 1602 749 rerum,
1635 714 1738 754 quas
1771 700 1930 754 expeti—

168 777 276 809 mus,
308 776 513 802 summum
546 769 584 801 et
618 763 830 808 ultimum,
863 776 937 801 nec
971 763 1053 801 ulla
1086 764 1125 801 in
1158 777 1201 802 re
1235 778 1404 817 peccare
1437 770 1598 817 posset:
1647 778 1753 803 nunc
1786 776 1882 803 vero
1910 776 1931 801 a

169 826 299 880 primo
338 824 507 877 quidem
549 824 790 863 mirabiliter
831 825 989 864 occulta
1032 831 1178 864 natura
1219 832 1281 865 est
1313 840 1387 865 nec
1419 827 1598 880 pcrspici
1631 840 1705 865 nec
1737 826 1931 879 cognosci
1953 830 1984 857 ¹0

169 893 317 941 potest.
378 887 744 939 Progredicntibus
791 892 928 926 autem
975 887 1179 926 aetatibus
1225 889 1378 928 sensim
1429 889 1596 928 tardeve
1638 890 1772 943 potius
1814 889 1931 942 quasi

171 955 333 990 nosmet
364 949 479 1002 ipsos
512 949 814 1002 cognos‹.·inms.
876 950 1019 1002 ltaque
1051 950 1181 1001 prima
1214 951 1284 989 illa
1317 951 1643 998 commendatio,
1677 964 1785 1004 quae
1817 964 1838 990 a
1863 964 1934 989 na-

172 1019 260 1052 tura
291 1013 420 1051 nostri
451 1011 560 1051 sacta
592 1018 653 1051 est
686 1011 825 1057 nobis,
859 1013 1014 1051 incerta
1047 1017 1087 1051 et
1118 1013 1294 1051 obscura
1325 1019 1410 1059 est,
1442 1014 1686 1066 primusque
1724 1013 1933 1065 appetitus

170 1075 239 1114 ille
270 1074 396 1114 animi
431 1078 589 1113 tantum
621 1073 726 1126 agit,
759 1080 804 1113 ut
834 1074 935 1113 salvi
965 1080 1090 1127 atque
1112 1075 1262 1127 integri
1285 1089 1377 1114 esse
1400 1075 1622 1127 possimus.
1674 1074 1775 1114 Cum
1797 1080 1933 1114 autem

170 1137 374 1190 dispicere
406 1136 619 1188 coepimus
651 1141 691 1175 et
723 1137 898 1183 sentire,
931 1136 1031 1189 quid
1066 1137 1193 1176 simus
1226 1142 1266 1176 et
1289 1137 1388 1190 quid
1410 1137 1461 1176 ab
1482 1138 1764 1177 animantibus
1786 1138 1984 1177 ceteris1⁵

170 1199 430 1244 differamus,
469 1204 554 1238 tum
595 1211 642 1238 ea
684 1199 801 1251 sequi
842 1198 1086 1251 incipimus,
1132 1200 1182 1239 ad
1215 1213 1322 1253 quae
1362 1201 1447 1239 nati
1485 1214 1641 1240 sumus.
1701 1198 1767 1238 [ιι-2.
1802 1200 1936 1248 Quam

170 1261 485 1301 similitudinem
517 1261 706 1300 videmus
738 1262 777 1300 in
811 1261 977 1307 bestiis,
1015 1274 1122 1313 quae
1163 1262 1320 1314 primo,
1361 1262 1405 1301 in
1436 1275 1520 1315 quo
1552 1262 1644 1302 loco
1676 1269 1797 1303 natae
1829 1269 1938 1310 sunt,

172 1338 223 1363 ex
260 1337 310 1363 eo
351 1338 394 1363 se
426 1337 510 1363 non
542 1329 823 1370 commovent,
864 1322 1016 1362 deinde
1048 1337 1124 1362 suo
1157 1336 1350 1377 quaeque
1383 1324 1569 1378 appetitu
1603 1330 1814 1366 movetur:
1856 1338 1941 1365 ser-

172 1399 271 1439 pere
304 1386 572 1439 anguiculos‚
604 1399 704 1424 nare
736 1385 985 1431 anaticulas,
1018 1385 1183 1425 evolare
1216 1386 1420 1433 merulas,
1452 1387 1647 1426 cornibus
1671 1388 1729 1427 uti
1752 1387 1940 1427 videmus

172 1450 324 1494 boves,
366 1461 492 1502 nepas
524 1448 702 1494 aculeis,
740 1461 856 1487 suam
889 1447 1073 1500 denique
1106 1448 1259 1501 cuique
1290 1454 1479 1488 naturam
1512 1462 1603 1489 esse
1635 1448 1685 1489 ad
1718 1449 1941 1490 vivendum
1956 1454 1991 1482 20

175 1512 334 1550 ducem.
389 1511 507 1559 Quae
539 1510 770 1549 similitudo
802 1511 844 1549 in
875 1523 1028 1563 genere
1060 1510 1184 1550 etiam
1215 1511 1400 1551 humano
1432 1517 1620 1565 apparet.
1682 1514 1801 1554 Parvi
1832 1513 1940 1553 enim

175 1574 309 1626 primo
351 1579 444 1613 ortu
483 1573 542 1612 sic
584 1573 741 1620 iacent,
782 1579 993 1624 tamquam
1032 1574 1203 1613 omnino
1244 1574 1335 1614 sine
1367 1575 1507 1614 animo
1540 1576 1642 1615 sint:
1683 1590 1773 1616 cum
1804 1581 1942 1616 autem

177 1636 344 1689 paulum
382 1634 587 1675 firmitatis
623 1637 820 1682 accessit,
862 1641 900 1675 et
932 1635 1071 1675 animo
1102 1641 1277 1676 utuntur
1307 1643 1348 1676 et
1378 1637 1570 1677 sensibus
1603 1639 1943 1691 conitunturque,

177 1711 269 1738 sese
302 1705 343 1738 ut
377 1699 555 1749 erigant,
589 1704 629 1737 et
659 1698 849 1738 manibus
882 1702 1055 1737 utuntur
1086 1703 1127 1737 et
1159 1712 1230 1738 eos
1256 1705 1510 1753 agnoscunt,
1542 1713 1564 1739 a
1589 1700 1741 1753 quibus
1763 1700 1944 1740 educan-

178 1766 266 1800 tur:
313 1760 463 1799 deinde
502 1760 747 1813 aequalibus
792 1760 1052 1800 delectantur
1090 1761 1354 1814 libenterque
1394 1775 1437 1801 se
1474 1776 1567 1802 cum
1608 1762 1659 1802 iis
1691 1766 1993 1817 congregant25

176 1823 363 1876 dantque
406 1835 450 1861 se
491 1823 542 1862 ad
584 1822 812 1863 ludendum
852 1823 1184 1876 fabellarumque
1226 1824 1440 1863 auditione
1472 1824 1683 1865 ducuntur
1712 1825 1850 1879 deque
1881 1838 1944 1872 e0,

177 1885 289 1938 quod
331 1885 432 1938 ipsis
474 1890 664 1937 superat,
706 1884 797 1925 aliis
835 1884 1057 1938 gratificari
1087 1885 1231 1925 volunt
1267 1886 1686 1939 animadvertuntque
1727 1901 1797 1935 ea,
1839 1901 1946 1942 quae

177 1947 290 1987 domi
322 1946 448 1994 fiunt,
490 1947 695 1986 curiosius
726 1947 1017 2001 incipiuntque
1048 1948 1321 1987 commentari
1352 1948 1513 2001 aliquid
1547 1954 1588 1989 et
1617 1949 1776 1989 discere
1808 1955 1848 1989 et
1877 1963 1946 1989 eo-

177 2022 290 2056 rum,
334 2022 437 2062 quos
470 2008 632 2056 vident,
674 2010 819 2049 volunt
849 2023 934 2049 non
972 2010 1164 2062 ignorare
1196 2010 1388 2057 nomina,
1429 2011 1665 2065 quibusque
1698 2012 1820 2051 rebus
1852 2025 1946 2051 cum

179 2071 424 2125 aequalibus
458 2071 690 2118 decertant,
735 2072 768 2111 si
802 2072 1008 2120 vicerunt,
1047 2073 1224 2112 efferunt
1255 2086 1298 2112 se
1330 2073 1510 2121 laetitia,
1549 2074 1646 2114 victi
1678 2074 1996 2116 debilitantur.30

179 2134 426 2186 animosque
449 2133 693 2173 demittunt:
727 2148 903 2187 quorum
926 2135 1015 2174 sine
1038 2148 1162 2174 causa
1182 2135 1272 2174 fieri
1297 2135 1402 2174 nihil
1423 2135 1655 2188 putandum
1676 2142 1750 2176 est.
1786 2134 1851 2174 43.
1874 2137 1948 2176 Est

180 2196 291 2235 enim
323 2201 471 2235 natura
503 2197 562 2236 sic
593 2202 787 2248 generata
820 2197 880 2235 vis
912 2196 1112 2243 hominis,
1145 2202 1190 2236 ut
1220 2197 1271 2237 ad
1301 2210 1467 2237 omnem
1488 2198 1681 2238 virtutem
1714 2198 1948 2251 percipien-

182 2258 276 2297 dam
307 2258 416 2298 facta
445 2258 656 2305 videatur,
689 2259 740 2298 ob
772 2271 948 2312 eamque
981 2272 1148 2298 causam
1179 2259 1295 2312 parvi
1326 2259 1526 2299 virtutum
1558 2260 1813 2307 simulacris,
1846 2273 1948 2314 qua—

183 2334 271 2360 rum
312 2322 354 2361 in
392 2334 435 2360 se
473 2321 628 2360 habent
668 2321 847 2368 semina,
891 2322 981 2360 sine
1015 2321 1202 2360 doctrina
1241 2327 1484 2369 moventur3
1531 2328 1628 2362 sunt
1667 2323 1775 2363 enim
1814 2324 1946 2377 prima

181 2382 386 2423 elementa
428 2389 618 2431 naturae,
656 2384 807 2437 quibus
851 2385 984 2423 auctis
1025 2383 1190 2423 virtutis
1222 2384 1342 2436 quasi
1382 2397 1552 2436 germen
1594 2383 1784 2425 efficitur.
1843 2387 1947 2426 Nam
1962 2391 1998 2419 35

272 2526 301 2555 4.
327 2525 437 2563 sicque
462 2524 525 2564 (vel
552 2526 665 2564 sitque>
698 2526 780 2556 1313:
812 2526 856 2556 sic
887 2529 915 2557 et
947 2527 1053 2558 ceteri
1086 2526 1210 2557 codd:
1243 2526 1297 2556 Sic
1319 2526 1374 2564 [el]
1398 2526 1442 2562 03
1475 2526 1529 2556 Sic
1551 2526 1658 2557 extitit
1689 2527 1878 2568 Madvigius
1903 2529 1948 2569 (in

184 2576 445 2613 commentario:
477 2594 509 2597 —
545 2577 572 2606 2.
601 2575 743 2615 dmum]
770 2576 899 2606 doctum
924 2576 947 2605 Β
976 2594 1009 2597 -
1042 2576 1320 2607 commendatione
1345 2574 1550 2606 Lambinus:
1585 2577 1840 2609 commutacione
1864 2578 1886 2609 B
1905 2580 1948 2616 (ἐς

182 2626 414 2655 communitate
439 2624 542 2656 codd.
571 2625 775 2655 ‹letcricres
806 2642 839 2646 ——
868 2625 896 2655 3.
927 2626 1022 2667 quod]
1049 2626 1126 2664 quid
1150 2626 1173 2655 B
1190 2625 1213 2656 Ε
1236 2643 1267 2647 —
1295 2626 1325 2656 8.
1353 2629 1540 2664 eas-petemus
1564 2626 1625 2656 BE
1648 2644 1678 2649 —
1710 2628 1739 2658 9.
1766 2637 1852 2658 nunc
1876 2637 1952 2659 vero

184 2675 268 2713 quod
292 2674 489 2705 mirabiliter
513 2676 538 2705 D
569 2691 601 2697 —
642 2677 688 2706 w.
714 2676 858 2714 prospici
883 2676 909 2705 l)
940 2693 973 2697 —
1009 2676 1058 2705 112.
1083 2676 1197 2714 prima
1221 2675 1277 2705 illa
1305 2675 1346 2705 B:
1375 2675 1430 2705 illa
1452 2675 1563 2714 prima
1589 2676 1613 2705 O
1639 2692 1674 2697 —
1707 2677 1759 2708 43.
1785 2676 1876 2707 nobis
1898 2678 1952 2708 in—

183 2728 273 2755 certa
298 2728 327 2755 et
351 2724 488 2754 obscura
512 2728 557 2755 esl
581 2733 649 2755 om.
677 2726 701 2755 B
730 2726 807 2763 [non
835 2725 869 2762 E>
912 2742 924 2745 -
961 2726 1011 2755 15,
1039 2725 1201 2764 despicere
1224 2724 1287 2755 BE
1306 2741 1339 2744 -
1367 2726 1532 2764 coepimus
1556 2725 1600 2755 D:
1628 2727 1809 2764 ceperimus
1831 2727 1855 2757 B
1871 2727 1894 2758 E
1916 2746 1949 2748 —

185 2774 225 2805 ab
250 2775 314 2813 Βῆ)
330 2776 370 2804 G:
400 2782 469 2805 om.
499 2775 561 2805 ΗΟ
581 2793 616 2797 —
644 2775 695 2806 46.
724 2775 902 2815 incepimus
926 2775 949 2806 E
969 2791 1003 2796 —
1033 2776 1085 2805 47.
1112 2776 1181 2805 loco
1206 2782 1275 2805 om.
1297 2774 1320 2805 Ε
1343 2791 1373 2796 -
1406 2775 1455 2804 48.
1484 2783 1612 2814 serpere
1629 2793 1676 2798 -—
1693 2776 1805 2807 ducem
1823 2777 1953 2807 Nonius

186 2824 368 2855 Marcellus
401 2833 432 2864 p.
462 2824 534 2855 ⁴45.
564 2842 598 2846 ——
635 2825 686 2855 2¹9.
715 2825 805 2865 nare]
836 2828 956 2855 natare
980 2825 1120 2856 Nonius.
1153 2842 1185 2845 -—
1221 2824 1403 2854 aneticulas
1428 2823 1508 2859 BE;
1535 2823 1720 2855 anaticulos
1744 2827 1885 2857 Nonius.
1916 2844 1949 2847 —

186 2874 298 2905 volare
322 2875 464 2905 Nonius.
486 2891 519 2895 —
548 2875 594 2904 uli
619 2873 714 2905 boues
736 2875 884 2905 uidemus
900 2875 923 2904 B
941 2875 982 2910 133
1009 2876 1056 2905 uli
1079 2876 1251 2906 uideamus
1273 2874 1369 2905 boues
1384 2874 1525 2905 Nonius.
1549 2891 1582 2896 —
1610 2876 1662 2906 20,
1682 2884 1783 2915 nepas
1804 2878 1950 2908 Nonius:

189 2931 301 2962 vespas
325 2923 428 2954 codd.
455 2922 597 2954 Tulliani
626 2942 656 2947 —
686 2925 738 2955 21.
765 2925 799 2954 in
823 2934 853 2965 (J.
882 2925 979 2955 eliam
1004 2925 1035 2955 iu
1060 2925 1204 2955 humano
1228 2924 1251 2954 B
1279 2925 1356 2962 (non
1376 2924 1412 2961 Ε)
1434 2941 1468 2945 -
1495 2923 1547 2954 ⁶23.
1567 2926 1699 2956 accessi!
1716 2926 1758 2956 B:
1785 2927 1955 2957 accesserit

190 2974 214 3003 Ο
243 2990 274 2995 -
304 2973 557 3012 commutat-que
580 2974 603 3004 B
620 2974 658 3004 E:
697 2974 974 3013 connituntur-que
998 2975 1066 3005 MO
1094 2992 1127 2995 —
1164 2974 1217 3005 et.
1242 2982 1308 3004 sese
1332 2977 1366 3003 ub
1391 2974 1433 3003 B:
1465 2977 1501 3004 ut
1524 2982 1589 3005 sese
1612 2975 1637 3005 Ο
1666 2994 1699 2997 ——
1734 2979 1873 3006 aluntur
1897 2976 1952 3007 ed.

191 3022 340 3052 Iuntina:
375 3025 513 3052 ‘utatztur
542 3023 643 3054 codd.
676 3041 709 3045 -
743 3024 795 3054 25.
823 3023 1264 3062 libenterque„ducuntur
1295 3024 1425 3053 Nonius
1459 3032 1491 3063 p.
1519 3024 1580 3055 4⁴3
1606 3026 1639 3056 et
1666 3025 1738 3056 1¹94.
1768 3044 1799 3048 —
1835 3026 1893 3064 hys
1916 3026 1952 3063 B,

189 3072 238 3102 his
261 3072 392 3103 Nonius
418 3073 453 3102 et
477 3072 501 3102 O
531 3090 565 3094 —-
591 3073 643 3104 26.
671 3073 875 3112 davzlque—-
894 3074 1059 3104 ducuntur
1082 3074 1211 3104 Nonius
1236 3082 1268 3113 p.
1296 3074 1370 3103 ⁶282.
1392 3090 1428 3095 -
1455 3074 1507 3104 28.
1534 3078 1563 3105 ει
1586 3074 1718 3114 discere]
1742 3075 1850 3115 facere
1874 3077 1900 3106 D
1919 3094 1951 3096 —

191 3120 242 3151 29.
271 3120 450 3159 quibusque
473 3122 510 3151 (le
534 3120 629 3151 rebus
654 3122 842 3153 Lambinus
870 3141 903 3144 —
931 3132 1005 3153 cum
1029 3131 1098 3153 om.
1119 3123 1142 3152 B
1164 3139 1197 3143 m
1225 3124 1277 3153 30.
1303 3123 1452 3154 vicerunt
1474 3123 1683 3164 Madvigius:
1710 3126 1847 3156 vicerint
1871 3127 1893 3156 B
1909 3128 1952 3162 O}

190 3170 324 3199 vincunt
350 3170 457 3200 ceteri
483 3171 585 3201 codd.
616 3188 650 3193 —-
684 3173 827 3210 afferunt
851 3181 882 3202 se
907 3173 929 3202 B
956 3179 1034 3208 mon
1061 3172 1096 3210 E>
1125 3189 1159 3193 —
1194 3171 1246 3202 31.
1274 3180 1335 3210 quc
1359 3180 1428 3203 om.
1456 3172 1517 3203 BE
1543 3190 1576 3194 —-
1604 3173 1685 3204 nihil
1702 3175 1887 3214 putandum
1911 3178 1955 3204 est

191 3219 263 3257 fieri
286 3219 311 3249 E
338 3219 415 3256 (sed
444 3220 516 3258 fieri
547 3221 627 3250 ante
657 3220 738 3250 nihil
757 3221 1057 3261 transponendum
1083 3220 1289 3260 significavit
1314 3220 1492 3261 librarius)
1519 3223 1549 3254 M
1578 3240 1612 3245 —-
1645 3222 1697 3254 35.
1723 3227 1848 3255 natura
1873 3223 1896 3254 E
1917 3238 1950 3244 --

195 3267 308 3306 quibus
332 3269 415 3299 actis
436 3268 464 3300 D
485 3287 517 3291 „
545 3277 676 3309 yermen
701 3270 725 3301 1.
753 3270 788 3301 F.
815 3271 1026 3302 Gronovius:
1053 3279 1187 3302 carmen
1211 3269 1314 3302 codd.
1342 3272 1376 3303 et
1400 3272 1431 3303 M
1445 3272 1481 3303 O.
