2249 3624
269 226 351 270 956
1007 229 1287 272 CICERONIS

271 336 386 377 aiunt,
417 347 441 371 a
467 330 713 387 venatoribus]
753 333 957 372 redimunt
984 345 1029 372 se
1057 345 1105 373 ea
1132 338 1248 386 parte
1277 334 1472 386 corporis,
1501 340 1669 386 propter
1696 347 1818 387 quam
1846 336 2022 377 maxime

271 400 529 448 expetuntur.
585 396 831 444 (Isidorus
861 396 991 447 Etym.
1021 396 1105 445 XII,
1134 396 1168 435 2.
1202 397 1237 447 §-
1268 397 1329 436 21.
1392 396 1600 436 Servius
1629 398 1681 436 ad
1712 398 1859 449 Georg.
1885 399 1914 449 Ι,
1942 401 2022 447 59.)

367 459 404 497 8.
455 456 541 512 [Sed
581 466 620 497 ut
659 460 816 497 Scaurus
863 463 1022 497 omnium
1070 462 1255 497 hominum
1297 463 1594 498 dissolutissimus
1638 465 2024 511 libidinosissimusque

267 533 404 569 semper
428 525 556 568 suerit:
597 530 715 561 tamen
742 526 952 561 incredibile
980 526 1078 560 dictu
1104 530 1173 566 est,
1205 526 1359 568 iudices,
1391 527 1487 571 quod
1516 525 1682 562 Triarius
1711 529 1865 569 addidit,
1899 526 2023 564 Arinis

236 593 418 622 humorem
443 588 624 633 praetoris
652 587 798 623 licentia
825 588 995 623 adactam
1022 599 1115 632 esse,
1150 593 1189 623 ut
1216 589 1376 623 iniuriae
1403 590 1600 624 remedium
1626 596 1738 625 morte
1765 602 1807 626 ac
1833 592 2023 636 suspendio

267 654 465 695 quaereret.
535 649 604 685 Hic
640 651 734 685 enim
771 651 913 695 primus
940 655 972 685 et
999 662 1078 686 cum
1117 651 1237 686 bestiis
1271 653 1469 686 communis
1505 652 1644 687 homini
1671 654 1719 688 ad
1745 664 1884 689 omnem
1911 655 2025 690 vitam

268 713 435 748 tuendam
464 714 640 758 appetitus
669 723 691 747 a
718 717 853 748 natura
885 715 990 748 datus
1017 718 1080 757 est,
1109 724 1179 759 quo
1206 715 1281 759 ipse
1308 715 1379 749 sibi
1406 715 1622 750 conciliatur
1641 720 1672 750 et
1688 717 1958 752 commendatur
1977 718 2026 753 ad

266 787 302 810 se
328 776 625 816 conservandum,
665 776 848 811 alienatur
881 781 998 811 autem
1026 777 1070 811 ab
1097 778 1269 821 interitu,
1300 778 1415 823 iisque
1439 777 1562 822 rebus,
1598 789 1689 823 quae
1716 780 1901 814 interitum
1926 780 2025 816 vide-

268 843 376 874 antur
403 839 564 885 afferre]

217 906 254 936 ιο
365 900 410 939 ΙΙ.
455 900 489 939 1.
521 912 556 939 a.
598 900 676 950 Sic,
706 900 887 950 inquam,
923 912 983 950 se,
1012 899 1184 950 iudices,
1226 913 1292 940 res
1321 900 1456 940 habet.
1524 902 1666 952 Neque
1699 901 1775 942 hoc
1805 916 1826 942 a
1855 915 1920 942 me
1946 916 2026 943 no-

266 976 362 1002 vum
400 963 652 1014 disputatur,
693 962 768 1002 sed
804 964 1036 1015 quaesitum
1074 964 1125 1003 ab
1163 964 1250 1004 aliis
1289 970 1364 1003 est.
1423 966 1736 1014 (Asconius.)
1799 965 1832 1005 1.
1862 965 1904 1005 b.
1939 965 2026 1020 [Sed

267 1033 387 1064 tamen
414 1029 452 1063 id
488 1030 541 1064 ila
578 1040 648 1064 esse
684 1030 856 1075 exemplis
887 1031 1042 1075 probari
1075 1035 1200 1076 potest.
1273 1030 1447 1076 Stuprata
1478 1043 1542 1076 per
1578 1032 1651 1066 vim
1687 1031 1855 1067 Lucretia
1882 1043 1904 1067 a
1930 1034 2025 1078 reyis

265 1092 355 1137 filio,
388 1096 517 1127 testata
544 1093 647 1134 cives,
678 1104 713 1128 se
741 1094 822 1139 ipsa
848 1094 1040 1128 interemit.
1095 1094 1167 1130 Hic
1194 1094 1299 1129 dolor
1325 1105 1435 1129 causa
1463 1095 1602 1129 civitati
1632 1095 1808 1130 libertatis
1835 1096 1917 1139 suit.
1975 1094 2025 1132 Ac

266 1165 310 1190 ne
335 1155 528 1199 fortissimi
567 1157 711 1200 quidem
736 1158 809 1191 viri
845 1158 918 1191 nisi
952 1158 991 1191 in
1023 1161 1183 1192 extrema
1223 1159 1428 1192 necessitate
1467 1158 1621 1192 alicuius
1657 1159 1838 1194 dedecoris
1865 1159 2025 1194 evitandi

217 1223 253 1254 45
266 1229 378 1253 causa
405 1222 555 1253 mortem
581 1219 676 1254 ultro
705 1220 973 1264 oppetiverunt:
1019 1224 1057 1254 ut
1086 1220 1125 1254 P.
1159 1219 1305 1255 Crassus
1333 1220 1525 1256 Mucianus
1554 1232 1633 1255 cum
1660 1220 1865 1257 Aristonico
1894 1222 2024 1258 bellum

265 1282 305 1316 in
331 1280 420 1316 Asia
446 1293 583 1328 qerens,
615 1294 637 1317 a
668 1282 887 1324 Thracibus,
919 1294 1072 1328 quorum
1099 1284 1129 1318 is
1156 1294 1327 1330 maqnum
1353 1295 1541 1319 numerum
1568 1286 1606 1319 in
1630 1286 1814 1330 praesidio
1852 1286 2019 1327 habebat,

265 1345 358 1379 inter
387 1344 537 1381 Elaeam
564 1350 596 1381 et
623 1343 820 1391 Smyrnam
847 1351 1024 1391 exceptus,
1053 1357 1097 1381 ne
1120 1348 1158 1381 in
1187 1348 1359 1381 ditionem
1387 1348 1461 1382 eius
1485 1349 1697 1392 perveniret,
1728 1348 1875 1383 dedecus
1905 1359 2023 1384 arces-

265 1407 336 1441 sita
362 1409 505 1443 ratione
533 1409 659 1443 mortis
686 1410 820 1454 effuyit.
880 1408 1028 1455 Viryam
1056 1410 1170 1453 enim,
1205 1420 1277 1454 qua
1305 1411 1352 1444 ad
1385 1411 1574 1455 reyendum
1610 1421 1738 1455 equum
1775 1422 1859 1445 usus
1885 1411 2020 1456 suerat,

264 1475 442 1506 narratur
468 1472 507 1506 in
533 1473 640 1507 unius
668 1472 822 1507 barbari
855 1473 996 1508 oculum
1030 1474 1225 1516 direxisse,
1267 1474 1329 1518 qui
1355 1474 1392 1508 vi
1418 1473 1555 1508 doloris
1582 1484 1748 1509 accensus
1781 1474 1875 1509 latus
1904 1473 2024 1510 Crassi

216 1534 340 1569 20sica
367 1535 539 1579 confodit,
574 1536 728 1580 dumque
755 1547 789 1570 se
815 1535 1015 1576 ulciscitur,
1048 1535 1250 1571 Romanum
1285 1538 1539 1581 imperatorem
1572 1537 1773 1572 maiestatis
1802 1539 2024 1583 turpitudine

266 1597 446 1634 liberavit.
505 1595 668 1634 Ostendit
686 1598 869 1634 Fortunae
892 1598 1052 1643 Crassus,
1074 1610 1184 1644 quam
1210 1600 1398 1644 indiynum
1427 1601 1545 1634 virum
1574 1604 1648 1634 tam
1674 1601 1781 1646 yravi
1808 1601 2023 1637 contumelia

265 1661 407 1705 afficere
434 1660 624 1705 voluisset,
654 1663 827 1707 quoniam
854 1663 997 1707 quidem
1023 1663 1170 1697 iniectos
1199 1663 1244 1697 ab
1265 1674 1306 1696 ea
1325 1662 1486 1697 libertati
1512 1673 1597 1697 suae
1624 1663 1847 1698 miserabiles
1876 1664 2022 1709 laqueos

262 1724 457 1769 prudenter
481 1725 622 1769 pariter
649 1735 690 1759 ac
716 1725 859 1768 sortiter
885 1725 1003 1770 rupit,
1042 1725 1284 1770 donatumque
1314 1736 1348 1760 se
1378 1726 1454 1760 iam
1482 1724 1686 1761 Aristonico
1726 1726 1899 1771 diynitati
1935 1738 2021 1762 suae

263 1781 452 1837 reddidit]
509 1785 528 1806 ³⁶
545 1785 565 1806 *
584 1786 656 1821 Illa
683 1784 928 1833 audivimu53
964 1785 1039 1823 hoc
1062 1797 1156 1823 vero
1181 1785 1437 1824 meminimus
1466 1797 1512 1824 ac
1540 1797 1672 1836 paene
1694 1785 1882 1836 vidimus,
1915 1787 2022 1826 eius-

214 1851 250 1881 ·25
264 1846 358 1885 dem
388 1847 524 1898 stirpis
554 1852 594 1885 et
620 1847 793 1885 nominis
823 1848 864 1885 P.
900 1848 1108 1897 Crassum,
1137 1860 1187 1886 ne
1214 1848 1253 1886 in
1282 1860 1426 1887 manus
1451 1847 1651 1887 incideret
1674 1849 1943 1900 inimicorum,
1974 1862 2019 1888 se

263 1909 398 1961 ipsum
426 1909 698 1948 interemisse.
756 1910 1056 1958 (Asconius.)

362 1973 399 2011 2.
443 1973 501 2011 Ac
528 1984 664 2023 neque
692 1972 798 2011 illius
835 1973 971 2012 Crassi
1008 1975 1156 2011 iactum
1193 1974 1415 2025 superioris
1454 1972 1599 2011 iisdem
1639 1973 1860 2013 honoribus
1901 1987 2017 2024 usus,

265 2036 333 2086 qui
369 2035 612 2074 fortissimus
649 2036 689 2073 in
723 2035 832 2074 bello
862 2036 1024 2086 suisset,
1054 2037 1100 2075 M>
1128 2037 1313 2088 Aquilius
1347 2037 1476 2088 potuit
1501 2037 1662 2075 imitari.
1700 2038 2019 2088 (Asconius.)

269 2096 344 2151 [sed
384 2103 598 2136 memoriam
638 2097 853 2152 iuventu]tis
899 2112 997 2139 suae
1038 2112 1257 2151 rerumque
1301 2105 1507 2150 gestarum
1552 2100 1775 2139 senectutis
1816 2099 2019 2139 dedecore

216 2161 454 2201 aosoedavit.
510 2161 616 2210 Quid
635 2163 759 2201 vero‘?
786 2163 957 2202 alterum
989 2164 1182 2202 Crassum
1218 2163 1472 2214 temporibus
1509 2162 1664 2202 eisdem
1711 2175 1806 2201 num
1835 2168 1903 2202 aut
1934 2162 2020 2202 cla-

265 2224 413 2262 rissimi
441 2225 514 2263 viri
542 2224 626 2263 Iulii
656 2231 724 2264 aut
751 2238 910 2264 summo
946 2226 1106 2276 ingenio
1144 2225 1354 2277 praeditus
1389 2226 1437 2264 M.
1466 2227 1665 2264 Antonius
1694 2226 1824 2277 potuit
1849 2226 2021 2265 imitari?

266 2288 301 2325 3.
331 2285 462 2333 Quid?
501 2287 539 2325 in
570 2287 760 2326 omnibus
796 2288 1068 2326 monumentis
1106 2288 1324 2337 Graeciae,
1369 2300 1474 2338 quae
1512 2293 1606 2326 sunt
1643 2288 1780 2327 verbis
1818 2289 2019 2328 ornatiora

265 2360 386 2399 quam
424 2348 569 2399 rebus,
608 2350 699 2400 quis
732 2350 958 2400 invenitur,
1002 2362 1093 2389 cum
1135 2351 1186 2390 ab
1219 2351 1341 2389 Aiace
1370 2350 1602 2402 fabulisque
1644 2350 1907 2401 discesseris,
1951 2351 2019 2403 qui

264 2417 399 2451 tamen
426 2412 515 2464 ipse

213 2487 251 2519 35
612 2475 840 2523 Ignominiae
866 2477 1001 2518 dolore,
1034 2480 1077 2513 ut
1105 2475 1158 2514 ait
1185 2480 1321 2526 poeta,
1351 2478 1465 2512 victor
1493 2477 1646 2513 insolens

615 2539 658 2574 Se
685 2540 817 2575 victum
842 2551 914 2574 non
940 2541 1056 2585 potuit
1083 2541 1173 2584 pati,

265 2604 430 2649 praeter
458 2599 747 2638 Atheniensem
785 2599 1121 2647 Themistoclem,
1166 2600 1307 2650 quise
1340 2600 1427 2651 ipse
1466 2605 1593 2638 morte
1621 2599 1838 2638 multavit?
1888 2599 1926 2639 4.
1967 2602 2018 2639 At

267 2662 453 2700 Graeculi
482 2662 647 2713 quidem
676 2662 799 2701 multa
827 2663 997 2712 fingunt,
1029 2661 1138 2712 apud
1168 2675 1270 2713 quos
1299 2663 1418 2701 etiam
1448 2661 1752 2701 Cleombrotum
1779 2662 2018 2702 Ambracio-

267 2730 349 2763 tam
377 2725 510 2764 ferunt
537 2739 580 2764 se
610 2739 658 2764 ex
688 2725 883 2765 altissimo
911 2725 1206 2776 praecipitasse
1236 2738 1373 2774 muro,
1406 2738 1487 2763 non
1516 2737 1595 2776 quo
1634 2725 1867 2763 acerbitatis
1896 2737 2018 2764 acce-

218 2799 254 2829 40
268 2787 396 2838 pisset
415 2787 582 2838 aliquid,
605 2787 693 2837 sed,
722 2793 765 2826 ut
784 2787 902 2825 video
924 2787 1117 2838 scriptum
1147 2787 1255 2837 apud
1278 2788 1469 2835 Graecos,
1498 2800 1587 2825 cum
1618 2787 1761 2825 summi
1791 2786 2019 2838 philosophi

268 2848 443 2888 Platonis
471 2850 646 2899 graviter
684 2856 723 2889 et
750 2855 890 2889 ornate
928 2850 1121 2899 scriptum
1156 2848 1303 2886 librum
1333 2849 1383 2887 cle
1412 2855 1539 2887 morte
1568 2848 1754 2899 legisset,
1784 2849 1824 2886 in
1852 2860 1946 2899 que,
1976 2854 2020 2888 ut

269 2911 425 2963 opinor,
456 2912 644 2951 Socrates
671 2912 737 2951 illo
765 2913 853 2964 ipso
886 2911 965 2961 die,
993 2923 1072 2962 quo
1105 2917 1190 2949 erat
1219 2912 1253 2949 ei
1283 2911 1563 2961 moriundum,
1594 2911 1794 2962 permulta
1823 2910 2017 2962 disputat,

269 2975 373 3013 hanc
402 2986 494 3012 csse
520 2981 705 3024 mortem,
738 2987 858 3026 quam
887 2987 960 3013 nos
980 2975 1101 3013 vitam
1130 2979 1383 3024 putaremus,
1415 2987 1505 3013 cum
1527 2987 1696 3026 corpore
1726 2974 1884 3012 animus
1912 2979 2019 3012 tam-

271 3047 392 3086 quam
420 3048 584 3075 carcere
613 3043 781 3088 saeptus
811 3042 1032 3086 teneretur,
1061 3037 1182 3074 vitam
1210 3041 1342 3074 autem
1365 3048 1457 3075 esse
1486 3049 1589 3086 eam,
1620 3034 1840 3074 cumidem
1860 3035 2019 3075 animus

358 3199 411 3231 ⁶29.
448 3199 488 3230 tis
510 3207 589 3231 suae
613 3217 631 3223 -
651 3218 667 3224 -
692 3202 789 3233 eliam
817 3202 949 3240 facilius
972 3201 1002 3242 g.
1028 3202 1045 3232 7
1071 3200 1178 3232 habet
1202 3201 1238 3232 T.
1283 3217 1316 3222 —
1354 3201 1406 3233 30.
1445 3202 1528 3241 Quid
1556 3210 1631 3232 vero
1653 3219 1671 3225 —-
1688 3218 1705 3224 -
1727 3201 1834 3240 potuit
1863 3199 2017 3231 imitari?

272 3248 379 3280 habet
403 3250 508 3281 etiam
532 3251 713 3282 Asconius.
743 3269 777 3273 —
805 3252 856 3283 31.
888 3252 1018 3293 ιἠῃεηὲο
1043 3250 1229 3283 Asconius:
1255 3251 1392 3290 irnperio
1416 3252 1452 3283 T.
1488 3269 1523 3273 —
1556 3251 1607 3284 43.
1640 3259 1776 3291 corpore
1799 3250 1916 3282 Beier:
1942 3258 2018 3281 cor-

268 3299 344 3338 pori
366 3299 403 3331 T.
