2249 3624
609 143 695 183 Lm.
726 142 757 184 Ι.
796 142 892 182 011».
923 141 1129 181 Ix—Xl.
1171 139 1230 193 §§
1271 139 1457 181 17-023.
1833 131 1913 175 2¹5

151 254 298 290 natura
331 263 524 290 maxuma
556 255 676 290 esset.
719 250 819 289 Eius
852 250 1000 289 doctor
1035 249 1149 288 Plato
1183 248 1386 300 triplicem
1418 246 1539 286 finxit
1570 246 1768 291 animum,
1799 246 1915 284 cuius

151 313 450 366 principatum,
492 313 532 352 id
573 319 636 352 est
674 314 893 358 rationem,
940 312 981 351 in
1023 312 1158 364 capite
1191 311 1299 350 sicut
1338 310 1378 348 in
1420 321 1514 348 arce
1556 308 1698 360 posuit
1739 312 1779 345 et
1813 306 1915 345 duas

151 381 289 428 partes
326 376 362 414 ei
403 388 548 428 parere
583 375 732 420 voluit,
778 376 877 414 iram
910 381 949 414 et
980 374 1277 426 cupiditatem,
1310 386 1414 426 quas
1450 371 1550 410 locis
1587 370 1696 416 suis,
1739 369 1840 408 iram
1873 368 1915 406 in

151 444 342 491 pectore,
382 438 652 490 cupiditatem
685 438 826 476 subter
856 437 1098 490 pmecordia
1130 436 1293 475 locavit.
1358 432 1420 472 21.
1459 431 1734 472 Dicaearchus
1778 437 1916 470 autem

151 501 192 539 in
235 514 283 539 eo
324 512 538 544 sermone,
585 512 707 552 quem
752 500 934 538 Corinthi
984 499 1169 537 habitum
1211 498 1340 537 tribus
1380 497 1495 535 libris
1537 494 1730 547 exponit,
1777 493 1949 533 docto-5

152 576 242 602 rum
278 562 493 600 hominum
527 561 824 612 disputantium
860 562 990 613 primo
1024 561 1130 599 libro
1164 560 1315 599 multos
1346 558 1556 611 loquentis
1599 556 1714 603 l'acit3
1754 555 1918 594 duobus

151 624 425 662 Pherecraten
466 622 673 674 quendam
715 622 947 661 Phthiotam
982 636 1146 667 senem,
1188 636 1310 674 quem
1343 622 1399 660 ait
1430 634 1451 659 a
1485 620 1737 658 Deucalione
1769 625 1919 664 ortum,

151 685 420 724 disserentem
455 684 627 730 inducit,
661 684 763 722 nihil
796 698 886 722 esse
918 686 1086 723 omnino
1118 685 1299 723 animum
1333 689 1371 721 ct
1404 683 1481 721 hoc
1503 696 1592 721 esse
1617 696 1766 721 nomen
1789 686 1920 721 totum

150 747 272 786 inane
303 746 541 798 frustraque
573 746 769 785 animalia
800 752 840 784 et
863 746 1084 785 animantis
1107 746 1333 798 appellari,
1367 760 1502 797 nequo
1527 745 1566 782 in
1590 745 1759 783 homine
1782 744 1920 782 inesse

150 809 332 848 animum
365 808 428 847 vel
462 808 641 846 animam
676 822 750 847 nec
782 809 821 846 in
846 808 999 853 bestia,
1034 809 1199 859 vimque
1224 820 1387 846 omnem
1411 820 1523 853 cam,
1557 820 1639 859 qna
1660 807 1725 845 vel
1748 819 1971 856 agamusio

150 871 248 924 quid
283 870 346 909 vel
379 870 630 915 sentiamus,
663 870 705 908 in
737 870 928 909 omnibus
961 870 1206 921 corporibus
1239 869 1343 908 vivis
1375 869 1652 921 aequabiliter
1675 883 1766 908 esse
1789 868 1922 907 fusam

150 946 224 972 nec
256 932 530 985 separabilem
563 945 585 970 a
617 945 792 984 corpore
825 945 938 978 esse,
971 933 1128 984 qnippe
1161 944 1268 984 qnae
1301 930 1413 969 nulla
1444 932 1495 969 sit
1524 944 1598 969 nec
1621 931 1673 969 sit
1697 931 1923 984 quicquam

150 995 229 1034 nisi
273 1007 426 1046 corpus
466 1007 593 1032 ulium
635 1000 675 1033 et
715 994 916 1046 simplex,
961 993 1017 1032 ita
1049 993 1293 1043 figuratum,
1341 998 1387 1031 ut
1419 994 1718 1046 temperatione
1751 998 1923 1032 naturae

150 1058 289 1108 vigeat
331 1062 369 1095 et
410 1056 573 1095 sentiat.
634 1054 698 1094 22.
740 1056 983 1095 Aristoteles
1030 1056 1151 1107 longe
1192 1056 1384 1094 omnibus
1415 1078 1470 1082 —
1510 1056 1724 1094 Platonem
1762 1067 1925 1108 semper

150 1118 314 1171 excipio
348 1139 398 1144 -—-
432 1123 647 1170 praestans
693 1124 733 1158 et
781 1119 948 1169 ingenio
997 1124 1036 1157 et
1079 1118 1315 1170 diligentia,
1361 1130 1454 1156 cnm
1488 1122 1684 1170 quattuor
1725 1124 1824 1157 nota
1855 1116 1975 1160 illa45

150 1192 303 1234 genera
334 1179 639 1233 principiorum
672 1186 782 1220 esset
814 1180 1083 1232 complexus,
1119 1193 1140 1218 e
1173 1180 1325 1233 quibus
1358 1180 1500 1218 omnia
1531 1186 1771 1225 orerentur,
1804 1178 1925 1232 quin-

150 1250 233 1284 tam
274 1242 482 1296 quandam
520 1249 708 1282 naturam
751 1249 891 1282 censet
932 1256 1042 1289 esse,
1084 1256 1105 1281 e
1139 1256 1222 1296 qua
1254 1243 1304 1281 sit
1336 1255 1466 1281 mens.
1520 1241 1709 1294 Cogitare
1741 1242 1853 1281 enim
1886 1247 1926 1280 et

151 1305 374 1359 providere
417 1311 457 1344 et
495 1305 653 1344 discere
694 1311 734 1344 et
775 1305 927 1344 docere
969 1311 1010 1344 et
1051 1305 1236 1345 invenire
1278 1304 1437 1357 aliquid
1481 1309 1520 1343 et
1552 1309 1632 1343 tam
1666 1303 1795 1342 multa
1827 1303 1926 1349 alia,

153 1367 416 1414 meminisse,
448 1380 606 1414 amare,
639 1367 798 1414 odisse,
830 1381 1004 1420 cupere,
1038 1367 1206 1414 timere,
1238 1367 1354 1419 angi,
1386 1365 1553 1412 laetari,
1585 1366 1689 1405 haec
1713 1371 1755 1405 et
1776 1365 1927 1404 similia

153 1443 299 1470 eorum
338 1429 380 1469 in
422 1430 572 1469 horum
612 1436 810 1483 quattuor
841 1442 1040 1482 generum
1072 1429 1209 1469 inesse
1241 1429 1357 1468 nullo
1389 1434 1527 1481 putat:
1570 1428 1763 1482 quintum
1795 1441 1927 1481 genus
1942 1443 1978 1472 ρο

151 1492 323 1533 adhibet
353 1505 503 1531 vacans
536 1493 726 1539 nomine,
763 1497 804 1531 et
835 1493 894 1532 sic
925 1493 1060 1545 ipsum
1094 1493 1278 1532 animum
1310 1494 1573 1540 ἐνδελέχειαν
1604 1491 1790 1544 appellat
1818 1503 1928 1529 novo

152 1554 322 1594 nomine
355 1555 474 1607 quasi
506 1554 717 1608 quandam
749 1555 1032 1594 continuatam
1065 1555 1295 1595 motionem
1327 1559 1367 1593 et
1402 1567 1643 1607 perennem.

266 1618 337 1656 XI.
370 1617 458 1656 Nisi
490 1630 599 1670 quae
631 1630 696 1656 me
728 1617 834 1656 sorte
865 1617 1049 1670 fugiunt,
1083 1617 1186 1663 haec
1219 1622 1316 1657 sunt
1336 1616 1423 1656 fere
1446 1616 1496 1656 de
1520 1616 1660 1656 animo
1685 1616 1928 1657 sententiae.

154 1679 435 1720 Democritum
473 1679 608 1726 enim,
641 1693 835 1732 magnum
867 1679 984 1719 illum
1018 1680 1189 1733 quidem
1221 1680 1380 1726 virum,
1419 1680 1492 1718 sed
1523 1679 1685 1719 levibus
1718 1684 1759 1718 et
1787 1684 1931 1719 rotun-

154 1742 218 1782 dis
249 1741 514 1795 corpusculis
543 1741 797 1781 efficientem
820 1742 1005 1782 animum
1028 1756 1234 1782 concursu
1258 1742 1439 1796 quodam
1459 1740 1644 1789 fortuito,
1668 1742 1981 1790 omittamu5325

153 1805 252 1845 nihil
285 1810 348 1843 est
379 1804 488 1843 enim
521 1804 631 1856 apud
675 1805 777 1843 istos
810 1805 923 1857 quod
957 1819 1038 1844 non
1070 1811 1306 1844 atomorum
1339 1805 1460 1844 turba
1494 1802 1698 1844 conficiat.
1749 1802 1816 1844 ⁶23.
1849 1805 1932 1844 Ha-

153 1881 243 1907 rum
275 1866 577 1906 sententiarum
610 1879 717 1919 quae
750 1880 847 1906 vera
879 1868 932 1906 sit
963 1867 1064 1906 deus
1093 1868 1225 1921 aliqui
1248 1867 1421 1907 viderit:
1455 1880 1562 1920 quae
1590 1866 1678 1906 veri
1709 1866 1931 1914 simillima,

154 1941 302 1981 magna
334 1929 525 1981 quaestio
556 1934 631 1967 est.
679 1929 822 1967 Utrum
844 1929 970 1981 igitur
991 1930 1099 1969 inter
1120 1930 1194 1969 has
1218 1930 1446 1969 sententias
1471 1929 1701 1968 diiudicare
1724 1928 1931 1968 malumus

153 2005 205 2032 an
246 1991 296 2030 ad
335 1991 596 2044 propositum
634 1991 800 2030 redire?
861 1992 907 2030 A.
943 1991 1149 2044 Cuperem
1181 1991 1378 2045 equidem
1411 1997 1658 2044 utrumque,
1700 1992 1735 2031 si
1776 1996 1932 2044 posset,

155 2054 226 2094 sed
260 2058 322 2092 est
355 2052 524 2092 difficile
557 2051 827 2092 confundere.
875 2053 967 2101 Qua
995 2067 1038 2093 re
1070 2054 1124 2101 si,
1157 2059 1201 2093 ut
1231 2055 1310 2093 ista
1339 2067 1423 2093 non
1453 2054 1731 2101 disserantur,
1764 2053 1932 2092 liberari
1947 2067 1983 2096 30

156 2117 300 2157 mortis
332 2121 443 2154 metu
476 2129 721 2168 possumus,
753 2115 794 2155 id
826 2128 1025 2168 agamus;
1059 2117 1123 2155 sin
1151 2117 1191 2156 id
1216 2131 1299 2157 non
1323 2122 1461 2169 potest
1483 2116 1561 2155 nisi
1584 2116 1662 2155 hac
1685 2115 1956 2169 quaestione'

112 2173 121 2182 ⁶
155 2180 386 2219 animorum
421 2178 650 2230 explicata,
683 2191 816 2225 nunc,
848 2179 881 2217 si
914 2179 1101 2225 videtur,
1132 2179 1234 2226 hoc,
1267 2179 1371 2218 illud
1402 2178 1518 2217 alias.
1568 2179 1622 2218 M.
1657 2178 1783 2226 Quod
1811 2177 1933 2216 malle

159 2247 197 2281 te
229 2241 450 2293 intellego,
483 2241 523 2280 id
557 2246 656 2293 puto
690 2253 782 2279 esse
815 2240 1087 2280 commodius.
1136 2239 1300 2280 Et'ficiet
1331 2242 1441 2280 enim
1474 2240 1580 2279 ratio
1611 2245 1675 2286 ut,
1708 2253 1934 2293 quaecum-

157 2317 238 2357 que
270 2316 368 2343 vera
399 2303 452 2342 sit
483 2316 625 2342 earum
657 2304 977 2350 sententiarum,
1021 2317 1125 2356 quas
1168 2303 1365 2356 exposui,
1406 2316 1518 2342 mors
1561 2307 1633 2341 aut
1663 2302 1817 2341 malum
1849 2315 1933 2341 non

156 2463 301 2504 putabat
327 2462 516 2503 particulae
542 2473 655 2495 verum
686 2462 801 2495 locum
828 2473 906 2495 esse
936 2463 1080 2495 nullum.
1121 2465 1237 2495 Potest
1262 2464 1354 2494 enim
1380 2463 1446 2493 dici
1471 2463 1669 2494 Xenocrates
1693 2462 1797 2493 animi
1814 2479 1860 2485 —-
1876 2471 1935 2493 ne—

155 2515 249 2554 gavit
273 2522 336 2544 esse
364 2516 410 2551 ,ξε
434 2514 517 2544 dixit
541 2515 696 2545 animuin
724 2523 792 2545 non
818 2514 950 2545 hahere
970 2532 1017 2537 --
1033 2514 1191 2554 corpus),
1217 2522 1331 2544 cerum
1356 2513 1422 2553 (vel
1440 2514 1503 2547 sedi
1530 2522 1703 2543 humerum
1730 2511 1794 2551 (vel
1818 2521 1934 2543 nume-

157 2564 308 2604 rumque)
333 2572 414 2594 esse:
441 2565 574 2604 negarit
600 2581 650 2601 —,
676 2574 790 2595 rerum
808 2564 888 2603 (sed)
909 2582 943 2586 -
972 2565 1082 2595 dimit
1107 2573 1174 2594 non
1202 2564 1301 2594 item:
1332 2563 1522 2602 requiritur
1546 2562 1755 2601 asyndeton,
1783 2565 1820 2593 ut
1836 2561 1853 2601 g
1871 2562 1931 2592 77:

158 2614 215 2644 diu
236 2623 413 2644 mansuros
437 2615 551 2644 aiunt
582 2615 727 2652 animos,
760 2624 885 2649 semper
918 2618 1083 2653 nie-qaut.
1123 2614 1295 2645 Manutius
1321 2623 1362 2644 ex
1388 2613 1605 2644 deteriorum
1631 2611 1734 2643 codd.
1761 2613 1933 2652 scriptura

159 2663 238 2694 fecit
262 2671 328 2694 esse
352 2663 469 2700 ullum,
495 2672 668 2694 numerum
689 2681 737 2697 —-,
765 2664 860 2703 quod
887 2665 969 2694 mihi
995 2665 1104 2703 inagis
1123 2664 1303 2704 probatur,
1331 2664 1386 2693 cui
1404 2664 1476 2693 veri
1494 2661 1639 2693 similius
1656 2662 1817 2692 videatur
1833 2661 1935 2692 ullum

160 2714 193 2744 in
218 2722 333 2743 uerum
358 2721 435 2744 esse
461 2714 693 2754 deprax'atun]
720 2722 826 2753 quain
851 2713 893 2744 al]
921 2713 988 2744 ullo
1014 2713 1154 2744 librario
1180 2722 1293 2743 mrum
1318 2722 1359 2743 ae
1385 2721 1452 2742 non
1478 2713 1531 2741 sest
1556 2711 1726 2743 additum.
1755 2711 1806 2743 Cs.
1826 2711 1933 2742 Acad.

160 2762 200 2799 ll,
230 2761 290 2793 424
315 2771 357 2792 an
392 2764 540 2801 (animus
566 2765 649 2800 est).
684 2766 718 2793 ut
746 2764 963 2798 Xenocrates,
996 2772 1152 2794 numerus
1181 2773 1200 2793 ‘n
1214 2763 1298 2793 ullo
1332 2770 1541 2800 corpore.»
1577 2762 1629 2792 W.
1657 2780 1698 2784 —
1728 2762 1758 2792 Ἰ.
1786 2763 1935 2792 animum

161 2810 323 2850 Bentley:
358 2813 507 2843 animam
533 2814 556 2843 C
585 2831 620 2834 —
647 2813 678 2844 3.
702 2816 816 2851 partes
841 2814 867 2843 ei
890 2822 1010 2852 parere
1034 2813 1211 2844 Davisius:
1248 2815 1359 2850 parles
1382 2819 1538 2850 separare
1564 2812 1605 2845 C:
1629 2814 1744 2849 partes
1764 2820 1886 2850 parere
1910 2812 1934 2842 O

163 2878 197 2883 —
225 2862 304 2892 locis
334 2863 399 2892 suis
432 2863 611 2892 Davisius:
649 2862 726 2892 Iocis
762 2862 785 2891 C
819 2863 896 2900 (nisi
927 2863 1020 2902 quod
1054 2863 1077 2892 R
1107 2863 1139 2892 in
1165 2871 1275 2901 marg.
1303 2861 1545 2892 recentissima
1571 2868 1617 2891 m.
1645 2860 1802 2892 additum
1829 2860 1935 2891 habet

161 2911 337 2950 disclusit):
374 2912 452 2942 locis
483 2913 628 2942 disclusit
653 2913 676 2942 O
704 2929 738 2933 —
773 2911 803 2943 4.
831 2913 1000 2942 diveat-cus
1024 2912 1087 2942 GR
1113 2913 1159 2950 (in
1186 2914 1209 2941 G
1235 2919 1413 2951 superscr.
1441 2910 1469 2947 h)
1498 2927 1534 2932 —-
1559 2911 1590 2941 5.
1618 2911 1781 2941 dictorum
1806 2911 1829 2940 G
1847 2911 1868 2941 R
1897 2928 1931 2932 -

162 2959 193 2992 7.
219 2960 443 2991 Pherecratem
469 2963 491 2992 R
507 2962 532 2992 O
560 2980 594 2984 -
630 2962 791 3001 pthiotam
817 2962 841 2993 C
870 2978 904 2983 —
949 2962 978 2992 9.
1004 2962 1196 3000 frustraque
1219 2965 1247 2991 et
1271 2960 1435 2991 animalia
1459 2961 1484 2990 O
1512 2977 1546 2981 —
1575 2960 1626 2991 ⁴6.
1653 2960 1822 2991 orirentur
1844 2960 1869 2990 Ο
1896 2976 1930 2982 -

165 3010 216 3040 47.
243 3013 319 3040 esset
351 3011 375 3040 G
411 3011 460 3049 <in
490 3020 599 3051 marg.
627 3012 842 3050 correctum)
870 3013 895 3043 R
918 3029 961 3034 -—
984 3011 1037 3042 Ἣ.
1064 3011 1286 3041 endelecheian
1314 3011 1362 3046 (:;
1396 3007 1628 3046 ἐντελέχειαν
1652 3010 1677 3040 O
1705 3027 1740 3032 —
1767 3010 1937 3048 appellant

164 3067 254 3090 corr.
281 3060 315 3090 ln
338 3061 482 3099 appellat
505 3062 630 3092 eadem
657 3071 703 3092 m.
725 3062 749 3091 G
778 3079 812 3083 —
840 3061 892 3091 23.
919 3061 979 3091 hae
1003 3060 1078 3091 13²0
1101 3077 1132 3081 —
1164 3060 1215 3091 24.
1242 3061 1371 3098 quidem
1394 3059 1488 3090 illum
1511 3060 1535 3090 Ο
1558 3076 1591 3082 —
1621 3059 1673 3091 ⁵26.
1694 3060 1773 3090 nihil
1788 3063 1833 3090 est
1849 3060 1935 3090 enim

164 3109 253 3146 apud
275 3109 364 3146 istos,
391 3117 470 3147 quos
492 3119 557 3139 non
580 3119 691 3140 eorum
719 3110 815 3140 [urba
839 3112 990 3150 conficiat
1014 3111 1145 3141 Nonius
1170 3120 1201 3150 p.
1223 3110 1296 3141 269.
1319 3127 1352 3132 —
1380 3110 1509 3141 Harum
1525 3127 1545 3134 -
1560 3127 1578 3133 —
1593 3110 1711 3141 viderit
1737 3111 1933 3141 Lactantius

165 3157 242 3193 vn,
268 3158 298 3188 8.
329 3174 362 3180 ——
392 3158 442 3189 28.
470 3159 640 3189 dividicare
665 3168 755 3190 corr.
783 3159 861 3190 cad.
890 3169 935 3192 m.
964 3161 996 3191 in
1021 3161 1206 3190 diiudicare
1229 3162 1253 3189 G
1291 3176 1324 3181 -—
1359 3159 1413 3190 29.
1437 3160 1540 3199 possit
1569 3156 1626 3197 (3¹,
1655 3168 1746 3190 corr.
1775 3160 1806 3190 in
1828 3162 1935 3198 posset

165 3207 291 3238 eadem
316 3217 362 3239 m.
386 3225 420 3230 —
448 3208 500 3240 34.
523 3217 623 3238 «vera
646 3212 691 3239 est
716 3209 912 3248 Tregderus
936 3218 978 3240 ex
1003 3218 1065 3240 sua
1091 3210 1305 3246 coniectura,
1332 3208 1479 3241 sortasse
1504 3210 1619 3240 minus
1643 3209 1862 3246 necessari&
1890 3208 1931 3240 cs.

165 3256 204 3295 V,
223 3255 275 3287 83.
296 3258 346 3298 (ΙΙ,
366 3257 418 3289 42.
439 3258 478 3297 V,
498 3258 570 3290 408.
597 3257 692 3289 Offic,
723 3259 776 3296 ΙΙΙ,
804 3259 853 3291 ΞΟ.
882 3259 996 3291 Madv.
1023 3260 1148 3300 Opusc.
1177 3268 1211 3299 p.
1237 3258 1293 3290 48¹
1325 3260 1432 3298 ηοω»
1459 3260 1512 3291 W.
1540 3276 1574 3281 —
1602 3259 1783 3290 sentiarum
1806 3259 1844 3289 R.
