2249 3624
367 119 448 164 442
963 121 1032 163 DE
1063 120 1289 163 DEORUM
1318 120 1535 163 NATURA

307 251 313 258 ·
364 229 470 271 tium
500 241 642 277 causa,
673 228 905 269 animantes
935 233 1073 268 autem
1103 227 1340 275 hominum,
1370 232 1416 268 ut
1437 240 1590 282 equum
1613 228 1794 270 vehendi
1818 243 1956 280 causa,
1986 234 2133 275 arandi

364 291 535 339 bovem,
575 290 756 332 venandi
793 296 835 331 et
873 289 1139 331 custodiendi
1180 303 1339 330 canem.
1389 291 1484 344 Ipse
1515 296 1653 331 autem
1682 292 1811 333 homo
1843 298 1957 334 ortus
1989 300 2052 335 est
2081 296 2134 336 ad

364 354 567 394 mundum
607 354 977 407 contemplandum
1009 357 1051 392 et
1088 352 1356 401 imitandum,
1396 353 1513 393 nullo
1543 353 1670 393 modo
1702 355 1936 407 perfectus,
1968 357 2042 397 sed
2073 364 2137 399 est

365 415 574 470 quaedam
603 416 805 469 particula
836 415 1024 469 perfecti.
1083 412 1149 453 38.
1183 415 1264 454 Sed
1287 415 1491 463 mundus,
1523 416 1722 469 quoniam
1745 419 1882 459 omnia
1903 420 2135 473 conplexus

333 483 428 517 sest
466 490 607 530 neque
648 484 711 518 est
753 479 976 532 quicquam
1015 477 1127 531 quod
1167 491 1251 517 non
1282 478 1383 518 insit
1412 479 1454 518 in
1487 491 1557 526 eo,
1599 478 1810 532 perfectus
1840 481 2029 535 undique
2059 487 2135 524 est.

365 539 446 588 Qui
477 540 605 592 igitur
634 546 774 594 potest
804 541 840 580 ei
865 540 1014 580 deesse
1036 540 1100 587 id,
1134 540 1246 593 quod
1269 545 1332 580 est
1352 541 1552 594 optimum
1571 542 1588 580 ‘2
1620 541 1731 581 Nihil
1753 547 1890 584 autem
1913 550 1977 584 est
1997 550 2136 585 mente

364 607 403 642 et
442 602 605 643 ratione
644 603 817 643 melius:
862 616 959 656 ergo
1000 603 1104 642 haec
1145 602 1301 642 mundo
1335 602 1482 643 deesse
1514 616 1598 643 non
1630 610 1819 657 possunt.
1868 607 1982 646 Bene
2011 607 2138 660 igitur

363 665 475 705 idem
508 665 788 719 Chrysippus,
822 666 893 719 qui
925 665 1221 705 similitudines
1253 665 1486 718 adiungens
1508 666 1648 706 omnia
1679 667 1722 706 in
1754 667 1950 720 perfectis
1981 675 2022 709 et
2051 684 2139 710 ma-

363 729 466 770 turis
499 727 621 768 docet
652 741 743 768 esse
775 727 969 774 meliora,
1010 732 1055 767 ut
1084 728 1127 767 in
1159 741 1268 781 equo
1302 741 1426 782 quam
1456 729 1499 768 in
1532 728 1697 777 eculeo,
1730 730 1773 769 in
1803 743 1905 770 cane
1937 744 2062 784 quam
2093 732 2137 772 in

316 790 525 837 aocatulo,
557 790 600 829 in
631 790 719 831 viro
753 803 879 844 quam
911 791 954 830 in
985 804 1134 844 puero,
1167 791 1287 838 item,
1319 791 1433 844 quod
1455 791 1497 830 in
1520 791 1632 831 omni
1665 791 1821 831 mundo
1845 793 2047 845 optimum
2070 795 2136 842 sit,

362 853 405 894 id
445 854 488 893 in
527 852 712 906 perfecto
745 853 887 907 aliquo
919 858 1045 907 atque
1076 854 1269 894 absoluto
1306 867 1397 893 esse
1430 853 1596 893 debere.
1655 851 1722 893 39.
1753 854 1829 893 Est
1859 860 1998 895 autem
2030 857 2138 896 nihil

363 915 520 955 mundo
553 914 797 968 perfectius,
828 916 934 956 nihil
965 916 1118 956 virtute
1150 917 1327 956 melius:
1365 916 1491 968 igitur
1521 915 1665 955 mundi
1697 920 1760 955 est
1789 917 1960 970 propria
1990 918 2136 959 virtus.

361 979 448 1018 Nec
477 990 577 1017 vero
608 977 792 1018 hominis
823 984 971 1018 natura
1001 978 1186 1032 perfecta
1217 984 1299 1025 est,
1332 983 1372 1018 et
1403 975 1581 1017 efficitur
1611 982 1750 1017 tamen
1781 978 1823 1018 in
1853 979 2023 1020 homine
2054 981 2137 1021 vir-

361 1044 450 1080 tus:
491 1046 648 1094 quanto
686 1041 814 1093 igitur
853 1042 896 1081 in
933 1041 1090 1081 mundo
1128 1041 1318 1082 faciliust
1364 1041 1437 1080 Est
1476 1053 1574 1093 ergo
1616 1040 1659 1081 in
1691 1053 1740 1080 eo
1771 1041 1931 1082 virtus:
1971 1043 2138 1098 sapiens

314 1108 350 1138 ⁴5
365 1108 427 1144 est
455 1102 583 1156 igitur
613 1108 654 1143 et
684 1110 906 1157 propterea
936 1104 1053 1144 deus.

476 1165 564 1205 XV.
595 1166 733 1220 Atque
773 1166 851 1207 hac
889 1166 1034 1206 mundi
1074 1167 1291 1207 divinitate
1331 1170 1551 1219 perspecta
1581 1166 1804 1207 tribuenda
1835 1171 1898 1207 est
1928 1167 2138 1209 sideribus

364 1229 510 1270 eadem
542 1229 752 1277 divinitas,
785 1243 891 1283 quae
921 1243 973 1269 ex
994 1229 1271 1270 mobilissima
1292 1229 1598 1283 purissimaque
1619 1228 1798 1269 aetheris
1819 1235 1939 1284 parte
1961 1230 2139 1284 gignun-

362 1296 446 1339 tur,
476 1304 616 1345 neque
647 1291 733 1332 ulla
762 1297 978 1346 praeterea
1012 1297 1075 1332 est
1105 1292 1290 1332 admixta
1320 1296 1487 1338 natura,
1519 1296 1690 1344 totaque
1721 1297 1817 1332 sunt
1845 1291 1979 1332 calida
2010 1297 2138 1346 atque

363 1353 598 1408 perlucida,
639 1359 682 1395 ut
723 1368 772 1395 ea
813 1368 986 1408 quoque
1023 1355 1253 1394 rectissime
1293 1359 1332 1394 et
1362 1353 1594 1394 animantia
1625 1367 1716 1394 esse
1748 1359 1788 1394 et
1825 1355 1982 1395 sentire
2013 1360 2139 1409 atque

311 1423 349 1452 20
362 1417 609 1470 intellegere
644 1418 847 1458 dicantur.
907 1416 976 1457 40.
1010 1418 1149 1471 Atque
1182 1430 1231 1457 ea
1262 1416 1432 1470 quidem
1464 1420 1550 1456 tota
1577 1429 1669 1456 esse
1698 1416 1822 1470 ignea
1844 1417 2022 1457 duorum
2045 1431 2140 1458 sen-

363 1492 484 1520 suum
521 1480 764 1521 testimonio
807 1477 1040 1520 confirmari
1083 1479 1306 1520 Cleanthes
1338 1484 1471 1533 putat,
1516 1483 1650 1519 tactus
1683 1484 1723 1520 et
1753 1480 1984 1520 oculorum.
2036 1481 2139 1520 Nam

363 1543 463 1584 solis
495 1549 537 1584 et
566 1543 724 1584 candor
755 1542 974 1583 inlustrior
1005 1548 1066 1583 est
1096 1555 1221 1595 quam
1253 1542 1379 1581 ullius
1411 1542 1541 1594 ignis,
1581 1542 1737 1595 quippe
1771 1543 1843 1596 qui
1874 1542 1917 1582 in
1947 1543 2139 1583 inmenso

363 1605 522 1646 mundo
554 1611 638 1646 tam
670 1606 792 1659 longe
825 1606 990 1659 lateque
1023 1605 1259 1653 conluceat,
1293 1610 1332 1644 et
1361 1605 1395 1644 is
1427 1605 1519 1644 eius
1550 1608 1686 1644 tactus
1718 1610 1802 1652 est,
1833 1618 1919 1644 non
1949 1609 1996 1645 ut
2024 1610 2141 1659 tepe-

363 1667 488 1709 faciat
519 1669 675 1717 solum,
715 1668 789 1708 sed
821 1669 943 1709 etiam
975 1681 1100 1721 saepe
1132 1668 1371 1715 comburat,
1404 1680 1583 1720 quorum
1615 1672 1810 1707 neutrum
1842 1668 2018 1717 faceret,
2057 1668 2139 1709 nisi

314 1736 350 1765 52
366 1736 477 1772 esset
506 1731 668 1784 igneus.
718 1732 847 1784 Ergo,
889 1731 1049 1784 inquit,
1088 1742 1179 1769 cum
1212 1730 1274 1770 sol
1310 1730 1460 1783 igneus
1493 1729 1547 1769 sit
1578 1729 1823 1783 Oceanique
1854 1730 1991 1771 alatur
2019 1744 2140 1771 umo-

363 1794 498 1842 ribus,
531 1795 629 1847 quia
659 1793 802 1833 nullus
832 1794 939 1846 ignis
971 1792 1061 1832 sine
1092 1798 1212 1846 pastu
1244 1792 1386 1845 aliquo
1417 1791 1550 1844 possit
1575 1804 1839 1844 permanere,
1871 1807 2043 1834 necesse
2076 1798 2139 1834 est

361 1862 435 1898 aut
473 1856 510 1896 ei
549 1856 696 1896 similis
737 1856 791 1896 sit
828 1856 935 1909 igni,
978 1868 1102 1909 quem
1143 1855 1390 1895 adhibemus
1431 1855 1481 1894 ad
1523 1867 1645 1894 usum
1684 1859 1810 1907 atque
1848 1855 2027 1905 victum,
2069 1861 2141 1898 aut

363 1920 421 1967 ei,
466 1919 538 1973 qui
576 1919 822 1972 corporibus
861 1918 1137 1958 animantium
1176 1918 1428 1957 continetur.
1488 1914 1554 1956 4-1.
1586 1917 1713 1970 Atqui
1744 1917 1812 1957 hic
1843 1923 1987 1958 noster
2016 1919 2138 1972 ignis,

364 1996 489 2037 quem
519 1996 620 2022 usus
651 1982 760 2022 vitae
792 1981 994 2035 requirit,
1025 1980 1238 2020 confector
1269 1986 1332 2020 est
1359 1985 1399 2020 et
1421 1984 1693 2033 consumptor
1720 1980 1905 2020 omnium
1927 1981 2138 2035 idemque,

312 2050 350 2080 30
364 2058 633 2101 quocumque
671 2045 842 2092 invasit,
883 2049 1034 2084 cuncta
1065 2044 1270 2083 disturbat
1306 2056 1354 2083 ac
1387 2043 1575 2096 dissipat.
1629 2043 1781 2084 Contra
1811 2044 1882 2084 ille
1913 2058 2140 2099 corporeus

362 2108 501 2149 vitalis
534 2113 574 2148 et
605 2107 800 2147 salutaris
823 2107 962 2147 omnia
984 2112 1224 2153 conservat,
1256 2106 1348 2153 alit,
1379 2112 1523 2159 auget,
1555 2106 1733 2145 sustinet
1754 2119 1965 2160 sensuque
1988 2105 2138 2149 adficit.

362 2172 495 2223 Negat
525 2183 624 2222 ergo
657 2183 748 2210 esse
781 2170 976 2216 dubium,
1008 2169 1156 2208 horum
1190 2169 1348 2221 ignium
1381 2169 1441 2208 sol
1472 2170 1553 2208 utri
1585 2168 1731 2208 similis
1757 2169 1829 2216 sit,
1862 2170 2012 2210 cumis
2035 2183 2141 2223 quo-

365 2246 448 2287 que
494 2230 646 2272 efficiat
690 2238 735 2272 ut
778 2232 918 2272 omnia
964 2233 1141 2271 floreant
1181 2237 1222 2271 et
1264 2231 1306 2270 in
1355 2245 1431 2271 suo
1473 2244 1665 2284 quaeque
1707 2244 1860 2284 genere
1895 2231 2139 2284 pubescant.

366 2296 507 2344 Quare
539 2309 631 2336 cum
663 2295 763 2336 solis
794 2295 903 2348 ignis
936 2295 1085 2334 similis
1118 2307 1260 2334 eorum
1292 2294 1450 2347 ignium
1483 2294 1556 2341 sit,
1590 2293 1662 2346 qui
1696 2299 1793 2333 sunt
1821 2294 1864 2333 in
1896 2295 2138 2348 corporibus

314 2359 660 2406 35animnfium,
700 2358 831 2398 solem
863 2371 1033 2411 quoque
1065 2357 1319 2397 animantem
1352 2370 1442 2396 esse
1474 2360 1656 2410 oportet,
1688 2361 1814 2410 atque
1844 2356 1944 2396 item
1975 2356 2140 2409 reliqua

364 2427 496 2471 astra,
528 2434 637 2476 quae
669 2421 856 2462 oriantur
885 2421 929 2460 in
955 2421 1104 2460 ardore
1127 2419 1319 2467 caelesti,
1351 2419 1422 2472 qui
1446 2418 1592 2460 aether
1611 2417 1679 2459 vel
1701 2418 1863 2459 caelum
1886 2418 2138 2460 nominatur.

454 2612 484 2642 t.
511 2619 606 2650 equm
631 2610 820 2650 (superscr.
848 2607 956 2639 altera
979 2607 1011 2647 u)
1038 2609 1081 2645 A,
1117 2616 1208 2638 ecum
1232 2608 1424 2648 (superscr.
1445 2607 1475 2648 q)
1501 2607 1528 2637 V
1556 2622 1591 2629 —
1619 2605 1651 2638 4.
1674 2605 1839 2646 perticata
1862 2606 1887 2637 B
1914 2623 1949 2627 —
1977 2606 2008 2637 5.
2035 2614 2140 2646 neque

364 2661 450 2694 enim
473 2663 519 2692 esc
543 2660 620 2691 cod.
642 2659 892 2699 Glogaviensis‚
920 2659 944 2689 Ο
964 2676 998 2680 -
1026 2658 1056 2689 6.
1077 2659 1155 2697 quid
1179 2658 1283 2698 iyitur
1307 2657 1346 2690 Ἡ.
1378 2658 1427 2689 Cf.
1448 2667 1482 2699 p.
1502 2657 1578 2697 403,
1597 2657 1628 2688 8.
1651 2676 1685 2680 —
1712 2657 1746 2688 id
1764 2666 1834 2688 om.
1854 2657 1942 2695 3¹1³,
1969 2655 2036 2689 del.
2057 2657 2137 2689 ead.

364 2719 411 2742 m.
438 2711 467 2741 V
494 2728 528 2732 —-
555 2713 599 2741 est
623 2713 733 2742 autem
757 2711 781 2741 O
808 2727 843 2732 —-
871 2709 901 2740 9.
928 2710 961 2740 in¹
986 2718 1066 2748 equo
1092 2717 1191 2748 quam
1216 2716 1307 2740 corr.
1336 2717 1407 2740 sec.
1429 2716 1475 2739 m.
1497 2717 1539 2739 ex
1563 2715 1773 2746 nequaquam
1798 2706 1825 2737 V
1844 2724 1878 2728 —
1905 2706 2015 2739 eculeo
2039 2705 2068 2739 21
2094 2707 2138 2747 (in

364 2762 391 2792 A
415 2760 477 2792 litt.
504 2759 694 2801 penultima
722 2762 913 2801 expuncta,
940 2761 974 2790 ut
1001 2760 1045 2790 sit
1068 2759 1170 2797 oculo,
1196 2760 1229 2790 in
1256 2760 1279 2790 C
1306 2767 1484 2800 superscr.
1511 2757 1660 2798 equulo):
1689 2757 1806 2797 equulo
1831 2757 1855 2789 O
1877 2775 1912 2780 —
1939 2766 2021 2789 cane
2045 2766 2137 2790 corr.

366 2820 409 2842 ex
432 2819 546 2841 canem
571 2811 593 2841 Β
614 2828 649 2833 —
678 2811 729 2842 Μ.
755 2812 789 2842 id
807 2819 897 2842 corr.
918 2810 1043 2841 eadem
1068 2818 1115 2840 m.
1135 2818 1175 2839 ex
1202 2810 1228 2839 is
1250 2810 1276 2839 A
1292 2809 1341 2844 V;
1368 2809 1396 2838 is
1421 2808 1443 2839 B
1462 2808 1486 2839 E
1507 2825 1540 2829 —
1571 2808 1623 2838 Μ.
1642 2808 1764 2838 mundo
1787 2806 1868 2838 nihil
1891 2807 1916 2838 E
1931 2806 1956 2839 Ο
1975 2825 2011 2830 -
2039 2807 2091 2839 43.
2110 2810 2140 2839 et

365 2859 434 2892 del.
460 2868 507 2891 m.
534 2869 606 2891 sec.
633 2861 679 2896 V;
704 2864 740 2892 ut
763 2864 789 2892 A
817 2878 852 2883 —
882 2860 933 2891 47.
960 2859 1163 2890 nobilissima
1187 2857 1265 2890 ΡΥ2
1293 2877 1326 2881 -
1356 2858 1407 2890 48.
1435 2861 1480 2889 est
1505 2866 1591 2889 nos:
1625 2860 1702 2888 sunt
1726 2856 1792 2889 ‘210
1820 2874 1854 2879 —
1888 2857 1940 2887 Ἡ.
1967 2855 2140 2889 cleamthes

365 2910 392 2941 Α
419 2927 453 2931 -
480 2909 534 2940 Ἡ.
559 2910 636 2940 solis
658 2913 687 2941 cc
710 2910 837 2941 candor
860 2908 1032 2940 Klotzius:
1059 2909 1135 2939 solis
1158 2909 1251 2939 calor
1274 2911 1302 2939 et
1326 2908 1452 2939 candor
1476 2906 1527 2944 ⁸213
1553 2908 1629 2939 solis
1650 2908 1778 2938 candor
1801 2907 1826 2938 Ο
1847 2924 1882 2929 -
1907 2906 1993 2938 ullus
2017 2907 2041 2939 C
2056 2907 2081 2939 E
2100 2923 2134 2929 —

364 2959 400 2990 in
424 2967 493 2990 om.
520 2957 549 2990 Ἦ
582 2977 617 2980 -
649 2959 700 2991 23.
728 2963 758 2991 et
786 2960 833 2991 his
858 2958 932 2999 (litt.
958 2959 978 2989 h
1003 2957 1128 2998 deleta)
1156 2959 1183 2989 V
1210 2977 1244 2980 —
1280 2961 1372 2989 tactu
1396 2966 1485 2989 corn
1513 2959 1545 2989 in
1572 2961 1678 2989 tactus
1700 2957 1769 2989 AV
1801 2973 1836 2979 -
1868 2965 1934 2987 non
1965 2956 2001 2988 in
2025 2964 2135 2996 marg.

365 3010 445 3050 post
466 3011 502 3039 ut
526 3008 634 3040 habet
658 3010 681 3040 B
703 3027 738 3032 —
757 3010 810 3041 25.
829 3009 945 3048 inquid
969 3010 1005 3039 Β1
1021 3009 1044 3040 C
1063 3026 1097 3031 —
1117 3008 1285 3039 umoribus
1309 3017 1377 3040 scr.
1399 3017 1479 3040 cum
1496 3009 1522 3039 Α
1537 3009 1560 3039 Β
1576 3009 1600 3040 C
1623 3027 1657 3031 -
1683 3008 1736 3039 26.
1765 3010 1812 3038 est
1835 3015 1926 3039 corr.
1946 3015 1989 3039 ex
2012 3010 2090 3039 esset
2109 3006 2137 3037 V

370 3076 405 3080 —-
431 3059 484 3090 27.
511 3058 539 3090 ei
563 3066 653 3090 corr.
681 3068 722 3090 ex
746 3060 791 3091 eis
814 3059 843 3089 V
869 3076 903 3081 —
933 3067 1028 3089 usum
1052 3059 1086 3089 in
1110 3067 1178 3090 ras.
1206 3067 1252 3089 m.
1280 3067 1353 3089 sec.
1379 3058 1406 3089 A
1435 3075 1470 3082 —·
1506 3058 1613 3097 adque
1638 3058 1826 3098 (superscr.
1852 3055 1872 3095 t)
1899 3056 1922 3087 B
1950 3074 1986 3079 -—
2011 3055 2138 3087 uictum

367 3107 419 3142 521:
446 3107 490 3138 ad
512 3107 634 3138 victum
657 3109 682 3139 O
710 3126 744 3131 —
772 3109 824 3140 28.
852 3109 1060 3140 contineatur
1084 3107 1156 3148 (litt.
1177 3117 1197 3139 α
1215 3109 1400 3148 expuncta)
1427 3108 1450 3138 B
1477 3126 1518 3130 —
1543 3108 1635 3147 atqui
1661 3107 1738 3139 cod.
1758 3106 2055 3147 Rehdigerianus:
2082 3108 2136 3137 αι-

368 3167 430 3200 que
454 3156 494 3191 ⁵21.
523 3157 607 3189 Vide
633 3158 677 3189 ad
702 3168 734 3199 p.
754 3160 829 3197 280,
847 3160 898 3191 45.
920 3174 955 3181 —
983 3159 1036 3190 ς29.
1063 3159 1210 3189 omnium
1235 3158 1268 3189 in
1294 3166 1402 3198 marg.
1421 3166 1493 3189 sec.
1514 3166 1560 3189 m.
1580 3158 1609 3189 V
1628 3176 1662 3181 —
1689 3158 1743 3190 32.
1769 3156 1884 3189 Malim
1908 3156 2029 3194 mrim,
2055 3153 2131 3187 coll.

367 3217 401 3240 v.
427 3206 480 3240 34.
510 3224 544 3230 —
571 3216 645 3238 cum
668 3208 716 3239 his
740 3209 762 3239 B
779 3209 802 3240 C
818 3209 845 3239 V
871 3209 922 3249 (in
948 3210 970 3240 B
986 3209 1014 3240 V
1038 3207 1100 3241 litt.
1129 3209 1149 3239 h
1172 3208 1288 3246 erasa)
1334 3224 1367 3229 -
1409 3206 1461 3239 35.
1488 3211 1587 3248 atque
1609 3209 1685 3240 item
1709 3206 1856 3240 Orellius
1883 3206 1928 3247 (in
1955 3204 2134 3239 Addendis

368 3268 403 3302 p.
423 3257 518 3300 tw:
544 3261 574 3291 et
598 3258 728 3299 quidem
752 3257 832 3292 210.
860 3258 911 3292 Cf.
928 3260 971 3291 111
996 3258 1014 3300 ἓ
1038 3258 1091 3291 23.
1120 3275 1155 3282 --
1183 3257 1235 3290 36.
1263 3257 1342 3298 quia
1365 3257 1476 3290 aether
1498 3255 1550 3290 V¹.
