2249 3624
246 112 328 154 440
844 107 914 146 DE
945 103 1170 145 DEORUM
1200 100 1415 142 NATURA

249 219 511 272 consilioque
553 216 695 255 divino
738 213 879 254 omnia
917 212 961 250 in
991 210 1070 249 hoc
1103 206 1258 248 mundo
1289 208 1340 247 ad
1373 206 1550 247 salutem
1581 207 1765 247 omnium
1799 219 2018 248 conserva-

246 283 488 333 tionemque
519 277 822 320 admirabiliter
851 272 1148 315 administrari.

362 340 456 382 Γ133.
488 342 566 381 Hic
598 343 773 393 quaerat
803 336 1029 390 quispiam,
1061 334 1275 374 cuiusnam
1308 346 1432 373 causa
1460 336 1667 371 tantarum
1694 345 1833 372 rerum
1855 331 2017 371 molitio

248 406 357 445 facta
399 405 468 444 sit:
508 404 758 443 arborumne
801 404 842 438 et
880 398 1134 437 herbarum?
1179 409 1286 449 quae
1329 407 1589 448 quamquam
1631 394 1720 434 sine
1752 408 1879 434 sensu
1909 398 2018 438 sunt,

217 474 389 508 tatamen
419 480 442 506 a
474 472 623 506 natura
654 463 926 503 sustinentur.
973 460 1025 498 At
1055 459 1097 498 id
1122 458 1291 511 quidem
1313 457 1537 497 absurdum
1560 461 1634 496 est.
1680 458 1744 495 An
1765 456 2018 495 bestiarum?

249 530 388 570 Nihilo
426 527 685 581 probabilius
729 525 828 564 deos
870 527 1078 561 mutarum
1120 526 1159 560 et
1196 520 1299 560 nihil
1339 519 1673 572 intellegentium
1704 531 1829 559 causa
1859 523 2019 558 tantum

249 592 477 632 laborasse.
538 590 725 637 Quorum
774 587 900 638 igitur
937 596 1064 624 causa
1103 584 1194 637 quis
1233 582 1387 622 dixerit
1424 582 1614 621 effectum
1655 595 1746 621 esse
1786 581 2020 621 mundum?

249 655 405 694 Eorum
437 653 594 692 scilicet
624 648 920 694 animantium,
953 659 1060 699 quae
1083 646 1243 685 ratione
1265 650 1451 684 utuntur.
1497 644 1549 683 Hi
1571 649 1668 684 sunt
1690 644 1731 684 di
1755 650 1794 683 et
1814 643 2021 691 homines,

252 716 403 769 quibus
435 713 621 767 profecto
654 712 757 751 nihil
790 715 853 749 est
885 709 1058 756 melius;
1090 708 1195 748 ratio
1225 713 1287 747 est
1309 708 1444 754 enim,
1478 720 1584 760 quae
1608 711 1792 760 praestet
1814 706 2022 745 omnibus.

201 789 238 819 40
255 780 313 818 [ta
343 778 389 816 fit
420 775 618 816 credibile
650 774 822 813 deorum
855 777 893 811 et
923 771 1138 810 hominum
1171 784 1294 810 causa
1316 770 1467 809 factum
1492 783 1583 809 esse
1606 769 1807 808 mundum
1830 781 2023 821 quaeque

251 841 295 880 in
328 853 376 879 eo
410 840 492 878 sint
523 837 676 876 onmia.
728 836 829 874 LlV.
861 834 1127 887 Faciliusque
1158 833 1426 884 intellegetur
1446 846 1469 871 a
1492 831 1554 871 dis
1577 831 1868 871 inmortalibus
1889 830 2023 869 homi-

252 903 375 942 nibus
408 914 499 942 esse
533 900 768 953 provisum,
802 898 835 937 si
867 897 943 937 erit
973 901 1059 936 tota
1089 895 1271 935 hominis
1303 894 1520 934 fabricatio
1553 898 1771 946 perspecta
1803 893 2023 944 omnisque

251 965 458 1005 humanae
505 968 676 1002 naturae
723 959 852 1013 figura
893 965 1020 1012 atque
1062 958 1274 1011 perfectio.
1335 954 1427 995 434.
1466 957 1570 995 Nam
1609 969 1704 995 cum
1736 955 1867 994 tribus
1898 955 2023 994 rebus

252 1027 524 1067 animantium
556 1025 640 1064 vita
674 1028 885 1069 teneatur,
928 1022 1039 1068 cibo,
1081 1022 1269 1074 potione,
1301 1019 1472 1072 spiritu,
1504 1018 1555 1058 ad
1586 1018 1690 1058 haec
1720 1018 1860 1057 omnia
1891 1018 2025 1070 perci-

203 1100 238 1130 15
252 1089 407 1143 pienda
440 1101 485 1127 os
519 1093 581 1127 est
611 1087 896 1140 aptissimum,
932 1084 1044 1137 quod
1076 1082 1282 1123 adiunctis
1315 1081 1484 1121 naribus
1508 1081 1658 1133 spiritu
1680 1085 1871 1133 augetur.
1914 1081 2025 1120 Den-

253 1152 364 1193 tibus
411 1155 550 1190 autem
598 1150 640 1188 in
684 1162 755 1187 ore
797 1147 1046 1187 constructis
1084 1145 1293 1185 manditur
1335 1149 1461 1197 atque
1502 1148 1754 1184 extenuatur
1786 1149 1827 1182 et
1856 1143 2026 1183 molitur

253 1214 385 1254 cibus.
445 1213 601 1251 Eorum
641 1211 805 1251 adversi
848 1209 957 1249 acuti
989 1223 1130 1249 morsu
1162 1207 1354 1246 dividunt
1385 1219 1524 1253 escas,
1562 1205 1699 1245 intimi
1731 1210 1867 1245 autem
1899 1204 2026 1246 confi-

254 1277 390 1323 ciunt,
424 1275 496 1329 qui
529 1274 700 1327 genuini
733 1278 955 1319 vocantur,
987 1285 1092 1324 quae
1125 1268 1331 1310 confectio
1365 1269 1489 1308 etiam
1522 1281 1545 1308 a
1575 1269 1719 1320 lingua
1749 1267 1938 1307 adiuvari
1967 1267 2028 1306 vi-

255 1340 387 1379 detur.
449 1336 542 1378 435.
575 1338 777 1389 Linguam
811 1340 949 1375 autem
982 1334 1032 1373 ad
1065 1333 1228 1373 radices
1260 1333 1348 1371 eius
1379 1332 1556 1371 haerens
1588 1331 1746 1384 excipit
1776 1330 2026 1378 stomachus,

205 1412 241 1442 ΞΟ
256 1415 339 1457 quo
371 1402 549 1455 primum
583 1400 826 1439 inlabuntur
857 1411 923 1444 ea,
959 1410 1066 1450 quae
1098 1401 1268 1449 accepta
1299 1400 1396 1434 sunt
1427 1407 1510 1433 ore.
1561 1395 1599 1434 Is
1630 1399 1805 1446 utraque
1839 1407 1891 1433 ex
1912 1398 2028 1446 parte

254 1465 413 1506 tosillas
445 1464 654 1515 attingens
687 1461 823 1514 palato
857 1464 1044 1499 extremo
1076 1465 1200 1513 atque
1233 1459 1379 1497 intimo
1412 1458 1668 1496 terminatur.
1720 1457 1858 1510 Atque
1887 1456 1921 1496 is
1943 1457 2029 1509 agi-

254 1529 411 1568 tatione
443 1532 484 1565 et
514 1525 695 1564 motibus
728 1524 893 1574 linguae
925 1536 1018 1561 cum
1052 1521 1274 1574 depulsum
1308 1526 1348 1559 et
1373 1520 1490 1573 quasi
1515 1520 1729 1559 detrusum
1752 1519 1890 1559 cibum
1913 1533 2029 1559 acce-

255 1590 339 1644 pit,
372 1588 558 1642 depellit.
608 1587 742 1641 Ipsius
775 1591 912 1625 autem
945 1590 1083 1638 partes
1117 1598 1210 1630 eae,
1254 1596 1362 1637 quae
1395 1588 1490 1622 sunt
1520 1581 1627 1622 infra
1659 1595 1783 1635 quam
1816 1582 1881 1630 id,
1914 1582 2029 1635 quod

257 1654 503 1698 devoratur,
545 1650 788 1695 dilatantur,
829 1661 936 1701 quae
969 1654 1106 1687 autem
1140 1660 1286 1699 supra,
1319 1645 1633 1685 contrahuntur.
1695 1642 1788 1684 436.
1822 1644 1903 1684 Sed
1935 1658 2029 1684 cum

209 1725 405 1769 abaspera
435 1713 605 1758 arteria,
639 1712 697 1751 sic
729 1711 839 1750 enim
873 1724 895 1750 a
927 1710 1100 1749 medicis
1132 1709 1387 1762 appellatur,
1422 1708 1572 1747 ostium
1606 1707 1756 1747 habeat
1785 1706 2029 1747 adiunctum

253 1779 423 1830 linguae
454 1775 686 1821 radicibus,
728 1774 853 1826 paulo
886 1786 1011 1825 supra
1052 1785 1173 1824 quam
1207 1772 1256 1810 ad
1294 1770 1476 1822 linguam
1510 1769 1749 1809 stomachus
1779 1769 2028 1817 adnectitur,

256 1852 389 1894 eaque
421 1839 471 1878 ad
504 1838 722 1891 pulmones
746 1849 881 1889 usque
905 1835 1110 1888 pertineat
1132 1834 1400 1886 excipiatque
1423 1832 1602 1872 animam
1618 1863 1628 1879 ,
1661 1845 1750 1871 eam
1774 1845 1880 1885 quae
1905 1831 2030 1872 ducta

255 1909 318 1944 est
349 1902 512 1955 spiritu,
546 1899 808 1952 eandemque
840 1912 863 1937 a
895 1897 1163 1950 pulmonibus
1196 1897 1373 1948 respiret
1403 1901 1443 1935 et
1472 1895 1639 1942 reddat,
1671 1896 1824 1948 tegitur
1849 1896 2029 1948 quodam

257 1966 376 2019 quasi
418 1963 639 2017 operculo,
682 1961 793 2014 quod
836 1961 887 1999 oh
928 1973 1017 1999 eam
1051 1972 1217 1998 causam
1251 1958 1390 1998 datum
1424 1963 1504 2005 est,
1546 1971 1620 2004 ne,
1663 1958 1696 1997 si
1729 1957 1829 2010 quid
1863 1958 1905 1997 in
1938 1972 2028 1998 eam

208 2029 337 2068 30cibi
369 2027 475 2067 forte
506 2024 742 2071 incidisset,
777 2023 948 2076 spiritus
980 2021 1267 2074 impediretur.
1321 2021 1402 2060 Sed
1434 2034 1527 2060 cum
1559 2020 1640 2059 alvi
1673 2025 1817 2060 natura
1839 2021 2028 2061 subiecta

256 2088 471 2130 stomacho
505 2088 585 2127 cibi
619 2092 659 2126 et
691 2086 875 2139 potionis
909 2086 959 2124 sit
989 2084 1322 2136 receptaculum,
1365 2083 1585 2136 pulmones
1617 2087 1755 2121 autem
1788 2088 1829 2122 et
1859 2097 1930 2123 cor
1960 2096 2032 2122 ex-

257 2153 462 2193 trinsecus
504 2150 694 2203 spiritum
736 2149 907 2195 ducant,
949 2148 991 2187 in
1023 2147 1116 2186 alvo
1149 2146 1278 2185 multa
1310 2152 1404 2185 sunt
1436 2145 1683 2184 mirabiliter
1714 2145 1882 2192 effecta,
1924 2158 2030 2198 quae

259 2220 418 2256 constat
448 2214 533 2253 fere
566 2228 586 2251 e
621 2212 772 2251 nervis.
822 2212 896 2250 Est
927 2216 1063 2249 autem
1098 2208 1315 2261 multiplex
1348 2214 1386 2247 et
1419 2214 1606 2247 tortuosa
1637 2213 1835 2260 arcetque
1868 2214 1906 2248 et
1933 2222 2032 2248 con-

259 2279 384 2324 tinet,
417 2278 503 2316 sive
536 2275 638 2315 illud
671 2274 833 2314 aridum
867 2279 930 2312 est
962 2273 1049 2311 sive
1082 2272 1269 2311 umidum
1303 2271 1414 2324 quod
1446 2271 1626 2324 recepit,
1658 2277 1704 2310 ut
1735 2271 1775 2310 id
1809 2271 1959 2310 mutari
1992 2276 2032 2310 et

212 2340 466 2394 35concoqui
489 2338 641 2392 possit,
674 2350 807 2390 eaque
830 2342 916 2375 tum
939 2336 1200 2387 astringitur,
1233 2340 1317 2373 tum
1342 2334 1563 2380 relaxatur,
1596 2338 1723 2387 atque
1750 2347 1886 2381 omne,
1919 2333 2031 2387 quod

259 2403 442 2456 accepit,
474 2401 583 2453 cogit
615 2404 656 2439 et
687 2398 926 2445 confundit,
958 2404 1002 2437 ut
1033 2397 1154 2436 facile
1188 2402 1228 2436 et
1259 2396 1419 2443 calore,
1452 2409 1576 2449 quem
1606 2396 1781 2436 multum
1811 2396 1959 2443 habet,
1992 2401 2033 2436 et

348 2545 378 2576 3.
406 2544 465 2575 Hic
490 2544 631 2582 quaerat
658 2541 735 2571 cod.
755 2540 882 2579 Regius
900 2538 1076 2571 walkeri:
1104 2539 1154 2568 sin
1180 2542 1313 2577 quaeret
1338 2536 1366 2570 ‘21
1386 2555 1419 2559 ——
1448 2537 1478 2568 6.
1498 2540 1669 2568 mutarum
1693 2536 1740 2569 ⁶21:
1768 2540 1933 2568 mutorum
1951 2537 2029 2569 cod.

263 2594 510 2635 Glogaviensis,
532 2593 556 2623 O
586 2610 618 2614 —
647 2591 676 2621 9.
703 2594 845 2629 praestet
872 2589 1055 2628 (sprestet)
1080 2587 1126 2619 ‘212
1156 2589 1359 2627 praestato.
1387 2588 1437 2619 Cf.
1464 2588 1600 2625 Madvig
1625 2587 1667 2617 ad
1687 2587 1757 2617 Cic.
1778 2586 1821 2617 de
1840 2587 1909 2617 Fiu.
1930 2595 1962 2627 p.
1978 2587 2029 2618 92.

265 2664 298 2668 —
328 2646 379 2675 Μ.
406 2653 441 2674 eo
468 2644 513 2673 E:
541 2651 576 2673 eo
600 2642 721 2671 mundo
746 2642 769 2671 A
787 2641 809 2671 Β
827 2641 850 2670 C
868 2639 930 2670 PV
960 2657 992 2662 —
1020 2639 1218 2678 inlellegyitw·
1243 2636 1271 2669 ³21
1300 2657 1332 2660 —-
1362 2638 1413 2668 43.
1435 2638 1595 2677 profectio
1621 2638 1644 2667 C
1661 2637 1684 2667 E
1711 2653 1744 2657 —
1773 2636 1825 2667 46.
1852 2637 2034 2667 constrictis

262 2695 290 2725 V
313 2712 344 2716 -
372 2697 470 2731 atque
494 2700 579 2723 nos:
607 2694 706 2729 alque
729 2690 769 2720 at)
794 2689 833 2719 iis
856 2689 881 2719 A
898 2688 920 2719 C
938 2689 959 2718 P
974 2689 1023 2727 V;
1049 2693 1148 2727 atque
1173 2688 1213 2719 ab
1238 2689 1286 2719 ltls
1310 2689 1333 2719 B
1351 2689 1373 2719 E
1388 2689 1436 2725 O;
1464 2688 1503 2718 ab
1521 2688 1568 2718 his
1585 2691 1682 2726 atque
1699 2687 1975 2719 Schoemannus.
1996 2703 2029 2708 —

263 2744 398 2775 molitur
420 2744 444 2773 B
462 2753 466 2772 z
494 2742 641 2772 mollitur
664 2742 688 2771 A
706 2741 728 2771 (Σ
746 2740 769 2770 Ε
786 2741 806 2770 P
822 2739 847 2768 V
868 2757 902 2761 —-
931 2740 982 2770 47.
1011 2749 1122 2770 aescas
1146 2740 1169 2770 A
1188 2740 1210 2770 C
1227 2739 1253 2767 V
1275 2756 1307 2760 —
1335 2739 1388 2769 ⁶20.
1409 2742 1482 2768 sunt
1500 2747 1565 2768 ore.
1593 2738 1622 2768 Is
1640 2738 1811 2769 Manutius
1829 2747 1834 2767 :
1860 2740 1945 2768 sunt.
1968 2737 2034 2767 oris

264 2793 314 2831 th
341 2797 429 2831 sunt,
456 2796 485 2824 et
509 2793 575 2823 oris
601 2792 653 2822 ed.
683 2791 909 2828 Hervagiana.
940 2807 973 2811 --
1002 2790 1054 2820 21.
1082 2790 1206 2820 tosillas
1230 2790 1255 2819 A
1271 2789 1293 2819 Β
1309 2789 1331 2819 Ε
1348 2790 1370 2819 Ρ
1387 2789 1412 2818 V
1437 2789 1568 2827 (inters
1586 2789 1620 2819 et
1636 2789 1646 2818 i
1664 2786 1774 2818 littera
1802 2795 1900 2818 erasa
1920 2788 1952 2818 in
1970 2786 2028 2824 V):

263 2843 403 2874 losslllas
429 2843 476 2878 C;
504 2842 650 2872 tonsillas
674 2842 698 2872 Ο
729 2858 760 2862 ——
788 2841 815 2870 is
840 2848 929 2870 corr.
951 2839 982 2870 in
1007 2840 1055 2870 his
1080 2840 1127 2873 Ὡς
1155 2839 1204 2869 liis
1227 2840 1252 2869 A
1270 2839 1291 2869 E
1309 2838 1335 2867 V
1355 2856 1387 2859 —
1415 2838 1467 2868 ⁶23.
1495 2837 1585 2877 infra
1609 2846 1733 2876 aquam
1756 2838 1791 2868 id
1815 2839 1952 2877 (aquam
1969 2837 2033 2868 de-

263 2893 371 2925 letum
398 2892 459 2929 est)
486 2893 508 2923 B
543 2909 574 2913 -
608 2893 660 2922 ⁶25.
688 2890 854 2929 apellatur
877 2891 903 2920 A
930 2906 963 2910 ——
999 2889 1052 2919 u27.
1080 2898 1118 2919 ea
1143 2898 1227 2927 quae
1251 2889 1294 2918 ad
1318 2889 1343 2918 A
1359 2889 1382 2918 (Σ
1399 2888 1424 2916 V
1461 2905 1495 2909 —
1529 2896 1601 2918 eam
1626 2896 1709 2926 quae
1733 2888 1831 2917 ducta
1853 2887 1895 2917 sit
1916 2887 2034 2926 spiritu

265 2943 463 2980 eandemque
493 2950 581 2972 corr.
611 2941 640 2970 in
672 2950 709 2971 ea
741 2949 807 2979 qua
836 2940 968 2969 eductus
997 2939 1036 2968 sit
1061 2939 1196 2977 spiritus
1219 2939 1396 2976 eademque
1421 2937 1458 2973 V,
1486 2937 1548 2968 sed
1574 2938 1607 2968 in
1632 2937 1787 2976 margine
1813 2937 1908 2977 prior
1930 2936 2032 2968 lectio

265 2993 424 3024 restituta
449 2993 512 3022 est.
534 3009 568 3012 —
595 2992 648 3021 28.
675 2994 719 3021 esl
744 2989 916 3020 Klotzius:
945 2988 985 3019 sit
1010 2987 1037 3019 ‘21
1053 2988 1077 3018 Ο
1110 3005 1138 3009 —
1167 2987 1198 3028 a]
1225 2988 1269 3017 acl
1293 2989 1318 3017 A
1340 3004 1374 3009 —-
1403 2988 1497 3026 quasi
1514 2987 1657 3026 quodam
1674 2987 1698 3017 Ο
1723 3004 1758 3008 -
1784 2986 1836 3017 ⁶29.
1862 2995 1935 3017 eam
1952 2987 2031 3017 ante

265 3051 403 3073 causam
428 3049 519 3071 corr.
548 3041 579 3070 in
605 3049 704 3079 quam
729 3040 755 3070 V
775 3057 809 3061 —
837 3043 882 3069 est
906 3039 968 3069 m'si
992 3038 1078 3077 quod
1101 3038 1127 3067 si
1152 3038 1184 3067 in
1210 3038 1247 3076 (si
1271 3037 1462 3077 superscr.)
1488 3036 1514 3066 V
1535 3052 1568 3057 —
1596 3036 1682 3074 quod
1706 3036 1728 3066 B
1744 3036 1810 3067 CV
1837 3053 1871 3058 —-
1899 3035 1951 3067 32.
1969 3036 2032 3066 du-

266 3095 343 3123 cant
366 3092 430 3122 AB
446 3092 493 3122 C:
527 3090 691 3120 abducant.
723 3091 769 3125 E;
802 3090 971 3119 adducant
1003 3088 1106 3119 PVO
1137 3086 1188 3128 (in
1215 3087 1240 3116 V
1267 3086 1516 3127 compendium
1547 3086 1801 3117 terminationis
1824 3094 1867 3116 ur
1891 3093 2030 3116 erasum

267 3143 334 3179 est)
363 3158 396 3161 —
430 3140 464 3170 in
496 3140 560 3171 alio
594 3142 615 3171 P
648 3158 680 3161 ψ
721 3139 772 3170 33,
799 3142 948 3169 constant
977 3138 1121 3169 ABEV
1157 3154 1187 3159 -
1227 3136 1278 3168 34.
1308 3137 1478 3167 humidum
1509 3134 1576 3167 ⁸210
1610 3153 1644 3157 —
1679 3136 1795 3175 recipit
1827 3134 1967 3167 CEPV
1994 3151 2028 3157 -

267 3192 320 3223 35.
346 3190 503 3229 concoqui
528 3190 634 3229 (coqui
658 3198 704 3221 m.
732 3198 802 3220 sec.
832 3190 864 3220 in
889 3188 967 3226 ras.)
993 3190 1037 3225 ,³23
1070 3188 1232 3227 conquoni
1257 3188 1280 3219 E
1307 3204 1340 3208 —
1376 3187 1427 3218 36.
1455 3187 1574 3226 accipit
1597 3182 1672 3217 B2C
1689 3187 1712 3217 P
1741 3204 1775 3208 —
1800 3185 1942 3217 calorem
1964 3184 2029 3217 ΑΕ

267 3241 331 3275 PV
357 3242 458 3282 (corr.
487 3249 526 3272 ex
553 3241 701 3271 calorum
725 3241 768 3279 A,
796 3240 828 3271 in
852 3239 963 3271 calore
979 3239 1030 3279 V).
