2249 3624
558 98 648 139 Lm.
678 98 729 138 11.
769 96 867 139 en».
898 97 1155 138 xn—xw.
1194 94 1254 149 §5
1285 94 1479 136 30-37,
1819 89 1892 133 444

140 208 331 250 volumus
360 205 609 260 procedere,
641 204 693 244 ad
724 204 896 244 deorum
928 210 1115 244 naturam
1147 204 1441 257 perveniamus
1464 216 1636 242 necesse
1658 207 1732 241 est.
1763 201 1900 240 Primo

139 271 249 313 enim
280 269 649 310 animadvertimus
679 281 703 308 a
734 273 881 307 natura
911 268 1107 307 sustineri
1140 280 1205 313 ea,
1238 281 1345 320 quae
1368 267 1593 318 gignuntur
1613 280 1634 304 e
1660 271 1781 311 terra,
1813 264 1902 316 qui-

137 335 214 377 bus
243 338 391 373 natura
423 332 528 372 nihil
560 331 703 371 tribuit
733 330 933 384 amplius,
966 343 1088 383 quam
1121 336 1165 370 ut
1198 344 1243 368 ea
1275 329 1424 368 alendo
1455 335 1578 382 atque
1599 327 1793 379 augendo
1816 333 1904 366 tue-

137 402 262 438 retur.
322 393 388 433 34.
421 394 572 433 Bestiis
603 399 741 433 autem
765 406 932 432 sensum
956 400 996 432 et
1018 399 1173 432 motum
1198 392 1309 431 dedit
1333 399 1373 431 et
1395 406 1488 431 cum
1514 390 1694 444 quodam
1716 389 1904 442 adpetitu

136 471 350 501 accessum
390 456 441 496 ad
482 469 547 495 res
589 455 809 502 salutares,
842 468 863 493 a
894 454 1100 507 pestiferis
1132 469 1369 495 recessum:
1412 455 1491 494 hoe
1524 454 1681 493 homini
1714 452 1937 505 amplius,5

137 519 249 575 quod
281 519 443 560 addidit
472 519 694 564 rationem,
736 530 818 570 qua
849 523 1092 567 regerentur
1123 518 1248 556 animi
1280 518 1510 570 adpetitus,
1543 517 1614 569 qui
1647 523 1731 555 tum
1766 516 1907 554 remit-

134 587 338 629 terentur,
371 586 458 621 tum
491 581 819 620 continerentur.
880 580 990 618 xllt.
1025 580 1206 626 Quartus
1237 586 1376 619 autem
1409 580 1563 629 gradus
1591 583 1653 617 est
1685 584 1725 617 et
1754 576 1908 616 altissi—

135 659 226 687 mus
258 657 424 691 eorum,
457 644 528 696 qui
560 648 708 682 natura
739 642 838 681 honi
871 642 1167 694 sapientesque
1199 643 1446 694 gignuntur,
1480 642 1630 694 quibus
1652 655 1674 679 a
1702 638 1906 692 principio

133 707 363 750 innascitur
394 707 498 746 ratio
530 711 641 744 recta
671 709 972 757 constansque,
1005 718 1114 756 quae
1137 718 1263 757 supra
1283 705 1493 744 hominem
1516 704 1699 756 putanda
1722 708 1783 741 est
1806 702 1907 741 deo-

133 783 215 823 que
246 768 486 815 tribuenda,
517 768 558 807 id
592 772 654 806 est
684 766 863 814 mundo,
896 767 936 806 in
970 781 1052 818 quo
1087 780 1257 806 necesse
1290 774 1349 806 est
1383 768 1605 820 perfectam
1639 765 1750 804 illam
1778 770 1958 816 atqueto

132 832 366 873 absolutam
406 832 545 870 inesse
584 830 802 869 rationem.
863 828 928 867 323.
962 831 1109 882 Neque
1150 830 1258 868 enim
1292 830 1371 868 dici
1412 835 1547 882 potest
1579 829 1618 867 in
1653 828 1736 866 ulla
1767 840 1904 866 rerum

132 894 390 936 institutione
422 906 506 932 non
539 906 630 932 esse
661 892 820 944 aliquid
849 898 1081 932 extremum
1105 899 1227 945 atque
1251 892 1492 945 perfectum.
1540 892 1590 930 Ut
1613 891 1722 930 enim
1747 890 1786 928 in
1811 890 1905 938 vite,

131 963 178 997 ut
209 957 250 996 in
282 955 462 1010 pecude,
493 956 575 994 nisi
602 968 708 1008 quae
732 955 792 994 vis
815 954 996 1001 obstitit,
1029 954 1219 995 videmus
1243 963 1429 994 naturam
1454 968 1527 994 suo
1551 954 1733 1007 quodam
1758 954 1905 993 itinere

131 1019 183 1060 ad
216 1018 407 1058 ultimum
441 1019 679 1071 pervenire,
720 1024 844 1070 atque
876 1023 922 1056 ut
962 1019 1123 1070 pictura
1154 1023 1195 1058 et
1226 1018 1381 1057 fabrica
1413 1023 1663 1070 ceteraeque
1694 1022 1803 1056 artes
1835 1016 1906 1056 ha-

130 1082 230 1122 bent
252 1081 461 1134 quendam
493 1080 674 1119 absoluti
699 1080 837 1132 operis
861 1082 1075 1127 effectum,
1108 1081 1167 1120 sic
1190 1081 1230 1119 in
1255 1082 1368 1120 omni
1391 1087 1537 1120 natura
1559 1093 1606 1119 ae
1629 1080 1758 1119 multo
1782 1079 1956 1118 etiam45

130 1145 260 1196 magis
291 1157 464 1183 necesse
496 1149 558 1182 est
590 1143 751 1182 absolvi
783 1142 940 1196 aliquid
964 1156 1010 1182 ac
1035 1141 1190 1196 pertici.
1240 1145 1404 1183 Etenim
1428 1143 1577 1182 ceteris
1599 1143 1757 1182 naturis
1780 1142 1907 1182 multa

131 1212 321 1253 externa,
363 1219 447 1258 quo
489 1206 625 1245 minus
668 1205 962 1258 perficiantur,
1006 1213 1182 1259 possunt
1224 1206 1449 1253 obsistere,
1492 1206 1726 1245 universam
1767 1211 1905 1245 autem

133 1275 325 1310 naturam
366 1268 482 1308 nulla
513 1282 578 1307 res
609 1274 748 1321 potest
778 1268 1006 1320 impedire,
1048 1275 1270 1321 propterea
1302 1268 1413 1322 quod
1447 1269 1582 1307 omnis
1613 1273 1783 1307 naturas
1818 1268 1907 1321 ipsa

132 1331 302 1372 cohibet
332 1337 372 1371 et
404 1331 608 1370 eontinet.
661 1331 867 1378 Quocirca
898 1344 1070 1370 necesse
1102 1336 1164 1370 est
1195 1346 1285 1371 esse
1307 1336 1502 1384 quartum
1534 1331 1651 1370 illum
1685 1337 1725 1371 et
1755 1331 1907 1370 altissi-

131 1408 243 1434 mum
277 1393 471 1447 gradum,
514 1407 596 1447 quo
638 1393 752 1433 nulla
784 1394 844 1433 vis
876 1394 1009 1446 possit
1039 1393 1253 1433 accedere.
1305 1393 1371 1433 36.
1405 1395 1442 1433 Is
1474 1400 1613 1434 autem
1646 1399 1709 1433 est
1740 1394 1906 1446 gradus,
1920 1403 1956 1432 20

128 1457 172 1497 in
214 1470 298 1510 quo
339 1470 475 1497 rerum
517 1457 703 1496 omnium
742 1462 889 1496 natura
932 1457 1116 1509 ponitur,
1160 1470 1267 1509 quae
1300 1458 1499 1510 quoniam
1538 1457 1631 1496 talis
1664 1462 1749 1502 est,
1791 1462 1909 1496 utet

132 1520 289 1573 praesit
320 1520 512 1559 omnibus
545 1525 586 1559 et
618 1533 707 1559 eam
740 1519 855 1558 nulla
886 1533 952 1558 res
985 1520 1114 1572 possit
1140 1520 1349 1572 inpedire,
1383 1534 1555 1559 neeesse
1579 1526 1641 1559 est
1662 1520 1908 1571 intellegen-

132 1588 214 1623 tem
247 1595 338 1622 esse
371 1583 574 1622 mundum
607 1588 647 1622 et
679 1583 848 1635 quidem
881 1582 1004 1621 etiam
1037 1582 1280 1635 sapientem.
1332 1582 1441 1630 Quid
1465 1589 1605 1622 autem
1629 1589 1691 1622 est
1721 1583 1907 1622 inscitius

131 1658 257 1699 quam
298 1657 388 1684 eam
432 1651 642 1693 naturam,
685 1658 794 1698 quae
827 1645 964 1684 omnis
1005 1658 1070 1684 res
1102 1646 1155 1685 sit
1185 1645 1415 1698 conplexa,
1452 1659 1536 1685 non
1568 1652 1781 1698 optumam
1813 1644 1908 1691 dici,

134 1713 224 1755 aut,
265 1721 357 1747 cum
390 1707 443 1747 sit
473 1714 668 1761 optuma,
711 1721 795 1747 non
829 1708 1009 1760 primum
1043 1708 1295 1748 animantem
1327 1721 1439 1755 esse,
1477 1708 1629 1748 deinde
1659 1707 1835 1747 rationis
1868 1713 1957 1746 et25

133 1771 301 1812 consilii
341 1776 599 1823 compotem,
645 1777 858 1824 postremo
901 1771 1167 1823 sapientem?
1215 1771 1297 1819 Qui
1336 1772 1446 1811 enim
1488 1777 1627 1824 potest
1665 1772 1784 1811 aiiter
1815 1784 1907 1810 esse

133 1835 331 1888 optuma?
372 1835 519 1886 Neque
542 1834 667 1881 enim,
700 1835 733 1873 si
755 1834 951 1886 stirpium
974 1833 1123 1873 similis
1145 1834 1197 1873 sit
1218 1841 1289 1874 aut
1311 1836 1432 1875 etiam
1455 1835 1704 1880 bestiarum,
1737 1839 1908 1885 optuma

129 1895 318 1951 putanda
358 1898 411 1937 sit
450 1897 590 1950 potius
621 1910 746 1950 quam
777 1897 1034 1943 deterruma,
1075 1910 1151 1936 nec
1183 1911 1303 1944 vero,
1344 1898 1378 1937 si
1410 1898 1585 1937 rationis
1616 1897 1824 1950 particeps
1857 1896 1909 1935 sit

130 1972 208 1999 nec
239 1960 292 2000 sit
321 1965 461 1999 tamen
494 1972 517 1999 a
549 1959 758 2012 principio
790 1960 981 2012 sapiens,
1024 1973 1108 2000 non
1140 1960 1195 1999 sit
1226 1960 1409 1999 deterior
1439 1959 1582 1999 mundi
1615 1960 1752 2012 potius
1784 1971 1908 2012 quam

129 2022 312 2063 humana
344 2022 551 2063 conditio:
583 2022 710 2062 homo
742 2023 852 2062 enim
885 2023 1052 2076 sapiens
1084 2020 1174 2062 [ieri
1207 2028 1366 2075 potest,
1398 2022 1579 2062 mundus
1609 2027 1769 2069 autem,
1802 2021 1835 2060 si
1866 2021 1958 2060 in30

131 2091 302 2125 aeterno
340 2086 556 2138 praeteriti
598 2086 797 2138 temporis
829 2086 964 2138 spatio
996 2085 1075 2124 fuit
1106 2085 1332 2138 insipiens,
1365 2098 1594 2138 numquam
1626 2085 1814 2138 profecto
1846 2098 1908 2124 sa-

132 2147 334 2202 pientiam
368 2154 669 2200 consequetur:
703 2149 760 2187 ita
781 2148 859 2187 erit
879 2148 1049 2188 homine
1072 2148 1268 2187 deterior.
1315 2148 1437 2195 Quod
1461 2148 1659 2201 quoniam
1682 2146 1909 2186 absurdum

135 2216 220 2257 est,
261 2215 302 2250 et
340 2210 509 2263 sapiens
549 2224 571 2250 a
612 2210 820 2263 principio
860 2211 1040 2250 mundus
1073 2217 1113 2250 et
1144 2211 1246 2251 deus
1279 2212 1495 2250 habendus
1527 2216 1603 2250 est.
1662 2209 1729 2249 37.
1761 2211 1908 2262 Neque

132 2273 245 2312 enim
277 2278 340 2312 est
370 2272 597 2325 quicquam
628 2272 743 2312 aliud
775 2279 940 2325 praeter
971 2274 1195 2321 mundum,
1227 2274 1294 2313 cui
1326 2273 1430 2313 nihil
1463 2273 1569 2313 absit
1601 2272 1801 2326 quodque
1834 2286 1909 2311 un-

131 2335 259 2389 dique
300 2340 443 2388 aptum
482 2341 608 2388 atque
649 2334 881 2388 perfectum
930 2336 1232 2389 expletumque
1274 2337 1327 2376 sit
1364 2336 1557 2375 omnibus
1597 2336 1682 2375 suis
1723 2335 1959 2375 numeris35

132 2403 174 2439 et
213 2398 416 2450 partibus.
476 2397 587 2436 XIV.
621 2398 731 2437 Scite
774 2399 885 2438 enim
919 2398 1196 2451 Chrysippus,
1237 2405 1283 2438 ut
1320 2399 1443 2451 clipei
1476 2411 1601 2438 causa
1631 2397 1909 2444 involucrum,

132 2460 323 2513 vaginam
355 2464 495 2500 autem
526 2460 674 2512 gladii,
720 2460 779 2499 sic
810 2467 974 2513 praeter
1004 2461 1206 2500 mundum
1238 2467 1375 2501 cetera
1405 2463 1547 2500 omnia
1577 2460 1752 2499 aliorum
1785 2472 1910 2499 causa

134 2536 226 2563 esse
258 2526 473 2576 generata,
517 2527 562 2562 ut
593 2536 662 2562 eas
694 2522 837 2575 fruges
868 2528 996 2576 atque
1028 2522 1210 2570 fructus,
1252 2537 1359 2576 quos
1392 2528 1501 2563 terra
1532 2523 1682 2575 gignit,
1723 2522 1909 2562 animan-

222 2733 252 2765 l.
279 2741 392 2764 eorum
417 2732 604 2772 (superscr.
625 2732 653 2769 (I)
673 2734 701 2763 A
727 2749 760 2753 ——
787 2733 899 2771 prt'ma
922 2733 949 2764 A
965 2732 987 2763 B
1006 2733 1029 2763 E
1044 2732 1071 2761 V
1093 2748 1126 2754 —
1155 2732 1185 2764 2.
1212 2733 1395 2772 yigfnwelur
1415 2732 1608 2762 Manutius:
1636 2732 1819 2773 gignantur
1843 2731 1910 2764 ‘210

138 2801 172 2806 —
198 2784 229 2815 5.
256 2783 357 2814 omini
384 2783 573 2822 (superscr.
592 2782 621 2820 h)
648 2784 674 2813 A
703 2800 736 2806 -
765 2783 796 2813 ὃ.
823 2783 928 2813 edidit
954 2783 1046 2812 V1-
1075 2783 1106 2813 7.
1133 2784 1260 2821 aradus
1285 2787 1311 2812 el
1336 2783 1514 2813 fusissimus
1537 2786 1580 2812 es!
1606 2784 1630 2812 0
1659 2799 1693 2804 —-
1722 2782 1751 2813 S.
1779 2791 1911 2813 erorum

137 2833 262 2874 (priore
287 2842 306 2863 7·
330 2833 440 2869 erasa}
468 2832 494 2862 V
520 2849 555 2853 —
587 2832 806 2872 sapientisque
837 2833 859 2863 B
876 2834 899 2863 (j
930 2850 963 2854 —
997 2833 1026 2863 t).
1055 2836 1098 2863 est
1129 2834 1168 2863 de
1191 2842 1290 2870 eoque
1315 2833 1337 2862 Β
1369 2849 1400 2853 —
1438 2832 1487 2862 11.
1514 2832 1545 2861 in
1574 2832 1640 2862 ulla
1666 2832 1725 2862 W:
1763 2832 1793 2863 in
1818 2833 1911 2863 nulla

134 2881 392 2918 ABCEPV¹3
423 2883 456 2913 in
486 2882 545 2912 illa
575 2882 599 2912 O
634 2900 668 2904 —
702 2883 753 2914 212.
782 2883 814 2913 in¹
840 2883 928 2913 uitae
953 2882 1015 2919 V¹3
1050 2884 1165 2913 inaltet
1190 2884 1212 2913 Ρ,
1240 2899 1273 2903 -
1314 2882 1359 2912 13,
1389 2882 1430 2911 im
1459 2883 1581 2920 pecude
1605 2883 1630 2912 A
1661 2899 1693 2904 —
1723 2883 1841 2913 obslile'l
1866 2883 1910 2922 (in

135 2940 245 2972 marg.
274 2931 351 2963 ead.
379 2940 425 2963 m.
446 2932 573 2972 optigit)
599 2931 627 2961 V
654 2949 687 2954 —
716 2933 859 2970 quedam
885 2942 973 2964 corr.
1003 2942 1042 2963 ex
1070 2933 1235 2972 quoddam
1260 2933 1283 2962 Β
1312 2949 1345 2952 -
1376 2931 1426 2962 tsi.
1455 2936 1554 2969 alque
1578 2941 1669 2963 corr.
1691 2941 1730 2963 ex
1755 2933 1861 2970 adque
1882 2935 1909 2965 A

137 2998 172 3004 —-
200 2982 251 3013 45.
279 2981 418 3012 absolute?
443 2990 534 3012 corr.
562 2990 602 3011 ex
627 2981 765 3012 absoluti
791 2982 817 3011 V
838 3000 870 3003 —
905 2983 951 3013 17,
972 2986 1081 3013 aulem
1100 2992 1191 3013 corr.
1213 2991 1252 3012 ex
1274 2984 1357 3011 utem
1378 2983 1420 3018 A,
1450 2990 1489 3011 ex
1508 2983 1592 3012 lau-:c
1609 2982 1632 3012 B
1656 3000 1688 3004 —-
1710 2983 1760 3014 19.
1783 2983 1910 3021 quoa'bet

136 3033 164 3064 A
189 3049 223 3054 -
250 3033 303 3063 ΞΟ.
330 3032 417 3071 quod
439 3033 466 3063 A
494 3050 528 3054 —
555 3032 595 3073 Is]
620 3032 668 3062 his
694 3032 715 3062 ss
744 3049 777 3053 -—
806 3032 857 3062 2¹.
884 3041 998 3062 rerum
1023 3033 1127 3062 omnis
1151 3036 1273 3062 nalum
1299 3032 1388 3061 Bake
1415 3031 1457 3061 ad
1485 3032 1554 3062 Cic.
1581 3031 1623 3061 de
1649 3032 1750 3071 Legg.
1780 3041 1812 3072 p.
1834 3032 1907 3063 45¹.

139 3098 174 3103 —
201 3082 253 3114 ⁶25.
280 3085 416 3121 optuma
444 3082 467 3112 B
484 3079 546 3119 V2,
583 3082 707 3121 optima
738 3082 761 3112 C
779 3082 826 3112 E:
864 3086 1033 3121 oplunmm
1058 3084 1079 3113 Ι)
1096 3081 1151 3119 Ψ,
1184 3082 1342 3120 opliuanm
1368 3083 1393 3111 A
1424 3097 1458 3101 —-
1494 3081 1545 3111 ⁶26.
1573 3082 1671 3112 aldes
1691 3086 1793 3119 poles!
1819 3082 1842 3111 O
1871 3100 1906 3104 -—

138 3130 191 3162 29.
216 3131 325 3170 potius
348 3139 418 3161 orn.
438 3132 461 3162 P
479 3149 522 3153 —
546 3130 598 3162 30.
625 3131 771 3161 condicio
795 3130 824 3160 V
845 3149 879 3152 —
907 3131 958 3162 34,
985 3133 1037 3162 cui
1065 3134 1154 3172 inante
1181 3139 1353 3171 rasuram)
1378 3131 1423 3160 B:
1452 3140 1514 3169 quo
1538 3132 1564 3162 A
1580 3133 1603 3162 (Σ
1619 3132 1643 3161 E
1660 3132 1680 3161 1'
1696 3132 1721 3160 V
1739 3149 1779 3153 —
1804 3132 1908 3170 quod-

138 3181 506 3221 que—-eaepletumque
527 3182 569 3212 sic
593 3189 663 3212 om.
691 3181 714 3212 C
746 3199 777 3202 —
805 3180 857 3211 35.
884 3181 926 3212 sic
949 3190 1019 3212 om.
1045 3184 1073 3212 A
1099 3198 1132 3202 —
1162 3181 1214 3211 30.
1241 3182 1308 3211 &cic
1332 3181 1417 3212 enim
1441 3182 1465 3212 P
1492 3198 1524 3204 -
1552 3181 1633 3221 elipe
1656 3183 1683 3213 A
1699 3181 1724 3212 V
1752 3182 1853 3221 (corr.
1872 3181 1906 3213 in

136 3229 230 3270 clipei
251 3230 296 3270 A,
321 3231 357 3263 in
379 3230 483 3271 clypei
507 3230 544 3271 V)
572 3249 607 3253 -—
634 3230 687 3262 37.
713 3231 841 3272 uayina
865 3231 890 3263 C
918 3248 950 3252 —
981 3230 1033 3263 38.
1058 3231 1175 3271 ῃὶῃηαι
1199 3230 1236 3261 O.
