2249 3624
243 184 324 226 648
960 184 1030 224 DE
1065 183 1290 224 OFFICIIS

241 292 455 347 plerique,
494 296 541 332 ut
571 305 641 332 eos
672 290 855 331 iustitiae
889 290 1026 343 capiat
1055 289 1232 336 oblivio,
1265 301 1359 328 cum
1388 288 1431 327 in
1463 288 1758 341 imperiorum,
1788 289 2007 339 honorum,

244 355 402 409 gloriae
434 354 701 408 cupiditatem
731 353 980 393 inciderunt.
1041 351 1163 399 Quod
1195 351 1307 391 enim
1338 355 1402 390 est
1431 350 1542 404 apud
1572 351 1778 392 Ennium:

780 414 937 454 Nulla
978 419 1166 453 sancta
1207 414 1447 455 societas

581 479 683 518 Nec
724 476 864 516 fides
907 476 1058 529 regni
1099 481 1204 516 est:

209 544 284 585 aid
316 543 439 584 latius
471 546 597 595 patet.
656 541 759 580 Nam
792 539 995 593 quicquid
1028 539 1118 578 eius
1149 538 1264 579 modi
1295 544 1380 587 est,
1420 538 1465 578 in
1497 552 1581 593 quo
1611 552 1697 579 non
1728 540 1891 593 possint
1919 542 2013 595 plu-

243 620 310 646 res
343 605 572 651 excellere,
613 604 655 643 in
687 615 736 642 eo
769 600 812 642 fit
843 602 1093 655 plerumque
1131 606 1246 641 tanta
1285 602 1519 649 contentio,
1561 607 1608 642 ut
1638 600 1928 643 difficillimum
1960 605 2014 644 sit

243 680 409 709 servare
444 671 650 707 «sanctam
683 664 967 705 societatem».
1025 664 1261 704 Declaravit
1290 664 1332 704 id
1364 664 1487 704 modo
1509 665 1720 705 temeritas
1744 665 1786 705 C.
1811 666 2012 715 Caesaris,

244 731 314 784 qui
346 730 485 770 omnia
516 729 608 768 iura
639 727 780 768 divina
812 732 852 767 et
882 727 1065 767 humana
1096 727 1297 780 pervertit
1327 732 1498 780 propter
1529 740 1638 774 eum,
1671 741 1796 781 quem
1823 729 1901 768 sibi
1923 729 2012 783 ipse

243 792 454 846 opinionis
486 804 626 831 errore
659 788 857 838 finxerat,
888 790 1180 843 principatum.
1242 790 1316 830 Est
1346 795 1484 830 autem
1517 790 1560 829 in
1591 790 1671 830 hoc
1703 804 1855 843 genere
1882 792 2014 832 mole-

188 867 222 896 ἰο
242 861 372 903 stum,
411 853 523 907 quod
565 854 608 893 in
647 853 839 893 maximis
879 852 1030 892 animis
1071 852 1510 906 splendidissimisque
1551 854 1729 906 ingeniis
1762 853 2012 907 plerumque

243 918 428 958 existunt
456 917 652 965 honoris,
683 915 864 969 imperii,
898 915 1124 969 potentiae,
1157 915 1314 968 gloriae
1347 915 1621 968 cupiditates:
1666 929 1750 969 quo
1783 917 1914 969 magis
1946 930 2014 956 ca-

241 980 425 1021 vendum
457 986 519 1020 est
550 993 601 1019 ne
633 979 733 1033 quid
765 979 808 1018 in
839 992 888 1019 eo
922 992 1074 1031 genere
1106 984 1313 1031 peccetur.
1374 976 1441 1017 ⁶27.
1475 978 1555 1017 Sed
1588 978 1631 1017 in
1664 979 1776 1018 omni
1809 979 2014 1019 iniustitia

241 1042 492 1096 permultum
524 1043 716 1089 interest,
753 1047 892 1081 utrum
923 1042 1240 1094 perturbatione
1273 1040 1413 1094 aliqua
1443 1041 1593 1089 animi,
1627 1055 1734 1094 quae
1768 1042 2013 1096 plerumque

241 1106 379 1146 brevis
421 1110 484 1145 est
525 1111 564 1145 et
605 1105 656 1145 ad
695 1109 885 1158 tempus,
927 1117 979 1143 an
1019 1104 1210 1143 consulto
1252 1109 1292 1143 et
1323 1104 1502 1156 cogitata
1533 1101 1603 1143 fiat
1633 1104 1811 1153 iniuria;
1856 1105 2014 1146 leviora

192 1178 229 1207 15
244 1168 355 1208 enim
397 1172 492 1208 sunt
533 1180 604 1215 ea,
646 1181 753 1221 quae
794 1167 1018 1219 repentino
1060 1166 1200 1218 aliquo
1241 1172 1356 1206 motu
1394 1166 1612 1213 accidunt,
1655 1180 1780 1219 quam
1813 1180 1875 1216 ea,
1907 1181 2014 1221 quae

242 1230 442 1270 meditata
473 1235 513 1270 et
543 1235 790 1284 praeparata
821 1229 1071 1269 inferuntur.
1133 1229 1193 1268 Ac
1218 1228 1269 1268 de
1295 1228 1514 1268 inferenda
1543 1228 1713 1282 quidem
1736 1229 1891 1271 iniuria
1914 1231 2013 1271 satis

243 1294 400 1335 dictum
431 1299 506 1334 est.

356 1357 429 1396 IX.
475 1354 542 1396 ⁶28.
587 1354 987 1396 Praetermittendae
1032 1359 1171 1394 autem
1218 1353 1478 1393 defensionis
1525 1353 1837 1409 deserendique
1885 1355 2015 1396 officii

242 1420 384 1475 plures
416 1419 552 1459 solent
583 1433 674 1459 esse
707 1431 881 1465 causae3
912 1431 1008 1457 nam
1040 1422 1110 1457 aut
1141 1416 1382 1456 inimicitias
1414 1421 1485 1456 aut
1516 1417 1701 1457 laborem
1733 1423 1805 1458 aut
1825 1424 2015 1472 sumptus

192 1490 229 1520 20
243 1484 458 1536 suscipere
490 1481 639 1523 nolunt
668 1486 740 1521 aut
770 1481 894 1520 etiam
924 1479 1210 1533 neglegentia,
1242 1479 1427 1532 pigritia,
1460 1479 1611 1519 inertia
1642 1485 1714 1519 aut
1744 1481 1831 1520 suis
1863 1481 2016 1521 studiis

245 1545 494 1600 quibusdam
526 1543 925 1598 occupationibusve
957 1543 1016 1582 sic
1048 1541 1355 1595 impediuntur,
1388 1546 1433 1582 ut
1464 1555 1558 1590 eos,
1592 1556 1699 1596 quos
1732 1543 1856 1583 tutari
1888 1543 2016 1584 debe-

243 1614 334 1657 ant,
377 1609 564 1648 desertos
605 1620 696 1647 esse
727 1606 952 1660 patiantur.
1011 1606 1160 1658 Itaque
1190 1604 1418 1644 videndum
1451 1610 1514 1645 est
1544 1618 1596 1645 ne
1628 1619 1712 1645 non
1745 1607 1844 1646 satis
1876 1607 1931 1647 sit
1960 1607 2016 1655 id,

244 1671 358 1725 quod
390 1671 501 1724 apud
523 1669 739 1710 Platonem
772 1674 835 1708 est
866 1668 907 1707 in
938 1667 1217 1721 philosophos
1250 1668 1419 1714 dictum,
1453 1668 1566 1721 quod
1597 1668 1640 1707 in
1672 1668 1758 1708 veri
1790 1668 2017 1722 investiga-

243 1734 359 1774 tione
401 1737 620 1773 versentur
660 1732 860 1785 quodque
901 1744 973 1778 ea,
1014 1743 1122 1784 quae
1161 1730 1353 1783 plerique
1393 1729 1663 1770 vehementer
1702 1737 1923 1784 expetant,
1964 1732 2016 1771 de

193 1803 231 1832 ‘25
245 1797 395 1850 quibus
426 1796 534 1835 inter
565 1808 607 1834 se
640 1794 857 1847 digladiari
891 1795 1067 1841 soleant,
1098 1796 1366 1833 contemnant
1397 1797 1438 1832 et
1468 1806 1541 1845 pro
1572 1792 1706 1833 nihilo
1738 1798 1897 1846 putent,
1919 1806 2016 1846 pro-

244 1864 388 1912 pterea
418 1859 551 1897 iustos
585 1870 692 1896 esse.
754 1858 857 1896 Nam
890 1856 1066 1896 alterum
1098 1855 1283 1895 iustitiae
1315 1868 1446 1907 genus
1475 1861 1770 1908 assequuntur,
1795 1855 2018 1895 inferenda

244 1934 296 1961 ne
329 1921 395 1961 cui
427 1925 606 1960 noceant
636 1919 811 1966 iniuria,
843 1919 885 1958 in
913 1919 1045 1958 altero
1070 1918 1343 1972 delinquunt3
1376 1917 1565 1957 discendi
1590 1918 1701 1957 enim
1723 1918 1864 1958 studio
1886 1918 2017 1972 impe-

246 1983 321 2023 diti
365 1996 470 2035 quos
509 1982 617 2023 tueri
660 1982 816 2021 debent
847 1981 1055 2037 deserunt.
1116 1982 1262 2034 Itaque
1296 1994 1369 2020 eos
1400 1994 1452 2020 ne
1484 1980 1536 2019 ad
1567 1994 1653 2020 rem
1686 1981 1892 2034 publicam
1924 1981 2018 2034 qui-

247 2046 340 2085 dem
381 2059 623 2085 accessuros
665 2050 783 2098 putat
823 2044 903 2084 nisi
947 2048 1123 2085 coactos.
1185 2043 1372 2096 Aequius
1414 2048 1553 2082 autem
1597 2048 1685 2083 erat
1721 2043 1762 2083 id
1803 2044 2017 2084 voluntate

193 2118 231 2149 30
247 2107 357 2156 fieri3
389 2121 485 2148 nam
516 2108 596 2147 hoc
627 2108 763 2161 ipsum
795 2107 851 2147 ita
882 2108 1037 2146 iustum
1071 2112 1146 2153 est,
1180 2105 1294 2159 quod
1326 2111 1436 2145 reete
1468 2103 1525 2152 fit,
1558 2106 1592 2145 si
1625 2110 1687 2145 est
1719 2106 2016 2146 voluntarium.

246 2170 314 2211 ⁶29.
361 2172 466 2211 Sunt
497 2170 621 2210 etiam
655 2170 727 2222 qui
759 2175 829 2209 aut
861 2169 999 2208 studio
1032 2169 1093 2208 rei
1123 2168 1341 2208 familiaris
1374 2168 1556 2208 tuendae
1595 2174 1667 2207 aut
1704 2169 1802 2209 odio
1833 2168 2016 2221 quodam

246 2235 462 2274 hominum
495 2246 613 2273 suum
646 2246 689 2272 se
722 2232 934 2284 negotium
967 2244 1088 2283 agere
1120 2231 1259 2271 dicant
1297 2244 1374 2270 nec
1406 2230 1542 2270 facere
1575 2231 1769 2283 cuiquam
1800 2230 2018 2270 videantur

247 2296 470 2336 iniuriam:
517 2295 589 2348 qui
631 2294 762 2334 altero
802 2306 954 2346 genere
996 2293 1227 2334 iniustitiae
1268 2299 1437 2341 vacant,
1482 2294 1526 2334 in
1566 2293 1742 2333 alterum
1784 2292 2015 2332 incurrunt.

246 2359 456 2398 Deserunt
497 2357 604 2397 enim
646 2356 754 2396 vitae
796 2356 1062 2403 societatem,
1111 2356 1208 2409 quia
1249 2356 1355 2396 nihil
1396 2355 1619 2396 conferunt
1661 2356 1705 2395 in
1746 2368 1836 2395 eam
1875 2354 2016 2402 studii,

197 2427 233 2457 35
249 2421 351 2461 nihil
384 2434 558 2474 operae,
590 2419 695 2459 nihil
726 2418 985 2458 facultatum.

363 2483 573 2531 Quoniam
604 2482 730 2535 igitur
761 2480 925 2521 duobus
957 2480 1179 2533 generibus
1210 2481 1442 2521 iniustitiae
1474 2479 1704 2534 propositis
1746 2479 2016 2520 adiunximus

336 2624 366 2655 2.
392 2624 568 2655 inciderint
599 2631 628 2655 c.
678 2622 775 2654 conf.
803 2621 940 2661 Madvig
964 2622 1007 2653 ad
1034 2622 1103 2653 Cic.
1131 2622 1174 2653 dc
1201 2622 1309 2653 Finib.
1336 2631 1369 2663 p.
1389 2622 1463 2654 69¹.
1490 2638 1534 2645 —
1568 2621 1598 2653 3.
1624 2622 1761 2653 societas
1783 2625 1900 2653 sancta
1923 2630 1941 2653 c
1979 2639 2015 2644 —-

248 2675 279 2706 5.
303 2677 439 2713 possunt
463 2682 480 2704 e
508 2691 542 2694 ——
575 2675 605 2705 7.
632 2673 782 2704 declarat
806 2673 831 2703 A
861 2689 893 2694 —
928 2672 953 2703 C
988 2673 1035 2702 B:
1064 2674 1102 2703 G.
1129 2673 1294 2704 Allabe
1332 2688 1365 2695 —
1401 2672 1432 2703 8.
1459 2675 1487 2703 el
1513 2672 1556 2703 C:
1584 2674 1683 2710 atque
1707 2679 1726 2703 ο
1751 2690 1794 2694 -
1818 2672 1883 2711 ipse
1908 2680 2018 2712 om.p

252 2740 287 2745 —
316 2723 366 2753 40.
392 2723 630 2762 splendidisque
655 2731 673 2754 e
700 2740 734 2744 —
770 2723 820 2753 Μ,
847 2723 1027 2753 carendum
1051 2730 1068 2753 c
1097 2740 1128 2744 -—
1174 2721 1220 2753 14.
1247 2723 1392 2763 cogilala
1417 2723 1481 2753 AB
1498 2722 1647 2761 llabp:
1679 2722 1826 2761 coqitatu
1851 2730 1891 2758 ος
1925 2722 2018 2761 60ρὶ-

250 2776 315 2803 lale
339 2781 374 2807 ος
401 2773 544 2813 coyilalo
569 2772 623 2804 alii
648 2772 749 2813 prob.
770 2772 941 2812 Madvigio
967 2772 1010 2803 nil
1029 2773 1097 2803 Cic.
1121 2772 1164 2803 de
1184 2772 1289 2803 Finil».
1318 2782 1350 2813 pr
1373 2773 1446 2804 696.
1475 2789 1509 2794 -
1539 2772 1590 2803 46.
1616 2772 1661 2803 Ac
1685 2781 1775 2803 corr.
1796 2780 1836 2802 ex
1861 2770 1909 2801 Ad
1933 2779 1955 2802 a
1980 2787 2015 2792 -

250 2822 302 2853 48.
329 2823 555 2862 deserendique
585 2831 606 2855 a
646 2840 680 2844 —
732 2822 782 2853 «19.
809 2831 906 2853 cause
928 2831 993 2853 esse
1017 2823 1129 2853 solent.
1157 2826 1215 2852 aul
1238 2823 1323 2853 enirn
1347 2821 1544 2853 inimicicias
1580 2829 1597 2852 c
1648 2839 1682 2844 —
1731 2824 1789 2851 aul
1814 2821 1904 2860 (post
1926 2818 2016 2858 nam)

251 2881 427 2912 super-scr.
448 2873 479 2903 in
503 2874 524 2904 b
550 2890 584 2895 —
618 2873 671 2904 ⁶32.
698 2875 743 2904 est
768 2882 813 2903 αη
836 2882 899 2902 non
926 2880 944 2902 c
972 2890 1004 2894 —
1034 2871 1086 2902 ⁵23.
1114 2872 1147 2902 in
1172 2873 1245 2903 ueri
1270 2872 1486 2911 uestiqalione
1508 2880 1529 2911 p
1558 2888 1592 2892 —
1619 2870 1671 2902 ⁵24.
1698 2872 1856 2909 ceperant
1879 2869 2013 2900 Assab:

250 2924 426 2959 espec-lant
451 2922 492 2961 11,
521 2926 709 2961 exspeclanl
733 2930 773 2959 c3
810 2925 965 2961 expetunt
991 2929 1009 2953 ο
1051 2939 1084 2943 -
1126 2921 1178 2952 25.
1206 2930 1238 2952 se
1260 2922 1408 2961 yladiari
1431 2929 1450 2952 ο
1492 2937 1526 2942 -
1568 2921 1694 2951 soleant
1718 2920 1763 2951 C:
1799 2918 1902 2950 solent
1925 2926 1943 2949 o
1979 2935 2014 2940 —

251 2974 481 3008 contempnunt
505 2975 528 3002 Α
546 2973 601 3004 Bb
617 2981 634 3003 c
663 2991 697 2995 —
724 2976 754 3003 ct
778 2981 848 3003 om.
876 2972 934 3003 Ab
962 2989 996 2993 —
1029 2975 1149 3011 putant
1174 2972 1298 3009 A11b;
1326 2972 1447 3002 ducant
1470 2980 1491 3011 p
1518 2989 1557 2993 ——
1589 2971 1641 3001 26.
1668 2971 1755 3001 Nam
1779 2978 1853 2999 cum
1876 2968 2016 2998 alterum

253 3021 337 3058 (cum
362 3020 438 3050 end,
460 3030 505 3051 in,
526 3022 716 3062 superscr,)
744 3023 766 3053 B
794 3039 828 3043 —
864 3021 1005 3052 alterum
1030 3022 1173 3052 iustiliae
1196 3030 1298 3061 flentcs
1322 3025 1542 3061 assequamur
1567 3022 1609 3052 C:
1635 3020 1775 3051 alterum
1799 3020 2019 3056 assequuntur

252 3069 417 3101 Pearcius
450 3071 481 3100 ct
508 3072 554 3101 Io.
576 3072 675 3103 Michi
704 3072 960 3111 lleusingerus;
1000 3071 1138 3101 aller-mn
1165 3079 1267 3110 gyenus
1290 3074 1510 3110 assequuntur
1533 3071 1689 3107 Beierus,
1717 3077 1735 3100 ο
1774 3086 1808 3090 -
1846 3067 2018 3107 inferenda

254 3120 428 3150 Manutius
453 3122 499 3157 (et
525 3129 564 3159 p,
592 3121 618 3150 si
645 3121 732 3152 fides
758 3123 809 3152 ost
835 3120 1011 3159 Grutcro):
1045 3121 1077 3151 in
1098 3120 1265 3160 inferenda
1292 3121 1335 3152 C:
1364 3120 1419 3160 [in]
1438 3120 1608 3160 inserenda
1633 3128 1665 3158 o,
1691 3118 1912 3157 utinferenda
1936 3115 2017 3147 Hal-

255 3170 358 3200 mius.
388 3187 422 3191 —
450 3169 501 3199 27.
529 3170 561 3199 in
586 3171 690 3201 allero
715 3172 883 3210 dclinqunt
906 3170 979 3209 (sic)
1005 3178 1040 3200 c:
1066 3171 1098 3201 in
1125 3170 1266 3201 alterum
1290 3170 1435 3201 incidunt
1461 3179 1541 3201 cum
1567 3169 1694 3201 ceteris
1719 3176 1738 3200 ο
1766 3185 1801 3190 -
1833 3167 1886 3198 ί28.
1906 3165 2018 3197 debent

256 3220 300 3249 C:
334 3217 471 3248 debcant
495 3226 512 3249 0
544 3236 585 3240 —
617 3228 668 3250 eos
694 3221 715 3250 Β
732 3221 754 3251 ΙΙ
772 3228 844 3252 ac:
877 3229 935 3251 nos
959 3220 1018 3251 Ab
1047 3237 1079 3241 —
1115 3219 1168 3250 ⁶29.
1192 3223 1310 3258 putant
1335 3221 1358 3251 C
1388 3237 1422 3242 —
1450 3221 1513 3251 nisi
1537 3223 1627 3251 actos
1651 3220 1677 3250 H
1704 3235 1739 3240 —
1767 3217 1819 3249 32.
1845 3224 1877 3247 se
1901 3215 2014 3246 om.H

258 3285 291 3290 —
326 3276 382 3298 nec
407 3266 542 3298 B11-1a:
569 3278 608 3299 ne
631 3268 796 3302 Al3²b00
823 3287 857 3292 —
886 3270 938 3302 33.
957 3273 1149 3301 uae-antec
1172 3271 1207 3301 in
1231 3277 1249 3300 c
1274 3287 1315 3292 -—
1339 3269 1391 3301 36.
1414 3270 1552 3310 Quando
1575 3268 1673 3301 ABH
1686 3268 1738 3302 ab
1764 3267 1851 3308 (inA
1868 3264 1946 3297 ead·
1965 3271 2011 3296 m·

257 3325 432 3360 supcrscr.
454 3317 639 3358 Quoniam).
