2249 3624
607 154 994 198 SUPPLEMENTA
1023 152 1439 196 ADNOTATIONIS.
1835 146 1916 190 367

147 275 300 301 moveo:
325 265 436 297 Cicero
461 264 552 296 Orat.
573 262 591 304 ἓ
616 264 649 303 5,
674 264 713 294 ut
735 262 875 303 scripsit
897 262 964 294 Nec
987 260 1092 293 solum
1115 260 1163 292 ab
1187 260 1319 300 optimis
1343 258 1458 290 studiis
1481 256 1673 289 eaecellentes
1694 255 1759 286 viri
1784 254 1920 287 deter-

146 324 221 356 riti
243 331 308 354 non
331 324 406 353 sunt
430 320 624 361 (lloratiusz
658 328 695 351 re
718 320 834 359 aliqua
858 318 1047 357 deterrere),
1080 317 1130 348 sic
1156 326 1226 348 non
1251 315 1372 348 dubito
1397 315 1494 356 quin,
1520 314 1558 345 ut
1581 310 1772 345 Lambinus
1797 311 1919 351 edidit,

147 378 329 420 scripserit
350 377 405 409 sed
427 385 467 408 ne
489 376 621 417 opifices
644 375 774 415 quidem
797 383 830 406 se
853 374 900 405 ab
925 374 1050 405 artibus
1072 374 1139 405 suis
1160 375 1449 409 removerztnt;
1476 378 1592 411 neque
1611 369 1705 401 enim
1722 368 1851 400 mirum
1868 368 1922 399 cst

146 437 180 468 in
205 443 247 467 eo
271 433 407 472 codice,
434 432 527 464 unde
553 430 740 464 meliorum
765 429 892 462 familia
918 431 1075 461 derivata
1101 432 1154 460 est
1179 428 1426 469 (deterioribus
1451 436 1492 459 ea
1518 435 1599 468 pars
1619 424 1745 464 deest),
1770 433 1816 456 AB
1841 425 1921 455 ante

145 499 278 524 ,iarun-s
303 489 487 522 excidisse.
525 489 575 520 De
611 486 717 519 domo
753 495 813 518 sua
848 486 866 527 5³
894 487 953 525 22,
987 486 1060 517 sive
1086 485 1265 517 Ciceronis
1299 494 1337 515 ca
1364 484 1474 516 oratio
1499 485 1552 515 cst
1576 483 1649 514 sive
1675 480 1922 514 declamatoris

146 546 302 584 alicuius,
329 554 393 586 ego
419 554 460 576 ex
485 543 643 576 Lambini
669 543 871 574 coniectura
897 543 939 574 ita
965 541 1098 574 scribo:
1131 542 1217 582 quod
1242 542 1286 573 M.
1314 541 1469 573 Catonem
1492 549 1514 571 a
1537 540 1710 572 tribunatu
1732 541 1789 570 tuo
1812 544 1923 568 remo-

143 603 241 634 visses
270 604 300 633 et
329 601 416 640 quod
445 601 548 632 eidem
577 600 631 639 (ex
663 598 773 632 Ursini
804 598 1026 634 conici-turim
1064 596 1166 637 vulgo
1198 596 1292 636 idem)
1325 597 1359 627 in
1388 599 1555 636 posterum
1577 596 1616 628 de
1638 594 1925 628 eaetraordinariis

139 656 354 699 potestatibus
387 657 570 690 libertatem
605 656 795 691 ademisses;
827 657 906 696 post
936 654 1088 687 litteram
1112 663 1136 685 Μ
1168 654 1199 685 in
1229 654 1424 695 archetypo
1449 653 1620 685 omissum
1646 655 1700 685 cst
1721 653 1807 693 21³³),
1833 652 1926 685 sicut

145 714 164 756 g
188 714 228 746 23
254 712 360 754 (quod
384 715 464 745 ante
491 721 548 745 me
573 713 751 744 Gesnerus
775 711 875 750 vidit)
900 719 974 742 cum
998 712 1088 742 inter
1112 710 1230 742 bellam
1253 712 1289 741 et
1307 710 1532 750 pacatissimis
1554 709 1703 750 yentibus
1723 710 1812 751 (quis
1830 711 1925 742 enim

143 770 261 803 bellum
289 770 391 801 alicui
420 771 479 800 aut
503 769 616 809 aliquo
640 776 704 809 pro
729 767 848 799 bellum
875 776 965 798 cum
995 767 1108 807 aliquo
1133 767 1192 798 aut
1216 766 1359 797 alicuius
1382 765 1503 805 dixit‘t)
1535 767 1569 796 et
1593 764 1611 805 ἓ
1636 766 1676 797 27
1690 766 1745 806 W)
1776 768 1813 798 in
1844 771 1925 808 post,

144 827 227 866 quis.
266 826 315 858 De
339 825 527 856 removendi
552 823 661 855 verbo
686 823 729 855 cs.
757 824 882 864 Zumpt
906 822 950 854 ad
977 822 1111 854 Verrio.
1140 822 1193 860 111,
1216 822 1247 861 ἱ),
1277 821 1336 853 ubi
1361 821 1446 853 dett.
1474 820 1606 862 aliquot
1629 822 1733 854 codd.
1754 824 1795 855 ab
1819 826 1925 858 omit-

145 883 255 919 tunt3.
272 881 406 913 Verriu.
433 880 473 919 V,
499 880 553 918 80,
587 879 679 911 unde
712 878 863 911 Nizolius
898 880 931 910 et
956 879 1134 910 Gesnerus
1167 877 1311 909 laudant
1334 878 1423 909 locus
1445 878 1582 909 arbitris
1604 883 1766 918 remotus,
1799 890 1924 914 omnes

145 946 256 975 nunc,
283 938 321 968 ut
345 938 377 968 in
403 935 568 968 omnibus
593 934 696 967 codd.
725 937 797 973 cst,
825 934 954 966 edunt:
979 934 1028 966 ab
1051 934 1187 966 arbitris
1209 937 1334 965 remoto
1358 934 1438 966 loco.
1477 935 1676 974 tieportos
1702 935 1767 968 Cic.
1794 937 1838 968 ad
1855 939 1924 971 Att.

145 994 201 1034 IV,
228 995 280 1032 47,
308 993 326 1025 3
351 992 452 1033 vulgo
484 992 610 1033 legitur
641 993 825 1024 exercitum
854 992 1035 1023 Britannia
1058 990 1290 1031 rarior-labana
1324 1000 1389 1031 ego
1415 1000 1457 1022 ex
1482 991 1560 1023 cod.
1587 993 1712 1024 Anton.
1741 994 1775 1024 et
1800 994 1923 1026 Faern-

145 1059 215 1082 non
247 1049 368 1081 dubito
401 1050 444 1080 ita
478 1048 656 1086 scribere,
692 1051 728 1079 ut
753 1047 942 1079 Lambinus
970 1049 1022 1087 (ex
1048 1048 1120 1087 z‘l):
1154 1048 1336 1079 exercitum
1360 1056 1376 1078 e
1398 1047 1579 1079 Britannia
1601 1049 1826 1088 reportabant.
1865 1051 1926 1090 (De

146 1115 203 1146 yx
228 1107 391 1145 tacetur.)
431 1105 482 1137 Cf.
509 1105 548 1143 V,
575 1105 606 1143 8,
634 1106 664 1144 l,
691 1104 751 1136 ubi
776 1113 841 1145 ego
868 1114 909 1136 ex
937 1106 974 1136 C.
994 1106 1044 1143 L.‚
1071 1105 1091 1135 i.
1113 1113 1143 1136 e.
1171 1112 1211 1136 ex
1238 1103 1316 1136 cod.
1344 1104 1527 1135 Cratandri
1552 1106 1587 1136 et
1610 1114 1645 1143 z,
1671 1105 1806 1138 scribo:
1833 1107 1928 1139 vale-

145 1164 236 1202 tudo,
263 1172 279 1194 e
304 1162 406 1202 (Med.
435 1172 503 1194 non
528 1162 636 1194 babet
660 1171 692 1199 ος
729 1162 772 1193 de
798 1170 852 1202 yx
880 1161 1016 1201 siletur)
1048 1170 1116 1201 qua
1144 1161 1212 1193 iam
1236 1169 1451 1198 emerseram;
1484 1162 1608 1192 Cicero
1633 1163 1814 1204 ceterique
1839 1164 1929 1195 anti-

147 1220 290 1260 quiores
314 1219 510 1252 sexcenties
527 1227 692 1259 emerqere
711 1218 761 1249 sic
779 1219 992 1259 posuerunt,
1019 1218 1170 1257 Tacitus,
1197 1216 1338 1257 Plinius,
1365 1220 1489 1258 poetae
1507 1218 1806 1259 praepositionem
1823 1221 1929 1251 omit—

147 1279 242 1317 tunt,
274 1276 337 1309 sed
369 1275 563 1308 admodum
597 1284 689 1307 raro.
731 1275 918 1315 Differo:
952 1275 1018 1307 Cic.
1045 1275 1089 1306 de
1116 1275 1187 1306 Fin.
1213 1274 1253 1313 V,
1280 1274 1314 1306 44
1346 1275 1374 1305 si
1398 1283 1482 1306 vera
1515 1277 1609 1306 esset
1641 1275 1718 1307 cod.
1745 1276 1931 1317 archetypi

147 1334 340 1374 scriptura,
368 1333 447 1372 quid
472 1332 698 1364 animantibus
720 1333 836 1364 ceteris
859 1333 1071 1372 differamus,
1098 1332 1235 1363 dativus
1260 1331 1437 1372 putandus
1455 1333 1547 1368 erat3
1575 1332 1638 1363 scd
1656 1332 1848 1373 Madvigius
1865 1342 1930 1364 an-

148 1391 337 1432 tiquiorum
363 1399 489 1431 prosae
508 1390 674 1421 orationis
699 1391 911 1430 scriptorum
939 1389 1233 1421 consuetudinem
1252 1388 1393 1420 (licendi
1411 1398 1428 1419 a
1448 1391 1633 1430 poetarum
1650 1390 1929 1430 posteriorisque

147 1455 273 1488 prosae
304 1447 469 1478 orationis
501 1455 567 1478 usu
598 1446 824 1485 discernens,
858 1448 893 1476 ut
925 1445 1006 1476 olim
1037 1445 1212 1476 Manutius
1245 1447 1279 1476 ct
1309 1444 1499 1477 Lambinus
1529 1446 1569 1476 ab
1601 1447 1682 1477 ante
1708 1446 1932 1477 animantibus

149 1502 320 1534 omissum
345 1505 441 1534 recte
467 1502 617 1535 addidit:
645 1501 688 1533 cs.
709 1502 752 1533 de
772 1502 868 1533 Oliic.
890 1503 913 1539 Ι,
934 1502 988 1540 96,
1014 1500 1074 1532 ubi
1092 1503 1164 1532 tres
1184 1501 1287 1532 codd.
1309 1500 1394 1532 dett.
1414 1510 1436 1532 α
1454 1502 1709 1542 omittunt.**³1)
1735 1502 1929 1533 Dttabor:

149 1560 214 1592 Cic.
235 1558 380 1599 Philipp.
404 1559 488 1597 Xlli,
511 1560 544 1589 il
567 1559 622 1590 sed
646 1567 718 1589 mea
741 1558 904 1590 memoria
928 1557 1142 1594 dilabuntur-3
1169 1559 1250 1598 post
1272 1558 1326 1589 sed
1346 1557 1473 1589 excidit
1497 1558 1569 1589 sive
1587 1558 1636 1597 de,
1663 1558 1758 1598 quod
1776 1559 1932 1591 Muretus

151 1618 185 1648 et
211 1615 361 1646 varietas
385 1615 604 1655 Naugeriana
630 1614 763 1645 addunt
788 1614 844 1655 (cs.
870 1614 1022 1645 ese-idere
1045 1614 1090 1645 de
1112 1614 1274 1644 memoria
1298 1613 1367 1645 Liv.
1386 1613 1502 1652 XXIX,
1525 1614 1590 1653 49),
1617 1615 1690 1646 sive
1714 1623 1759 1646 ex
1784 1615 1838 1654 (cs.
1858 1615 1930 1646 LiV.

150 1671 296 1710 XXXIV,
317 1671 356 1702 37
382 1672 532 1702 excidere
555 1680 598 1702 eac
621 1672 767 1702 onmium
790 1670 922 1702 animis.
957 1670 1028 1701 Cic.
1049 1670 1093 1701 de
1120 1670 1202 1711 izep.
1223 1669 1278 1709 Vl,
1297 1670 1315 1701 9
1340 1678 1390 1701 ex
1415 1671 1528 1701 animo
1551 1678 1621 1701 meo
1645 1671 1822 1702 discedit
1845 1670 1933 1702 illius

150 1728 217 1759 viri
239 1726 428 1768 memoria).
466 1727 624 1768 Optimus
647 1726 702 1758 illc
729 1726 807 1759 cod.
829 1727 1017 1759 Vaticanus
1043 1735 1125 1758 eum
1150 1725 1267 1757 locum
1294 1725 1500 1758 nonhabet.
1538 1727 1752 1758 Dimoveo:
1780 1725 1932 1758 Nizolius

152 1782 270 1815 laudat
295 1784 366 1815 Cic.
392 1782 539 1824 Philipp.
566 1783 621 1821 1V,
647 1784 678 1821 5,
699 1783 738 1815 43
764 1784 921 1814 dimoveri
945 1784 1027 1821 loco,
1053 1782 1114 1813 ubi
1140 1791 1233 1814 nunc
1258 1791 1298 1813 ex
1317 1783 1483 1813 Vaticano
1501 1781 1603 1822 vulgo
1628 1781 1753 1822 legitur
1769 1782 1934 1814 demoveri

155 1841 203 1881 (ut
227 1848 260 1881 p.
287 1840 398 1871 Sestio
424 1839 442 1880 ἓ
468 1840 524 1871 tol
555 1839 619 1879 bis)
646 1841 680 1870 et
705 1848 738 1880 p.
757 1839 897 1871 Plancio
922 1840 940 1879 ξ,
965 1840 1006 1870 53
1031 1843 1086 1870 tuo
1111 1839 1180 1869 loco
1198 1839 1377 1875 dimoveri,
1404 1838 1465 1869 ubi
1490 1847 1584 1870 nunc
1600 1847 1724 1870 omnes
1741 1847 1784 1870 ex
1809 1837 1933 1880 pleris-

154 1904 223 1937 que
249 1895 352 1928 codd.
379 1895 489 1928 edunt.
512 1897 693 1934 demoveri,
729 1897 819 1928 sicut
843 1897 970 1928 ceteris
995 1895 1160 1927 omnibus
1192 1896 1295 1934 locis,
1323 1894 1452 1935 quibus
1477 1895 1654 1935 depellendi
1679 1896 1773 1926 notio
1797 1894 1932 1934 subest,

154 1952 259 1984 hodie
285 1961 327 1984 ex
352 1953 454 1984 codd.
482 1953 649 1985 scribitur
673 1955 924 1995 praeterquam
957 1962 990 1994 p.
1016 1953 1167 1984 Caecina
1201 1952 1218 1992 S
1244 1952 1298 1990 42,
1331 1952 1391 1983 ubi
1417 1960 1510 1983 nunc
1535 1953 1657 1983 contra
1683 1951 1786 1983 codd.
1814 1952 1934 1991 [immo

155 2017 235 2041 cum
267 2010 407 2050 optimis
437 2009 555 2051 codd]
588 2012 684 2041 recte
715 2009 890 2048 scribitur,
924 2012 960 2040 ut
989 2011 1042 2041 est
1066 2009 1159 2050 apud
1186 2007 1455 2046 Quinctilianum
1482 2008 1563 2049 (Vll,
1590 2008 1621 2046 3,
1648 2008 1723 2049 ’17)τ
1755 2008 1824 2039 loco
1841 2024 1890 2030 --
1907 2009 1937 2038 et

155 2068 243 2097 certo
267 2065 305 2096 de
327 2069 416 2097 statu
439 2066 623 2097 demovet
649 2065 703 2106 (cf.
732 2065 750 2107 S
776 2065 816 2098 49
841 2066 1049 2097 demoveri
1066 2061 1114 2088 --”
1131 2068 1160 2097 et
1183 2064 1297 2104 depelli
1314 2065 1408 2104 loco).
1435 2065 1635 2096 Discedo:
1663 2064 1728 2096 Cic.
1753 2073 1786 2104 p.
1810 2063 1936 2095 Roscio

155 2123 272 2152 Amer.
300 2120 318 2161 g
343 2121 374 2161 8,
401 2121 461 2153 ubi
486 2122 517 2153 in
544 2121 647 2154 codd.
667 2123 721 2154 est
743 2125 780 2154 ut
805 2123 916 2162 spoliis
940 2131 1011 2153 sea:
1033 2122 1092 2153 hoc
1117 2121 1240 2153 iudicio
1256 2122 1432 2152 ornati--
1450 2121 1636 2159 discedant,
1662 2119 1855 2160 Madvigius
1871 2127 1936 2160 pro

156 2173 362 2218 interpolata
393 2178 553 2210 omnium
585 2177 666 2209 edd.
693 2179 865 2218 scriptura
898 2178 1022 2219 (spoliis
1053 2178 1170 2209 Sexti
1194 2178 1330 2210 Roscii
1356 2177 1428 2218 hoc)
1455 2178 1638 2209 verissime
1663 2177 1803 2217 scripsit
1826 2176 1937 2216 spoliis

156 2241 207 2264 eoe
231 2232 290 2264 hoc
314 2234 401 2271 cet.;
435 2234 478 2266 cf.
506 2242 539 2275 p.
567 2232 703 2266 Cluent.
731 2233 749 2274 g
776 2235 831 2266 tlt
862 2243 894 2266 se
925 2244 973 2266 eac
1002 2235 1124 2266 iudicio
1149 2234 1329 2265 discessisse
1351 2234 1484 2265 victum.
1527 2233 1642 2265 Verba
1667 2242 1686 2264 a
1710 2231 1882 2274 particula
1905 2240 1938 2264 se

157 2289 373 2330 incipientia,
399 2289 514 2321 nullus
538 2288 635 2322 locus
660 2291 725 2330 est,
752 2290 812 2321 ubi
837 2290 881 2322 ab
907 2290 983 2329 illiS,
1011 2300 1100 2332 quos
1125 2290 1206 2330 dixi,
1233 2289 1466 2331 scriptoribus
1490 2290 1565 2322 sine
1585 2290 1847 2331 praepositione
1871 2297 1938 2330 po-

233 2516 259 2554 *)
282 2517 324 2548 et.
346 2516 367 2556 1,
390 2518 437 2548 83.
466 2518 580 2555 Tregd.
602 2528 632 2556 p.
654 2519 690 2549 X.
714 2521 755 2550 de
776 2520 843 2550 Fin.
864 2521 912 2557 lv,
934 2521 981 2556 78,
1004 2521 1059 2549 ubi
1083 2521 1113 2549 in
1134 2520 1156 2549 B
1180 2520 1263 2549 inter
1284 2516 1576 2548 accommodatarum
1597 2522 1627 2548 et
1646 2522 1757 2547 natura
1775 2519 1937 2555 profectum

160 2567 326 2597 exciderat
345 2577 381 2600 a.
413 2570 453 2598 ad
474 2571 533 2598 Att.
554 2569 591 2607 X,
613 2571 642 2608 7,
665 2571 693 2607 3,
716 2572 772 2600 ubi
794 2579 867 2600 cum
891 2579 930 2600 ex
952 2571 1100 2600 Mediceo
1122 2571 1287 2606 legeretur
1306 2579 1366 2598 non
1388 2573 1489 2598 nostra
1508 2570 1700 2605 indulgentia,
1721 2569 1770 2597 sed
1789 2578 1809 2598 a
1827 2572 1939 2597 natura

156 2617 336 2654 profectum,
367 2618 542 2648 Lambinus
564 2623 653 2649 recte
673 2621 803 2656 scripsit
826 2629 885 2649 non
905 2630 924 2648 α
945 2624 1046 2648 nostra
1066 2623 1128 2649 cet.
1163 2621 1203 2648 ad
1225 2620 1311 2649 Fam.
1329 2620 1404 2657 xm,
1429 2620 1455 2657 6,
1479 2620 1506 2657 3,
1530 2620 1585 2648 ubi
1611 2620 1698 2648 idem
1724 2622 1813 2648 recte
1840 2622 1865 2646 et
1891 2618 1937 2646 ab

159 2666 342 2696 humanitate
368 2671 393 2696 et
419 2677 438 2696 a
464 2669 493 2705 (a
519 2670 618 2705 vulgo
646 2670 751 2705 deest)
777 2673 916 2706 potestate
943 2674 994 2698 tua
1017 2670 1177 2706 proficisci.
1210 2670 1252 2698 de
1272 2670 1394 2699 invent.
1416 2670 1438 2707 Ι,
1460 2670 1488 2706 2,
1510 2671 1565 2698 ubi
1592 2676 1651 2705 pro
1672 2677 1713 2697 ex
1732 2669 1939 2696 honestissimis

160 2717 255 2745 causis
274 2721 374 2745 natu
386 2726 414 2745 m
434 2722 519 2754 atque
538 2720 657 2755 optimis
676 2720 838 2748 rationibus
853 2721 1018 2757 prosettam
1039 2724 1093 2749 aut
1109 2728 1149 2749 ex
1163 2719 1308 2749 Lambini
1330 2721 1533 2749 correctione
1554 2719 1765 2748 scribendum
1786 2722 1836 2747 est
1855 2721 1940 2755 atque

161 2767 206 2794 ab
228 2771 282 2796 aut
301 2771 385 2804 atque
407 2776 455 2796 eoe
476 2770 590 2804 optimis
610 2771 776 2798 rationibus
791 2771 968 2807 profectum.
1020 2762 1024 2764 ἡ

235 2830 272 2866 *Ἴ
298 2830 367 2864 Quis
387 2831 485 2866 apud
503 2832 682 2868 populum
705 2832 738 2861 R.
756 2834 789 2861 de
810 2834 888 2861 illius
909 2834 1050 2870 diqni'tate
1071 2834 1242 2865 industrius,
1266 2834 1328 2869 quis
1348 2833 1493 2860 senatui
1516 2832 1629 2867 (senatu
1642 2830 1687 2867 1³¹)
1707 2831 1823 2867 saepius
1836 2829 1941 2859 dia-it?

162 2876 214 2907 sic
239 2879 336 2915 vulgo
363 2881 491 2917 editur;
519 2885 610 2910 recte
637 2882 813 2912 Lambinus
843 2885 983 2919 primum
1013 2892 1053 2913 ex
1077 2885 1171 2914 codd.
1194 2884 1316 2918 aliquot
1337 2882 1502 2918 inlustrius3
1531 2883 1572 2910 cs.
1594 2890 1625 2918 p.
1649 2881 1754 2910 Caelio
1777 2881 1793 2917 5
1814 2881 1861 2917 73,
1884 2881 1940 2910 ubi

164 2929 234 2957 cod.
257 2928 319 2958 Ers.
344 2930 470 2958 industri
490 2939 548 2966 pro
569 2932 697 2960 inlustri.
728 2935 766 2961 ad
789 2934 846 2961 ΛΗ,
871 2934 904 2969 V,
926 2934 971 2970 47,
993 2934 1010 2962 5
1031 2935 1127 2970 (Med.
1148 2941 1196 2969 pr.
1218 2940 1261 2962 m.
1278 2933 1466 2966 initiatorem,
1490 2938 1557 2960 sec.
1579 2939 1622 2959 m.
1644 2931 1793 2959 iustiorem
1813 2938 1870 2966 pro
1889 2930 1941 2957 ine-

163 2978 351 3015 lustrt'orem).
380 2980 420 3008 ad
442 2980 528 3010 Fam.
550 2979 613 3016 XV.
636 2981 663 3017 4,
681 2983 726 3018 45,
748 2983 804 3010 ubi
824 2983 984 3012 Manutius
1005 2984 1082 3012 milii
1103 2985 1233 3013 videtur
1254 2990 1311 3019 pro
1333 2982 1463 3009 iustiores
1482 2984 1572 3010 recte
1593 2981 1766 3017 scripsisse
1786 2980 1941 3008 inlustrio-

164 3034 227 3064 res;
250 3028 369 3057 deinde
390 3030 579 3059 coniectura
604 3030 641 3056 in
662 3034 773 3059 senatu.

239 3089 294 3126 ³**)
315 3090 360 3119 De
381 3091 444 3127 leg.
466 3098 532 3127 agr.
554 3092 590 3128 ll,
612 3092 649 3120 85
668 3093 765 3128 vulgo
787 3094 909 3123 editur:
929 3095 959 3123 in
983 3104 1013 3123 eo
1035 3095 1122 3131 (agro
1144 3094 1276 3129 Stellati)
1298 3092 1431 3121 duodena
1451 3092 1493 3128 (in
1515 3092 1676 3128 Campano
1697 3091 1782 3125 dena,
1807 3092 1847 3120 cf.
1863 3090 1939 3127 §79)

169 3138 305 3166 describit
323 3140 355 3167 in
374 3140 505 3176 singulos
524 3141 653 3168 homines
672 3142 787 3177 iugera.
817 3144 905 3178 Quasi
926 3152 990 3172 vero
1007 3145 1132 3180 paulam
1154 3145 1275 3180 (quinta
1296 3151 1337 3171 cx
1358 3142 1459 3178 parte)
1480 3142 1597 3177 differat
1617 3149 1690 3177 ager
1711 3141 1879 3177 Campanus
1898 3147 1940 3167 ac

168 3186 353 3218 Stellatis.
386 3189 423 3217 Et
448 3190 614 3226 multitudo,
644 3191 778 3226 Quirites,
807 3195 966 3229 quaeritur,
995 3202 1053 3230 qua
1072 3194 1126 3221 illa
1146 3194 1243 3222 omnia
1265 3192 1373 3228 oppida
1394 3192 1602 3227 compleantur.
1645 3191 1757 3220 Cicero
1780 3194 1867 3220 certe
1888 3190 1941 3219 di-

171 3235 288 3266 xisset:
310 3246 383 3274 ager
403 3238 572 3276 Campanus
593 3244 623 3268 et
643 3241 789 3270 Stellas
811 3243 905 3278 (inter
925 3245 972 3279 se)
994 3244 1205 3280 disserunt3
1229 3246 1251 3270 et
1274 3249 1350 3270 vero
1372 3242 1551 3270 absurdum
1572 3244 1632 3271 est.
1664 3240 1776 3270 Scribe
1798 3247 1840 3270 ex
1860 3239 1941 3270 Tur-

170 3286 248 3318 nebi
268 3288 458 3320 coniectura
480 3291 600 3326 iugera:
621 3292 703 3328 quasi
716 3306 762 3314 --
779 3293 897 3330 disserat
916 3302 988 3331 aqer
1007 3294 1173 3330 Campanas·
1192 3301 1211 3321 a
1231 3291 1360 3329 Stellati]
1381 3295 1421 3321 set
1440 3291 1510 3330 (secl)
1530 3290 1682 3321 multitudo
1701 3293 1766 3323 cet.
