2249 3624
304 86 357 128 78
689 93 758 133 DE
789 93 995 134 FINIBUS
1026 93 1289 135 BONORUM
1317 94 1385 134 ET
1416 94 1683 138 MALORUM

303 205 519 246 cedentem
549 205 591 245 in
621 205 910 258 philosophia,
942 205 1117 246 audeam
1150 207 1360 248 scribere?
1392 221 1644 262 quamquam
1677 222 1701 249 a
1731 209 1886 262 teipso
1909 209 1951 250 id
1975 211 2069 265 qui-

303 268 395 308 dem
440 269 548 309 facio
589 274 836 322 provocatus
879 269 1114 321 gratissimo
1157 270 1259 310 mihi
1299 271 1424 320 libro,
1472 286 1595 325 quem
1637 271 1689 312 ad
1735 285 1800 312 me
1837 273 1887 313 de
1918 274 2068 314 virtute

301 331 465 371 misisti.
518 331 600 370 Sed
633 345 685 370 ex
716 344 766 370 eo
798 330 921 370 credo
954 332 1204 384 quibusdam
1234 347 1313 373 usu
1337 336 1477 374 venire
1508 341 1554 374 ut
1573 335 1827 375 abhorreant
1847 349 1870 376 a
1893 337 2067 385 Latinis,

301 393 414 447 quod
446 388 670 433 inciderint
698 393 739 433 in
771 394 929 433 inculta
959 395 1165 447 quaedam
1198 401 1239 435 et
1270 394 1460 444 horrida,
1494 397 1544 436 de
1576 398 1696 436 malis
1719 398 1888 437 Graecis
1922 399 2068 439 Latine

268 457 451 509 5scripta
493 455 687 495 deterius.
751 455 913 503 Quibus
956 469 1032 509 ego
1063 458 1289 506 assentior,
1331 459 1428 499 dum
1460 460 1584 498 modo
1617 459 1667 499 de
1698 460 1829 499 isdem
1862 461 1985 501 rebus
2016 475 2067 501 ne

300 518 481 558 Graecos
521 518 692 571 quidem
731 518 930 571 legendos
974 524 1137 571 putent.
1196 522 1276 560 Res
1314 536 1412 562 vero
1443 522 1598 569 bonas,
1635 522 1772 562 verbis
1804 522 1946 562 electis
1977 536 2068 575 gra-

298 581 404 620 viter
434 586 662 634 ornateque
695 581 845 629 dictas,
885 581 979 634 quis
1011 594 1095 621 non
1126 583 1264 636 legat?
1306 585 1385 624 nisi
1418 584 1489 637 qui
1522 597 1564 624 se
1595 584 1718 637 plane
1751 585 1952 624 Graecum
1986 584 2068 624 dici

298 643 420 689 velit,
457 648 504 682 ut
543 657 566 683 a
598 644 800 684 Scaevola
832 649 896 683 est
926 649 1117 697 praetore
1149 645 1352 686 salutatus
1384 647 1557 686 Athenis
1589 647 1800 686 Albucius.
1861 645 1898 685 9.
1933 647 2067 695 Quem

298 704 469 757 quidem
511 705 649 745 locum
682 720 774 745 cum
815 707 945 746 multa
976 713 1193 748 venustate
1226 715 1266 749 et
1296 710 1409 749 omni
1441 709 1526 749 sale
1558 710 1669 749 idem
1701 710 1913 756 Lucilius,
1955 708 2068 762 apud

247 785 283 813 ⁴0
298 780 423 818 quem
454 768 666 821 praeclare
700 769 922 808 Scaevola:

409 830 660 870 Graecum
693 836 760 878 te,
793 831 996 879 Albuci,
1029 846 1175 886 quam
1208 835 1482 876 Romanum
1515 840 1670 888 atque
1703 835 1955 881 Sabinum,

409 894 719 946 Municipem
752 894 922 941 Ponti,
955 896 1208 944 Tritanni,
1243 899 1644 944 centurionum,

408 955 790 996 Praeclarorum
822 957 1073 998 hominum
1106 972 1158 999 ac
1190 960 1488 1012 primorum,
1531 959 1954 1014 signiferumque

407 1019 650 1059 Maluisti
683 1019 802 1059 dici.
854 1019 1045 1059 Graece
1078 1034 1198 1074 ergo
1232 1028 1454 1074 praetor
1484 1022 1736 1068 Athenis,

243 1097 280 1126 ⁴5
407 1080 462 1120 Id
494 1081 634 1135 quod
666 1082 931 1129 maluisti,
964 1087 1034 1130 te,
1066 1097 1177 1122 cum
1209 1085 1267 1124 ad
1301 1098 1377 1124 me
1409 1085 1628 1132 accedi',
1660 1085 1867 1124 saluto:

410 1144 602 1199 Χαῖρε,
634 1145 864 1198 inquam,
896 1146 1032 1185 Tite:
1065 1146 1303 1194 lictores,
1337 1153 1497 1187 turma
1529 1147 1675 1187 omni‘
1708 1147 2008 1201 cohorsque.

409 1208 601 1261 Χαῖρε,
633 1208 770 1247 Titel
811 1207 928 1247 hinc
956 1208 1126 1248 hostis
1158 1210 1219 1249 mi
1250 1208 1525 1257 Albucius,
1557 1210 1673 1249 hinc
1705 1209 1964 1250 inimicus.

292 1265 358 1308 40.
391 1269 473 1309 Sed
514 1271 605 1310 iure
644 1271 819 1311 Mucius.
875 1271 964 1324 Ego
1005 1277 1144 1311 autem
1184 1273 1326 1312 rimari
1358 1286 1441 1311 non
1475 1286 1606 1326 queo,
1649 1272 1759 1312 unde
1791 1272 1869 1311 hoc
1901 1273 1953 1312 sit
1983 1277 2065 1313 tam

290 1331 478 1372 insolens
525 1332 849 1373 domesticarum
891 1347 1028 1374 rerum
1071 1334 1299 1374 fastidium.
1358 1337 1449 1375 Non
1496 1341 1558 1375 est
1588 1336 1757 1376 omnino
1790 1336 1855 1375 liic
1887 1335 2065 1374 docendi

241 1409 277 1438 20
291 1393 431 1443 locus,
464 1394 537 1435 sed
569 1395 626 1435 ita
657 1397 789 1436 sentio
822 1402 863 1435 et
892 1409 1018 1449 saepe
1051 1396 1250 1445 disserui,
1283 1399 1473 1438 Latinam
1508 1399 1691 1451 linguam
1723 1411 1807 1437 non
1835 1397 1959 1437 modo
1982 1410 2065 1436 non

290 1457 479 1510 inopem,
512 1463 558 1497 ut
587 1458 712 1511 vulgo
744 1463 958 1512 putarent,
989 1460 1061 1499 sed
1094 1460 1412 1513 locupletiorem
1442 1462 1566 1501 etiam
1589 1475 1680 1501 esse
1704 1474 1828 1514 quam
1852 1461 2065 1500 Graecam.

291 1519 471 1567 Quando
503 1521 613 1560 enim
645 1521 786 1567 nobis,
828 1522 895 1561 vel
927 1521 1059 1561 dicam
1091 1528 1162 1561 aut
1193 1524 1427 1564 oratoribus
1459 1524 1581 1564 bonis
1613 1529 1683 1563 aut
1713 1525 1877 1576 poetis,
1920 1528 2065 1576 postea

290 1582 462 1635 quidem
508 1596 634 1637 quam
678 1583 759 1623 fuit
799 1597 923 1637 quem
964 1584 1251 1632 imitarentur,
1298 1586 1409 1626 ullus
1443 1586 1643 1626 orationis
1676 1585 1741 1625 vel
1773 1585 1968 1638 copiosae
1999 1583 2065 1624 vel

290 1644 491 1698 elegantis
524 1651 696 1686 ornatus
728 1646 898 1686 defuit?

237 1722 274 1751 25
401 1709 469 1747 IV.
499 1709 588 1762 Ego
619 1723 742 1757 vero,
775 1711 972 1763 quoniam
1004 1710 1242 1751 forensibus
1276 1710 1437 1764 operis,
1480 1710 1719 1758 laboribus,
1751 1709 1948 1763 periculis
1980 1722 2062 1748 non

288 1770 524 1811 deseruisse
558 1772 658 1812 mihi
683 1773 830 1812 videor
859 1774 1132 1826 praesidium,
1164 1774 1206 1812 in
1230 1787 1313 1826 quo
1336 1786 1359 1813 a
1380 1773 1540 1825 populo
1566 1774 1750 1813 Romano
1775 1773 1934 1812 locatus
1957 1786 2062 1819 sum,

289 1832 421 1873 debeo
465 1834 674 1886 profecto,
716 1841 1103 1890 quantumcumque
1144 1850 1337 1889 possum,
1370 1835 1412 1874 in
1451 1848 1499 1874 eo
1533 1849 1703 1888 quoque
1736 1835 1973 1882 elaborare,
2019 1840 2064 1873 ut

286 1895 370 1935 sint
400 1909 551 1949 opera,
583 1897 742 1945 studio,
779 1898 919 1937 labore
950 1912 1042 1939 meo
1074 1899 1281 1938 doctiores
1314 1898 1425 1938 cives
1451 1898 1554 1945 mei,
1587 1911 1663 1937 nec
1695 1911 1789 1937 cum
1824 1898 1914 1937 istis
1947 1902 2062 1937 tanto

287 1970 414 2010 opere
445 1972 649 2011 pugnare,
682 1960 752 2013 qui
785 1960 942 2001 Graeca
972 1962 1111 2014 legere
1142 1962 1311 2008 malint,
1352 1960 1475 2000 modo
1508 1961 1647 2013 legant
1678 1960 1751 2000 illa
1781 1961 1891 2014 ipsa,
1922 1972 1974 1999 ne
2007 1959 2064 1998 si-

235 2034 271 2067 30
286 2020 469 2069 malent,
514 2026 555 2061 et
595 2021 644 2061 iis
683 2023 862 2071 servire,
904 2024 974 2077 qui
1005 2024 1071 2064 vel
1115 2025 1306 2076 utrisque
1338 2023 1487 2063 litteris
1518 2024 1579 2063 uti
1610 2023 1740 2064 velint
1771 2023 1857 2070 vel,
1899 2022 1932 2062 si
1966 2034 2062 2062 suas

284 2083 460 2131 habent,
500 2083 593 2124 illas
632 2097 717 2124 non
753 2098 902 2137 magno
934 2099 1059 2139 opere
1092 2086 1347 2126 desiderent.
1410 2082 1474 2125 Μ.
1508 2086 1587 2134 Qui
1619 2091 1758 2126 autem
1790 2085 1872 2125 alia
1902 2084 2063 2124 malunt

284 2146 408 2186 scribi
441 2159 463 2185 a
494 2146 635 2194 nobis,
676 2148 801 2201 aequi
841 2161 933 2187 esse
972 2148 1148 2196 debent,
1193 2149 1306 2202 quod
1340 2153 1380 2188 et
1420 2148 1574 2202 scripta
1604 2149 1735 2188 multa
1766 2153 1886 2195 sunt,
1928 2147 1987 2186 sic
2018 2150 2063 2185 ut

283 2208 403 2261 plura
443 2209 602 2249 nemini
635 2223 655 2249 e
687 2210 861 2258 nostris,
903 2215 944 2250 et
983 2211 1218 2251 scribentur
1258 2210 1434 2251 fortasse
1468 2212 1611 2264 plura,
1659 2211 1691 2250 si
1724 2211 1808 2251 vita
1839 2214 2060 2263 suppetet:

285 2276 325 2310 et
370 2277 509 2312 tamen
553 2272 625 2325 qui
659 2273 882 2325 diligenter
922 2273 1044 2320 haec,
1096 2287 1202 2327 quae
1235 2273 1286 2313 de
1318 2274 1589 2327 philosophia
1620 2274 1769 2314 litteris
1799 2273 2060 2319 mandamus,

233 2348 269 2377 35
284 2334 423 2388 legere
464 2335 715 2382 assueverit,
760 2335 961 2375 iudicabit
1000 2337 1115 2376 nulla
1155 2337 1206 2376 ad
1246 2337 1470 2390 legendum
1501 2337 1565 2377 his
1598 2351 1690 2377 esse
1720 2337 1897 2391 potiora.
1950 2335 2059 2384 Quid

284 2404 348 2438 est
378 2399 489 2438 enim
520 2398 561 2438 in
592 2398 678 2439 vita
707 2404 822 2438 tanto
854 2412 980 2451 opere
1013 2400 1321 2452 quaerendum,
1352 2413 1476 2454 quam
1508 2414 1602 2440 cum
1631 2401 1773 2440 omnia
1802 2400 1844 2439 in
1876 2399 2060 2453 philoso-

291 2529 373 2534 *-
1882 2529 2044 2536 ———-.—.

369 2621 400 2652 2.
423 2621 615 2661 prouocalis
638 2617 678 2652 A¹
707 2639 739 2644 -
774 2621 804 2652 3.
831 2621 905 2652 usui
936 2621 1050 2653 uenire
1076 2630 1165 2652 corr.
1193 2622 1226 2653 in
1251 2622 1332 2653 illud
1355 2622 1486 2654 euenire
1511 2621 1565 2662 (ab
1592 2621 1669 2654 ead.
1697 2622 1757 2661 m.)
1783 2622 1809 2653 A
1836 2639 1870 2644 -
1905 2621 1937 2654 4.
1962 2621 2060 2653 malis

280 2671 366 2702 AB:
397 2671 484 2702 male
508 2671 533 2702 O
557 2689 599 2693 -
629 2671 660 2702 ὅ.
689 2671 774 2710 Quid
797 2680 855 2712 eqo
880 2673 1025 2703 assencio
1048 2672 1072 2702 B
1102 2690 1135 2693 —
1173 2672 1295 2702 hisdem
1319 2674 1365 2711 A;
1400 2674 1518 2704 eisdem
1541 2673 1565 2703 B
1595 2690 1628 2694 —-
1662 2673 1692 2703 7.
1720 2672 1824 2703 dictas
1847 2672 2055 2704 Lambinus:

281 2721 422 2751 dictatas
445 2722 470 2751 A
485 2720 509 2750 B
538 2739 572 2743 —
598 2721 628 2752 8.
653 2724 809 2760 praetore
832 2722 1024 2754 Manutius:
1053 2725 1191 2761 praetor
1214 2723 1240 2752 A
1255 2722 1277 2752 B
1308 2739 1339 2744 -—
1378 2722 1430 2753 40.
1459 2723 1551 2753 Inter
1574 2722 1701 2752 scevola
1725 2722 1760 2752 et
1783 2730 1917 2761 grecum
1941 2725 1981 2753 ΛΞ
2004 2723 2059 2753 in-

281 2771 364 2801 serit
389 2771 465 2801 dicit
492 2788 527 2792 —-
555 2771 605 2801 ⁴⁵2.
632 2771 737 2810 pontii
760 2773 784 2802 A
799 2772 824 2802 B
845 2790 880 2794 —
906 2772 1022 2803 tiranii
1046 2768 1102 2808 A¹;
1129 2772 1258 2802 tritanii
1279 2767 1336 2809 Α“·’;
1364 2772 1494 2802 tritanii
1518 2771 1560 2807 Β;
1588 2770 1665 2802 fort.
1688 2771 1814 2802 Tritani
1833 2788 1867 2793 -
1896 2770 1946 2803 44.
1966 2771 2056 2812 erqo]

280 2821 366 2851 enim
385 2821 406 2850 B
429 2837 463 2842 -—
492 2821 544 2851 45.
571 2821 699 2851 accedis
724 2821 827 2852 codd.
849 2838 884 2842 -
913 2821 965 2853 46.
984 2822 1100 2852 chaere
1124 2822 1169 2859 A;
1195 2830 1273 2852 care
1288 2822 1312 2852 B
1335 2839 1367 2844 —
1389 2822 1494 2852 omnis
1510 2820 1662 2852 codd.—
1689 2821 1870 2860 chorusque
1893 2821 1996 2853 codd.
2018 2838 2053 2843 —

281 2870 335 2901 47.
361 2870 453 2901 chere
476 2870 541 2901 AB
568 2887 603 2891 —
631 2871 692 2901 cite
716 2871 739 2901 Β
767 2888 804 2893 -
831 2870 924 2911 Hinc]
949 2871 999 2902 hic
1022 2868 1099 2902 A¹B
1123 2888 1165 2893 -—
1188 2872 1234 2901 mi
1259 2880 1328 2902 oin.
1348 2871 1381 2902 in
1406 2880 1528 2902 rasura
1554 2873 1580 2902 A
1601 2889 1635 2893 --
1662 2871 1805 2902 albutius
1828 2873 1855 2903 A
1873 2889 1908 2893 —
1936 2872 1987 2903 48.
2006 2872 2058 2902 ri·

278 2920 367 2950 mari
392 2920 494 2950 Henr.
516 2918 660 2950 Alanus:
687 2921 808 2951 mirari
825 2919 943 2956 codcl.;
977 2921 1057 2951 satis
1079 2921 1200 2950 mirari
1218 2921 1242 2951 O
1261 2929 1342 2952 cuin
1368 2922 1402 2952 P.
1423 2920 1593 2957 Mannum
1619 2921 1740 2951 mirari
1763 2922 1842 2952 satis
1865 2921 2056 2961 Madvigius

282 2987 317 2991 —
344 2968 397 3000 49.
423 2969 474 3000 hic
498 2969 630 3000 omnino
655 2969 678 2999 B
707 2987 742 2992 —
776 2971 828 3001 20.
855 2980 921 3001 non
945 2972 1024 3011 post
1046 2972 1142 3002 modo
1166 2979 1235 3002 om.
1262 2971 1325 3002 AB
1355 2989 1390 2993 —
1423 2972 1476 3002 ⁶22.
1502 2972 1562 3011 vel]
1586 2974 1621 3002 ut
1645 2971 1670 3002 E
1696 2989 1730 2993 —
1764 2972 1816 3003 ⁶23.
1845 2981 1939 3011 quem
1962 2980 2052 3002 corr.

279 3018 357 3050 ead.
385 3027 431 3050 m.
460 3027 500 3049 ex
527 3028 611 3057 quae
634 3021 659 3050 A
685 3038 727 3043 —
758 3020 812 3052 ⁶24.
839 3021 951 3061 defuit]
976 3029 1016 3051 ne
1037 3021 1099 3061 fuit.
1123 3021 1146 3051 B
1175 3038 1209 3043 -—
1243 3021 1296 3051 25.
1325 3021 1481 3059 quoniam
1505 3022 1601 3052 Otto:
1629 3031 1703 3053 cum
1727 3023 1753 3053 A
1766 3022 1809 3055 B:
1838 3031 1938 3061 quum
1963 3022 1987 3053 O
2012 3039 2054 3044 —-

278 3068 331 3100 26.
357 3069 465 3099 uideri
488 3070 510 3099 A
528 3068 551 3098 B
579 3086 614 3090 —
643 3069 674 3110 a]
700 3071 735 3100 M
758 3070 781 3100 B
803 3087 835 3091 —
864 3071 925 3101 sim
949 3070 1013 3101 AB
1033 3087 1070 3092 —
1096 3071 1149 3101 27.
1173 3079 1305 3109 possum
1330 3070 1370 3101 B:
1395 3072 1515 3110 possim
1539 3072 1604 3102 AO
1626 3090 1660 3094 -
1686 3072 1739 3103 028,
1766 3075 1934 3111 lantepere
1959 3072 2054 3110 (item

277 3119 487 3158 magnopere)
514 3120 539 3149 A
555 3119 577 3148 Β
604 3118 734 3158 ubique
763 3137 796 3141 —
824 3121 876 3151 29.
902 3120 1031 3151 malunt
1053 3121 1078 3151 Β
1106 3137 1140 3141 -
1168 3120 1226 3150 illa
1249 3120 1322 3158 ipsa
1346 3122 1370 3151 A
1386 3121 1428 3151 B:
1456 3122 1528 3160 ipsa
1552 3122 1611 3152 illa
1628 3122 1653 3152 O
1681 3122 1748 3160 (illa
1768 3123 1799 3153 in
1816 3124 1843 3153 A
1861 3131 1951 3153 corr.
1972 3121 2049 3152 ead.

279 3176 326 3198 m.
346 3176 386 3199 ex
412 3168 473 3207 ille)
497 3185 531 3190 —
557 3177 597 3199 ne
620 3170 645 3200 A
660 3169 703 3199 B:
730 3178 788 3199 nec
815 3170 839 3199 O
859 3187 893 3191 —
921 3170 974 3201 32.
992 3173 1115 3201 utoni.
1136 3170 1160 3201 E
1181 3187 1213 3192 —
1243 3170 1295 3201 33.
1313 3171 1446 3201 memini
1463 3173 1489 3202 A
1503 3172 1527 3201 Β
1551 3189 1584 3193 -
1610 3172 1750 3210 suppetit
1768 3172 1791 3202 B
1813 3189 1847 3194 »-
1874 3172 1927 3202 35.
1947 3169 2050 3211 nulla]

277 3218 382 3248 ullam
405 3218 448 3255 E;
476 3219 593 3249 utrum
619 3219 641 3248 B
666 3218 760 3249 nulla
784 3218 914 3250 habeat
937 3228 982 3251 an
1005 3220 1109 3251 ullam
1133 3219 1286 3251 discerni
1310 3221 1443 3260 nequit.
1467 3238 1500 3243 -
1527 3220 1580 3252 36.
1606 3229 1680 3251 cum
1704 3229 1773 3252 om.
1793 3221 1830 3252 E.
