2249 3624
334 117 416 160 396
931 118 1000 159 DE
1030 117 1255 159 DEORUM
1284 116 1500 159 NATURA

333 232 380 267 ut
409 226 505 267 illae
536 239 613 266 nec
643 238 783 265 morsu
814 224 933 264 vivae
964 229 1144 265 noceant
1168 238 1246 265 nec
1267 224 1396 264 odore
1418 229 1621 265 mortuae.
1664 226 1838 266 Possum
1861 226 1912 266 de
1932 227 2105 268 ichneu-

335 303 504 329 monum
526 289 719 335 utilitate,
742 287 793 327 de
817 287 1138 333 crocodilorum,
1167 287 1219 326 de
1240 286 1409 327 faelium
1434 287 1588 334 dicere,
1611 289 1683 327 sed
1707 288 1803 328 nolo
1826 301 1918 328 esse
1939 289 2104 342 longus.

334 351 394 390 Ita
426 350 686 397 concludam,
716 356 855 389 tamen
886 349 1030 389 beluas
1062 362 1085 388 a
1115 349 1301 388 barbaris
1332 354 1503 403 propter
1539 348 1784 390 beneficium
1826 357 2104 400 consecratas,

335 417 567 453 vestrorum
609 412 782 452 deorum
814 424 896 451 non
929 412 1052 451 modo
1083 409 1334 450 heneficium
1366 410 1525 450 nullum
1558 416 1721 460 extare,
1762 413 1833 452 sed
1866 427 1918 453 ne
1948 413 2102 454 factum

302 474 505 527 5quidem
548 475 732 514 omnino.
793 471 889 514 102.
930 474 1042 513 Nihil
1084 473 1226 521 habet,
1266 473 1426 526 iuquit,
1459 475 1631 527 negotii.
1678 475 1869 515 Profecto
1900 477 2106 529 Epicurus

335 536 455 589 quasi
488 538 607 589 pueri
639 536 806 576 delicati
840 536 945 576 nihil
977 536 1210 575 cessatione
1243 535 1390 575 melius
1423 537 1648 576 existimat.
1708 538 1921 577 XXXVII.
1954 539 2006 578 At
2027 538 2109 591 ipsi

334 603 473 637 tamen
506 601 645 651 pueri,
678 598 799 638 etiam
834 612 925 637 cum
950 604 1127 645 cessant,
1161 598 1463 637 exercitatione
1485 599 1625 651 aliqua
1649 599 1810 639 ludicra
1830 600 2108 641 delectantur:

335 660 457 700 deum
499 661 557 700 sic
592 660 786 700 feriatum
819 660 1012 700 volumus
1055 661 1287 700 cessatione
1330 666 1516 714 torpere,
1564 667 1626 708 ut,
1672 662 1706 701 si
1745 676 1789 701 se
1821 665 2109 712 commoverit,

334 736 553 762 vereamur
583 737 635 763 ne
667 724 819 763 beatus
851 736 941 762 esse
965 736 1046 761 non
1079 723 1243 775 possit?
1289 723 1403 761 Haec
1425 724 1555 763 oratio
1578 737 1662 762 non
1686 724 1810 765 modo
1833 725 1934 766 deos
1957 727 2110 779 spoliat

285 793 320 822 4ο
336 790 449 824 motu
481 790 523 824 et
548 785 712 825 actione
735 785 894 832 divina,
928 785 999 824 sed
1023 786 1147 825 etiam
1168 784 1363 824 homines
1386 784 1529 825 inertis
1552 784 1697 834 efficit,
1730 787 1763 826 si
1788 787 1959 841 quidem
1980 802 2109 842 agens

334 848 493 901 aliquid
526 862 578 887 ne
610 848 713 888 deus
745 848 913 900 quidem
947 862 1038 888 esse
1071 845 1215 887 beatus
1248 853 1399 900 potest.

448 907 541 950 403.
576 911 724 950 Verum
745 911 798 950 sit
819 924 940 957 sane,
974 917 1019 951 ut
1042 911 1185 956 vultis,
1220 909 1322 949 deus
1346 907 1505 962 effigies
1529 910 1709 949 hominis
1741 915 1781 951 et
1802 912 1961 964 imago:
1993 913 2109 967 quod

335 973 425 1012 eius
457 978 520 1012 est
551 973 840 1013 domicilium?
883 987 990 1026 quae
1023 973 1172 1013 sedes?
1215 973 1284 1026 qui
1318 973 1466 1011 locus?
1499 985 1604 1024 quae
1638 972 1791 1012 deinde
1823 975 1932 1014 actio
1965 976 2109 1016 vitae?

335 1034 488 1087 quibus
520 1035 663 1082 rebus,
696 1036 737 1074 id
770 1035 884 1089 quod
917 1036 1061 1083 vultis,
1094 1035 1238 1074 beatus
1271 1037 1361 1073 est?
1394 1040 1535 1073 utatur
1557 1035 1667 1074 enim
1691 1036 1775 1075 suis
1801 1036 1921 1076 honis
1944 1044 2112 1090 oportet

285 1105 321 1134 15
336 1102 376 1136 01
405 1096 567 1137 fruatur
597 1098 671 1151 qui
713 1098 860 1138 beatus
891 1098 1056 1138 futurus
1089 1103 1162 1137 051.
1214 1099 1316 1136 Ν3111
1348 1097 1464 1136 100115
1498 1097 1669 1150 quidem
1701 1098 1751 1137 iis
1783 1099 1906 1138 etiam
1938 1101 2112 1154 naturis,

335 1172 442 1212 quae
476 1159 565 1199 sine
597 1160 747 1200 animis
779 1165 897 1208 sunt,
930 1174 1030 1200 suus
1053 1166 1117 1200 est
1138 1161 1290 1213 cuique
1313 1160 1522 1212 proprius,
1554 1165 1599 1199 ut
1619 1165 1727 1200 terra
1749 1158 1936 1200 infimum
1958 1167 2113 1211 teneat,

333 1222 440 1261 113110
480 1222 658 1262 inundet
699 1236 829 1276 aqua,
881 1224 1071 1276 superior
1111 1222 1290 1269 aetheri,
1338 1222 1507 1275 ignibus
1551 1223 1750 1262 altissima
1791 1236 1864 1262 ora
1900 1224 2112 1265 reddatur.

335 1284 567 1324 Bestiarum
599 1291 736 1325 autem
769 1291 960 1325 terrenae
993 1291 1088 1325 sunt
1119 1286 1247 1333 aliae,
1280 1286 1426 1338 partim
1459 1286 1690 1338 aquatiles,
1721 1286 1827 1325 aliae
1851 1287 1970 1339 quasi
1999 1287 2113 1327 anci-

335 1348 464 1399 pites,
510 1347 553 1386 in
598 1353 777 1401 utraque
823 1348 923 1388 sede
970 1349 1180 1395 viventes;
1227 1354 1322 1387 suut
1363 1348 1568 1401 quaedam
1613 1349 1754 1396 etiam,
1789 1362 1895 1402 quae
1935 1350 1978 1388 iu
2015 1350 2111 1402 igne

284 1409 449 1449 20nasci
489 1415 690 1462 putentur
729 1416 1043 1464 appareantque
1084 1410 1126 1449 in
1163 1410 1409 1450 ardentibus
1442 1408 1681 1450 fornacibus
1714 1424 1840 1464 saepe
1872 1411 2110 1452 volitantes.

335 1469 428 1511 404.
462 1472 629 1520 Quaero
669 1474 797 1525 igitur
827 1480 962 1513 vester
994 1474 1095 1512 deus
1134 1473 1312 1526 primum
1345 1473 1414 1511 ubi
1447 1473 1626 1520 habitet3
1666 1473 1816 1513 deinde
1850 1487 1957 1526 quae
1989 1487 2114 1514 causa

335 1549 429 1575 eum
459 1535 551 1575 loco
584 1541 767 1582 moveat,
800 1536 833 1575 si
866 1536 990 1575 modo
1024 1541 1211 1574 movetur
1231 1535 1480 1588 aliquando;
1512 1550 1652 1589 porro,
1675 1550 1766 1575 cum
1790 1535 1870 1575 1100
1894 1537 2112 1589 proprium

335 1598 389 1637 sit
424 1598 719 1645 animantium,
757 1604 803 1637 ut
843 1598 1002 1651 aliquid
1043 1597 1261 1650 adpetant,
1302 1598 1415 1651 quod
1448 1599 1501 1637 sit
1531 1604 1704 1638 naturae
1736 1598 2112 1646 accommodatum,

336 1661 438 1700 deus
471 1661 571 1713 quid
603 1666 790 1713 appetat,
824 1661 875 1700 ad
908 1674 1031 1713 quam
1057 1661 1242 1713 denique
1274 1674 1360 1700 rem
1388 1666 1500 1701 motu
1524 1662 1675 1701 mentis
1698 1675 1744 1701 ac
1766 1663 1928 1701 ratione
1950 1666 2111 1708 utatur;

262 1732 320 1766 ,25
334 1730 562 1777 postremo,
597 1737 681 1777 quo
713 1723 838 1762 modo
870 1723 1016 1762 beatus
1048 1724 1122 1770 sit,
1155 1737 1238 1776 quo
1271 1724 1396 1762 modo
1419 1729 1626 1763 aeternus.
1671 1723 1882 1777 Quicquid
1906 1723 2017 1762 enim
2038 1723 2114 1762 ho-

333 1800 425 1826 rum
466 1786 674 1839 attigeris,
714 1787 834 1825 ulcus
873 1790 957 1825 est:
998 1786 1053 1825 ita
1094 1786 1201 1825 male
1240 1786 1428 1825 instituta
1468 1787 1572 1825 ratio
1612 1787 1767 1826 exitum
1813 1786 1995 1839 reperire
2027 1799 2112 1825 non

334 1854 487 1902 potest,
548 1846 642 1889 405.
685 1849 750 1888 Sic
789 1848 897 1888 enim
940 1848 1127 1895 dicebas,
1170 1849 1352 1900 speciem
1397 1848 1463 1887 dei
1506 1849 1665 1901 percipi
1699 1849 1978 1901 cogitatione,
2025 1862 2114 1888 non

335 1925 474 1959 sensu,
499 1925 574 1951 nec
596 1925 687 1951 esse
709 1912 752 1950 in
774 1925 821 1950 ea
843 1911 971 1950 ullam
995 1911 1246 1950 soliditatem
1270 1925 1408 1964 neque
1431 1911 1605 1951 eandem
1629 1911 1681 1951 ad
1703 1925 1923 1950 numerum
1949 1924 2115 1964 perma-

335 1987 433 2014 nere
466 1987 641 2027 eamque
674 1987 766 2013 0550
798 1974 885 2014 01115
918 1974 1138 2019 visionem,
1173 1979 1215 2012 ut
1246 1973 1519 2012 similitudine
1551 1979 1593 2013 et
1624 1973 1871 2013 transitione
1905 1978 2114 2021 cernatur,

286 2045 322 2074 30
335 2050 472 2090 neque
498 2035 663 2076 deficiat
693 2050 892 2090 umquam
916 2050 967 2075 ex
992 2036 1162 2075 infinitis
1186 2037 1431 2088 corporibus
1455 2036 1653 2076 similium
1678 2036 1875 2082 accessio,
1908 2049 1960 2075 ex
1981 2049 2114 2089 eoque

335 2097 423 2139 fieri
455 2104 500 2139 ut
532 2099 573 2138 in
604 2099 707 2138 haec
726 2100 885 2138 intenta
912 2112 1028 2138 meus
1052 2104 1191 2137 nostra
1214 2099 1376 2138 beatam
1402 2099 1513 2138 illam
1538 2105 1727 2138 naturam
1751 2103 1792 2137 et
1815 2099 2113 2150 sempiternam

334 2166 467 2214 putet.
512 2162 745 2200 XXXVIII.
772 2162 875 2207 Hoc,
906 2174 979 2214 per
1010 2161 1123 2214 ipsos
1147 2160 1262 2207 deos,
1285 2162 1335 2200 de
1360 2162 1512 2214 quibus
1535 2161 1760 2214 loquimur,
1793 2161 1917 2214 quale
1940 2160 2111 2200 tandem

336 2226 431 2263 est?
470 2225 571 2263 Nam
597 2224 631 2262 si
657 2228 813 2262 tantum
846 2223 969 2262 modo
1001 2223 1051 2262 ad
1083 2224 1376 2275 cogitationem
1401 2224 1539 2262 valent
1579 2237 1655 2262 nec
1676 2223 1832 2262 habent
1864 2223 1990 2263 ullam
2017 2224 2114 2263 soli-

335 2286 505 2326 ditatem
538 2299 614 2325 nec
634 2286 916 2331 eminentiam,
951 2284 1049 2338 quid
1076 2286 1259 2332 interest,
1292 2292 1425 2325 utrum
1451 2286 1500 2324 de
1525 2285 1856 2339 hippocentauro
1880 2299 1932 2325 an
1961 2284 2010 2325 de
2035 2287 2113 2326 deo

285 2357 323 2386 35
337 2349 596 2402 cogitemus?
638 2361 804 2387 omnem
838 2348 949 2387 enim
982 2348 1106 2387 talem
1139 2348 1511 2388 conformationem
1545 2349 1669 2388 animi
1702 2349 1829 2388 ceteri
1872 2348 2114 2401 philosophi

336 2417 494 2451 motum
527 2411 694 2450 inanem
721 2416 883 2456 vocant,
914 2425 986 2450 vos
1009 2416 1145 2450 autem
1169 2411 1394 2450 adventum
1426 2411 1467 2449 in
1497 2411 1660 2450 animos
1692 2416 1733 2450 et
1766 2411 1980 2450 introitum
2012 2411 2115 2450 ima-

337 2475 478 2528 ginum
517 2474 665 2513 dicitis.
734 2470 827 2512 106.
860 2474 908 2513 Ut
945 2474 1005 2512 Ti.
1042 2473 1276 2512 Gracchum
1313 2487 1408 2513 cum
1440 2473 1585 2513 videor
1617 2473 1928 2513 contionantem
1964 2472 2007 2512 in
2041 2473 2116 2513 Ca-

337 2537 485 2590 pitolio
510 2536 651 2576 videre
684 2535 734 2575 de
758 2537 810 2575 M.
834 2535 1009 2575 Octavio
1043 2535 1302 2574 deferentem
1328 2535 1522 2581 sitellam,
1555 2541 1640 2574 tum
1674 2549 1768 2575 eum
1801 2540 1956 2575 motum
1988 2536 2117 2575 animi

339 2599 433 2638 dico
456 2612 547 2638 esse
570 2599 750 2647 inanem,
773 2604 817 2639 tu
839 2604 976 2638 autem
1001 2603 1041 2638 et
1064 2597 1237 2637 Gracchi
1263 2602 1303 2637 et
1329 2597 1491 2637 Octavii
1514 2598 1717 2651 imagines
1742 2610 1972 2646 remanere,
1994 2611 2116 2651 quae,

428 2748 456 2779 1.
483 2748 536 2778 ille
560 2749 584 2779 A
601 2748 623 2778 Β
653 2765 686 2768 -
720 2756 759 2778 ne
781 2756 895 2777 morsu
918 2748 943 2778 A
960 2747 983 2777 Ε
1011 2764 1045 2768 —
1081 2747 1118 2777 de
1140 2746 1392 2777 Izicneumonum
1418 2747 1441 2776 B
1469 2763 1503 2767 —
1540 2747 1570 2777 ΕΞ.
1597 2746 1839 2776 crocodilorum
1862 2747 1887 2777 A
1904 2746 1963 2776 13¹:
2002 2754 2118 2777 croco-

339 2798 493 2828 dillorum
518 2796 592 2828 1320
611 2797 633 2828 Ε
661 2813 694 2818 -
729 2796 759 2828 3.
786 2797 942 2836 benefium
968 2798 990 2827 A
1021 2813 1055 2818 —
1089 2797 1120 2827 5.
1148 2797 1263 2835 inquid
1286 2798 1313 2827 A
1342 2814 1375 2818 —
1411 2796 1442 2827 9.
1468 2796 1547 2826 haec
1571 2797 1659 2826 ratio
1684 2796 1708 2827 C
1738 2814 1772 2818 —
1806 2796 1854 2826 ⁴2.
1883 2796 1974 2827 inter
1996 2795 2119 2836 effigies

340 2849 375 2878 et
397 2847 537 2877 hominis
562 2855 638 2887 sup.
667 2845 724 2877 lin.
751 2849 796 2877 051
820 2846 901 2877 add.
928 2847 969 2876 Α2
995 2863 1028 2866 -
1058 2846 1110 2876 45.
1136 2849 1165 2876 01
1190 2854 1261 2876 0111.
1289 2844 1316 2877 ‘21
1346 2863 1377 2866 -
1406 2847 1454 2876 his
1477 2849 1501 2876 A
1518 2846 1540 2876 B
1562 2863 1597 2868 —-
1627 2846 1677 2877 46.
1705 2846 1861 2884 cuiusque
1886 2846 1910 2877 C
1933 2863 1967 2868 —
1995 2846 2046 2876 ⁴7.
2064 2846 2118 2875 iu-

338 2897 444 2927 undat
468 2898 492 2926 A
509 2897 530 2927 B
554 2913 584 2917 -—
613 2897 764 2935 superior
789 2896 913 2926 aetheri
938 2896 1119 2926 Davisius:
1146 2896 1258 2934 superi
1278 2895 1389 2926 aelher
1405 2897 1450 2931 A;
1476 2896 1586 2933 superi
1604 2895 1787 2931 aellieri133
1814 2895 1924 2934 superi
1939 2895 2054 2925 etheris
2071 2895 2115 2929 C;

339 2946 489 2986 superior
513 2946 600 2976 ether
624 2946 667 2980 Ες
694 2947 846 2984 superior
869 2946 942 2976 aeri
966 2947 1151 2982 Manutius,
1180 2947 1224 2980 O;
1251 2954 1349 2984 super
1372 2953 1443 2975 eam
1468 2946 1530 2974 aer
1553 2945 1593 2975 sit
1617 2945 1819 2983 Madvigius.
1850 2962 1884 2967 —-
1912 2945 1963 2976 48.
1991 2947 2118 2975 terrene

340 3000 385 3033 Α,
418 3002 567 3026 termene
600 2997 622 3026 Β
659 3015 694 3018 -
732 2997 796 3027 sint
826 2997 890 3027 AB
919 3012 953 3018 —
987 2996 1038 3027 49.
1066 2996 1189 3026 aetiam
1214 2997 1278 3026 ΑΒ
1307 3013 1341 3017 -
1375 2996 1411 3025 rin
1436 2994 1618 3025 Davisius:
1657 3003 1727 3025 om.
1754 2993 1821 3026 (ΠΟ
1854 3011 1890 3016 -
1927 2994 1996 3034 iym'
2026 2993 2051 3024 Ο
2079 3011 2114 3016 -

339 3047 392 3077 2¹2.
417 3055 520 3085 porro
546 3046 792 3076 Heindortius:
817 3050 981 3085 postremo
1005 3044 1034 3078 <21
1061 3062 1094 3067 —
1123 3045 1175 3076 23.
1203 3045 1321 3084 aliquit
1345 3046 1368 3075 B
1385 3045 1408 3075 E
1429 3061 1462 3065 —
1491 3045 1742 3075 accomodatum
1766 3047 1790 3076 A
1806 3045 1830 3075 E
1850 3062 1884 3067 —-
1905 3044 1958 3076 ⁶24.
1977 3044 2118 3075 rationis

341 3095 368 3128 Qt
398 3113 431 3118 -
460 3095 511 3127 26.
538 3096 693 3135 adusserit
716 3098 754 3131 A,
782 3096 928 3135 attigerit
953 3096 1014 3126 BC
1031 3096 1054 3126 E
1082 3113 1117 3117 -
1144 3095 1192 3125 ica
1218 3096 1251 3125 in
1278 3103 1344 3125 ras.
1366 3098 1388 3125 A
1418 3112 1453 3116 —
1480 3095 1533 3126 029.
1558 3095 1793 3125 simulailudine
1816 3095 1879 3126 AB
1907 3110 1941 3114 —
1969 3092 2116 3124 3011171-

341 3154 442 3185 quam
467 3154 556 3177 corr.
585 3154 626 3176 ex
651 3154 834 3184 numquam
859 3148 883 3176 A
911 3162 944 3167 —
981 3145 1033 3176 33.
1060 3145 1162 3175 ullam
1185 3144 1303 3175 hubent,
1328 3145 1352 3175 O
1381 3162 1415 3167 -
1449 3144 1502 3176 35.
1528 3146 1809 3186 confirmationem
1833 3146 1857 3175 A
1874 3144 1897 3175 B
1926 3161 1960 3166 -
1996 3143 2048 3175 37.
2078 3145 2116 3176 Ut

344 3195 555 3235 Madvigius:
583 3198 617 3226 ut
641 3195 744 3235 iyilur
768 3194 847 3227 ⁸210.
877 3195 960 3226 Vide
986 3195 1029 3226 ad
1054 3204 1087 3235 p.
1116 3194 1190 3232 397,
1217 3196 1247 3225 2.
1277 3211 1310 3215 —
1342 3194 1399 3235 Ti]
1426 3195 1521 3226 ticum
1546 3194 1574 3227 ‘21
1598 3213 1640 3218 —-
1663 3195 1838 3226 Gracchum
1861 3195 1887 3226 Α
1913 3211 1947 3216 -—
1973 3193 2025 3225 38.
2052 3193 2113 3235 M.]

343 3254 456 3277 marco
480 3243 510 3277 <21
531 3262 562 3267 —
591 3244 781 3285 referentem
799 3246 822 3276 C
844 3261 877 3267 -
900 3244 953 3276 39.
972 3244 1017 3286 tu]
1036 3248 1104 3276 tum
1120 3244 1191 3281 AB;
1211 3252 1286 3276 cum
1303 3244 1347 3283 C;
1368 3248 1476 3276 (amen
1493 3246 1568 3286 (per
1592 3244 1797 3287 compend.)
1816 3245 1839 3277 E
1860 3261 1894 3267 -
1917 3245 2027 3278 octaua·
2043 3244 2110 3277 AB.
