2249 3624
242 128 325 175 466
852 136 922 177 DE
954 134 1181 176 DEORUM
1211 129 1430 173 NATURA

243 254 369 290 catur.
431 244 497 286 57.
530 244 877 297 Aesculapiorum
912 243 1068 298 primus
1099 239 1331 294 Apollinis,
1374 250 1500 291 quem
1533 235 1716 277 Arcades
1749 239 1885 281 colun.
1929 245 2000 298 qui

242 311 463 368 specillum
507 310 720 351 invenisse
757 308 1004 362 primusque
1039 306 1186 345 volnus
1219 302 1374 342 dicitur
1405 299 1680 352 obligavisse,
1721 304 1903 345 secunds
1939 321 2002 349 se-

241 376 368 417 cundi
401 374 598 416 Mercurii
631 373 784 412 frater:
828 373 863 411 is
895 370 1068 409 fulmine
1103 378 1325 420 percussus
1357 363 1512 403 dicitur
1543 364 1737 404 humatus
1772 379 1865 407 esse
1887 371 2004 424 Iyno..

242 441 377 482 suris:
411 439 559 480 tertius
591 435 760 489 Arsippi
794 440 835 474 et
855 434 1077 479 Arsinoae,
1111 431 1181 483 qui
1207 429 1364 482 primus
1388 427 1681 480 purgationem
1705 427 1787 468 alvi
1813 430 2003 488 denisque

209 503 529 549 immisionem,
562 505 607 540 ut
638 498 799 545 ferunt,
832 495 1018 543 invenit,
1051 493 1171 533 cuius
1205 492 1245 531 in
1279 490 1455 530 Arcadia
1490 503 1571 529 non
1605 489 1731 542 longe
1764 505 1787 532 a
1810 494 1906 535 Luo
1931 499 2005 539 flu-

242 568 354 608 mine
386 565 624 618 sepulcrum
658 566 698 601 et
730 561 847 600 lucus
879 558 1125 599 ostenditur.
1186 555 1341 595 XXlll.
1373 553 1621 606 Apollinum
1645 555 1934 608 antiquissiius
1957 561 2004 611 is,

242 643 367 685 quem
400 628 527 682 paulo
559 631 684 666 antea
716 637 737 664 e
770 622 955 662 Volcano
989 626 1129 660 natum
1157 632 1250 659 esse
1273 618 1361 657 dixi
1385 617 1602 657 custodem
1627 617 1871 660 Athenarun
1903 624 2006 666 alter

244 691 490 748 Corybantis
534 689 666 735 lilius,
707 692 831 727 natus
872 685 913 724 in
956 685 1101 731 Creta,
1145 683 1262 723 cuius
1306 682 1357 722 de
1400 682 1472 721 illa
1515 682 1654 721 insula
1687 695 1780 723 cum
1815 684 1877 724 on
1914 687 2004 741 ipso

241 763 452 798 certamen
485 754 616 794 fuisse
650 751 846 797 traditur,
890 749 1038 788 tertius
1074 748 1171 787 love
1203 747 1324 786 tertio
1359 751 1480 784 natus
1514 750 1555 785 et
1599 746 1781 793 Latona,
1824 761 1919 801 qum
1953 765 2005 793 ex

190 830 226 859 ⁴0
239 818 529 875 Hyperboreis
551 815 741 868 Delphos
763 813 904 852 ferunt
926 811 1170 857 advenisse,
1206 815 1381 863 quartus
1405 808 1446 847 in
1470 808 1671 855 Arcadia,
1706 823 1830 863 quem
1854 815 2004 856 Asades

244 885 414 938 [Νόμιον
453 880 689 936 appellant,
733 875 849 930 quod
889 875 940 914 ab
983 887 1032 913 eo
1075 888 1119 913 se
1165 872 1278 925 leges
1318 872 1458 911 serunt
1488 873 1718 924 accepisse.
1780 872 1846 913 538.
1890 877 2005 918 ianae

240 947 338 988 item
372 946 539 1000 plures:
573 942 704 996 prima
738 940 848 979 lovis
881 943 921 977 et
953 937 1249 990 Proserpinae,
1283 949 1393 989 quae
1427 936 1648 989 pinnatum
1683 936 1904 989 Cupidinei
1938 954 2007 993 ge.

239 1010 383 1051 nuisse
415 1008 590 1054 dicitur,
622 1003 806 1045 secunda
840 1002 1001 1048 notior,
1035 1014 1159 1054 quam
1197 1001 1294 1039 love
1328 999 1451 1038 tertio
1485 1005 1526 1038 et
1554 999 1714 1039 Latona
1747 1007 2007 1045 natanacce-

239 1073 405 1128 pimus;
455 1071 603 1112 tertiae
644 1075 763 1122 pater
805 1067 905 1119 Upis
951 1066 1147 1112 traditur,
1196 1064 1351 1103 Glauce
1393 1069 1552 1111 mater3
1604 1077 1694 1103 eam
1729 1078 1857 1118 saepe
1899 1067 2005 1107 raeci

189 1146 225 1175 45
242 1138 357 1191 Upim
393 1141 566 1190 paterno
588 1133 758 1172 nomine
781 1129 1007 1184 appellant.
1057 1129 1262 1182 Dionysos
1289 1127 1444 1166 multos
1469 1127 1704 1167 habemus:
1737 1129 1886 1181 primu·
1914 1131 2007 1171 love

240 1207 281 1242 et
314 1199 564 1252 Proserpina
597 1202 766 1242 natum,
800 1193 1030 1233 seeundum
1055 1192 1164 1238 Nilo,
1198 1193 1268 1245 qui
1295 1193 1448 1245 Nysam
1473 1190 1628 1230 dieitur
1651 1191 1900 1236 interemisf.
1925 1200 2005 1234 ter-

242 1266 341 1306 tium
378 1263 527 1303 Cabiro
563 1266 696 1315 patre,
739 1271 921 1311 eumque
955 1270 1092 1307 regem
1128 1256 1250 1295 Asiae
1285 1256 1519 1308 praefuisse
1553 1255 1720 1302 dieunt,
1764 1256 1828 1296 rui
1865 1258 2008 1299 t-bazia

240 1333 338 1369 sunt
369 1327 581 1373 instituta,
615 1328 810 1378 quartum
848 1322 943 1359 love,
972 1327 1013 1359 ct
1038 1321 1173 1366 Luna,
1207 1321 1270 1359 eui
1303 1333 1418 1359 saera
1445 1318 1629 1372 (lrpliiea
1656 1325 1858 1371 putantur
1889 1320 2007 1370 inlici,

240 1391 433 1445 quintum
465 1390 565 1429 Niso
598 1394 740 1428 natum
775 1391 816 1425 et
847 1386 1041 1438 Thyone,
1075 1397 1096 1423 a
1130 1396 1213 1436 quo
1247 1384 1506 1423 'l‘rieterides
1540 1384 1793 1422 constitutae
1828 1392 2006 1438 puintur.

189 1463 226 1494 20
240 1452 308 1496 59.
340 1455 480 1495 Venus
512 1453 647 1506 prima
670 1449 794 1490 Caelo
828 1454 867 1488 et
899 1448 972 1486 nie
998 1454 1110 1494 nata,
1145 1447 1264 1486 euius
1290 1448 1408 1487 Elide
1432 1447 1655 1486 delubrum
1684 1446 2008 1493 vi‹linius‚iltera

241 1533 390 1574 spuma
424 1522 663 1572 procreata,
697 1528 749 1554 ex
783 1527 864 1567 qua
898 1518 938 1551 et
972 1511 1177 1551 Mercurio
1203 1512 1454 1564 Cupidinem
1490 1510 1726 1550 seeundum
1752 1518 2007 1553 natunaece-

241 1584 401 1638 pimus,
445 1580 565 1621 tec-iia
611 1581 706 1618 love
749 1583 844 1616 nata
879 1582 918 1616 et
953 1577 1104 1623 Diona,
1149 1589 1258 1629 quae
1293 1576 1437 1628 nupsit
1473 1575 1682 1622 Volezuio,
1725 1575 1798 1614 sed
1834 1588 1936 1615 exea
1968 1579 2008 1616 et

242 1648 372 1687 Marte
419 1651 541 1684 natus
582 1644 759 1682 Anteros
803 1641 977 1686 dieitur,
1027 1645 1174 1692 quarta
1220 1640 1337 1692 Syria
1386 1641 1611 1692 Cyproque,
1655 1644 2006 1693 conceptaquae

241 1712 405 1752 Astarte
448 1712 637 1753 voratur,
681 1719 805 1759 qutun
839 1703 1021 1743 Adonidi
1066 1702 1259 1755 nupsisse,
1295 1703 1508 1755 proditum
1544 1707 1619 1741 est.
1674 1703 1860 1741 Minerva
1895 1705 2006 1751 rima,

191 1780 368 1828 25quam
394 1771 604 1825 Apollinis
637 1776 809 1809 matrem
840 1782 963 1820 supra
987 1767 1192 1813 diximus,
1226 1766 1412 1805 secunda
1436 1771 1527 1805 orta
1552 1766 1665 1812 Nilo,
1699 1779 1822 1819 quam
1846 1767 2007 1820 A-,ryptii

244 1838 384 1878 Saitae
417 1836 575 1880 colunt,
609 1834 728 1873 tertia
762 1832 854 1878 illa,
888 1844 1014 1885 quam
1047 1844 1069 1869 a
1106 1831 1200 1869 love
1233 1836 1473 1881 generatam
1500 1829 1861 1883 supradiximus,
1897 1835 2008 1871 uaria

242 1901 342 1942 love
375 1906 472 1939 nata
505 1904 545 1938 et
578 1897 796 1951 Coryphe,
830 1895 986 1935 tii-caui
1023 1894 1127 1941 lilia,
1163 1908 1287 1948 quam
1323 1893 1506 1933 Ari-ades
1540 1894 1720 1949 Κορέαν
1752 1895 1939 1934 nomiint
1970 1898 2010 1935 et

244 1965 541 2020 quadrigarum
582 1961 853 2001 inventricem
892 1959 1054 2006 serunt,
1101 1958 1249 2012 quinta
1284 1958 1502 2005 l‘allantis,
1551 1971 1660 2011 quae
1695 1963 1854 2010 patrem
1891 1959 2010 1998 icitur

242 2029 506 2071 interemisse
547 2025 831 2077 virginitatem
875 2037 992 2062 suani
1032 2022 1190 2061 violare
1232 2029 1473 2069 conantem,
1517 2022 1583 2061 eui
1630 2022 1854 2075 pinnarum
1888 2021 2009 2062 ¹{laria

192 2092 443 2146 30adiigunt·
504 2088 571 2129 (30.
605 2088 767 2142 Cupido
816 2087 973 2141 primus
1018 2087 1226 2125 Mercurio
1275 2094 1312 2126 et
1361 2087 1491 2125 niana
1538 2086 1671 2139 prima
1715 2092 1837 2127 natus
1876 2086 2008 2134 icitur,

244 2155 455 2198 secundus
498 2153 703 2195 Mercurio
749 2158 788 2192 et
822 2152 985 2191 Venere
1031 2150 1236 2198 secunda,
1284 2151 1449 2197 tertius,
1498 2150 1570 2204 qui
1611 2149 1722 2190 idem
1756 2155 1819 2190 est
1850 2151 2008 2197 Ateros,

244 2222 376 2262 Marte
409 2224 451 2260 et
481 2219 644 2259 Venere
677 2217 813 2257 tertia.
856 2218 995 2270 Atque
1028 2215 1130 2255 hacc
1161 2215 1334 2269 quidem
1364 2215 1532 2268 aliaque
1566 2214 1658 2255 eius
1691 2214 1802 2255 modi
1826 2219 2009 2254 exetere

335 2410 365 2441 t.
393 2407 613 2448 asclepiorum
636 2413 816 2446 superscr.
835 2405 1104 2443 aesr·ulapi‹»·imi
1131 2405 1168 2435 (Ζ.
1198 2403 1246 2434 (Is.
1267 2404 1287 2443 §
1306 2404 1358 2434 339.
1388 2421 1422 2425 —
1451 2403 1613 2434 archades
1632 2403 1656 2433 V
1675 2403 1833 2445 (ubique)
1856 2420 1873 2425 —
1892 2402 1918 2434 2.
1938 2410 2010 2442 spe-

244 2460 357 2493 cillum
381 2467 560 2501 superscr.
587 2457 679 2488 ulum
706 2456 750 2493 V;
777 2456 945 2495 speculum
972 2457 993 2486 l’
1023 2472 1057 2476 —
1086 2455 1116 2486 3.
1144 2454 1303 2485 mercurii
1329 2463 1419 2485 eorr.
1441 2463 1479 2485 ex
1500 2455 1646 2485 mercuri
1672 2456 1697 2486 A
1714 2456 1763 2492 (13
1789 2455 1905 2486 merc-i
1931 2454 1952 2485 Β
1973 2469 2007 2476 -

244 2511 271 2542 is
296 2519 386 2542 corr.
414 2519 453 2542 ex
480 2510 528 2540 liis
555 2509 579 2539 V
609 2527 642 2530 —
670 2508 848 2549 yyuosuris
872 2509 896 2538 A
913 2508 937 2537 (2
955 2507 995 2545 E,
1029 2507 1200 2547 gyinosuris
1225 2515 1314 2537 corr.
1345 2507 1376 2537 in
1403 2506 1567 2536 ciuosuris
1594 2505 1619 2535 V
1647 2523 1681 2527 -
1718 2505 1749 2538 4,
1777 2507 1881 2537 orsini
1905 2507 1928 2537 Α
1947 2503 2007 2536 BC

249 2579 284 2585 -
310 2562 341 2593 6.
368 2561 461 2593 lucus
492 2560 598 2602 priori
631 2568 652 2590 u
683 2567 863 2599 superscr.
891 2567 908 2589 ο
935 2558 959 2588 V
996 2574 1028 2579 —
1065 2557 1095 2588 7.
1124 2561 1223 2589 aulea
1254 2560 1275 2588 A
1296 2558 1358 2587 Β(ἶ
1376 2556 1423 2586 V:
1458 2561 1534 2588 unic·
1568 2557 1669 2589 {31¹0
1699 2574 1733 2579 —
1762 2567 1778 2589 e
1802 2556 1854 2590 Ἧι
1888 2568 1898 2587 ;
1923 2557 1947 2587 O
1972 2572 2007 2578 —

246 2613 277 2645 9.
304 2612 357 2654 eac]
390 2616 419 2644 cl
444 2613 468 2643 A
506 2629 539 2633 -
575 2611 627 2642 41.
658 2606 809 2651 Νόμιον
844 2609 1012 2640 unctius:
1051 2609 1239 2639 montionem
1265 2606 1305 2639 Ἦ.
1346 2607 1396 2638 (Is.
1427 2607 1594 2639 Clemens
1619 2607 1716 2640 Alex.
1747 2610 1857 2641 l'rotr.
1914 2608 1945 2640 8.
1974 2624 2008 2630 -—

246 2664 402 2703 accipisse
428 2664 449 2693 B
467 2662 489 2693 E
517 2679 551 2683 —
581 2662 633 2693 42.
658 2663 843 2701 pennatum
870 2660 891 2691 B
909 2660 932 2691 1⁴]
962 2678 995 2682 —
1028 2660 1077 2691 13.
1105 2661 1215 2691 notior
1240 2668 1331 2690 corr.
1352 2668 1425 2690 sec.
1447 2668 1493 2690 iu.
1515 2668 1555 2690 ex
1583 2659 1686 2690 uilior
1710 2660 1736 2690 V
1757 2677 1790 2683 —
1819 2659 2010 2692 accimusP

250 2732 285 2737 —-
306 2713 357 2745 lli.
385 2713 501 2745 tertiae
522 2715 620 2752 paler
636 2729 683 2735 -—
702 2715 818 2743 natum
842 2711 1030 2751 accepimus
1048 2714 1091 2750 (v.
1111 2711 1165 2749 21)
1192 2719 1263 2742 om.
1284 2711 1307 2741 t:
1338 2727 1372 2732 —
1401 2710 1501 2741 tercia
1523 2714 1622 2750 pali-c
1642 2720 1734 2743 corr.
1755 2721 1796 2743 ex
1815 2714 1904 2743 terne
1918 2712 2013 2750 paler

248 2765 296 2801 B;
323 2765 421 2795 tertia
446 2771 461 2794 e
480 2765 579 2802 palre
603 2762 627 2794 Ε
655 2779 689 2783 -
721 2763 843 2793 Graeci
867 2770 962 2800 saepe
989 2762 1014 2792 Ο
1043 2779 1077 2783 -
1113 2762 1165 2792 45.
1193 2761 1346 2799 dyont'sos
1371 2769 1461 2791 corr.
1490 2761 1522 2792 in
1549 2761 1715 2800 dyonisius
1740 2763 1783 2801 Α,
1818 2761 1952 2801 dyosios
1975 2759 2010 2798 P,

247 2814 402 2847 dionisios
428 2814 450 2844 E
476 2831 518 2836 —-
545 2813 597 2845 46.
624 2813 733 2844 uisam
760 2813 785 2844 V
814 2830 848 2835 —
878 2813 929 2844 ⁴7.
957 2812 1076 2844 Cabiro
1110 2813 1175 2843 lac.
1206 2813 1424 2843 Gronovius:
1458 2813 1576 2851 caprio
1601 2813 1626 2844 A
1646 2813 1767 2850 ΒΕΡ,
1802 2822 1896 2853 capr)
1923 2811 1948 2841 V
1975 2827 2009 2833 —

242 2866 406 2906 persuisse
423 2864 461 2895 V¹
482 2882 516 2887 —
544 2864 597 2895 cui
621 2863 769 2895 Sabazia
788 2863 961 2894 Manutius
977 2871 983 2892 :
1010 2863 1105 2893 cuius
1124 2862 1253 2893 abazeu
1269 2864 1295 2893 A
1312 2862 1354 2899 Ε,
1382 2861 1476 2892 cuius
1500 2862 1654 2894 abazaea
1679 2863 1702 2894 B
1721 2863 1743 2894 P
1759 2862 1785 2894 V
1802 2873 1807 2899 ;
1834 2858 2010 2893 cucabiria

250 2917 460 2952 Creuzcrus,
487 2914 512 2945 O
535 2931 569 2936 —
593 2914 645 2946 48.
672 2914 788 2954 confici
812 2921 903 2945 corr.
932 2922 974 2944 ex
994 2913 1119 2953 confeci
1136 2915 1160 2945 A
1179 2913 1204 2943 V
1226 2930 1259 2934 —
1293 2912 1345 2943 ⁴9.
1366 2912 1472 2943 {bione
1498 2913 1521 2943 B
1538 2913 1562 2944 E
1586 2930 1621 2935 -
1645 2913 1698 2944 ΞΟ.
1726 2912 1914 2945 οἰίᾶσίαὺιηι
1931 2912 1955 2942 Α
1970 2907 2007 2948 V,

248 2966 289 2998 eli
307 2966 409 3004 (corr.
430 2965 462 2995 iu
486 2964 557 3004 heli)
576 2964 748 2995 delubrum
766 2965 802 3002 Β,
828 2964 880 2995 cli.
900 2962 1073 2994 delubrum
1090 2965 1125 3000 P,
1151 2963 1229 2995 belis
1246 2962 1420 2994 delubrum
1439 2963 1461 2995 E
1487 2980 1521 2985 —
1550 2963 1698 2995 uidimus
1719 2972 1811 2995 corr.
1832 2972 1881 2995 ea*
1901 2970 1947 2993 m.
1968 2965 2009 2991 ex

247 3017 397 3048 uidemus
420 3015 447 3045 V
470 3032 499 3037 —
523 3015 577 3045 Ἥ.
597 3015 780 3054 accipimus
805 3015 827 3045 P
847 3030 881 3035 -
902 3014 955 3045 22.
982 3014 1078 3045 terlio
1103 3013 1127 3043 B
1149 3031 1183 3035 —
1206 3012 1258 3044 ²23.
1278 3016 1412 3044 anlcros
1436 3022 1527 3045 corr.
1553 3014 1585 3045 in
1603 3017 1779 3046 anteneros
1801 3014 1827 3046 A
1843 3014 1867 3045 Β
1886 3029 1892 3032 -
1919 3009 2010 3049 syria

249 3074 430 3108 superscr.
456 3065 534 3097 silla
557 3064 585 3095 V
613 3083 646 3088 —-
679 3065 852 3105 Cyproque
876 3065 932 3104 (ex
956 3063 1117 3105 Ampelio
1143 3065 1178 3094 et
1202 3065 1248 3095 lo.
1278 3062 1389 3104 Lydo)
1416 3064 1637 3097 Creuzerus:
1673 3073 1818 3104 cyroque
1842 3065 1867 3096 A
1892 3062 1915 3095 C
1931 3059 2006 3099 PV,

248 3120 389 3157 tyroque
413 3115 437 3147 E
473 3132 507 3138 —
542 3115 595 3146 25
621 3115 782 3153 apollonis
805 3116 832 3146 A
849 3112 887 3146 V¹
915 3131 950 3136 ——
983 3115 1037 3146 26.
1064 3114 1212 3146 salaciae
1235 3116 1279 3154 A,
1305 3115 1431 3147 salome
1456 3116 1478 3147 B
1495 3116 1539 3154 C,
1565 3115 1664 3148 saleto
1688 3116 1713 3148 E
1730 3115 1773 3155 V,
1799 3114 1902 3147 salem
1926 3113 1949 3144 P
1974 3125 2009 3132 —-

249 3175 271 3198 a
294 3167 358 3198 AB
374 3166 398 3197 C
414 3166 460 3197 P:
487 3172 558 3195 om.
587 3164 610 3195 E
625 3164 651 3195 V
666 3165 690 3195 O
720 3182 754 3188 --
781 3166 834 3197 ⁶27.
861 3165 975 3204 corufe
998 3166 1025 3197 A
1041 3165 1063 3196 Β
1079 3165 1104 3197 C
1122 3164 1144 3196 E
1161 3164 1188 3195 V
1215 3165 1405 3206 (superscr.
1425 3174 1545 3198 coruce
1570 3166 1607 3207 V)
1638 3183 1672 3188 —
1700 3165 1846 3211 Κορέαν
1871 3171 1902 3195 rs
1921 3171 1926 3192 :
1953 3168 2010 3193 co-

248 3217 327 3248 rian
352 3217 378 3247 A
394 3216 416 3247 Β
432 3215 456 3247 C
473 3215 497 3246 E
513 3215 537 3245 V
563 3214 595 3255 (n
620 3215 651 3245 iu
678 3223 747 3247 ras.
766 3215 821 3255 B);
853 3216 988 3248 Cot-iam
1012 3216 1037 3247 Ο
1059 3232 1094 3237 -
1121 3215 1175 3246 29.
1201 3217 1362 3255 pinorum
1387 3225 1479 3248 corr.
1500 3217 1533 3248 in
1557 3225 1724 3257 penarum
1740 3218 1790 3253 A;
1813 3219 1969 3256 pemrum
1985 3207 2010 3242 Ε

252 3283 287 3289 -
316 3266 369 3298 3⁴.
396 3265 454 3307 qui
476 3265 561 3296 idem
586 3264 767 3296 Davisius:
795 3266 926 3306 quidem
951 3264 981 3299 21
1007 3282 1043 3287 —
1071 3268 1204 3297 anteros
1228 3274 1320 3299 corr.
1349 3267 1383 3298 in
1409 3269 1585 3301 anteneros
1608 3267 1673 3300 AB
1695 3285 1730 3291 —
1750 3265 1804 3299 32.
1823 3265 1927 3298 alicua
1943 3262 2011 3294 Da·

250 3316 382 3350 visius:
410 3318 509 3356 alque
532 3313 580 3354 V3
605 3316 636 3346 el
660 3314 760 3353 B²O;
788 3323 858 3349 om.
885 3316 1096 3350 AB¹CEP.
1125 3315 1175 3350 Cf.
1202 3324 1239 3359 p.
1258 3316 1334 3359 467,
1362 3317 1414 3350 ⁴6.
