2249 3624
508 141 595 181 Lm.
628 141 695 181 1v.
741 140 837 180 ομ».
869 140 1215 180 xxiv—xxv.
1252 138 1312 193 ὃς
1344 138 1535 179 52—55.
1863 138 1935 180 321

176 264 257 303 quo
290 248 412 288 modo
444 248 570 300 igitur
604 248 889 301 Chrysippus?
937 248 1153 287 Fortitudo
1186 253 1270 293 est,
1302 248 1458 300 inquit,
1491 247 1664 287 scientia
1693 261 1828 286 rerum
1853 260 1942 300 per-

174 310 436 352 serendarum
476 310 539 349 vel
580 310 759 349 adfectio
801 311 928 350 animi
971 311 1010 349 in
1052 310 1252 362 patiendo
1285 324 1330 349 ac
1366 305 1829 362 perferendosummae
1862 309 1941 360 legi

176 387 325 426 parens
356 372 444 411 sine
468 373 628 411 timore.
675 372 874 420 Quamvis
899 372 994 411 licet
1023 373 1275 412 insectemur
1298 373 1411 418 istos,
1446 378 1489 411 ut
1513 372 1747 411 Carneades
1769 371 1942 415 solebat,

176 442 315 476 metuo
347 448 399 474 ne
431 434 509 473 soli
543 434 778 486 philosophi
801 434 896 473 sint.
936 436 1051 482 Quae
1074 435 1183 473 enim
1208 435 1376 473 istarum
1401 434 1684 473 delinitionum
1708 448 1791 472 non
1814 433 1946 486 aperit

178 497 389 537 notionem
429 502 627 542 nostram,
668 510 790 548 quain
833 496 1034 536 habemus
1077 511 1220 536 omnes
1262 497 1313 535 dc
1353 496 1597 535 fortitudine
1640 503 1787 535 tectam
1820 502 1977 548 atque5

176 559 434 600 involutam?
467 572 548 611 qua
579 565 720 611 aperta
753 559 847 611 quis
879 566 941 598 est
973 560 1044 612 qui
1077 567 1147 598 aut
1179 559 1366 598 bellatori
1400 565 1469 597 aut
1502 559 1739 611 imperatori
1763 565 1833 597 aut
1856 572 1946 596 ora-

176 623 252 662 tori
292 628 465 675 quaerat
509 621 670 674 aliquid
711 634 847 673 neque
891 636 960 660 eos
1004 622 1228 661 existumet
1270 622 1356 660 sine
1390 621 1501 660 rabie
1534 622 1755 673 quicquam
1789 619 1948 658 sortiter

174 684 306 724 facere
339 686 495 736 posse?
543 681 609 722 54.
643 683 783 731 Quid?
817 684 965 729 Stoici,
999 684 1069 736 qui
1103 698 1246 722 omnes
1278 683 1524 736 insipientes
1557 684 1726 722 insanos
1759 696 1849 721 esse
1884 681 1945 720 di—

175 752 289 792 cunt,
325 759 462 785 nonne
496 747 571 785 ista
603 745 849 797 conligunt?
882 747 1062 785 Remove
1099 747 1437 798 perturbationes
1471 760 1750 797 maxumeque
1784 746 1947 784 iracun-

175 808 304 848 diam:
336 809 415 848 iani
450 809 702 848 videbuntur
733 815 915 847 monstra
948 807 1099 847 dicere.
1149 809 1263 847 Nunc
1296 815 1434 847 autem
1468 808 1523 847 ita
1557 808 1778 854 disserunt,
1814 809 1872 847 sic
1905 823 1947 847 se
1968 819 1999 846 ιυ

174 871 309 911 dicere
341 885 485 912 omnes
518 873 666 912 stultos
699 872 905 918 insanire,
940 879 983 912 ut
1014 872 1120 911 male
1144 872 1257 910 olere
1282 883 1403 909 omne
1428 884 1615 910 caenum.
1662 873 1713 910 At
1737 885 1816 909 non
1842 886 1947 910 sem-

173 948 259 986 per.
306 933 548 975 Commove:
591 935 758 974 senties.
809 934 874 973 Sic
913 934 1135 974 iracundus
1169 948 1250 973 non
1284 946 1447 986 semper
1480 933 1606 972 iratus
1639 940 1723 979 est;
1767 934 1947 972 lacesse:

172 997 251 1036 iam
284 996 444 1036 videbis
474 997 692 1036 furentem.
736 996 874 1044 Quid?
909 997 984 1036 ista
1013 997 1207 1036 bellatrix
1233 995 1466 1041 iracundia,
1501 1009 1593 1034 cum
1620 995 1790 1034 domum
1815 995 1948 1039 rediit,

173 1059 308 1112 qualis
331 1065 394 1099 est
414 1072 506 1098 cum
530 1073 673 1106 uxore,
706 1073 797 1098 cum
831 1059 985 1105 liberis,
1017 1073 1108 1098 cum
1132 1058 1314 1098 familia?
1347 1071 1397 1096 an
1423 1063 1506 1096 tum
1532 1071 1701 1110 quoque
1725 1064 1786 1097 cst
1809 1058 1948 1097 utilis?

173 1122 245 1160 Est
277 1121 402 1173 igitur
433 1121 615 1174 aliquid,
648 1121 761 1175 quod
796 1122 1034 1174 perturbata
1063 1135 1178 1160 mens
1202 1120 1348 1159 melius
1382 1121 1514 1172 possit
1546 1120 1681 1159 facere
1707 1134 1828 1172 quam
1852 1131 1999 1158 ron-ic,

174 1186 315 1224 stans?
348 1198 399 1223 an
433 1184 655 1237 quisquam
691 1190 827 1237 potest
857 1185 947 1223 sine
982 1183 1293 1237 perturbatione
1326 1183 1476 1222 mentis
1504 1182 1654 1221 irasci?
1688 1184 1799 1221 Bene
1824 1183 1950 1234 igitur

174 1246 326 1292 nostri,
368 1260 461 1285 cum
494 1247 632 1286 omnia
665 1253 803 1286 essent
837 1247 876 1285 in
911 1247 1098 1286 moribus
1127 1247 1247 1292 vitia,
1280 1245 1393 1298 quod
1428 1245 1586 1284 nullum
1619 1252 1706 1284 erat
1739 1245 1949 1284 iracundia

173 1306 356 1354 foedius,
389 1308 614 1348 iracundos
646 1310 760 1349 solos
793 1322 984 1348 morosos
1016 1310 1352 1348 nominaverunt.

287 1370 417 1410 XXV.
451 1369 519 1410 55.
553 1372 771 1411 Oratorem
795 1384 892 1411 vero
924 1371 1043 1411 irasci
1074 1371 1243 1410 minime
1265 1371 1404 1418 decet,
1437 1369 1632 1410 simulare
1656 1384 1739 1410 non
1763 1371 1947 1411 dedecet.

176 1435 238 1472 Au
280 1432 352 1472 tibi
395 1433 518 1473 irasci
552 1441 636 1473 tum
670 1434 879 1480 videmur,
919 1448 1012 1473 cum
1045 1434 1144 1487 quid
1176 1434 1217 1473 in
1250 1433 1387 1473 causis
1419 1434 1555 1473 acrius
1588 1440 1628 1473 et
1661 1432 1949 1472 vehementius
1965 1444 1999 1470 20

177 1494 382 1534 dicimus?
415 1497 516 1548 quid
529 1498 545 1535 ·2
578 1510 671 1536 cum
705 1497 785 1536 iam
818 1497 941 1536 rebus
974 1496 1193 1536 transactis
1227 1503 1267 1536 et
1298 1496 1532 1548 praeteritis
1566 1497 1774 1536 orationes
1807 1494 1950 1535 scribi-

174 1570 285 1604 mus,
318 1571 415 1597 num
447 1558 541 1598 irati
574 1559 824 1599 scribimus?

283 1620 480 1674 Ecquis
512 1619 606 1660 hoc
638 1617 1052 1662 animadvertit?
1087 1622 1303 1661 vincite!

172 1695 268 1722 num
299 1689 372 1722 aut
403 1683 538 1736 egisse
570 1697 768 1738 umquam
801 1686 951 1724 iratum
973 1687 1182 1738 Aesopum
1218 1691 1287 1724 aut
1309 1685 1530 1737 scripsisse
1555 1685 1768 1725 existimas
1797 1682 1946 1722 iratum

172 1745 368 1785 Accium?
405 1748 596 1798 Aguntur
632 1747 711 1786 ista
750 1747 962 1800 praeclare
994 1754 1034 1787 et
1066 1748 1116 1787 ab
1150 1754 1313 1787 oratore
1347 1747 1517 1800 quidem
1550 1747 1717 1792 melius,
1756 1745 1789 1784 si
1824 1742 1946 1783 modo
1961 1756 1996 1784 ⁵25

173 1813 235 1846 est
265 1814 420 1855 orator,
463 1822 587 1862 quam
618 1809 669 1848 ab
700 1810 785 1850 ullo
817 1810 1042 1857 histrione,
1084 1810 1156 1850 sed
1198 1816 1380 1862 aguntur
1410 1810 1559 1848 leniter
1590 1816 1629 1849 et
1661 1815 1799 1848 mente
1833 1814 1944 1846 tran-

173 1869 315 1924 quilla.
359 1871 595 1911 Libidinem
637 1886 733 1912 vero
776 1873 944 1912 laudare
977 1873 1094 1912 cuius
1127 1879 1189 1912 est
1222 1871 1443 1911 libidinis?
1485 1871 1809 1912 Themistoclem
1842 1870 1942 1908 mihi

173 1939 213 1972 et
251 1933 563 1974 Demosthenen
607 1935 825 1988 profertis:
866 1934 1019 1975 additis
1052 1935 1332 1988 Pythagoran,
1370 1936 1676 1981 Democritum,
1714 1934 1943 1973 Platonem.

174 1994 312 2043 Quid?
344 2009 418 2036 vos
451 1997 588 2037 studia
619 1996 836 2038 libidinem
872 1998 1058 2038 vocatis?
1100 2011 1207 2051 quae
1241 1997 1305 2037 vel
1338 1997 1590 2050 optimarum
1623 2011 1779 2041 rerum,
1822 2001 1866 2035 ut
1897 2008 1944 2034 ea

171 2064 286 2105 sunt,
319 2072 427 2111 quae
458 2059 672 2113 profertis,
706 2059 849 2101 sedata
881 2067 1018 2100 tamen
1051 2066 1090 2100 et
1120 2059 1347 2114 tranquilla
1379 2073 1470 2099 esse
1493 2059 1680 2109 debent..
1703 2060 1787 2098 lam
1811 2058 1944 2109 aegri·
1958 2068 1994 2096 3ο

171 2118 358 2160 tudinem
390 2120 581 2170 laudare,
623 2137 746 2163 unam
790 2137 876 2163 rem
915 2123 1095 2163 maxime
1127 2121 1436 2169 detestabilem,
1471 2135 1651 2175 quorum
1684 2128 1745 2161 est
1777 2120 1943 2160 tandem

171 2180 551 2237 philosophorum?
583 2188 635 2226 At
664 2186 882 2226 commode
914 2184 1019 2227 dixit
1050 2185 1266 2225 Afranius:

393 2249 514 2288 Dum
547 2248 697 2289 modo
729 2249 908 2289 doleat
938 2248 1163 2302 aliquid,
1197 2247 1377 2287 doleat
1409 2247 1689 2300 quidlibet.

174 2418 243 2451 Fin.
270 2421 310 2458 V,
338 2420 377 2453 42
403 2422 536 2462 (bestiis.
564 2431 664 2461 quae
684 2423 821 2462 primo
839 2440 886 2444 —-
903 2425 1173 2459 continerent,
1206 2422 1319 2452 deinde
1343 2430 1400 2451 suo
1425 2428 1614 2459 quaeque
1641 2420 1787 2458 appetitu
1811 2427 1942 2448 move-

173 2471 266 2511 tur).
293 2472 446 2503 Gramm.
474 2472 494 2504 l.
516 2484 545 2503 c.
573 2474 643 2504 Cic.
665 2473 708 2504 de
728 2473 797 2504 rin.
819 2473 856 2506 V.
877 2473 928 2504 7¹2.
958 2471 1047 2503 Lael.
1070 2472 1144 2511 §82
1169 2472 1312 2502 homines
1327 2472 1506 2510 -primum
1523 2487 1539 2492 —
1556 2469 1774 2508 imperabunt,
1801 2468 1942 2498 deinde-

173 2521 357 2560 gaudebunt
389 2523 566 2561 omniaque
600 2523 711 2553 alter
738 2532 801 2562 pro
831 2522 934 2553 altero
966 2523 1169 2560 suscipiet
1200 2521 1462 2559 neque-aller
1493 2519 1534 2550 ab
1558 2520 1661 2549 altero
1691 2516 1939 2556 postulabit,

173 2572 520 2611 neque—verebuntur
545 2579 637 2611 (cum
661 2581 730 2613 quo
756 2572 832 2604 loco
856 2573 1056 2603 Ochsnerus
1083 2569 1151 2602 Ecl.
1179 2580 1211 2611 p.
1238 2570 1298 2601 ²237
1325 2570 1459 2601 confert
1483 2570 1624 2599 sueton.
1650 2568 1750 2599 Caes.
1770 2566 1810 2597 89
1836 2566 1943 2596 Dam-

173 2622 242 2652 nati
265 2631 373 2654 omnes
396 2623 505 2653 alius
529 2623 594 2654 alio
618 2631 697 2654 casu
717 2622 877 2662 periit):
913 2622 1041 2662 quibus
1067 2620 1150 2652 locis
1175 2619 1358 2657 omnibus,
1390 2621 1425 2649 ut
1451 2618 1494 2648 de
1520 2619 1558 2649 N.
1587 2618 1624 2647 D.
1654 2617 1676 2651 l,
1704 2616 1722 2646 9
1748 2615 1858 2654 (series
1882 2624 1943 2646 re—

173 2680 276 2710 rum,
301 2676 337 2703 ut
361 2673 449 2704 alia
473 2682 516 2704 eit:
539 2674 608 2704 alia
632 2682 741 2704 nexa
765 2677 794 2704 et
818 2682 927 2704 omnes
950 2673 1033 2703 inter
1049 2681 1081 2702 se
1097 2675 1195 2710 aptae
1212 2689 1229 2693 -
1246 2669 1448 2708 videantur).
1477 2676 1508 2707 p.
1530 2668 1617 2697 Sesti.
1638 2666 1656 2705 ,ξ
1674 2664 1714 2696 74
1732 2665 1819 2704 (cum
1835 2673 1943 2694 omnes

173 2723 322 2753 certatim
353 2723 546 2761 aliusque
577 2724 644 2754 alio
673 2722 1063 2763 oranius-diffisset).
1101 2721 1143 2751 ad
1172 2721 1264 2751 Fam.
1293 2719 1362 2754 Vll,
1390 2717 1443 2755 ’24
1471 2718 1489 2748 2
1514 2716 1632 2756 (Habes
1656 2715 1777 2745 §ardes
1799 2714 1943 2751 venales,

175 2771 302 2804 alium
325 2773 392 2804 alio
416 2773 680 2813 nequiorem).
715 2774 751 2804 T.
781 2774 818 2804 l).
846 2773 901 2811 IV,
927 2773 962 2804 84
994 2771 1172 2811 (eorum—,
1198 2774 1234 2800 ut
1257 2770 1295 2800 sit
1321 2769 1434 2799 alias
1457 2768 1500 2797 ad
1524 2766 1608 2796 alios
1632 2767 1737 2795 motus
1754 2764 1943 2802 -procii-

173 2822 278 2862 υἱον)
310 2822 551 2863 praedicatum
586 2824 696 2863 (cuius
728 2822 845 2854 locum
878 2823 983 2853 etiam
1013 2822 1203 2860 nequiorem
1235 2822 1267 2850 et
1298 2818 1478 2857 proclivior
1511 2815 1677 2850 obtinent,
1715 2812 1944 2853 praecedenti

173 2870 258 2902 alius
280 2871 391 2911 (alter,
416 2872 578 2912 quisque),
606 2882 675 2904 non
696 2875 876 2913 sequenti,
904 2871 1212 2903 accommodatum
1232 2871 1295 2900 est.
1323 2865 1547 2899 Restituenda
1567 2867 1619 2895 est
1644 2864 1746 2902 igitur
1762 2861 1945 2901 archetypi

175 2920 344 2960 scriptura
369 2922 575 2953 declarant.»
602 2923 655 2953 W.
684 2940 718 2944 —
746 2924 776 2954 9.
803 2931 1050 2961 memoriaeque
1075 2924 1097 2952 (i
1114 2922 1138 2952 R
1166 2919 1239 2959 (sed
1264 2919 1297 2949 in
1316 2920 1340 2947 G
1358 2926 1379 2947 a
1396 2919 1476 2947 ante
1493 2925 1509 2946 e
1527 2915 1701 2956 punc-tata)
1724 2929 1757 2933 —
1779 2912 1831 2942 110.
1850 2920 1945 2942 mon-

175 2972 243 3000 stra
266 2968 360 3002 R²Bz
393 2976 519 3003 mostra
542 2972 599 3007 R¹;
634 2977 748 3004 nostra
772 2974 796 3003 G
826 2990 858 2995 —
895 2974 947 3003 Μ.
974 2981 1127 3004 coenum:
1166 2980 1227 3001 non
1259 2976 1394 3005 semper,
1427 2971 1461 2996 at
1489 2972 1653 2995 commove
1686 2963 1793 2993 lieine
1827 2960 1943 2991 Philet.

176 3019 389 3052 Schneidew.
416 3022 473 3053 XII
498 3030 531 3062 p.
559 3022 619 3052 757
645 3030 698 3061 sq.
729 3040 762 3044 —
791 3022 842 3053 44.
871 3031 915 3052 an
939 3026 1007 3052 zum
1030 3031 1061 3062 q.
1080 3026 1125 3052 est
1149 3020 1237 3050 utilis
1261 3017 1352 3049 delet
1377 3016 1468 3046 Bake
1494 3014 1514 3046 l.
1534 3014 1555 3045 l.
1579 3024 1612 3054 p.
1633 3013 1706 3045 403.
1728 3029 1761 3033 —
1792 3012 1842 3041 15,
1868 3020 1946 3049 per>

176 3068 319 3109 turbata]
349 3080 410 3109 per
433 3070 477 3101 ab
503 3072 645 3110 antiqua
672 3079 717 3102 m.
746 3072 777 3102 in
810 3070 910 3102 litura
935 3071 1042 3101 habet
1067 3072 1090 3101 R
1119 3086 1151 3090 ——
1185 3069 1237 3099 47.
1263 3066 1408 3097 moribus
1433 3065 1455 3095 B
1482 3066 1515 3094 et
1540 3064 1718 3095 Davisius:
1747 3060 1877 3091 morbus
1902 3060 1943 3090 G.

177 3117 306 3149 morbus
329 3127 421 3154 corr.
448 3122 481 3151 in
505 3120 627 3150 morbis
652 3121 675 3151 R
703 3136 735 3140 —
767 3120 818 3151 49.
845 3129 908 3150 nou
933 3121 1018 3151 decet
1045 3121 1068 3150 ij
1097 3136 1128 3140 -
1161 3118 1212 3149 23.
1240 3116 1355 3154 Ecquis
1380 3116 1403 3145 C
1426 3131 1458 3135 —
1489 3112 1540 3144 24.
1567 3110 1737 3143 existimas
1763 3112 1785 3139 (j
1803 3110 1844 3139 B:
1872 3108 1946 3139 6ωὲ-

178 3168 348 3200 stimamus
371 3171 395 3201 R
411 3170 435 3201 Ο
465 3187 498 3192 -
526 3170 578 3200 25.
606 3170 728 3200 accium
752 3170 796 3203 B;
822 3170 946 3200 Attium
969 3172 994 3200 O
1024 3187 1055 3191 —
1087 3169 1137 3199 26.
1164 3168 1299 3198 istrione
1324 3168 1347 3195 o*
1364 3166 1387 3195 Ι(
1407 3180 1439 3184 -
1470 3164 1520 3194 28.
1541 3164 1743 3194 demostenen
1769 3160 1792 3190 G
1809 3159 1852 3189 R:
1879 3158 1946 3188 De-

179 3218 371 3250 mosthenem
394 3219 418 3250 B
433 3219 459 3250 Ο
487 3236 520 3241 -
544 3220 692 3258 proferri
716 3228 807 3250 corr.
834 3219 868 3249 in
888 3219 1029 3258 proserii
1054 3220 1077 3249 G
1101 3234 1133 3239 —
1159 3216 1369 3256 pythagoran
1392 3213 1433 3243 C:
1461 3213 1683 3252 Pythagoram
1701 3210 1725 3241 Ο
1746 3225 1781 3232 -
1802 3207 1852 3239 29.
1874 3207 1947 3238 lib-i-

181 3264 253 3298 dine
276 3267 301 3297 G
327 3282 361 3289 -—
389 3267 442 3300 32.
469 3272 504 3298 at
526 3268 692 3302 commode
716 3270 761 3299 G:
789 3268 1001 3300 adcommode
1024 3268 1069 3307 R,
1095 3265 1303 3298 accommode
1327 3264 1371 3295 B.

251 3330 380 3364 nimo.
400 3331 435 3362 τ.
454 3332 505 3364 iv.
1600 3323 1645 3365 -21
