2249 3624
472 156 560 196 Lm.
592 156 641 196 11.
683 156 779 196 Cn).
810 156 1147 197 XVII—XVIII.
1185 154 1245 209 §§
1275 154 1465 196 38-42.
1769 150 1848 190 §.²655

98 264 296 306 Aniculae
326 274 450 314 saepe
480 262 658 302 inediam
690 263 862 303 biduum
885 270 953 303 aut
974 263 1156 303 triduum
1179 262 1328 302 serunt.
1374 262 1541 301 Subduc
1565 262 1701 302 cibum
1724 276 1849 300 unum

99 327 207 368 diem
245 326 445 367 athletae:
496 326 633 365 lovem
674 326 933 379 Olympium,
975 340 1067 365 eum
1108 326 1266 378 ipsum,
1308 326 1372 364 cui
1413 338 1456 364 se
1489 330 1672 372 exercet,
1719 323 1852 376 inplo-

98 388 215 435 rabit,
246 387 350 427 ferre
382 400 464 426 non
497 401 620 439 posse
651 402 689 426 se
721 388 924 428 clamabit.
968 388 1292 427 Consuetudinis
1325 401 1471 439 magua
1496 387 1556 426 vis
1589 393 1672 426 est:
1706 400 1852 439 perno-

99 456 207 491 ctant
237 454 452 490 venatores
485 449 525 488 in
558 450 674 495 nive,
707 450 746 488 in
780 451 986 490 montibus
1018 450 1079 489 uri
1113 464 1155 489 se
1189 451 1419 502 patiuntur3
1453 450 1614 501 pugiles
1646 447 1852 488 caestibus

98 511 257 553 contusi
287 525 337 551 ne
367 512 652 562 ingemescunt
685 512 866 565 quidem.
918 510 984 551 4-1.
1019 513 1098 551 Sed
1132 512 1231 565 quid
1256 512 1356 558 lios,
1390 512 1540 564 quibus
1564 511 1851 565 Olympiorum
1866 517 1883 545 5

98 575 266 615 victoria
297 572 537 612 consulatus
571 573 639 612 ille
671 574 867 626 antiquus
901 576 1091 614 videtur?
1125 575 1394 625 gladiatores,
1436 580 1505 613 aut
1538 574 1686 626 perditi
1721 572 1854 612 bomi-

97 651 168 678 nes
198 642 267 676 aut
296 635 480 682 barbari,
513 649 615 688 quas
649 636 790 687 plagas
823 636 1068 688 perferunt!
1109 651 1190 689 quo
1225 638 1347 675 modo
1382 637 1462 682 illi,
1495 638 1565 690 qui
1598 638 1703 676 bene
1736 636 1854 676 insti-

96 700 169 742 tuti
215 704 327 745 sunt,
369 698 558 750 accipere
600 698 762 751 plagam
805 699 962 737 malunt
1005 712 1127 750 quam
1171 700 1343 751 turpiter
1375 700 1525 738 vitare!
1575 711 1853 752 quamsaepe

93 766 261 816 apparet
292 760 395 800 nibil
428 773 498 799 eos
531 760 653 799 malle
686 773 808 812 quam
843 760 905 799 vel
940 760 1109 799 domiuo
1143 761 1241 799 satis
1273 761 1409 800 facere
1442 762 1504 800 vel
1539 762 1721 814 populo!
1763 761 1854 800 Mit-

93 829 183 864 tunt
213 823 335 862 etiam
369 822 610 862 volneribus
643 821 818 860 consecti
859 821 909 861 ad
944 821 1135 861 dominos
1171 823 1239 875 qui
1275 830 1477 876 quaerant
1508 824 1607 876 quid
1640 825 1788 863 velint:
1821 823 1905 861 sito

92 886 189 926 satis
230 885 278 924 iis
320 884 473 924 factum
517 885 592 931 sit,
633 897 677 923 se
711 884 816 923 velle
851 884 1112 923 decumbere.
1167 885 1271 932 Quis
1306 886 1528 925 mediocris
1560 886 1764 937 gladiator
1794 888 1856 924 in-

92 948 266 1001 gemuit,
307 947 399 1000 quis
441 947 598 986 vultum
640 946 815 986 mutavit
859 949 1087 1000 umquam?
1136 947 1230 999 quis
1263 962 1344 987 non
1378 949 1502 987 modo
1534 950 1666 995 stetit,
1714 962 1855 987 verum

90 1011 211 1051 etiam
245 1010 442 1050 decubuit
474 1010 679 1062 turpiter?
718 1010 832 1062 quis,
865 1022 957 1048 cum
992 1009 1282 1056 decubuisset,
1315 1010 1468 1049 serrum
1502 1011 1687 1063 recipere
1720 1011 1857 1049 iussus

90 1073 241 1114 collum
264 1073 500 1113 contraxit?
533 1073 710 1112 Tantum
735 1072 1000 1119 exercitatio,
1035 1072 1272 1120 meditatio,
1305 1074 1565 1112 consuetudo
1591 1073 1711 1113 valet.
1750 1073 1857 1124 Ergo

89 1136 167 1176 boc
198 1135 350 1188 poterit
1873 1142 1908 1169 45

229 1197 458 1245 Samnis,
491 1211 716 1251 spurcus
746 1197 915 1245 homo,
949 1197 1061 1237 vita
1093 1197 1193 1237 illa
1225 1197 1418 1250 dignus
1452 1199 1697 1252 locoque:

90 1260 153 1301 vir
183 1266 305 1300 natus
338 1261 387 1300 ad
422 1260 593 1312 gloriam
626 1260 751 1299 ullam
785 1266 944 1313 partem
976 1261 1104 1300 animi
1138 1266 1217 1300 tam
1243 1261 1409 1300 mollem
1434 1261 1603 1301 habebit
1627 1275 1749 1315 quam
1773 1274 1855 1299 non

90 1323 363 1363 meditatione
396 1328 435 1362 et
466 1322 626 1362 ratione
659 1323 935 1363 conroboret?
979 1323 1154 1362 Crudele
1193 1323 1469 1375 gladiatorum
1502 1323 1784 1376 spectaculum
1818 1327 1858 1361 et

93 1385 368 1425 inhumanum
400 1397 482 1424 non
517 1385 642 1424 nullis
674 1384 805 1424 videri
839 1385 966 1432 solet,
999 1391 1039 1425 et
1070 1384 1180 1425 haud
1215 1385 1300 1424 scio
1332 1398 1383 1424 an
1416 1386 1470 1425 ita
1496 1387 1569 1433 sit,
1602 1392 1646 1425 ut
1669 1398 1778 1424 nuuc
1801 1374 1856 1423 tit.

90 1447 188 1488 Cum
240 1460 337 1487 vero
388 1452 529 1486 sontes
570 1446 678 1486 ferro
721 1448 1036 1501 depugnabant,
1086 1448 1254 1487 auribus
1294 1447 1469 1487 sortasse
1511 1449 1685 1495 multae,
1727 1447 1907 1486 oculis20

90 1510 262 1564 quidem
297 1510 410 1550 nulla
451 1515 615 1563 poterat
647 1523 738 1549 esse
769 1509 918 1550 fortior
951 1516 1092 1549 contra
1125 1510 1312 1549 dolorem
1346 1516 1387 1550 et
1417 1516 1591 1550 mortem
1625 1510 1858 1562 disciplina.

202 1573 350 1612 XVIII.
382 1570 446 1611 42.
480 1573 539 1611 De
572 1573 872 1612 exercitatione
904 1578 945 1612 et
975 1572 1278 1612 consuetudine
1311 1579 1351 1612 et
1379 1574 1732 1613 commentatione
1755 1572 1857 1611 dixi.

89 1637 194 1688 Age,
228 1635 305 1682 sis,
338 1649 447 1675 nunc
479 1634 530 1674 de
562 1635 721 1674 ratione
752 1635 990 1682 videamus,
1030 1636 1108 1674 nisi
1150 1635 1250 1688 quid
1286 1636 1346 1675 vis
1378 1636 1429 1675 ad
1462 1636 1578 1675 haec.
1638 1638 1684 1674 A.
1717 1636 1857 1687 Egone

88 1703 132 1738 ut
174 1703 214 1737 te
256 1697 549 1750 interpellem?
591 1710 641 1736 ne
680 1697 757 1737 hoc
799 1698 968 1750 quidem
1008 1697 1182 1737 vellem:
1222 1699 1277 1737 ita
1316 1707 1381 1737 me
1417 1698 1466 1738 ad
1500 1697 1755 1737 credendum
1789 1703 1858 1736 tua

88 1761 200 1800 ducit
243 1760 388 1800 oratio.
446 1761 500 1799 M.
542 1760 658 1799 Sitne
698 1760 824 1812 igitur
860 1760 1011 1800 malum
1045 1760 1188 1799 dolere
1221 1774 1352 1800 necne
1386 1761 1513 1800 Stoici
1548 1761 1745 1806 viderint,
1785 1758 1906 1812 quiea

88 1823 333 1863 contortulis
377 1821 626 1876 quibusdam
661 1828 700 1861 et
737 1823 904 1862 minutis
937 1823 1292 1862 conclusiunculis
1326 1837 1400 1863 nec
1433 1823 1483 1862 ad
1517 1835 1663 1862 sensus
1695 1834 1857 1874 perma-

88 1886 284 1925 nantibus
326 1884 434 1925 effici
478 1884 625 1924 volunt
664 1898 746 1924 non
787 1898 878 1924 esse
911 1885 1064 1924 malum
1098 1885 1300 1925 dolorem.
1352 1887 1439 1939 Ego
1486 1885 1612 1932 illud,
1655 1883 1857 1938 quicquid

88 1947 158 1995 sit,
204 1952 364 1987 tantum
403 1961 494 1987 esse
535 1953 738 2001 quantum
775 1948 966 1987 videatur
1006 1961 1089 1987 non
1121 1954 1240 2000 puto,
1286 1948 1474 2001 salsaque
1506 1949 1595 1987 eius
1627 1948 1786 1988 visione
1818 1952 1858 1986 et

87 2010 227 2064 specie
259 2010 416 2050 moveri
456 2010 648 2050 homines
681 2010 772 2049 dico
806 2009 1094 2049 vehementius
1126 2010 1401 2064 doloremque
1433 2023 1598 2050 omnem
1630 2023 1721 2050 esse
1753 2011 1858 2050 tole·

173 2235 202 2265 4.
229 2234 363 2265 tridium
389 2235 414 2264 G
444 2251 475 2256 —
510 2233 708 2269 “L-allzlvlae
738 2234 853 2264 ionem.
888 2233 993 2263 ionem
1025 2233 1205 2272 olfflnpsum
1238 2234 1300 2263 Gr,
1335 2233 1381 2269 gin
1409 2236 1431 2262 (i
1466 2232 1599 2264 litterae
1625 2237 1695 2265 elac
1719 2237 1797 2265 suut
1823 2235 1854 2265 in

84 2284 216 2323 rasura)
246 2303 279 2306 —
306 2287 435 2314 eJJerccc
460 2284 578 2314 Herm.
597 2284 789 2323 Sauppius:
820 2283 981 2313 eoecrcebil
1006 2283 1071 2313 CO
1099 2300 1132 2304 —
1162 2284 1192 2313 3.
1219 2292 1250 2314 se
1275 2292 1345 2313 oni.
1374 2284 1397 2313 (Ῑ
1414 2283 1438 2313 O
1459 2301 1493 2304 -—
1525 2283 1552 2313 l.
1578 2284 1770 2321 pastinum-,⁴
1793 2294 1857 2322 5111—

84 2336 163 2375 ssiles
189 2332 395 2365 Lambinus:
418 2334 605 2373 patiuntur.
635 2334 712 2363 Inde
732 2333 859 2371 pit-(siles
884 2333 907 2362 (Ἰ
925 2334 971 2367 ();
995 2333 1172 2371 patiuntur
1187 2333 1280 2363 Indi:
1300 2333 1428 2372 pugyiles
1446 2333 1602 2364 Dux-isius
1643 2334 1743 2363 «Inde
1762 2333 1856 2364 Wol-

85 2384 150 2415 iius
175 2383 347 2420 defendit,
375 2391 454 2414 cun]
481 2382 613 2414 diceret
639 2392 716 2413 esse
743 2392 784 2413 ac
807 2383 870 2413 hac
894 2384 1133 2413 coiisucludine.
1166 2385 1205 2412 At
1231 2383 1382 2421 primum
1407 2384 1695 2421 antepernoclan!
1712 2384 1855 2422 quidem

86 2435 180 2464 certe
207 2431 448 2463 collocandum
476 2432 555 2468 tuit;
584 2432 711 2464 deinde
739 2432 791 2463 vel
819 2433 863 2463 ibi
891 2434 1040 2473 positum
1063 2436 1139 2473 post
1159 2433 1405 2464 Cmisuelaclinis
1427 2442 1575 2471 wzayna
1601 2433 1662 2463 vis
1685 2437 1740 2463 cs!
1767 2432 1855 2463 male

85 2483 234 2514 otiosum
260 2484 351 2513 esset
378 2484 410 2513 et
436 2491 558 2522 parum
592 2484 881 2520 Ciceronianam,
916 2485 974 2524 qui
1007 2484 1149 2524 quidem
1177 2482 1321 2513 dixisset.
1346 2484 1421 2513 aut:
1453 2483 1529 2513 Inde
1554 2483 1609 2521 (Ex
1637 2482 1716 2523 quo)
1741 2483 1793 2521 sil
1816 2487 1857 2512 ut

78 2535 271 2573 pernoctent
294 2534 360 2564 cet.
389 2535 447 2563 aut
474 2532 526 2571 (cs.
556 2533 608 2569 111,
637 2533 708 2569 622:
747 2533 822 2564 Inde
850 2534 950 2573 (sunt)
975 2534 1314 2572 pernoctationes
1336 2536 1531 2564 venatorum
1556 2535 1621 2563 cet⁴
1660 2533 1856 2572 Tregdcrus

86 2592 127 2614 ex
152 2581 309 2614 Lambini
335 2582 535 2614 coniectura
561 2583 635 2613 inde
660 2581 803 2614 delevit:
835 2585 943 2621 recte,
971 2585 1016 2620 si,
1045 2593 1114 2624 quo
1139 2581 1282 2614 consilio
1309 2591 1422 2622 quoxe
1448 2592 1531 2614 casu
1562 2582 1712 2620 (librario
1737 2582 1779 2613 ad
1804 2583 1857 2612 in—

82 2634 158 2664 ·m'ue
188 2635 246 2664 aut
277 2632 320 2664 ad
354 2634 428 2673 inge
460 2632 684 2671 aberranteP)
719 2634 815 2664 esset
839 2632 1018 2668 additum,
1047 2631 1186 2671 intelligi
1213 2631 1311 2663 sac-ile
1338 2634 1467 2672 posset.
1508 2631 1594 2670 Quid
1621 2631 1739 2668 lateat,
1774 2631 1856 2662 mihi

86 2692 154 2714 non
180 2681 304 2722 liquet.
343 2683 390 2713 Ex
416 2681 562 2713 aliorum
589 2683 798 2713 coniecturis
824 2684 975 2714 maxime
1002 2684 1085 2714 mihi
1115 2682 1284 2723 probatur
1301 2682 1502 2721 Augustini:
1530 2684 1608 2713 midi
1630 2683 1774 2722 pugJiles:
1803 2691 1855 2719 ea,

86 2741 190 2773 quam
216 2732 290 2772 ipse
316 2731 402 2769 feci,
426 2733 602 2771 patiuntur
626 2730 677 2762 ide
698 2732 839 2772 (iidem),
868 2731 1047 2773 perlevem
1067 2733 1322 2763 correctionem
1343 2730 1467 2768 habet,
1495 2731 1758 2763 collocationem
1777 2741 1857 2763 ier-

84 2781 212 2813 borum
239 2790 305 2812 non
332 2781 534 2821 optimam.»
562 2782 616 2812 W.
647 2799 680 2804 -
709 2783 738 2812 5.
767 2782 981 2821 ingemiscunt
1006 2783 1082 2813 G2'O
1110 2800 1143 2804 —
1172 2782 1202 2812 6.
1230 2781 1414 2811 consolalus
1439 2782 1501 2812 GR
1530 2799 1563 2803 —
1592 2782 1622 2811 8.
1643 2781 1747 2821 plaga
1773 2784 1797 2811 G
1819 2799 1852 2803 -

84 2831 135 2862 40.
170 2834 332 2869 quaerant
363 2831 390 2861 si
421 2832 499 2871 quid
529 2831 619 2862 Bake
659 2830 677 2861 l.
705 2830 726 2862 l.
753 2840 786 2872 p.
814 2832 866 2863 84.
903 2849 937 2853 —
978 2833 1029 2862 tl.
1055 2832 1105 2862 liis
1129 2833 1153 2863 C
1185 2849 1227 2853 —
1261 2831 1385 2870 factum
1408 2839 1471 2860 vnon
1497 2831 1535 2861 si!
1561 2832 1584 2861 O
1611 2848 1645 2852 —
1673 2830 1857 2862 dec-ombere

86 2881 272 2922 (superscr.
299 2881 331 2919 u)
357 2881 380 2911 R
410 2898 443 2902 —
470 2882 649 2921 gradiator
674 2881 750 2912 GR¹
777 2899 810 2903 —
840 2882 889 2912 43.
919 2881 1093 2913 decubisset
1119 2880 1154 2912 1³¹
1179 2899 1222 2904 —
1248 2881 1299 2911 49.
1327 2884 1357 2911 cl
1384 2881 1490 2911 adhuc
1513 2881 1578 2911 scio
1604 2882 1627 2911 C
1656 2898 1689 2902 —
1719 2882 1769 2911 ⁴21.
1794 2890 1855 2919 po-

85 2931 159 2962 lerit
184 2939 273 2962 corr.
301 2931 334 2962 in
356 2934 486 2970 poterat
511 2932 535 2961 G
563 2948 597 2954 —
625 2932 677 2962 25.
705 2931 814 2962 dolere
839 2932 882 2961 C:
912 2931 1004 2962 dolor
1028 2932 1064 2962 O.
1102 2930 1230 2961 «dolere
1254 2931 1404 2970 primuni
1431 2939 1494 2970 per
1517 2940 1555 2961 56
1580 2931 1693 2971 ipsum
1719 2933 1860 2961 rectum>

86 2982 139 3012 est
171 2980 223 3021 (ct.
251 2981 311 3018 111,
338 2979 378 3011 40
412 2980 461 3011 Sic
489 2989 566 3012 sane
595 2990 757 3011 summum
789 2981 913 3012 malum
945 2980 1122 3021 dolere);
1161 2979 1300 3017 deinde,
1328 2980 1421 3010 dolor
1444 2980 1472 3010 si
1497 2981 1619 3011 Cicero
1644 2980 1854 3019 scripsisset,

85 3028 187 3070 paulo
213 3031 291 3070 post
315 3029 393 3068 (non
417 3038 482 3060 csse
505 3031 629 3061 malum
655 3031 811 3071 dolorem)
839 3031 892 3061 vix
917 3030 1111 3062 addidisset
1136 3030 1280 3060 dolorem
1306 3029 1358 3067 (cf.
1388 3029 1405 3069 S
1430 3029 1471 3060 ⁶28
1495 3038 1548 3069 sq.
1576 3030 1668 3060 dolor
1690 3030 1856 3060 malumne

85 3080 125 3110 sil
141 3097 210 3110 --.
238 3079 440 3110 Concludunt
462 3080 670 3110 ratiunculas
693 3080 810 3118 Stoici,
843 3090 903 3111 cur
924 3091 989 3111 nonv
1016 3081 1069 3112 sit
1092 3080 1268 3119 malum).
1309 3080 1453 3110 Accedit
1477 3079 1571 3120 quod
1598 3088 1750 3119 sequens
1776 3080 1855 3110 illud

87 3129 137 3160 sic
161 3129 373 3169 apertiorem
400 3128 507 3159 babet
530 3128 880 3162 demonstrationem.
914 3130 1013 3170 Quod
1038 3129 1197 3162 librarius
1223 3128 1364 3169 aliquis,
1392 3130 1449 3169 qui
1475 3137 1579 3170 supra
1604 3132 1670 3160 tam
1691 3138 1797 3169 saepe
1822 3130 1853 3160 in

88 3177 212 3209 eadem
237 3179 410 3208 sententia
435 3178 527 3209 dolor
551 3179 702 3218 positum
730 3178 890 3219 legisset,
917 3181 999 3212 item
1027 3180 1060 3211 h.
1088 3178 1108 3210 l.
1135 3179 1289 3219 scripsit.
1316 3179 1512 3210 mirandum
1539 3188 1607 3210 non
1629 3181 1715 3210 est.»
1741 3180 1795 3210 W.
1818 3196 1851 3200 —

87 3227 140 3258 26.
167 3231 195 3258 el
220 3227 263 3259 C:
290 3236 330 3258 ac
354 3227 379 3257 O
406 3245 440 3249 —
462 3228 730 3267 permanentibus
755 3229 778 3259 C
801 3247 834 3250 —
861 3229 914 3261 29.
942 3230 1149 3267 doloremque
1173 3229 1374 3260 Ernestius:
1401 3229 1608 3268 doloremque
1631 3229 1698 3260 eius
1724 3229 1768 3265 (ἐς
1795 3229 1854 3259 do-

87 3275 253 3318 loremque
277 3275 366 3318 [eius]
393 3276 417 3308 Ο
445 3295 479 3301 -
507 3277 719 3309 tollerabilem
744 3279 767 3309 G
783 3278 820 3309 R.
