2249 3624
293 142 375 186 692
1009 145 1078 184 DE
1111 143 1337 186 OFFICIIS

403 252 476 291 IX.
509 250 590 291 Sed
622 250 673 289 de
704 249 885 289 amicitia
916 249 998 289 alio
1029 249 1135 290 libro
1168 250 1326 291 dictum
1358 255 1421 291 est
1454 249 1542 305 [qui
1574 251 1816 292 inscribitur
1845 252 2057 308 Laelius]:

290 328 402 355 nunc
442 314 628 353 dicamus
660 312 710 352 de
741 312 899 364 gloria,
940 325 1194 365 quamquam
1233 327 1281 353 ea
1321 327 1494 367 quoque
1526 313 1577 354 de
1608 328 1652 354 re
1684 315 1767 354 duo
1799 321 1897 356 sunt
1925 317 2058 356 nostri

290 377 408 424 libri,
448 376 520 416 sed
551 375 825 427 attingamus,
869 374 1038 427 quando
1079 375 1250 427 quidem
1289 389 1338 416 ea
1374 376 1416 415 in
1456 377 1581 416 rebus
1622 377 1848 418 maioribus
1880 379 2059 419 admini-

290 439 469 479 strandis
501 438 670 478 adiuvat
698 436 936 490 plurimum.
998 438 1167 477 Summa
1198 437 1327 490 igitur
1357 443 1397 478 et
1428 438 1611 491 perfecta
1643 439 1777 492 gloria
1809 446 1974 481 constat
2004 454 2057 481 ex

257 501 421 542 btribus
452 499 533 540 his:
566 500 601 540 si
633 499 771 552 diligit
800 499 1038 547 multitudo,
1070 500 1104 539 si
1135 499 1261 539 fidem
1292 500 1431 548 habet,
1463 502 1497 541 si
1529 515 1623 541 cum
1655 502 1932 543 admiratione
1956 516 2057 557 qua-

288 564 382 604 dam
422 563 584 603 honore
622 563 772 614 dignos
810 566 939 615 putat.
998 562 1113 602 Haec
1143 567 1307 610 autem,
1349 564 1383 603 si
1416 569 1478 604 est
1510 564 1757 617 simpliciter
1786 564 2056 619 breviterque

288 625 524 672 dicendum,
556 624 710 679 quibus
741 624 865 664 rebus
897 625 1118 677 pariuntur
1147 638 1171 664 a
1201 625 1392 678 singulis,
1425 625 1584 665 eisdem
1614 625 1701 665 fere
1727 639 1751 665 a
1774 626 2056 668 multitudine.

287 688 369 727 Sed
401 693 463 728 est
492 687 598 727 alius
629 700 798 741 quoque
830 687 998 740 quidam
1030 687 1167 727 aditus
1198 686 1249 726 ad
1281 687 1614 735 multitudinem,
1636 688 1745 727 utin
1766 689 2055 729 universorum

284 750 446 790 animos
486 755 698 803 tamquam
740 747 915 789 inssuere
956 750 1178 802 possimus.
1252 747 1321 789 32.
1372 751 1430 789 Ac
1470 750 1648 803 primum
1690 750 1741 789 de
1780 750 1864 790 illis
1907 751 2055 800 tribus,

233 819 270 849 10
284 826 390 865 quae
421 818 517 852 ante
548 812 649 860 dixi,
680 812 1000 852 benevolentiae
1032 817 1255 865 praecepta
1285 812 1525 852 videamus:
1558 825 1667 865 quae
1699 813 1870 865 quidem
1893 814 2057 867 capitur

281 872 496 914 beneficiis
527 875 728 922 maxime;
766 874 951 914 secundo
983 880 1120 914 autem
1154 874 1246 914 loco
1280 871 1511 928 [voluntate
1541 872 1728 914 benefica
1758 875 2055 916 benevolentia

281 935 507 991 moveturj,
540 937 664 976 etiam
697 937 731 976 si
762 950 827 976 res
858 936 966 976 forte
997 950 1083 976 non
1115 937 1311 990 suppetit,
1344 936 1615 976 vehementer
1635 949 1752 976 amor
1773 938 2053 979 multitudinis

281 1003 571 1039 commovetur
600 999 690 1053 ipsa
721 998 831 1039 fama
863 1004 903 1039 et
933 999 1134 1052 opinione
1166 999 1451 1046 liberalitatis,
1492 997 1816 1048 beneficentiae,
1854 1001 2053 1049 iustitiae,

279 1060 377 1102 fidei
424 1061 698 1115 omniumque
746 1075 888 1101 earum
930 1061 1153 1109 virtutum,
1198 1075 1306 1114 quae
1345 1062 1557 1114 pertinent
1594 1061 1646 1102 ad
1685 1063 2052 1104 mansuetudinem

229 1133 265 1161 ⁴5
279 1137 442 1164 morum
474 1136 521 1164 ac
549 1124 807 1164 facilitatem.
866 1124 1031 1164 Etenim
1063 1123 1167 1163 illud
1199 1124 1351 1177 ipsum,
1385 1125 1499 1178 quod
1522 1124 1745 1165 honestum
1768 1125 2052 1179 decorumque

278 1186 482 1234 dicimus,
525 1187 625 1240 quia
654 1201 730 1240 per
760 1201 804 1227 se
835 1188 958 1227 nobis
991 1187 1128 1240 placet
1158 1186 1404 1239 animosque
1436 1187 1623 1226 omnium
1655 1192 1807 1227 natura
1838 1193 1879 1227 et
1909 1188 2051 1241 specie

278 1262 354 1289 sua
394 1254 628 1289 commovet
667 1250 933 1303 maximeque
973 1249 1094 1303 quasi
1136 1249 1321 1301 perlucet
1362 1262 1414 1289 ex
1455 1250 1529 1297 iis,
1571 1262 1674 1303 quas
1714 1250 2051 1298 commemoravi,

276 1311 527 1359 virtutibus,
568 1311 725 1351 idcirco
768 1313 887 1360 illos,
928 1312 970 1351 in
1010 1311 1164 1365 quibus
1205 1324 1275 1351 eas
1312 1311 1487 1351 virtutes
1525 1325 1617 1352 esse
1648 1324 1809 1359 remur,
1849 1324 1873 1351 a
1903 1318 2051 1352 natura

275 1374 365 1427 ipsa
397 1372 570 1427 diligere
602 1375 805 1427 cogimur.
850 1376 988 1428 Atque
1020 1374 1099 1413 hae
1131 1373 1303 1426 quidem
1336 1387 1488 1414 causae
1522 1374 1724 1426 diligendi
1758 1374 2049 1427 gravissimae;

225 1441 453 1488 20possunt
493 1437 604 1476 enim
644 1442 858 1490 praeterea
899 1451 982 1477 non
1022 1436 1161 1476 nullae
1194 1449 1285 1475 esse
1317 1436 1510 1476 leviores.
1570 1434 1638 1475 33.
1679 1435 1802 1476 Fides
1834 1441 1973 1476 autem
2004 1441 2051 1476 ut

274 1498 479 1539 habeatur
510 1500 670 1540 duabus
701 1500 825 1540 rebus
858 1498 966 1540 effici
997 1503 1157 1552 potest:
1190 1499 1224 1538 si
1257 1499 1593 1538 existimabimur
1613 1499 1755 1552 adepti
1783 1499 2047 1540 coniunctam

363 1679 394 1710 i.
413 1678 470 1717 qui
486 1679 677 1709 inscribitur
692 1679 823 1710 Laelius
846 1678 963 1718 spuria
990 1686 1068 1709 esse
1095 1678 1179 1709 vidit
1196 1676 1410 1709 Gulielmius.
1453 1677 1484 1708 Si
1504 1677 1628 1708 Cicero
1653 1686 1692 1708 ea
1713 1676 1822 1709 verba
1841 1677 2046 1717 addidisset,

275 1737 344 1759 non
369 1728 570 1768 scripsisset
593 1728 660 1759 alio
686 1728 781 1765 libro,
809 1728 872 1759 sed
897 1737 933 1758 eo
958 1727 1052 1758 libro.
1095 1727 1144 1759 Cf.
1166 1738 1197 1768 p.
1212 1728 1332 1763 523‚5.
1353 1728 1428 1765 685,
1445 1727 1497 1758 43.
1519 1744 1555 1749 -—
1582 1728 1613 1757 ⁶2.
1632 1728 1737 1758 nostri
1753 1730 1828 1758 sunt
1852 1736 1870 1759 6
1898 1745 1932 1749 —
1965 1728 1995 1759 3.
2015 1729 2049 1759 in

272 1777 456 1810 maioribus
479 1777 575 1808 rebus
599 1786 616 1809 c
645 1796 678 1800 —
706 1778 991 1808 amrmnistrandis
1008 1796 1056 1800 -—
1073 1778 1308 1809 ammiratione
1331 1777 1392 1808 BH
1421 1793 1455 1797 —
1491 1777 1523 1807 6.
1545 1780 1637 1815 putet
1662 1784 1680 1808 c
1707 1794 1743 1798 —
1777 1777 1808 1808 7.
1832 1781 2004 1816 parantur
2025 1786 2048 1818 p

277 1844 312 1850 —
339 1828 371 1860 8.
397 1828 432 1859 in
455 1827 583 1858 animos
605 1828 838 1858 uniuersorum
861 1835 879 1858 c
908 1845 942 1850 —-
977 1828 1028 1858 40.
1055 1828 1201 1859 dii-imus
1225 1836 1243 1859 c
1270 1844 1306 1850 —
1341 1827 1521 1866 capiuntur
1545 1826 1692 1866 beneficis
1716 1835 1734 1858 c
1760 1843 1796 1848 —
1829 1828 1883 1859 41.
1908 1830 2047 1859 secundo

272 1883 384 1912 aulem
406 1879 493 1916 loco,
526 1878 626 1908 eliam
652 1879 680 1908 si
708 1886 760 1909 res
788 1877 873 1917 forte
896 1887 962 1908 non
985 1879 1124 1918 suppetit
1134 1904 1144 1917 ι,
1177 1879 1380 1909 veliementer
1404 1885 1500 1908 amor
1531 1877 1649 1908 Herm.
1676 1877 1869 1917 Sauppiusv:
1907 1878 2047 1909 secundo

272 1933 383 1962 autem
406 1929 475 1959 loco
503 1928 672 1958 voluntate
699 1927 840 1967 benefica
866 1927 1087 1958 benevolentia
1109 1931 1270 1965 mereim,
1303 1928 1402 1958 eliam
1425 1928 1452 1957 si
1475 1934 1527 1957 res
1549 1926 1634 1966 sorte
1658 1935 1723 1956 non
1746 1927 1897 1966 suppetit.
1952 1928 2047 1959 Vehe-

271 1983 396 2012 menter
412 1982 521 2010 autem
538 1986 635 2008 amor
659 1978 682 2008 C
703 1977 778 2016 (nisi
797 1976 889 2016 quod
908 1980 1018 2007 autem
1035 1986 1105 2007 om.
1121 1978 1152 2015 a)
1172 1986 1203 2008 0.
1246 1977 1389 2007 «Cicero
1416 1977 1570 2016 exponit,
1597 1976 1776 2016 quomodo
1801 1976 1908 2016 gloria
1935 1978 2047 2017 paria-

271 2033 340 2067 tur,
358 2038 399 2061 ac
417 2030 568 2070 primum
588 2027 731 2067 quidem
749 2035 841 2061 esse,
860 2029 898 2057 ut
914 2025 1032 2066 diligat
1048 2026 1244 2057 multitudo.
1273 2027 1369 2057 Hanc
1383 2024 1667 2057 benevolentiam
1685 2027 1802 2057 autem
1817 2026 2045 2059 multitudinis

271 2080 424 2111 maxime
450 2077 630 2109 beneficiis
656 2077 744 2116 capi.
786 2077 880 2113 Quae
906 2077 944 2107 ut
967 2076 999 2106 in
1025 2075 1194 2116 populum
1221 2077 1370 2107 conferri
1397 2077 1541 2116 possint,
1561 2084 1642 2106 cum
1660 2076 1785 2116 opibus
1804 2078 1939 2117 magnis
1957 2086 2044 2118 opus

270 2130 325 2168 sit,
352 2128 458 2165 addit,
486 2136 552 2168 qua
579 2127 712 2157 ratione
738 2124 1023 2156 benevolentiam
1046 2127 1080 2156 et
1097 2134 1254 2157 amorem
1275 2125 1506 2157 multitudinis
1523 2124 1709 2157 conciliare
1726 2125 1790 2156 sibi
1808 2127 1920 2166 possit
1939 2128 2043 2158 etiam

271 2179 331 2219 qui
354 2176 536 2209 beneficiis
555 2184 623 2207 non
641 2176 761 2216 possit.
799 2175 888 2206 Dicit
905 2176 1023 2214 igitur:
1053 2184 1093 2206 ac
1113 2177 1261 2215 primum
1280 2193 1295 2198 —
1308 2194 1326 2198 —
1343 2185 1382 2206 ac
1397 2176 1604 2216 facilitatem.
1642 2175 1817 2206 Beneficia
1835 2176 1938 2215 igitur
1954 2177 1988 2208 in
2005 2186 2043 2208 se

271 2226 393 2259 collata
425 2225 610 2258 multitudo
640 2226 714 2265 ipsa
747 2226 890 2265 experta
920 2226 1032 2264 noxit,
1069 2226 1131 2256 sed
1159 2226 1337 2266 quomodo
1361 2225 1579 2257 voluntatem
1603 2225 1800 2257 beneficam
1827 2235 2043 2266 cognoscere

269 2278 379 2319 possit
402 2285 471 2307 non
496 2275 599 2307 video
624 2276 689 2306 nisi
713 2274 803 2306 sama
831 2283 975 2313 eorum,
1007 2283 1097 2315 quae
1124 2277 1201 2315 quis
1227 2277 1259 2306 in
1285 2277 1351 2307 vita
1377 2276 1510 2316 privata
1537 2276 1666 2315 egerit,
1698 2283 1768 2315 quo
1799 2276 1915 2307 animo
1940 2276 2045 2307 fuerit

270 2336 352 2368 erga
377 2327 510 2358 amicos
535 2334 667 2365 eosque
693 2334 828 2363 omnes,
857 2325 1071 2365 quibuscum
1096 2326 1199 2356 vivat.
1242 2326 1337 2363 Quae
1363 2326 1466 2365 igitur
1490 2324 1618 2356 deinde
1644 2324 1686 2355 de
1712 2324 1803 2356 sama
1829 2326 1863 2355 et
1880 2325 2042 2365 opinione

269 2375 488 2409 liberalitatis
513 2376 548 2406 et
570 2374 829 2406 beneticentiae
855 2374 1085 2416 explicantur,
1113 2384 1180 2406 non
1206 2375 1370 2406 videntur
1394 2384 1411 2406 a
1437 2374 1617 2406 voluntate
1638 2374 1812 2412 benefica,
1832 2383 1921 2415 quae
1939 2377 2041 2406 antea

270 2425 590 2464 commemoratur,
621 2424 761 2456 diversa
792 2433 883 2456 esse.
934 2425 1079 2456 Accedit
1108 2425 1202 2465 quod
1233 2427 1386 2457 voluntas
1410 2425 1571 2465 benefica,
1605 2424 1740 2456 etiamsi
1765 2433 1846 2456 cum
1871 2424 2041 2467 exemplis

269 2477 322 2515 iis,
349 2476 477 2516 quibus
502 2476 536 2507 F.
553 2474 709 2506 Handius
734 2474 777 2505 de
803 2476 877 2505 arte
902 2472 959 2505 lat.
980 2474 1085 2505 scrib.
1107 2484 1141 2515 p.
1158 2475 1233 2514 250,
1261 2476 1298 2507 C.
1318 2474 1619 2515 Naegelsbachius
1643 2482 1762 2515 praec.
1781 2472 1841 2505 lat.
1861 2474 2041 2507 scribendi

270 2536 304 2569 p.
329 2526 407 2565 489,
438 2526 482 2557 Μ.
509 2524 661 2564 Seyffert
683 2524 728 2554 ad
754 2524 824 2556 Cic.
871 2522 962 2555 Lael.
991 2524 1067 2564 §28
1098 2533 1132 2564 p.
1157 2525 1213 2555 491
1251 2525 1424 2556 consilium
1442 2525 1608 2564 prudens,
1640 2525 1885 2556 accusationem
1908 2526 2041 2565 sapien-

267 2581 343 2616 tem,
369 2575 507 2608 consilia
529 2574 761 2606 amantissima
785 2573 853 2604 dici
877 2582 982 2614 posse
1008 2572 1252 2611 ostenderunt,
1278 2573 1395 2614 aliquo
1421 2574 1526 2606 modo
1551 2575 1747 2615 comparari
1771 2576 1899 2616 potest,
1918 2577 2038 2607 tamen

266 2627 506 2668 suspicionem
531 2624 650 2655 habet.
698 2623 832 2655 Deinde
858 2631 983 2664 parum
1008 2625 1087 2664 apte
1113 2624 1257 2655 dicitur:
1294 2625 1554 2662 benevolenliae,
1587 2633 1678 2665 quae
1709 2626 1843 2664 capitur
1872 2626 2036 2664 maxime,

267 2676 423 2707 secundo
447 2676 566 2706 autem
590 2673 668 2705 loco
694 2690 728 2695 -—
748 2673 969 2705 benevolentia
987 2677 1137 2704 movetur
1154 2691 1187 2695 —
1209 2683 1310 2705 amor
1333 2679 1566 2706 commovebar.
1615 2676 1729 2712 Quare
1754 2684 1834 2707 cum
1860 2684 1894 2707 V.
1914 2679 2036 2715 autem,

267 2725 361 2766 quod
387 2726 439 2756 est
463 2725 543 2755 ante
568 2733 599 2754 v.
626 2732 733 2761 amor,
765 2723 799 2754 in
825 2723 929 2754 codd.
957 2723 1038 2754 ads
1067 2732 1136 2754 non
1162 2725 1292 2763 exstet,
1319 2725 1353 2756 in
1380 2733 1419 2755 ea
1445 2733 1523 2756 sum
1549 2725 1740 2763 sententia,
1766 2726 1804 2755 ut
1828 2725 2038 2756 Ciceronem

266 2775 449 2815 scripsisse
481 2773 679 2805 coniiciam:
713 2773 853 2804 seeundo
882 2775 993 2803 autem
1021 2773 1105 2811 loco,
1136 2773 1237 2804 etiam
1267 2774 1294 2804 si
1325 2783 1355 2805 r.
1380 2774 1405 2814 f.
1431 2783 1496 2805 non
1520 2775 1677 2813 suppetit,
1710 2774 1913 2806 vehementer
1941 2783 2038 2805 amor

265 2824 484 2855 multitudinis
505 2826 728 2854 commovetur
753 2840 811 2860 -,
838 2822 947 2853 verba
965 2823 1083 2853 autem
1107 2822 1274 2854 voluntate
1298 2823 1440 2864 benefica
1463 2823 1687 2855 benevolentia
1711 2826 1861 2854 movetur
1884 2824 1917 2854 in
1944 2832 2035 2855 mar-

265 2875 345 2914 gine
376 2875 488 2914 posita
519 2873 636 2904 fuisse.
687 2873 799 2910 Quam
831 2881 938 2913 saepe
971 2880 1056 2903 vero
1087 2872 1295 2912 particulae,
1333 2873 1461 2912 quibus
1487 2869 1596 2904 verba
1622 2872 1845 2914 copulantur,
1880 2882 1921 2904 eo
1946 2874 2033 2914 ipso,

266 2923 360 2963 quod
392 2924 424 2954 in
455 2922 635 2953 codicibus
665 2923 806 2963 optimis
830 2930 900 2953 non
926 2923 1082 2958 exstant,
1114 2921 1282 2953 indicium
1308 2922 1437 2954 faciant
1460 2923 1578 2955 verbis
1603 2924 1783 2964 scriptoris
1809 2922 1939 2962 aliquid
1962 2923 2036 2963 pri-

265 2981 363 3003 mum
400 2981 519 3003 errore
556 2971 734 3011 additum,
771 2971 899 3003 deinde
936 2970 1103 3012 particula
1138 2970 1255 3001 addita
1287 2981 1445 3003 errorem
1477 2972 1521 3003 ad
1552 2973 1710 3013 speciem
1741 2974 1958 3009 correctum,
1995 2981 2033 3003 re

265 3024 406 3054 auctum
433 3031 523 3061 esse,
550 3023 633 3053 artis
659 3023 801 3053 criticae
826 3023 927 3063 periti
953 3030 1076 3053 omnes
1102 3023 1262 3052 norunt.»
1300 3023 1440 3064 Sauppii
1465 3023 1600 3054 ratione
1626 3022 1822 3063 improbata
1840 3031 1904 3063 pro
1920 3022 2035 3053 volun-

263 3076 330 3104 tate
359 3072 499 3112 benefica
533 3072 761 3103 scribendum
795 3073 917 3103 censet
953 3072 1122 3102 voluntate
1153 3070 1229 3102 bene
1258 3072 1402 3111 faciendi
1441 3073 1532 3104 Bake
1567 3074 1739 3104 Mnemos.
1766 3073 1808 3104 lX
1832 3082 1865 3113 p.
1886 3072 1959 3104 306.
1995 3088 2030 3094 —

263 3121 317 3153 43.
344 3121 583 3161 beneficientiae
607 3122 631 3152 C
665 3138 699 3142 —
736 3122 787 3152 45.
813 3122 872 3152 Est
896 3121 980 3152 enim
1004 3120 1084 3151 illud
1108 3127 1125 3150 c
1160 3137 1194 3142 —
1230 3121 1281 3152 47.
1308 3123 1350 3153 iis
1373 3122 1446 3153 Bb:
1478 3122 1527 3152 his
1551 3122 1621 3161 lla,
1646 3122 1707 3160 hijs
1730 3129 1760 3159 e,
1787 3122 1831 3153 eis
1856 3129 1874 3152 0
1906 3138 1941 3143 —-
1977 3121 2028 3152 49.

262 3170 318 3202 hee
341 3178 360 3201 c
386 3187 420 3191 -—
449 3170 632 3209 diligendae
653 3172 850 3211 grauissime
873 3171 894 3202 b
921 3188 955 3192 —
983 3170 1035 3201 ΞΟ.
1059 3173 1194 3209 possum
1210 3187 1221 3192 -
1243 3187 1261 3192 —
1278 3171 1415 3203 leviores
1439 3180 1509 3203 om.
1529 3180 1549 3211 p
1576 3188 1611 3192 —
1634 3175 1811 3210 praeterea
1832 3180 1898 3202 non
1920 3169 2031 3201 nullae

262 3220 304 3251 b:
330 3222 468 3259 praeter
492 3227 548 3250 eas
571 3228 636 3250 non
659 3221 770 3252 nullae
792 3221 834 3259 133
864 3223 1043 3261 praeterea
1065 3220 1224 3252 nonnulla
1253 3222 1329 3260 1123
1361 3230 1427 3253 non
1450 3222 1538 3253 nulle
1558 3224 1711 3261 preterea
1739 3228 1759 3252 c
1798 3237 1833 3243 -
1870 3220 1923 3251 24.
1949 3227 2029 3250 con-

262 3270 376 3301 iuncta
399 3269 432 3301 b.
