2249 3624
477 126 565 165 Lm.
596 124 648 165 ΙΙ.
689 123 785 164 CAr.
816 122 1147 164 XXI—XXIII.
1185 121 1245 176 §§
1276 120 1471 162 53—60.
1787 122 1869 164 4⁴7

101 236 208 277 infra
228 235 388 280 lunam,
420 244 528 285 quae
551 231 738 270 omnium
761 230 905 270 ultima
929 235 1010 277 est,
1043 230 1085 269 in
1110 230 1312 282 terrisque
1334 233 1568 270 versantur.
1617 228 1870 272 Caelestium

101 311 200 351 ergo
231 294 516 337 admirabilem
547 293 735 333 ordinem
766 293 1142 346 incredibilemque
1166 293 1465 340 constantiam,
1504 306 1556 332 ex
1587 306 1670 346 qua
1701 307 1870 333 conser-

100 362 207 402 vatio
249 364 289 398 et
330 358 443 397 salus
485 356 671 395 omnium
714 356 849 395 omnis
880 358 1031 403 oritur,
1079 356 1151 408 qui
1184 369 1329 395 vacare
1362 362 1498 395 mente
1530 360 1668 408 putat,
1714 356 1747 395 is
1780 357 1869 409 ipse

99 423 249 464 mentis
281 434 430 474 expers
462 420 681 459 habendus
713 425 787 459 est.
848 417 915 458 57.
949 419 1068 458 llaud
1103 433 1219 469 erge,
1264 425 1307 458 ut
1337 420 1501 472 opinor,
1536 432 1749 466 erravero,
1781 419 1815 459 si
1846 432 1869 459 a

98 485 285 541 principe
317 482 632 534 investigandae
667 482 850 521 veritatis
883 482 1006 521 huius
1039 481 1335 534 disputationis
1368 483 1616 536 principium
1649 482 1821 522 duxero.
1877 491 1896 521 δ

210 547 342 586 xxll.
376 546 487 584 Zeno
520 544 647 596 igitur
678 550 867 583 naturam
900 544 956 583 ita
989 543 1152 591 delinit,
1185 550 1229 584 ut
1261 558 1351 584 cani
1384 546 1494 585 dicat
1526 547 1663 598 ignem
1693 558 1784 584 esse
1807 557 1871 584 ar-

99 608 321 652 tificiosum
353 608 405 647 ad
437 606 692 660 gignendum
726 607 1062 659 progredientem
1095 608 1172 647 via.
1222 608 1375 648 Censet
1407 609 1517 648 enim
1549 609 1647 648 artis
1674 621 1870 648 maxume

98 673 312 728 proprium
346 684 438 710 esse
470 683 610 709 creare
642 676 682 709 et
713 670 902 721 gignere,
936 670 1135 723 quodque
1168 670 1209 709 in
1241 672 1438 724 operibus
1464 677 1699 711 nostrarum
1721 671 1871 710 artium

98 749 244 776 manus
276 734 452 781 efficiat,
492 733 532 773 id
576 732 706 773 multo
747 732 1014 771 artificiosius
1051 738 1240 772 naturam
1274 733 1459 781 efficere,
1504 734 1543 773 id
1576 739 1657 781 est,
1690 739 1733 774 ut
1763 733 1872 781 dixi,

98 799 237 852 ignem
278 795 568 843 artificiosum,
607 795 848 847 magistrum
890 794 1041 834 artium
1083 795 1356 848 reliquarum.
1413 798 1552 850 Atque
1592 797 1669 837 hac
1701 796 1870 849 quidem
1886 802 1922 832 10

98 862 258 902 ratione
291 860 426 901 omnis
458 864 605 899 natura
636 855 859 898 artificiosa
891 863 975 903 cst,
1008 858 1121 910 quod
1152 858 1278 898 habet
1309 860 1428 912 quasi
1462 860 1569 899 viam
1593 858 1802 912 quandam
1831 863 1873 899 et

98 929 275 971 sectam,
323 936 449 976 quam
487 926 703 975 sequatur.
764 919 832 960 58.
875 920 1011 972 Ipsius
1053 933 1149 960 vero
1188 921 1353 968 mundi,
1386 922 1457 974 qui
1489 922 1629 962 omnia
1661 922 1872 975 conplexu

96 1000 172 1028 suo
204 991 367 1027 coercet
398 991 437 1025 et
469 984 671 1029 continet,
714 988 861 1024 natura
891 997 976 1023 non
1008 981 1233 1023 artificiosa
1264 983 1418 1031 solum,
1460 984 1534 1024 sed
1566 984 1689 1036 plane
1720 983 1872 1023 artifex

96 1050 148 1090 ab
188 1049 336 1089 eodem
378 1049 546 1088 Zenone
578 1047 751 1094 dicitur,
784 1046 1018 1087 consultrix
1048 1051 1088 1086 et
1120 1045 1293 1099 provida
1324 1046 1549 1086 utilitatum
1582 1046 1872 1099 opportunita-

97 1118 270 1166 tumque
302 1111 502 1151 omnium.
552 1111 689 1164 Atque
722 1115 767 1150 ut
798 1115 960 1150 ceterae
992 1114 1164 1150 naturae
1197 1108 1285 1148 suis
1325 1110 1554 1149 seminibus
1585 1123 1779 1163 quaeque
1811 1108 1922 1162 gi-ns

96 1180 300 1229 gnuntur,
343 1179 593 1227 augescunt,
634 1174 921 1220 continentur,
963 1173 1023 1213 sic
1054 1177 1201 1212 natura
1232 1171 1376 1211 mundi
1410 1172 1546 1213 omnis
1578 1177 1715 1212 motus
1745 1172 1874 1212 habet

97 1237 357 1278 voluntarios
389 1242 650 1290 conatusque
682 1241 723 1276 et
753 1236 1053 1289 adpetitiones,
1085 1247 1188 1287 quas
1211 1233 1352 1287 ὁρμάς
1374 1234 1521 1275 Graeci
1544 1241 1712 1283 vocant,
1745 1239 1787 1274 et
1806 1234 1872 1275 his

96 1305 398 1340 consentaneas
430 1298 616 1339 actiones
649 1299 708 1338 sic
739 1298 931 1347 adhibet,
963 1304 1009 1339 ut
1039 1303 1203 1338 nosmet
1234 1297 1337 1351 ipsi,
1370 1298 1443 1352 qui
1474 1298 1624 1338 animis
1656 1310 1874 1338 movemur

96 1367 137 1402 et
175 1362 381 1402 sensibus.
442 1362 555 1402 Talis
595 1361 724 1414 igitur
763 1375 880 1402 mens
920 1361 1065 1401 mundi
1108 1374 1202 1401 cum
1234 1361 1286 1400 sit
1316 1360 1369 1400 ob
1401 1375 1578 1416 eamque
1609 1374 1776 1401 causam
1806 1359 1873 1400 vel

95 1425 317 1478 prudentia
348 1425 414 1465 vel
445 1424 711 1479 providentia
742 1424 944 1478 appellari
974 1428 1087 1464 recte
1119 1423 1253 1477 possit
1276 1446 1330 1453 —-
1351 1423 1509 1465 Graece
1541 1424 1652 1465 enim
1683 1421 1871 1479 πρόνοια
1885 1429 1923 1460 20

98 1487 249 1528 dicitur
277 1510 356 1536 —,
399 1487 504 1528 haec
543 1487 809 1542 potissimum
849 1487 1043 1540 providet
1080 1491 1121 1527 et
1160 1486 1203 1526 in
1243 1486 1308 1527 his
1347 1488 1528 1528 maxime
1561 1492 1624 1528 est
1655 1492 1872 1541 occupata,

98 1550 276 1605 primum
315 1556 360 1592 ut
400 1551 582 1592 mundus
619 1564 745 1605 quam
783 1550 1022 1604 aptissimus
1063 1549 1117 1589 sit
1146 1548 1197 1588 ad
1237 1551 1588 1602 permanendum,
1634 1549 1785 1590 deinde
1828 1554 1874 1591 ut

97 1613 211 1654 nulla
250 1627 294 1654 re
335 1620 475 1667 egeat,
515 1627 710 1655 maxume
750 1619 889 1655 autem
926 1619 971 1654 ut
1011 1613 1056 1654 in
1094 1625 1143 1653 eo
1175 1613 1331 1654 eximia
1362 1613 1631 1667 pulchritudo
1663 1614 1716 1655 sit
1746 1618 1873 1668 atque

99 1676 235 1717 omnis
266 1683 450 1718 ornatus.

207 1740 361 1781 xxm.
394 1739 461 1783 59.
502 1740 667 1781 Dictum
706 1746 768 1782 est
809 1739 860 1780 de
899 1739 1099 1780 universo
1138 1739 1316 1787 mundo,
1359 1738 1514 1780 dictum
1555 1741 1681 1782 etiam
1719 1745 1781 1783 est
1820 1742 1923 1783 de2⁵

96 1802 322 1853 sideribus,
353 1809 398 1844 ut
426 1804 510 1844 iam
540 1818 671 1859 prope
702 1804 872 1845 modum
903 1808 1103 1856 appareat
1132 1802 1359 1842 multitudo
1392 1816 1468 1843 nec
1494 1805 1749 1845 cessantium
1771 1804 1873 1847 deo-

96 1880 188 1907 rum
227 1880 305 1907 nec
351 1880 417 1915 ea,
456 1881 565 1921 quae
608 1872 753 1920 agant,
792 1866 1055 1906 molientium
1089 1880 1182 1905 cum
1214 1865 1356 1906 labore
1388 1879 1568 1920 operoso
1599 1880 1647 1907 ac
1677 1868 1872 1909 molesto.

96 1930 189 1970 Non
221 1930 333 1970 enim
364 1930 483 1971 venis
515 1936 556 1971 et
586 1930 725 1971 nervis
757 1935 797 1970 et
828 1929 993 1969 ossibus
1035 1929 1328 1976 continentur,
1368 1942 1446 1969 nec
1478 1928 1529 1969 iis
1560 1930 1665 1971 escis
1697 1936 1769 1972 aut
1800 1945 1873 1986 po-

96 1992 278 2034 tionibus
310 1999 553 2040 vescuntur,
584 1999 630 2033 ut
660 1998 731 2034 aut
760 1993 883 2033 nimis
915 1997 1134 2045 acres-aut
1164 1992 1290 2032 nimis
1321 1998 1539 2033 concretos
1572 2007 1741 2035 umores
1773 2008 1873 2036 con-

96 2054 246 2108 ligant,
278 2069 354 2097 nec
384 2056 436 2096 iis
468 2057 713 2109 corporibus
745 2062 862 2103 sunt,
893 2061 940 2096 ut
970 2068 1091 2096 casus
1123 2060 1194 2096 aut
1223 2056 1330 2095 ictus
1353 2055 1631 2096 extimescant
1660 2062 1732 2097 aut
1762 2071 1873 2098 mor·
1886 2067 1923 2097 3ο

95 2117 170 2158 bos
200 2124 389 2159 metuant
419 2132 472 2158 ex
502 2118 801 2171 defetigatione
833 2118 1140 2159 membrorum:
1173 2131 1280 2172 quae
1312 2131 1460 2158 verens
1490 2119 1696 2172 Epicurus
1728 2134 1875 2162 mono-

98 2193 304 2233 grammos
337 2182 438 2221 deos
470 2187 511 2222 et
547 2182 652 2221 nihil
688 2187 861 2235 agentes
893 2186 1151 2222 commentus
1184 2186 1258 2222 est.
1317 2179 1383 2219 60.
1415 2180 1480 2219 Illi
1512 2186 1651 2222 autem
1680 2183 1875 2236 pulcher-

97 2243 201 2284 rima
237 2243 370 2284 forma
401 2244 578 2298 praediti
620 2245 932 2298 purissimaque
964 2244 1006 2283 in
1037 2244 1207 2297 regione
1240 2244 1344 2285 caeli
1376 2242 1570 2285 collocati
1600 2246 1656 2287 ita
1684 2246 1875 2287 feruntur

99 2305 455 2360 moderanturque
492 2321 660 2355 cursus,
699 2313 746 2348 ut
773 2307 825 2347 ad
857 2307 999 2347 omnia
1030 2307 1316 2348 conservanda
1350 2312 1391 2348 et
1420 2308 1577 2348 tuenda
1607 2310 1873 2350 consensisse

99 2368 333 2409 videantur.
383 2370 539 2410 Multae
571 2376 708 2410 autem
739 2371 845 2410 aliae
876 2375 1047 2410 naturae
1080 2369 1257 2410 deorum
1289 2383 1342 2410 ex
1372 2372 1533 2423 magnis
1564 2370 1780 2412 beneficiis
1802 2382 1924 2413 (ἕο-35

99 2444 190 2471 rum
221 2445 305 2472 non
336 2433 425 2473 sine
458 2447 584 2474 causa
615 2438 657 2474 et
694 2446 718 2474 a
749 2433 947 2473 Graeciae
979 2433 1301 2486 sapientissimis
1334 2438 1375 2473 et
1404 2446 1428 2473 a
1458 2434 1686 2474 maioribus
1717 2435 1872 2475 nostris

100 2496 348 2536 constitutae
378 2496 704 2549 nominataeque
736 2501 846 2537 sunt.
893 2495 1108 2549 Quicquid
1132 2496 1244 2536 enim
1270 2508 1463 2549 magnam
1484 2496 1705 2538 utilitatem
1727 2498 1873 2551 generi

185 2619 216 2650 4.
241 2623 419 2650 uersantur
448 2620 496 2651 C:
528 2623 684 2651 uersatur
708 2619 848 2651 ABEP
864 2619 890 2650 V
923 2620 1013 2659 (ante
1042 2628 1202 2652 rasuram
1227 2621 1392 2660 quattuor
1415 2619 1470 2651 vel
1495 2622 1650 2661 quinque
1675 2619 1872 2654 litterarum

99 2668 135 2707 A)
163 2686 197 2691 —
224 2669 410 2700 caelestium
435 2669 513 2700 cod.
541 2668 800 2710 Glogaviensis:
823 2670 994 2703 ,caelestem
1018 2669 1047 2702 Ἃ
1074 2688 1108 2693 -
1136 2670 1166 2701 3.
1194 2670 1263 2709 ipse
1287 2678 1378 2701 corr.
1399 2678 1440 2701 ex
1464 2671 1526 2710 ipsi
1551 2670 1578 2700 V
1603 2687 1638 2692 —
1665 2669 1696 2702 4.
1722 2671 1868 2710 hautA;

99 2721 158 2749 aut
180 2726 269 2749 corr.
296 2719 329 2750 in
353 2719 442 2750 haud
466 2719 490 2750 B
511 2736 546 2740 —
573 2718 604 2750 9.
631 2719 664 2750 id
687 2720 767 2760 post
790 2727 950 2751 rasuram
974 2719 1125 2750 duarum
1150 2718 1345 2751 litterarum
1369 2721 1397 2751 A
1418 2738 1452 2742 —
1478 2720 1689 2760 artificiosius
1711 2724 1747 2751 ut
1769 2724 1873 2752 natu-

99 2776 174 2798 ram
197 2769 221 2799 P
248 2785 282 2790 -
310 2768 361 2800 ⁴0.
388 2778 428 2800 ac
453 2770 644 2809 (superscr.
670 2768 699 2808 h)
726 2768 793 2801 AV
821 2786 856 2791 —
892 2770 942 2800 ΛΞ.
970 2770 1160 2810 complexus
1182 2779 1264 2801 uoco
1288 2773 1414 2801 coercet
1438 2771 1461 2801 P
1488 2787 1523 2792 —
1557 2770 1609 2801 ⁴3.
1636 2770 1782 2802 cohercet
1805 2770 1873 2803 Ev

102 2817 151 2857 (in
174 2817 201 2848 V
226 2817 287 2850 litt.
312 2819 333 2849 h
356 2821 530 2860 expuncta
556 2820 618 2858 est)
646 2835 681 2841 --
710 2818 762 2850 44.
789 2821 1117 2859 oportunitatumque
1141 2820 1164 2851 B
1180 2820 1203 2851 C
1220 2820 1244 2851 E
1270 2837 1305 2842 -
1333 2820 1385 2850 45.
1412 2828 1561 2860 quaeque
1584 2822 1610 2851 A
1626 2820 1672 2851 E:
1699 2830 1873 2861 quaequae

101 2866 163 2899 BC
179 2868 293 2900 PVO.
321 2868 371 2900 Cf.
399 2869 535 2909 Madvig
560 2869 604 2900 ad
630 2869 701 2901 Cic.
728 2869 772 2900 de
799 2870 869 2900 Fin.
889 2877 922 2910 p.
943 2869 1018 2902 656.
1041 2886 1075 2891 -
1103 2869 1156 2900 46.
1183 2869 1348 2900 continent
1372 2869 1484 2908 (eraso
1509 2869 1542 2900 in
1566 2869 1635 2901 fine
1660 2871 1872 2912 compendio

103 2916 177 2957 syll.
202 2918 256 2957 ur)
281 2919 305 2950 B
331 2936 366 2941 —
395 2919 446 2950 47.
471 2919 690 2950 uolumtarios
712 2920 738 2950 Α
756 2936 799 2940 -
821 2919 955 2950 normas
972 2917 1001 2951 Ἡ
1020 2936 1055 2941 -
1081 2919 1130 2951 his
1153 2928 1243 2951 corr.
1266 2920 1299 2950 in
1322 2920 1350 2950 is
1373 2920 1420 2955 B;
1446 2920 1473 2950 is
1496 2920 1521 2950 Α
1537 2920 1561 2951 Ρ
1582 2938 1616 2943 -
1644 2920 1696 2952 48.
1721 2926 1874 2954 mouetur

103 2965 143 2997 V¹
168 2984 203 2990 —
229 2969 282 3000 20.
308 2969 360 3000 uel
379 2970 591 3008 prouidentia
615 2970 648 3000 in
673 2977 783 3009 marg.
810 2977 857 3000 m.
885 2977 956 3000 sec.
977 2969 1004 3000 V
1027 2986 1070 2991 —
1091 2978 1240 3008 pronoea
1263 2967 1292 3001 ⁶21
1314 2970 1451 3009 (pronea
1466 2969 1503 3007 A)
1526 2987 1560 2992 —
1586 2970 1640 3001 Ἡ.
1667 2970 1701 3001 in
1724 2971 1765 3002 iis
1787 2972 1812 3003 B
1833 2988 1869 2995 —

103 3015 155 3048 25.
180 3018 313 3049 Dictum
336 3022 381 3050 est
397 3019 612 3059 --pluribus
635 3019 742 3050 verbis
766 3019 950 3058 explicatus
974 3022 1018 3050 est
1043 3018 1072 3059 (g
1090 3018 1141 3058 63)
1163 3027 1233 3050 om.
1255 3019 1279 3050 P
1299 3036 1334 3040 —
1360 3019 1460 3049 etiam
1483 3021 1529 3050 est
1553 3020 1579 3050 A
1593 3020 1617 3051 Β
1632 3019 1682 3051 V:
1708 3022 1808 3052 etiam
1825 3021 1849 3054 C
1862 3032 1869 3061 ;

103 3068 148 3097 est
169 3067 268 3099 etiam
291 3068 315 3099 E
331 3068 357 3100 O
390 3086 426 3092 —
460 3069 514 3100 26.
537 3077 642 3108 prope
665 3069 825 3099 mundum
849 3069 924 3100 B¹C
951 3086 986 3090 —
1019 3070 1259 3100 necessantt'um
1281 3069 1307 3099 A
1336 3085 1371 3090 —
1405 3068 1457 3099 27.
1483 3066 1652 3101 mellentici
1672 3070 1717 3107 A;
1743 3072 1872 3103 molen-

103 3116 185 3147 tium
208 3118 298 3158 (post
321 3118 332 3149 l
354 3126 531 3160 superscr.
557 3120 579 3157 i)
604 3120 629 3150 B
658 3137 693 3142 —
726 3119 779 3150 28.
805 3118 897 3149 uenis
919 3122 950 3150 et
972 3119 996 3150 B
1011 3119 1038 3149 V
1062 3120 1109 3158 (in
1126 3119 1150 3149 B
1169 3127 1259 3150 corr.
1279 3127 1319 3149 ex
1338 3119 1496 3157 uenisset,
1515 3119 1549 3150 in
1564 3118 1591 3149 V
1610 3128 1652 3151 ex
1667 3122 1761 3152 uenis
1775 3122 1844 3161 nec)
1861 3130 1868 3152 τ

103 3167 194 3197 uenis
209 3168 262 3198 sed
277 3168 372 3199 ACE
392 3184 428 3191 —
447 3177 504 3200 nec
521 3169 582 3200 hiis
598 3169 621 3200 B
640 3179 646 3202 ;
672 3177 730 3200 nec
752 3168 801 3199 his
823 3169 849 3199 A
865 3170 889 3200 C
904 3168 950 3206 V3
979 3177 1037 3200 nec
1059 3168 1118 3207 hys
1141 3169 1165 3199 E
1192 3185 1227 3190 -
1255 3167 1357 3199 aescis
1379 3169 1405 3199 A
1420 3168 1444 3199 C
1473 3184 1508 3191 —
1535 3168 1589 3200 29.
1615 3178 1713 3210 αρν-ες
1735 3172 1760 3202 Α
1775 3170 1816 3201 V¹
1832 3188 1868 3192 —

103 3222 169 3246 um.
187 3216 241 3247 B1:
261 3217 350 3249 hum.
366 3218 391 3249 O
418 3236 453 3241 —
487 3218 540 3250 30.
565 3228 624 3250 nec
639 3219 667 3250 is
683 3220 728 3255 Ας
754 3226 812 3249 nec
827 3218 890 3249 hiis
905 3218 953 3254 B;
979 3226 1037 3249 nec
1059 3217 1108 3248 his
1133 3218 1156 3250 C
1172 3218 1219 3255 V;
1244 3225 1304 3248 nec
1326 3217 1383 3255 hys
1406 3217 1431 3248 E
1459 3234 1494 3239 —
1520 3221 1557 3249 ut
1579 3223 1638 3250 aut
1660 3228 1757 3251 casus
1780 3220 1806 3252 Ο
1832 3237 1869 3244 -

104 3261 157 3296 34.
183 3265 409 3307 defetigatione
431 3269 496 3302 ΑΒ
510 3268 573 3301 V²:
599 3269 836 3311 defatiqatione
859 3268 884 3301 C
900 3267 977 3301 ΨΟ
1003 3268 1048 3309 (in
1069 3267 1094 3300 C
1116 3267 1155 3308 fa
1178 3275 1221 3299 ex
1244 3266 1498 3308 correctione);
1525 3267 1772 3311 deuatiyatione
1787 3269 1825 3303 E.

160 3323 278 3356 Cimo
299 3325 334 3358 T.
349 3326 400 3358 lv.
1530 3327 1584 3371 27
