2249 3624
654 202 743 242 Lm.
775 201 846 243 111.
886 202 984 243 CAP.
1015 201 1212 243 1v—VI.
1254 200 1313 256 §§
1344 200 1507 244 9-15.
1878 200 1959 242 453

189 310 430 354 mortalibus
462 315 502 350 et
533 309 718 349 omnium
750 312 859 349 esset
890 314 931 348 et
962 309 1115 349 cotidie
1147 315 1364 351 cresceret.
1417 310 1556 351 Placet
1588 311 1713 364 igitur
1739 316 1871 352 tantas
1894 325 1960 352 res

190 375 386 429 opinione
418 372 639 412 stultorum
671 372 862 419 iudicari,
895 372 1012 412 vobis
1044 374 1309 426 praesertim,
1342 374 1411 427 qui
1445 374 1539 414 illos
1571 375 1740 414 insanos
1773 388 1865 414 csse
1898 374 1962 414 di-

189 437 326 477 catis?
375 436 419 474 V.
451 436 503 474 At
527 435 635 474 enim
658 436 891 487 praesentis
915 435 1105 475 videmus
1128 436 1248 482 deos,
1282 442 1323 475 ut
1345 437 1457 488 apud
1480 437 1685 489 Regillum
1710 438 1961 484 Postumius,

188 499 230 538 in
263 498 423 538 Salaria
446 497 657 543 Vatinius,
690 497 831 535 nescio
856 497 956 550 quid
979 499 1101 538 etiam
1126 498 1177 538 de
1203 500 1430 538 Locrorum
1453 500 1563 552 apud
1588 501 1757 552 Sagram
1781 499 1959 552 proelio.

190 561 307 609 Quos
338 560 466 611 igitur
496 565 540 598 tu
573 558 834 612 Tyndaridas
866 560 1129 611 appellabas,
1161 561 1201 600 id
1235 568 1297 600 est
1327 562 1519 602 homines
1551 562 1722 601 homine
1755 567 1891 609 natos,
1924 567 1993 603 ets

188 636 295 678 quos
337 623 564 669 Homerus,
606 621 678 675 qui
725 634 869 660 recens
911 622 960 661 ab
1002 623 1171 662 illorum
1212 631 1347 663 aetate
1379 624 1477 670 suit,
1519 625 1706 677 sepultos
1740 639 1831 665 esse
1865 625 1965 666 dicit

189 685 525 731 Lacedaemone,
567 697 640 724 eos
673 689 716 723 tu
749 683 974 723 cantheriis
1007 685 1131 732 albis,
1168 687 1295 726 nullis
1328 686 1563 734 calonibus,
1596 689 1760 727 obviam
1796 688 1962 727 Vatinio

186 749 352 789 venisse
397 747 613 787 existimas
655 753 694 786 et
735 747 951 786 victoriam
994 748 1137 800 populi
1180 750 1353 788 Romani
1387 750 1552 789 Vatinio
1598 750 1757 803 potius,
1801 749 1963 788 homini

187 812 360 858 rustico,
402 824 528 864 quam
560 811 615 851 M.
642 809 809 855 Catoni,
851 810 922 862 qui
957 815 1042 848 tum
1076 816 1161 850 erat
1195 813 1407 864 princeps,
1447 813 1735 852 nuntiavisse?
1781 813 1891 865 Ergo
1925 816 1966 851 et

187 873 290 914 illud
332 875 373 913 111
414 873 551 920 silice,
598 873 711 926 quod
753 872 880 911 hodie
913 879 1085 925 apparet
1116 874 1227 925 apud
1261 874 1466 925 Regillum
1500 881 1708 928 tamquam
1741 875 2015 927 vestigiumio

188 936 391 988 ungulae,
424 935 607 975 Castoris
640 935 738 987 equi
761 934 896 974 credis
920 938 1042 974 esse?
1097 932 1156 974 12.
1193 937 1339 974 Nonne
1363 937 1492 976 mavis
1514 937 1617 976 illud
1642 938 1826 984 credere,
1850 936 1964 990 quod

187 999 355 1052 probari
396 1003 554 1052 potest,
596 998 757 1037 animos
793 997 1102 1050 praeclarorum
1143 999 1378 1044 homiuum,
1422 999 1568 1051 quales
1602 1000 1667 1039 isti
1702 999 1964 1053 Tyndaridae

187 1060 373 1108 fuerunt,
406 1060 569 1100 divinos
602 1073 693 1099 esse
726 1065 767 1099 et
798 1065 1014 1106 aeternos,
1047 1074 1173 1113 quam
1205 1074 1301 1108 eos,
1341 1061 1414 1114 qui
1445 1062 1576 1101 semel
1609 1061 1779 1101 cremati
1812 1066 1966 1109 essent,

189 1124 380 1177 equitare
413 1128 453 1163 et
484 1122 526 1161 in
563 1122 650 1162 acie
691 1135 879 1175 pugnare
921 1123 1144 1175 potuisse?
1191 1129 1283 1170 aut,
1323 1123 1357 1163 si
1393 1124 1472 1163 hoc
1504 1124 1594 1163 fieri
1633 1124 1816 1177 potuisse
1849 1124 1966 1172 dicis,

189 1186 338 1226 doceas
384 1190 570 1238 oportet,
621 1198 703 1238 quo
748 1185 896 1231 modo,
946 1198 1020 1224 nec
1065 1184 1240 1225 fabellas
1287 1186 1419 1225 aniles
1468 1185 1668 1239 proferas.
1755 1183 1814 1226 l3.
1860 1187 2018 1228 Tumi5

188 1248 396 1295 Lucilius,
442 1250 507 1287 An
552 1247 653 1294 tibi,
700 1248 856 1300 inquit,
901 1246 1079 1287 fabellae
1125 1249 1353 1288 videntur?
1404 1261 1543 1288 nonne
1585 1248 1636 1288 ab
1675 1250 1720 1287 Α.
1753 1249 1966 1288 Postumio

188 1311 335 1351 aedem
381 1310 538 1351 Castori
581 1315 621 1350 et
663 1310 823 1349 Polluci
871 1310 914 1349 in
960 1309 1052 1350 foro
1098 1310 1352 1358 dedicatam,
1400 1324 1538 1350 nonne
1585 1317 1754 1351 senatus
1800 1311 1969 1351 consul-

189 1379 276 1414 tum
315 1372 367 1413 de
409 1373 575 1413 Vatinio
616 1373 768 1413 vides?
827 1374 931 1412 'Nam
972 1373 1022 1413 de
1065 1373 1195 1425 Sagra
1236 1373 1489 1414 Graecorum
1531 1375 1657 1414 etiam
1697 1380 1761 1414 est
1800 1375 1967 1428 volgare

188 1436 478 1490 proverbium,
521 1436 594 1489 qui
635 1448 743 1488 quae
783 1433 1002 1475 adfirmant
1042 1436 1219 1476 certiora
1258 1450 1351 1477 esse
1391 1436 1534 1477 dicunt
1564 1450 1689 1491 quam
1722 1437 1813 1486 illa,
1859 1450 1968 1491 quae

188 1498 302 1552 apud
350 1499 535 1551 Sagram.
613 1498 689 1538 His
739 1498 867 1551 igitur
916 1499 1160 1538 auctoribus
1212 1512 1351 1539 nonne
1402 1499 1530 1539 debes
1576 1500 1775 1540 moveri?
1863 1501 1966 1541 Tum
1981 1512 2019 1543 20

191 1561 336 1609 Cotta,
382 1561 661 1609 Rumoribus,
704 1561 872 1615 inquit,
917 1574 1080 1601 mecum
1125 1575 1316 1615 pugnas,
1362 1562 1517 1610 Balbe,
1563 1575 1641 1617 ego
1684 1568 1823 1604 autem
1864 1577 1887 1604 a
1928 1568 1968 1603 te

189 1623 371 1664 rationes
404 1627 426 1644 '⁸
452 1624 473 1643 ³⁵
499 1624 521 1644 ἦ

303 1687 372 1726 VI.
406 1683 472 1726 44.
504 1687 732 1734 Secuntur,
765 1699 872 1739 quae
903 1685 1045 1727 futura
1076 1692 1194 1736 sunt3
1228 1688 1412 1740 effugere
1445 1688 1556 1728 enim
1587 1700 1711 1728 nemo
1743 1688 1784 1727 id
1817 1692 1968 1741 potest,

191 1749 302 1803 quod
333 1749 518 1789 futurum
550 1755 624 1789 est.
678 1750 811 1803 Saepe
843 1755 982 1789 autem
1016 1764 1067 1789 ne
1100 1751 1202 1790 utile
1226 1750 1395 1804 quidem
1418 1757 1481 1791 est
1502 1751 1627 1798 scire,
1660 1751 1761 1804 quid
1783 1750 1968 1790 futurum

190 1813 270 1860 sit;
303 1813 502 1852 miserum
537 1817 599 1852 est
630 1813 740 1852 enim
773 1812 879 1851 nihil
909 1809 1194 1864 proficientem
1217 1814 1313 1865 angi
1335 1828 1411 1854 nec
1434 1814 1588 1854 habere
1610 1827 1662 1853 ne
1685 1813 1773 1867 spei
1797 1811 1968 1866 quidem
1983 1824 2019 1853 25

191 1880 423 1915 extremum
463 1881 502 1914 et
539 1881 676 1915 tamen
708 1888 927 1915 commune
966 1875 1190 1923 solacium,
1229 1877 1475 1929 praesertim
1508 1890 1603 1916 cum
1635 1889 1708 1916 vos
1740 1875 1850 1915 idem
1882 1875 1968 1916 sato

191 1936 279 1978 [ieri
311 1937 457 1977 dicatis
489 1939 652 1984 omnia,
686 1937 796 1991 quod
831 1943 969 1977 autem
995 1951 1161 1990 semper
1183 1951 1235 1977 ex
1258 1939 1370 1978 omni
1394 1939 1641 1979 aeternitate
1665 1952 1808 1978 verum
1829 1937 1969 1985 fuerit,

190 2001 233 2040 id
266 2013 356 2040 esse
388 1999 533 2040 fatum.
588 2000 699 2049 Quid
730 2001 855 2053 igitur
885 2000 1000 2040 iuvat
1029 2007 1099 2040 aut
1130 2000 1228 2053 quid
1262 2001 1396 2041 adfert
1427 2002 1478 2041 ad
1512 2001 1743 2041 cavendum
1766 2000 1872 2040 scire
1894 1999 1971 2039 ali-

192 2063 294 2117 quid
333 2062 541 2111 futurum,
584 2077 678 2103 cum
718 2063 759 2103 id
800 2068 910 2102 certe
942 2062 1129 2109 futurum
1161 2064 1246 2103 sit?
1293 2063 1411 2103 Unde
1452 2078 1576 2117 porro
1618 2064 1697 2104 ista
1737 2062 1968 2102 divinatio?

193 2126 287 2179 quis
319 2126 478 2166 invenit
508 2124 648 2166 fissum
680 2126 860 2165 iecoris?
904 2126 999 2178 quis
1032 2125 1211 2165 cornicis
1244 2131 1411 2166 cantum
1444 2127 1638 2166 notavit?
1681 2126 1775 2178 quis
1808 2125 2020 2168 sortis?3o

192 2189 342 2242 quibus
375 2201 451 2240 ego
484 2189 627 2235 credo,
659 2202 735 2228 nec
766 2201 937 2241 possum
968 2189 1051 2228 Atti
1080 2188 1220 2235 Navii,
1253 2202 1379 2242 quem
1413 2189 1787 2236 commemorabas,
1820 2188 1970 2227 lituum

192 2257 471 2291 contemnere.
523 2250 603 2290 Sed
646 2251 717 2304 qui
754 2251 833 2290 ista
873 2250 1087 2290 intellecta
1126 2252 1229 2298 sint,
1275 2264 1298 2290 a
1333 2251 1596 2305 philosophis
1629 2251 1762 2291 debeo
1794 2250 1969 2298 discere,

1081 2313 1089 2320 ι
1125 2314 1132 2321 .
1170 2314 1176 2320 ι
1213 2314 1220 2321 0

191 2314 439 2368 praesertim
471 2326 564 2353 cum
595 2313 785 2367 plurimis
818 2313 868 2353 de
899 2314 1026 2354 rebus
1049 2312 1180 2353 divim
1210 2314 1276 2353 1sti
1306 2314 1576 2354 mentiantur.
1637 2310 1704 2353 45.
1734 2314 1786 2353 At
1816 2312 1970 2352 medici

282 2488 311 2518 l.
338 2487 454 2518 cotidie
479 2487 503 2518 C
519 2487 567 2517 V:
596 2487 727 2518 cottidie
750 2489 775 2518 A
791 2487 839 2522 B;
867 2487 1023 2526 quottidie
1047 2487 1094 2518 E:
1122 2487 1264 2526 quotidie
1289 2486 1314 2517 O
1340 2503 1375 2508 -
1403 2486 1435 2517 3.
1457 2487 1638 2525 praeserlis
1661 2486 1712 2523 V;
1736 2486 1969 2526 praeserilisP

194 2540 392 2578 (praesentes
416 2545 536 2576 margo
560 2537 600 2577 V)
628 2554 661 2558 —
688 2537 833 2568 vidimus
857 2537 933 2568 cod.
963 2536 1218 2577 Glogaviensss,
1246 2538 1283 2567 Ο.
1312 2536 1360 2567 (If.
1381 2537 1409 2567 ΙΙ
1433 2538 1453 2577 §
1479 2537 1510 2567 6.
1532 2554 1566 2558 —
1594 2540 1678 2577 aput
1703 2538 1727 2568 A
1755 2554 1789 2558 —
1817 2537 1970 2577 reylilum

196 2589 387 2628 (superscr.
414 2587 425 2617 i
450 2589 527 2627 post
551 2588 581 2627 9)
608 2589 658 2623 A;
693 2588 845 2626 regiliani
871 2587 899 2617 V
925 2604 959 2608 —
995 2586 1025 2618 4.
1057 2587 1207 2617 Vatinius
1232 2586 1419 2618 llcindorf:
1459 2587 1609 2618 aalienus
1633 2586 1673 2618 Ἣ.
1710 2586 1760 2618 Cf.
1788 2596 1821 2618 v.
1849 2588 1901 2619 1¹8.
1931 2605 1966 2610 —

195 2647 327 2669 sacram
351 2638 375 2668 B
391 2637 415 2668 C
431 2635 545 2668 ΙΞΡΥ1
574 2654 609 2659 —-
640 2637 768 2675 praelio
791 2639 817 2668 A
833 2637 856 2668 C
874 2637 896 2668 E
923 2654 957 2659 —
986 2637 1017 2667 ὅ.
1043 2637 1234 2675 tundat-ides
1258 2636 1299 2666 Vl
1325 2653 1359 2658 —
1395 2637 1424 2668 6.
1453 2645 1583 2668 omerus
1607 2638 1797 2676 (superscr.
1822 2636 1851 2676 h)
1877 2639 1903 2668 A
1931 2654 1966 2659 -

194 2688 225 2719 7.
251 2690 287 2718 tu
310 2687 358 2718 B:
385 2690 453 2725 tuq,
472 2686 521 2716 V:
549 2689 583 2716 tic
609 2695 694 2725 quae
717 2689 742 2717 A
759 2686 807 2721 Cz,
835 2690 933 2726 tuque
957 2688 1002 2718 P:
1031 2695 1092 2725 que
1117 2690 1150 2716 iu
1175 2686 1222 2721 F.;
1251 2686 1327 2717 fort.
1347 2690 1400 2724 lu,
1429 2688 1558 2725 Quinte.
1581 2705 1615 2709 —
1641 2688 1798 2718 canteriis
1821 2690 1846 2719 A
1863 2688 1886 2719 C
1904 2688 1927 2719 Ε
1943 2688 1970 2718 V

197 2754 232 2760 —
259 2736 342 2767 albis
366 2736 450 2766 PV:
476 2736 561 2766 aluis
584 2737 633 2766 A:
660 2736 746 2766 alius
771 2737 794 2767 C
810 2736 857 2772 E;
885 2736 925 2767 ab
948 2736 996 2766 his
1020 2736 1043 2766 B
1071 2752 1105 2758 -—
1133 2738 1266 2767 uatieno
1283 2754 1330 2759 --
1346 2737 1479 2767 vatieno
1504 2736 1532 2768 ³21
1551 2753 1586 2758 —
1607 2736 1637 2767 9.
1661 2737 1783 2768 rustico
1805 2738 1927 2769 homini
1946 2739 1969 2770 P

197 2805 232 2811 —
261 2789 312 2819 40.
340 2790 424 2826 aput
446 2789 473 2818 A
500 2804 535 2808 —
561 2787 716 2826 refilium
741 2787 845 2818 APV
873 2804 907 2808 -—
940 2787 987 2816 11.
1015 2786 1089 2824 equi
1115 2794 1290 2826 superscr.
1318 2787 1352 2817 in
1377 2789 1403 2818 A
1431 2803 1466 2807 ——
1492 2786 1596 2817 credis
1619 2794 1684 2817 esse
1701 2786 1751 2816 V:
1778 2788 1970 2820 credidis-ese

195 2839 243 2873 Ας
278 2837 465 2868 credissesse
496 2845 587 2868 corr.
616 2838 648 2868 in
680 2838 872 2868 credidisses
895 2837 942 2871 B:
972 2837 1144 2867 credidisse
1168 2838 1190 2867 C
1209 2838 1253 2872 p3
1287 2838 1425 2867 credisse
1448 2837 1472 2867 E
1498 2853 1533 2858 —
1569 2837 1621 2867 1¹2.
1645 2835 1784 2875 probari
1808 2846 1898 2868 corr.
1927 2846 1969 2869 ex

191 2887 335 2927 probare
358 2890 385 2918 A
424 2901 458 2908 —
499 2886 550 2918 43.
579 2896 679 2926 quam
702 2888 798 2918 semel
820 2896 872 2918 eos
896 2886 953 2924 qui
978 2888 1000 2917 P
1040 2903 1074 2908 -
1118 2886 1169 2916 46.
1200 2895 1308 2918 nonne
1331 2887 1409 2917 aulo
1429 2887 1594 2925 postumio
1618 2884 1647 2918 ’Ἡ
1684 2902 1721 2909 -
1761 2886 1812 2918 48.
1839 2888 1969 2919 uatinio

195 2937 328 2969 ABCV
353 2938 544 2977 (superscr.
563 2945 579 2967 e
595 2939 674 2967 ante
693 2946 713 2967 η
730 2938 788 2975 Β);
815 2937 973 2967 uaticinio
999 2936 1046 2967 E:
1074 2937 1204 2967 ualieno
1223 2938 1246 2968 P
1274 2955 1308 2959 —-
1335 2946 1433 2968 sacra
1460 2936 1650 2973 ACEPV;
1677 2936 1782 2967 sacris
1806 2938 1829 2968 B
1851 2955 1886 2960 —
1913 2938 1966 2969 ΞΟ.

195 2991 275 3027 aput
297 2990 322 3018 A
351 3004 385 3009 —
412 2995 544 3017 sacram
570 2988 593 3018 C
610 2987 633 3017 P
658 3003 693 3008 —
730 2987 782 3016 2⁴.
810 2995 933 3017 mecum
958 2987 1106 3026 disputas
1130 2986 1220 3018 balbe
1243 2988 1267 3018 P
1294 3004 1329 3009 —
1363 2987 1415 3018 22.
1442 2988 1590 3017 rationes
1619 2989 1643 3018 A
1660 2986 1683 3018 C
1700 2985 1797 3018 EV¹2
1822 2988 1969 3019 rationes

195 3038 330 3077 requiro
358 3036 476 3068 BV²O
514 3054 549 3058 —
587 3036 639 3068 23.
670 3040 824 3068 secuntur
847 3036 950 3068 Bw:
988 3041 1147 3068 recunlw·
1179 3045 1269 3068 corr.
1298 3038 1328 3068 in
1355 3040 1517 3077 reflantur
1547 3039 1597 3073 Α;
1631 3040 1831 3076 percunctor
1853 3046 1968 3069 eorum

196 3088 244 3124 E;
270 3090 452 3127 sequuntur
475 3086 555 3117 ΨΟ
576 3104 608 3109 -
637 3086 689 3118 24.
716 3087 799 3117 scire
822 3087 908 3125 quod
933 3087 1084 3126 futurum
1107 3091 1152 3118 est
1177 3088 1200 3118 P
1221 3103 1254 3109 —
1276 3087 1328 3117 25.
1348 3088 1433 3118 enim
1450 3090 1494 3117 est
1511 3088 1533 3118 P
1555 3103 1588 3108 —-
1609 3086 1662 3118 ⁶26.
1682 3090 1789 3117 tamen
1815 3094 1905 3118 corr.
1933 3088 1966 3119 in

197 3140 266 3168 tam
290 3137 313 3168 Β
342 3154 375 3158 -
402 3145 571 3167 commune
595 3145 685 3167 corr,
707 3145 747 3167 ex
771 3144 973 3166 communem
992 3136 1019 3165 V
1040 3154 1075 3159 —-
1101 3136 1261 3167 solacium
1285 3140 1308 3167 A
1327 3137 1348 3166 Β
1365 3137 1388 3167 C
1405 3136 1454 3168 E:
1479 3137 1632 3167 solatium
1657 3136 1681 3167 Ο
1708 3153 1742 3158 -
1770 3137 1867 3168 iidem
1891 3135 1967 3168 V-’o

201 3203 237 3208 —
261 3185 315 3216 27.
342 3186 453 3216 omnia
483 3187 677 3216 aeternitate
708 3185 749 3214 W
783 3202 818 3206 —
852 3185 903 3216 28.
928 3186 1035 3224 fatum
1065 3186 1194 3217 dicatis.
1223 3187 1301 3225 qaid
1325 3188 1347 3217 P
1382 3204 1415 3208 —-
1450 3187 1528 3226 quid
1554 3187 1643 3226 (ante
1668 3187 1782 3227 igitur)
1807 3195 1898 3218 corr.
1925 3195 1967 3218 ex

199 3235 285 3274 quod
307 3237 332 3266 A
361 3254 394 3257 —
423 3235 558 3274 aliquod
582 3235 610 3264 V
628 3251 663 3257 —
691 3234 742 3266 30.
770 3235 843 3276 quis
865 3244 893 3266 c.
919 3244 947 3267 c.
972 3237 1100 3267 notarit
1123 3245 1192 3267 om.
1214 3237 1235 3267 Ρ
1255 3253 1289 3257 -
1310 3236 1362 3266 31.
1383 3237 1443 3267 atti
1467 3236 1560 3268 nauii
1585 3234 1625 3267 C‘2
1638 3236 1687 3266 V:
1715 3238 1774 3268 alli
1798 3238 1878 3268 naui
1902 3238 1965 3269 AB

201 3283 342 3319 C¹EV;
367 3285 446 3317 Accii
469 3285 570 3316 Ναυῆ
593 3284 631 3316 Ο.
659 3284 709 3316 Cf.
737 3285 762 3315 ll
790 3286 807 3325 g
834 3284 863 3316 9.
888 3302 924 3308 —
950 3286 1178 3316 commorabas
1200 3289 1226 3316 A
1243 3286 1265 3317 C
1284 3286 1308 3317 E
1324 3284 1361 3316 V¹
1382 3303 1415 3308 —
1443 3285 1495 3317 32.
1522 3289 1747 3326 contempnere
1770 3287 1871 3317 Y1—
1892 3289 1968 3318 sunt

200 3333 303 3366 ABC
318 3334 384 3366 EV
410 3351 445 3357 —
472 3334 525 3366 33.
551 3335 672 3366 diuinis
696 3335 746 3366 isli
770 3336 973 3367 mentiuntur
996 3334 1048 3373 ‘213
1074 3336 1128 3367 isti
1152 3335 1255 3367 divini
1278 3335 1482 3368 mentiantur
1504 3335 1530 3367 Ο
1557 3354 1593 3360 -
1618 3337 1662 3369 ad
1685 3335 1795 3369 A¹V¹.
