2249 3624
449 129 535 168 Lm.
568 127 636 168 111.
679 126 778 167 cip.
810 124 1232 165 xxvll-xxv111.
1271 122 1329 177 §5
1361 122 1551 164 63-69.
1796 119 1876 163 297

113 235 223 277 Malo
255 248 299 275 se
331 234 499 287 dignum
532 234 721 286 deputat,
752 233 829 273 nisi
856 233 980 272 miser
1011 232 1075 271 sit.
1119 231 1245 272 Vides
1278 245 1376 284 ergo
1409 232 1617 285 opinionis
1649 244 1762 279 esse,
1795 245 1877 272 non

113 303 284 338 naturae
316 297 482 336 malum.
530 296 660 344 Quid,
694 309 797 349 quos
828 309 893 334 res
925 296 1015 348 ipsa
1038 294 1178 347 lugere
1202 295 1421 348 prohibet?
1455 301 1497 334 ut
1519 294 1626 349 apud
1651 295 1878 335 Homerum

113 360 346 400 cotidianae
388 372 508 399 neces
545 359 820 411 interitusque
860 358 1083 398 multorum
1117 357 1375 397 sedationem
1415 356 1628 397 maerendi
1670 356 1876 404 adferunt,

112 421 223 476 apud
255 434 380 475 quem
413 422 467 460 ita
500 421 668 460 dicitnr:

223 484 457 536 Namque
490 483 646 522 nimis
679 482 874 522 multos
906 488 1064 536 atque
1097 483 1230 522 omni
1263 482 1379 521 luce
1412 482 1654 523 cadentis
1914 490 1931 516 5

225 545 521 591 Cernimus,
551 551 604 585 ut
635 558 781 585 nemo
815 545 991 597 possit
1022 558 1259 585 maerore
1292 558 1493 585 vacare.

224 609 333 657 Quo
365 609 533 659 magis
566 613 647 647 est
677 620 904 660 aequum
939 608 1161 647 tumulis
1194 608 1438 647 mandare
1473 612 1775 661 peremptos

221 672 389 711 Firmo
420 671 587 710 animo
620 675 667 709 et
700 669 896 708 luctum
930 668 1170 709 lacrimis
1201 669 1362 709 finire
1395 670 1614 710 diurnis.

110 733 176 776 66.
208 734 316 786 Ergo
348 733 390 772 in
422 736 626 786 potestate
659 737 721 771 est
751 731 915 770 abicere
948 731 1156 779 dolorem,
1197 746 1289 771 cum
1323 733 1445 779 velis,
1487 735 1662 786 tempori
1695 735 1877 773 servien-

108 803 204 838 tem.
252 798 313 836 An
345 800 408 835 est
438 794 568 834 ullum
602 799 784 846 tempus,
820 793 1018 846 quoniam
1042 795 1211 846 quidem
1245 808 1308 834 res
1342 796 1380 834 in
1412 802 1551 835 nostra
1576 802 1779 849 potestate
1803 801 1877 843 est,
1893 802 1928 832 10

108 861 175 901 cui
207 872 290 898 non
322 856 541 911 ponendae
574 869 695 896 curae
727 861 768 895 et
799 855 1071 906 aegritudinis
1103 870 1226 896 rausa
1255 858 1513 898 serviamus?
1547 860 1771 898 Constabat
1792 871 1878 906 eOS‚

108 922 178 976 qui
225 920 513 961 concidentem
552 919 795 958 volneribus
837 918 908 958 Cn.
941 919 1182 972 Pompeium
1216 919 1436 967 vidissent,
1479 935 1572 960 cum
1613 923 1651 961 in
1686 923 1757 961 illo
1789 923 1878 975 ipso

108 983 378 1026 acerbissimo
420 981 738 1034 miserrimoque
778 981 1015 1034 spectaculo
1056 982 1133 1020 sibi
1175 983 1383 1030 timerent,
1422 984 1533 1037 qnod
1565 998 1608 1024 se
1642 985 1772 1024 classe
1804 984 1879 1023 ho-

108 1049 233 1089 stium
266 1044 537 1086 circumfusos
570 1043 777 1090 viderent,
821 1043 919 1083 nihil
957 1044 1068 1083 alind
1103 1050 1189 1084 tum
1222 1046 1356 1097 egisse
1389 1047 1467 1085 nisi
1502 1052 1543 1086 ut
1576 1049 1752 1100 remiges
1784 1048 1879 1086 hor-

107 1115 294 1151 tarentur
332 1113 372 1148 et
411 1112 456 1146 ut
486 1106 661 1146 salutem
701 1106 1033 1159 adipiscerentur
1063 1106 1176 1160 suga,
1220 1114 1364 1159 postea
1398 1122 1521 1162 quam
1554 1111 1709 1163 Tyrum
1743 1110 1929 1150 venis—⁴5

107 1177 219 1220 sent,
253 1177 339 1211 tum
373 1169 571 1210 adflictari
606 1169 907 1223 lamentarique
940 1169 1141 1222 coepisse.
1194 1171 1334 1210 Timor
1367 1171 1495 1222 igitur
1525 1173 1574 1211 ab
1607 1173 1668 1212 his
1700 1173 1880 1225 aegritu-

108 1234 245 1275 dinem
279 1233 414 1286 potuit
446 1232 669 1285 repellere,
701 1232 805 1271 ratio
836 1230 887 1271 ab
920 1232 1097 1284 sapienti
1131 1232 1219 1272 viro
1254 1246 1335 1272 non
1369 1235 1556 1286 poterit?

218 1295 411 1336 XXVIII.
450 1294 561 1342 Quid
605 1299 666 1333 est
705 1300 843 1334 autem
877 1294 989 1347 quod
1025 1294 1116 1348 plus
1149 1295 1283 1334 valeat
1316 1295 1369 1334 ad
1402 1297 1644 1350 ponendum
1677 1297 1879 1345 dolorem,

107 1372 232 1413 quam
265 1372 357 1398 cum
391 1363 453 1398 est
483 1357 742 1397 intellectum
774 1357 830 1396 nil
863 1357 1008 1411 profici
1032 1363 1072 1397 et
1093 1357 1244 1397 frustra
1267 1371 1358 1398 esse
1382 1361 1656 1412 susceptum?
1691 1360 1733 1398 Si
1755 1359 1882 1411 igitur

105 1422 260 1476 deponi
293 1425 444 1474 potest,
477 1420 602 1460 etiam
634 1432 718 1459 non
751 1420 908 1473 suscipi
942 1425 1096 1474 potest:
1130 1421 1342 1460 voluntate
1374 1422 1502 1473 igitur
1532 1428 1572 1462 et
1604 1422 1759 1461 iudicio
1791 1435 1880 1461 sus-
1894 1429 1930 1458 20

105 1485 187 1538 cipi
219 1483 522 1537 aegritudinem
556 1482 837 1522 confitendum
870 1488 942 1522 est.
990 1481 1054 1521 67.
1088 1483 1219 1536 quue
1252 1484 1461 1524 indicatur
1492 1498 1634 1524 eorum
1664 1485 1881 1538 patientia,

106 1548 177 1601 qui
210 1560 303 1587 cum
335 1546 464 1586 multa
495 1546 577 1584 sint
609 1558 733 1597 saepe
766 1546 972 1598 perpessi,
1004 1545 1168 1585 facilius
1202 1546 1340 1586 ferunt
1373 1547 1575 1601 quicquid
1611 1547 1774 1594 accidit,
1807 1546 1879 1586 ob·

105 1610 384 1662 duruisseque
407 1608 487 1647 iam
510 1621 601 1647 sese
625 1614 768 1647 contra
788 1607 996 1648 fortunam
1019 1606 1286 1655 arbitrantur,
1320 1615 1365 1649 ut
1387 1610 1456 1649 ille
1480 1610 1589 1663 apud
1612 1609 1879 1663 Euripidem:

330 1672 380 1710 Si
413 1671 541 1710 mihi
575 1684 705 1710 nunc
738 1670 902 1711 tristis
934 1672 1147 1724 primum
1180 1671 1468 1712 inluxisset
1501 1673 1615 1713 dies

329 1735 430 1774 Nec
463 1739 565 1773 tam
598 1746 918 1773 aerumnoso
950 1733 1338 1786 navigavissem
1370 1736 1502 1783 salo,
1894 1743 1931 1772 25

327 1797 483 1836 Esset
514 1795 736 1836 dolendi
768 1809 942 1844 causa,
979 1803 1028 1836 ut
1058 1797 1260 1836 iniecto
1294 1798 1471 1837 eculei

329 1861 492 1899 Freno
524 1865 749 1911 repente
782 1865 924 1899 tactu
957 1860 1311 1913 exagitantur
1342 1874 1496 1907 novo;

331 1922 433 1961 Sed
466 1922 562 1961 iam
598 1922 846 1961 subactus
879 1922 1112 1962 miseriis
1145 1923 1407 1976 optorpui.

102 1985 354 2037 Defetigatio
396 1985 522 2037 igitur
562 1985 822 2025 miseriarum
854 1985 1138 2037 aegritudines
1171 1999 1264 2024 cum
1296 1984 1419 2025 faciat
1451 1985 1654 2033 leniores,
1691 1986 1878 2039 intellegi

103 2062 276 2090 necesse
309 2054 372 2088 est
403 2062 485 2087 non
517 2061 602 2087 rem
635 2049 767 2100 ipsam
797 2061 964 2087 causam
988 2055 1113 2101 atque
1136 2048 1291 2087 fontem
1315 2062 1406 2087 esse
1431 2049 1642 2088 maeroris.
1688 2048 1753 2088 68.
1785 2050 1930 2089 Phi-30
1956 2080 1962 2087 1

103 2111 272 2164 losophi
304 2110 453 2150 summi
492 2110 729 2164 nequedum
763 2116 899 2150 tamen
933 2111 1181 2163 sapientiam
1213 2112 1426 2151 consecuti
1461 2124 1599 2150 nonne
1631 2112 1880 2163 intellegunt

103 2174 144 2214 in
176 2185 338 2213 summo
371 2185 414 2212 se
447 2173 555 2212 malo
588 2175 707 2212 esse‘?
751 2173 855 2212 Sunt
887 2174 995 2212 enim
1020 2174 1285 2226 insipientes,
1319 2187 1455 2227 neque
1482 2174 1724 2227 insipientia
1749 2175 1879 2215 ullum

104 2236 237 2277 maius
270 2234 423 2274 malum
457 2241 538 2282 est3
571 2248 709 2288 neque
741 2241 879 2275 tamen
911 2236 1068 2287 lugent.
1114 2235 1225 2284 Quid
1259 2237 1346 2275 ita‘l
1381 2238 1489 2285 Quia
1512 2236 1608 2276 huic
1632 2239 1771 2290 generi
1796 2252 1879 2278 ma-

104 2299 239 2339 lorum
272 2311 354 2338 non
385 2295 609 2350 adtingitur
641 2299 709 2338 illa
742 2299 907 2351 opinio,
943 2304 1100 2338 rectum
1135 2312 1225 2338 esse
1258 2305 1298 2338 et
1328 2312 1509 2352 aequum
1543 2305 1582 2338 et
1613 2300 1663 2339 ad
1696 2299 1878 2340 oflicium

105 2362 315 2415 pertinere
347 2373 470 2413 aegre
501 2361 627 2408 ferre,
662 2361 775 2415 quod
807 2362 973 2414 sapiens
1006 2375 1086 2400 non
1120 2362 1199 2409 sis,
1232 2362 1346 2415 quod
1377 2363 1485 2401 idem
1510 2362 1760 2413 adtingimus
1783 2362 1878 2402 huic
1893 2368 1929 2396 35

105 2423 377 2476 aegritudini,
410 2423 452 2462 in
483 2436 565 2476 qua
596 2423 733 2463 luctus
764 2424 893 2470 inest,
928 2436 1035 2476 quae
1067 2424 1253 2463 omnium
1285 2438 1480 2464 maxuma
1504 2431 1578 2464 est.
1634 2422 1698 2464 (59.
1731 2426 1877 2478 Itaque

104 2485 348 2526 Aristoteles
372 2491 531 2524 veteres
559 2485 834 2539 philosophos
857 2499 1069 2533 accusans,
1095 2487 1166 2539 qui
1189 2487 1544 2526 existimavissent
1567 2485 1879 2540 philosophiam

105 2548 191 2589 suis
223 2548 400 2601 ingeniis
433 2561 523 2587 esse
558 2548 802 2600 perfectam,
841 2548 899 2587 ait
941 2561 1012 2587 eos
1045 2555 1116 2588 aut
1148 2549 1416 2589 stultissimos
1450 2556 1518 2588 aut
1549 2550 1878 2601 gloriosissimos

104 2610 255 2657 fuisse,
296 2610 371 2649 sed
413 2623 457 2649 se
498 2610 656 2657 videre,
700 2611 812 2663 quod
853 2612 995 2664 paucis
1036 2612 1155 2650 annis
1198 2625 1347 2664 magna
1389 2613 1573 2651 accessio
1606 2611 1713 2651 facta
1745 2617 1878 2660 esset,

105 2672 220 2712 brevi
252 2678 438 2726 tempore
478 2672 789 2726 philosophiam
821 2673 943 2726 plane
975 2674 1207 2714 absolutam
1239 2674 1341 2714 fore.
1388 2675 1702 2727 Theophrastus
1740 2680 1877 2715 autem
1893 2679 1929 2710 40

192 2860 223 2890 5.
249 2859 400 2890 cademes
424 2859 614 2890 Manutius:
642 2860 783 2889 carenlis
802 2860 848 2895 C;
876 2860 917 2890 cf.
939 2860 1039 2890 Hom.
1060 2860 1094 2891 Il.
1123 2860 1170 2897 19,
1191 2860 1252 2890 226
1271 2868 1323 2899 sq.
1346 2876 1378 2880 —
1399 2860 1411 2889 l
1427 2859 1450 2889 l.
1471 2860 1523 2889 eui
1549 2869 1610 2890 non
1627 2861 1779 2898 ponenda
1796 2870 1879 2892 cura

107 2912 137 2940 ot
159 2909 365 2949 aeqritudine
388 2910 569 2939 serviamus
593 2909 683 2940 Bake
709 2908 730 2940 l.
752 2908 771 2940 l.
800 2919 831 2949 p.
852 2909 902 2940 94.
924 2927 953 2932 -ν
985 2914 1014 2940 et
1038 2919 1107 2941 om.
1129 2910 1173 2941 C.
1203 2909 1286 2940 Vide
1314 2918 1355 2940 ne
1381 2910 1599 2948 aegritudinis
1623 2909 1795 2949 glossema
1822 2912 1877 2942 sit.

110 2975 144 2981 —
172 2959 222 2989 42>
243 2959 304 2990 Gn.
324 2960 348 2989 G
365 2960 389 2989 R
411 2976 443 2980 -
473 2958 523 2989 Η.
551 2962 618 2989 tum
643 2959 735 2989 aliud
761 2960 784 2989 Ο
812 2976 846 2980 -
876 2959 927 2991 Ι16.
954 2959 993 2990 iis
1017 2960 1060 2991 Ο.
1090 2961 1198 2992 «Cum
1225 2962 1394 2999 sequatur
1419 2968 1436 2990 e
1463 2961 1637 2991 contrario
1663 2961 1814 3000 positum
1839 2960 1879 2991 ab

108 3009 245 3048 sapienti
268 3009 352 3045 viro,
380 3016 418 3038 ex
445 3008 645 3048 Arelictypo
671 3008 857 3048 legendum
884 3010 935 3039 est
959 3009 1041 3041 his.»
1070 3010 1120 3040 W.
1158 3008 1208 3039 Cf.
1236 3010 1253 3047 5⁴
1279 3009 1335 3039 71:
1364 3010 1449 3048 quod
1473 3009 1531 3040 alii
1548 3027 1614 3048 —-‚
1642 3011 1673 3041 iel
1696 3011 1728 3039 ln·
1753 3012 1819 3041 eet.
1842 3029 1877 3034 —

108 3058 160 3088 47.
186 3057 227 3088 ab
249 3058 389 3097 sapienti
413 3058 483 3088 viro
507 3057 670 3098 Bentley:
698 3068 738 3090 ac
760 3060 923 3097 sapientia
946 3068 1027 3090 uera
1054 3060 1077 3090 t:
1106 3077 1139 3081 —
1172 3059 1218 3089 ¹9.
1249 3058 1327 3088 nihil
1351 3060 1374 3089 O
1394 3076 1426 3080 -
1456 3059 1495 3089 22
1533 3059 1642 3099 ferant
1668 3060 1691 3090 C
1714 3077 1747 3080 —-
1775 3059 1878 3090 obdu-

107 3107 272 3146 ruisseque
301 3108 369 3138 iam
400 3107 616 3147 Tregderus:
648 3109 839 3140 obduruisse
869 3118 969 3147 quam
994 3109 1038 3143 C;
1074 3108 1327 3146 obduruisseque
1350 3108 1374 3138 Ο
1403 3125 1437 3129 -
1472 3109 1525 3139 255.
1552 3110 1761 3148 nominassem
1787 3110 1811 3140 C
1841 3128 1874 3132 —

109 3156 161 3188 28.
179 3157 342 3188 subiaclus
359 3159 383 3187 G
397 3158 441 3191 B;
467 3158 625 3188 subiectus
643 3159 666 3189 R
687 3175 721 3179 —
742 3158 793 3188 29.
812 3159 1014 3199 Defaliya‘io
1031 3160 1054 3190 O
1074 3176 1104 3179 —
1128 3159 1168 3189 30
1200 3162 1298 3197 atque
1314 3166 1451 3188 eausam
1466 3158 1488 3188 (ἰ
1505 3168 1510 3193 ;
1539 3158 1628 3190 delet
1650 3159 1788 3190 Dobree
1807 3160 1877 3191 Ad-

109 3213 200 3238 vers.
220 3207 245 3237 ΙΙ
271 3215 304 3247 p.
323 3206 397 3238 373.
422 3224 457 3229 —
484 3207 535 3238 31.
563 3215 664 3246 neque
687 3207 829 3238 nondum
854 3209 878 3239 C
907 3225 941 3230 —
969 3208 1020 3239 37.
1047 3208 1248 3245 Aristoteles,
1276 3212 1396 3238 veteres
1416 3208 1470 3247 ph.
1491 3217 1663 3243 accusans,
1691 3210 1736 3240 ait
1760 3218 1812 3239 eos
1828 3226 1876 3232 -—

108 3255 226 3297 fuisse,
253 3257 309 3297 qui
331 3257 605 3289 existimat-issent
621 3258 880 3299 --persectam:
904 3260 958 3290 sed
981 3267 1013 3290 se
1036 3259 1145 3290 videre
1159 3275 1208 3280 --
1225 3257 1408 3289 absolutam
1429 3259 1502 3299 sore
1525 3260 1721 3290 Lactantius
1746 3259 1800 3296 ΙΙΙ,
1820 3258 1872 3291 28.
