2249 3624
727 156 816 196 Lm.
840 156 868 195 Ι.
913 156 1008 196 Car.
1032 156 1161 196 xxti.
1201 154 1261 209 §§
1284 154 1328 195 71
1351 155 1476 196 —78.
1904 156 1976 197 661

216 264 371 306 multae
422 276 487 303 res
537 262 765 303 extiterunt
813 263 995 303 urbanae
1047 264 1226 302 maiores
1279 263 1561 317 clarioresque
1621 277 1741 318 quam
1794 265 1983 305 bellicae.

213 326 280 367 75.
315 326 511 374 Quamvis
544 325 654 365 enim
687 325 992 365 Themistocles
1025 326 1114 365 iure
1148 325 1343 365 laudetur
1385 331 1424 365 et
1465 327 1516 365 sit
1550 326 1639 365 eius
1673 340 1823 366 nomen
1857 342 1981 381 qnam

217 390 382 430 Solonis
422 388 642 428 inlustrius
685 389 919 440 citcturque
953 388 1130 427 Salamis
1171 388 1425 427 clarissimae
1459 389 1573 428 testis
1608 390 1829 436 victoriae,
1874 403 1982 443 quae

213 458 491 505 anteponatur
521 451 698 490 consilio
734 450 900 490 Solonis
933 451 983 496 ei,
1016 464 1098 501 quo
1133 451 1307 503 primum
1341 452 1554 491 constituit
1577 453 1864 504 Areopagitas,
1899 466 1981 492 non

214 516 351 556 minus
395 514 654 568 praeclarum
695 513 774 553 hoc
816 526 938 565 quam
981 512 1081 551 illud
1128 513 1394 552 iudicandum
1437 519 1510 552 est.
1574 514 1678 553 lllud
1713 516 1821 554 enim
1855 515 2013 555 semel5

213 577 390 632 profuit,
432 576 511 616 hoc
553 590 719 629 semper
750 576 933 628 proderit
966 576 1144 614 civitati:
1189 576 1264 615 hoc
1296 577 1472 616 consilio
1505 577 1616 628 leges
1649 576 1981 625 Atheniensium,

212 640 291 680 hoc
324 640 527 679 maiorum
560 640 749 679 instituta
781 644 1010 678 servantur.
1071 638 1119 676 Et
1143 638 1445 678 Themistocles
1479 639 1648 692 quidem
1682 639 1783 678 niliil
1817 639 1982 686 dixerit,

211 704 253 743 in
287 715 371 756 qno
404 703 494 756 ipse
526 703 790 753 Areopagum
822 700 1052 747 adiuverit,
1093 707 1133 739 at
1166 701 1235 740 ille
1267 715 1362 740 vere
1396 715 1417 740 a
1451 715 1494 740 se
1527 702 1712 741 adiutum
1743 702 1982 740 Themisto-

212 765 338 812 clem3
371 771 434 805 est
465 765 576 805 enim
610 765 763 804 bellum
795 769 957 816 gestum
992 764 1169 802 consilio
1201 770 1370 803 senatus
1403 764 1515 811 eius,
1549 765 1619 817 qni
1653 778 1675 804 a
1710 765 1862 803 Solone
1895 769 1982 803 erat

212 829 471 868 constitutus.
532 827 597 867 76.
632 828 745 867 Licet
777 827 921 866 eadem
956 827 1005 866 de
1039 827 1241 866 Pausania
1275 827 1576 880 Lysandroque
1609 827 1768 873 dicere,
1805 838 2030 879 qnorumio

211 891 335 930 rebus
367 891 495 942 gestis
528 903 782 944 quamquam
815 889 1034 941 imperium
1061 896 1224 940 partum
1251 889 1594 929 Lacedaemoniis
1627 897 1809 942 putatur,
1843 896 1980 927 tamen

210 967 262 993 ne
305 954 474 993 minima
514 954 685 1006 quidem
728 967 779 992 ex
820 959 934 1006 parte
968 952 1145 1005 Lycurgi
1179 951 1339 1003 legibus
1383 958 1421 991 et
1455 952 1704 1004 disciplinae
1737 952 1980 992 conferendi

211 1022 324 1063 sunt3
358 1015 456 1068 quin
489 1016 613 1055 etiam
647 1015 698 1055 ob
731 1016 803 1055 has
836 1016 948 1068 ipsas
980 1028 1123 1053 causas
1154 1021 1195 1053 et
1225 1015 1484 1066 parentiores
1515 1015 1748 1054 habuerunt
1771 1017 1979 1055 exercitus

211 1085 253 1120 et
273 1079 482 1119 fortiores.
533 1078 632 1118 Mihi
667 1078 838 1131 quidem
873 1092 1009 1132 neque
1034 1078 1173 1131 pueris
1198 1078 1315 1117 nobis
1338 1079 1390 1116 M.
1410 1079 1589 1117 Scaurus
1614 1078 1654 1117 C.
1675 1079 1803 1117 Mario
1827 1090 1979 1130 neque,

211 1155 304 1182 cum
336 1154 598 1181 versaremur
629 1141 671 1179 in
705 1155 746 1180 re
779 1142 969 1193 publica,
1004 1142 1053 1189 Q.
1088 1141 1258 1180 Catulus
1293 1141 1364 1179 Cn.
1398 1141 1598 1193 Pompeio
1632 1141 1778 1179 cedere
1811 1141 1978 1180 videba-
1996 1151 2029 1180 15

211 1209 301 1251 tur;
349 1204 462 1258 parvi
503 1203 611 1242 enim
654 1210 752 1243 sunt
791 1204 892 1243 foris
936 1216 1073 1250 arma,
1115 1204 1195 1242 nisi
1229 1209 1291 1243 est
1322 1204 1543 1243 consilinm
1578 1204 1700 1242 domi.
1770 1205 1853 1242 Nec
1886 1204 1978 1255 plus

210 1266 455 1313 Africanus,
498 1267 720 1317 singularis
756 1272 795 1307 et
826 1267 887 1307 vir
920 1273 959 1307 et
991 1268 1233 1319 imperator,
1275 1266 1317 1305 in
1350 1266 1634 1306 exscindenda
1666 1267 1885 1305 Numantia
1919 1266 1978 1305 rei

211 1330 405 1384 publicae
438 1329 596 1382 profuit
627 1344 752 1384 quam
785 1330 932 1370 eodem
967 1336 1155 1382 tempore
1180 1331 1221 1369 P.
1241 1331 1389 1369 Nasica
1424 1331 1626 1382 privatus,
1659 1343 1749 1368 cum
1773 1330 1833 1368 Ti.
1853 1330 1979 1368 Grac-

211 1391 332 1432 chum
364 1392 597 1431 interemit:
639 1405 892 1445 quamqnam
934 1392 1037 1431 haec
1081 1391 1248 1444 quidem
1284 1405 1348 1431 res
1381 1405 1464 1431 non
1497 1392 1628 1432 solum
1662 1406 1713 1431 ex
1746 1392 1978 1431 domestica

211 1460 273 1495 est
306 1455 465 1494 ratione
506 1477 559 1483 —
596 1455 763 1507 attingit
800 1456 923 1494 etiam
965 1455 1179 1500 bellicam,
1222 1456 1419 1507 quoniam
1460 1456 1499 1494 vi
1539 1468 1748 1507 manuque
1789 1455 2028 1495 confectam

211 1523 274 1557 est
304 1541 380 1565 —,
421 1517 494 1557 sed
527 1523 664 1557 tamen
698 1518 737 1557 id
770 1519 905 1571 ipsum
938 1524 1000 1557 est
1031 1522 1193 1569 gestum
1236 1517 1414 1556 consilio
1456 1517 1616 1557 urbano
1657 1519 1746 1557 sine
1779 1518 1977 1556 exercitu.

212 1578 279 1620 77.
311 1580 418 1620 Illud
451 1587 589 1620 autem
622 1582 826 1634 optimum
858 1586 942 1628 est,
984 1580 1025 1620 in
1059 1579 1174 1633 quod
1206 1580 1346 1619 invadi
1378 1580 1512 1619 solere
1545 1579 1595 1620 ab
1627 1581 1814 1633 inprobis
1847 1587 1887 1621 et
1917 1581 1980 1619 in-

211 1643 320 1683 vidis
350 1643 499 1683 audio:

440 1705 631 1745 Cedant
671 1718 802 1745 arma
843 1711 1010 1757 togae,
1054 1705 1306 1745 concedat
1345 1705 1522 1745 laurea
1564 1705 1716 1744 laudi.

213 1769 264 1809 Ut
295 1767 405 1807 enim
438 1767 543 1807 alios
577 1770 784 1814 omittam,
818 1769 938 1808 nobis
970 1782 1055 1808 rem
1089 1769 1298 1821 publicam
1331 1766 1658 1821 gubernantibus
1692 1782 1828 1808 nonne
1860 1775 1980 1819 togae
1995 1783 2030 1811 25

213 1844 326 1871 arma
357 1833 600 1870 cesserunt?
655 1833 802 1884 Neque
835 1832 944 1871 enim
978 1831 1205 1884 periculum
1238 1831 1281 1870 in
1312 1844 1356 1870 re
1388 1831 1554 1883 publica
1586 1831 1664 1870 fuit
1695 1832 1861 1883 gravius
1893 1845 1982 1870 nm-

215 1907 340 1947 quam
383 1906 459 1933 nec
498 1895 631 1933 maius
674 1895 829 1933 otium:
874 1895 930 1933 ita
971 1894 1155 1933 consiliis
1198 1893 1499 1947 diligentiaque
1536 1900 1677 1933 nostra
1710 1894 1899 1934 celeriter
1932 1894 1981 1933 de

213 1956 405 1995 manibus
449 1955 823 1995 audacissimorum
867 1956 1016 1996 civium
1060 1955 1229 2009 delapsa
1267 1969 1379 1995 arma
1420 1957 1509 2009 ipsa
1550 1956 1802 1996 ceciderunt.
1865 1957 1981 2004 Quae

213 2032 278 2058 res
319 2019 446 2071 igitur
484 2024 599 2070 gesta
643 2032 841 2071 umquam
880 2019 921 2057 in
963 2018 1074 2057 hello
1107 2020 1252 2058 tanta‘.>
1304 2019 1374 2071 qui
1406 2019 1640 2072 triumphus
1674 2018 1981 2058 conferendus?

213 2079 280 2120 78.
312 2082 428 2120 Licet
458 2080 569 2119 enim
603 2081 724 2127 mihi,
758 2082 894 2120 Marce
927 2079 996 2128 lili,
1029 2081 1140 2134 apud
1172 2087 1211 2120 te
1244 2081 1426 2134 gloriari,
1459 2082 1508 2121 ad
1543 2096 1667 2134 quem
1700 2088 1739 2121 et
1771 2082 1981 2121 hereditas
1995 2095 2032 2124 30

214 2143 337 2183 huius
377 2142 535 2195 gloriae
575 2149 615 2183 et
644 2143 846 2183 factorum
880 2144 1053 2184 imitatio
1087 2145 1280 2197 pertinet.
1341 2145 1441 2183 Mihi
1475 2145 1645 2197 quidem
1679 2150 1788 2184 certe
1820 2145 1882 2183 vir
1911 2145 1982 2184 ab-

214 2204 377 2245 undans
408 2205 568 2245 bellicis
600 2205 815 2254 laudibus,
860 2206 932 2246 Cn.
965 2208 1212 2260 Pompeius,
1245 2207 1386 2247 multis
1419 2207 1685 2247 audientibus
1716 2206 1796 2245 hoc
1826 2206 1981 2254 tribuit,

217 2390 311 2432 quod
333 2391 475 2431 peritum
499 2390 683 2431 significet,
711 2391 873 2424 iudicavit
899 2394 1124 2424 Ruhnkenius
1148 2392 1267 2424 Philol.
1288 2392 1506 2424 Schneidew.
1528 2393 1565 2426 V„
1586 2392 1673 2433 7553l.
1701 2392 1762 2423 sed
1789 2401 1869 2423 cum
1895 2392 1983 2424 haec

216 2439 386 2471 vocabula
413 2444 626 2472 commutata
653 2450 731 2473 esse
759 2452 880 2483 parum
906 2444 1095 2475 verisimile
1121 2444 1175 2479 sit,
1203 2446 1274 2474 tum
1301 2452 1424 2483 parum
1450 2443 1517 2473 hoc
1541 2442 1678 2472 videtur
1702 2441 1744 2472 ab
1772 2442 1810 2472 iis
1829 2442 1981 2479 differre,

218 2499 308 2531 quae
334 2491 570 2532 praecedunt:
603 2493 647 2522 ad
670 2502 739 2524 rem
762 2494 940 2524 milila1·cm
965 2494 1048 2532 opti.
1097 2495 1210 2524 Satius
1244 2496 1296 2524 est
1329 2494 1529 2524 existimare
1561 2491 1670 2523 verba
1693 2493 1802 2531 cupidi
1827 2492 1985 2522 bellorum

217 2542 436 2581 yerendorum
460 2540 503 2572 ab
530 2550 584 2579 eo,
611 2543 669 2582 qui
695 2551 769 2574 rem
796 2544 1064 2576 memorabilem
1090 2545 1229 2574 tractari
1256 2551 1401 2574 monere
1427 2541 1542 2579 vellet,
1570 2543 1602 2573 in
1628 2544 1783 2582 margine
1809 2541 1984 2583 adscripta

218 2590 359 2623 fuisse.»
398 2590 446 2623 Cf,
475 2592 567 2623 Bake
594 2593 763 2625 Mnemos.
791 2594 832 2624 IX
860 2594 982 2634 9304.
1013 2612 1046 2616 —
1083 2595 1200 2625 Cei-um
1226 2595 1296 2625 Ab.

305 2639 334 2671 3.
361 2641 544 2680 citeturque
568 2642 706 2680 psalmis
735 2643 940 2675 clarissimae
964 2645 1138 2681 victoriae,
1170 2653 1256 2682 quae
1287 2645 1510 2682 anteponatur
1541 2642 1675 2672 consilio
1699 2642 1826 2673 Solonis
1853 2643 1983 2676 Nonius

219 2698 252 2731 p.
268 2690 342 2721 265.
363 2706 398 2712 —-
432 2690 463 2722 4.
490 2692 518 2722 ei
541 2692 675 2722 consilio
699 2693 819 2723 solonis
843 2701 859 2724 c
888 2711 921 2714 —
950 2695 1158 2734 ariopagilas
1182 2697 1204 2725 Α
1220 2694 1272 2725 bc
1302 2711 1330 2716 —
1362 2694 1393 2724 5.
1414 2693 1471 2722 hoc
1492 2692 1706 2730 praeclarum
1733 2700 1750 2723 c
1779 2710 1810 2713 —
1839 2693 1869 2724 8.
1889 2696 1984 2725 ario-

215 2749 341 2780 payum
364 2748 382 2771 c
409 2757 442 2762 —
471 2744 505 2772 at
528 2740 580 2771 ille
603 2750 680 2772 uere
704 2751 735 2772 se
759 2743 910 2773 adiutum
935 2745 958 2774 Α
974 2744 994 2774 Β
1009 2744 1082 2779 llb;
1110 2746 1146 2774 ac
1169 2744 1223 2774 illo
1248 2752 1363 2774 verum
1387 2745 1434 2773 est
1457 2750 1521 2772 csse
1545 2742 1694 2771 adiutum
1720 2750 1756 2774 a:
1784 2744 1888 2774 atille
1907 2753 1984 2776 uere

219 2790 348 2821 adiuuit
380 2797 444 2832 cp;
482 2794 516 2820 al
540 2791 593 2821 ille
615 2800 689 2822 vere
713 2791 754 2822 ab
777 2801 808 2822 se
832 2793 981 2824 adituum
1014 2801 1032 2824 o
1073 2811 1105 2816 —
1147 2794 1198 2823 ll.
1222 2797 1357 2832 partum
1384 2791 1571 2822 Lambinus
1607 2790 1685 2829 ;se‹1
1712 2794 1789 2831 post
1815 2793 1983 2824 Laccdae-

219 2840 362 2877 moniis):
391 2848 460 2871 om.
481 2840 536 2871 Co
566 2858 599 2862 —
626 2841 878 2873 lacedaemoniis
897 2846 1038 2881 putatur
1061 2841 1257 2875 A¹13Habz
1285 2842 1537 2873 lacedaemoniis
1561 2841 1738 2870 dilatatum
1759 2846 1900 2881 putatur·
1923 2843 1981 2883 A‘2;

220 2889 396 2920 dilatatum
419 2890 670 2921 lacedaemoniis
690 2895 832 2930 putatur
856 2900 892 2927 c;
919 2893 1172 2924 Lacedaemonis
1193 2896 1333 2932 palatur
1357 2893 1531 2922 dilatatum
1556 2899 1574 2922 o
1610 2909 1641 2912 —-
1681 2891 1727 2921 12.
1755 2891 1887 2932 lyyuryi
1913 2894 1980 2932 lla,

221 2938 344 2979 ligurqi
369 2939 459 2970 Abc
486 2955 520 2960 —
548 2939 721 2979 disciplina
747 2941 836 2973 Bab
870 2959 903 2963 -—
940 2942 990 2973 43.
1020 2944 1081 2982 Qui
1105 2944 1203 2974 etiam
1230 2951 1247 2974 c
1276 2959 1309 2964 -
1343 2942 1510 2973 exercitus
1532 2940 1716 2971 habuerunt
1739 2943 1767 2972 A
1794 2960 1828 2963 —
1862 2942 1914 2974 114.
1943 2944 1981 2975 G.

221 2989 276 3019 Ac
313 3005 347 3009 —
388 2989 438 3019 45.
467 2988 528 3019 Gn.
555 2991 581 3020 A
610 3005 643 3011 —
678 2990 728 3020 Π,
755 2992 975 3022 exscindenda
1002 2992 1037 3029 B,
1064 2994 1267 3024 excindenda
1292 2992 1443 3023 Anah:
1471 2991 1653 3022 efficienda
1682 2999 1732 3022 co
1759 3008 1791 3013 —
1835 2992 1882 3022 ¹8.
1910 3001 1984 3023 cum

226 3039 259 3068 .t.
277 3036 456 3077 gracchum
481 3038 504 3068 C
533 3038 705 3078 (graccum
730 3040 765 3079 c)
804 3057 837 3062 —
885 3042 937 3072 ΞΟ.
965 3043 1095 3072 racione
1118 3043 1172 3073 sed
1196 3043 1328 3082 attingit
1358 3051 1378 3073 a
1416 3057 1448 3063 -
1488 3042 1540 3072 Ἣ.
1569 3041 1599 3071 id
1624 3042 1727 3080 ipsum
1753 3044 1859 3072 tamen
1891 3049 1908 3072 c
1942 3060 1984 3065 —-

223 3085 276 3116 22.
301 3086 404 3118 solere
427 3095 496 3118 om.
517 3096 534 3118 c
570 3106 603 3110 —
637 3090 738 3120 audio
762 3093 790 3120 cl
814 3090 932 3120 invidis
956 3099 973 3121 c
1003 3109 1035 3113 -—
1066 3093 1116 3123 ²25.
1144 3101 1249 3123 nonne
1273 3101 1342 3123 orn.
1362 3092 1418 3122 Ab
1446 3108 1479 3112 —-
1515 3091 1565 3121 Ξῖ.
1592 3091 1694 3121 olium
1719 3099 1808 3121 corr.
1835 3099 1881 3121 m.
1909 3099 1980 3122 sec,

225 3136 259 3166 in
283 3137 393 3166 odium
418 3139 442 3168 A
470 3154 503 3158 —
539 3137 578 3168 de
601 3139 751 3169 manibus
774 3140 1069 3170 audacissimorum
1094 3142 1213 3171 cit-ium
1231 3150 1358 3171 —-1·em
1387 3150 1420 3179 p.
1441 3140 1540 3170 uelint
1566 3139 1594 3179 (g
1608 3140 1672 3182 873³]
1701 3141 1791 3171 Haec
1815 3139 1923 3170 verba
1950 3141 1982 3172 in

226 3193 245 3216 c
268 3185 386 3218 fotium
412 3195 541 3218 nonum
566 3190 731 3226 continet,
759 3189 852 3229 quod
874 3198 954 3221 cum
972 3192 1070 3221 sexto
1088 3190 1227 3222 decimo
1254 3191 1281 3229 (ξ
1302 3190 1367 3227 14⁴2)
1394 3189 1437 3221 ab
1463 3191 1658 3221 recentiore
1684 3199 1789 3221 manu
1814 3190 1983 3230 scriptum

227 3235 352 3266 ceteris
377 3236 498 3276 postea
523 3236 775 3277 adglutinatum
801 3242 864 3271 est.
895 3257 927 3262 ——
961 3239 1012 3272 30.
1036 3250 1090 3273 .m.
1108 3242 1157 3283 fili
1179 3241 1317 3278 Assttb,
1343 3241 1388 3271 M.
1405 3240 1467 3281 filij
1490 3248 1508 3271 c
1534 3257 1568 3262 —
1597 3244 1625 3272 et
1648 3249 1718 3272 om.
1740 3247 1758 3272 0
1784 3256 1818 3262 —
1846 3239 1898 3271 32.
1919 3239 1979 3271 Gn.

227 3284 255 3316 A
281 3303 314 3308 -
345 3286 403 3318 hoc
426 3287 575 3319 attribuit
598 3297 628 3321 c.
