2249 3624
276 135 358 178 598
993 137 1133 178 CATO
1163 104 1336 177 Minoa

388 244 502 284 XIII.
544 241 610 283 43.
653 244 788 296 Saepe
829 240 970 282 audivi
1008 255 1031 282 a
1070 242 1301 282 maioribus
1339 247 1463 289 natu,
1505 243 1576 296 qui
1609 256 1652 283 se
1682 257 1807 297 porro
1837 259 1990 298 pueros
2020 261 2043 290 a

276 306 448 347 senibus
479 304 645 346 audisse
676 305 892 352 dicebant,
924 304 1064 343 mirari
1096 304 1264 344 solitum
1299 304 1341 344 C.
1362 304 1617 352 Fabricium,
1650 307 1777 358 quod,
1809 320 1902 346 cum
1932 309 2043 361 apud

275 381 414 421 regem
445 368 651 421 Pyrrhum
682 367 844 419 legatus
876 371 1003 413 esset,
1043 365 1230 405 audisset
1259 379 1283 406 a
1314 366 1517 406 Thessalo
1550 366 1680 407 Cinea
1710 381 1801 409 esse
1833 371 2043 421 quendam

274 431 470 477 Athenis,
503 430 573 483 qui
607 443 650 469 se
683 429 915 481 sapientem
946 426 1232 481 profiteretur,
1265 441 1446 482 eumque
1480 428 1618 469 dicere
1650 430 1814 477 omnia,
1847 444 1955 484 quae
1984 432 2044 473 fa-

243 506 492 540 sceremus‚
537 492 588 532 ad
634 491 893 543 voluptatem
939 503 1032 530 esse
1076 489 1311 529 referenda.
1382 490 1508 538 Quod
1548 505 1601 531 ex
1642 505 1691 531 eo
1728 492 1948 533 audientes
1978 495 2043 535 Μ’.

277 554 444 594 Curium
487 559 527 594 et
566 554 629 593 Ti.
664 552 970 593 Coruncanium
1017 558 1162 604 optare
1210 552 1359 592 solitos
1406 557 1452 592 ut
1490 553 1531 593 id
1578 554 1836 594 Samnitibus
1875 555 2044 609 ipsique

273 615 431 671 Pyrrho
466 616 810 669 persuaderetur,
855 628 938 667 quo
981 614 1142 655 facilius
1173 615 1283 654 vinci
1314 620 1513 667 possent,
1558 629 1650 656 cum
1683 629 1728 657 se
1758 617 2044 670 voluptatibus

274 677 501 718 dedissent.
561 679 734 718 Vixerat
754 677 819 717 Μ’.
844 677 990 716 Curius
1023 690 1116 716 cum
1147 678 1189 716 P.
1211 677 1356 724 Decio,
1391 677 1463 730 qui
1496 677 1790 730 quinquennio
1821 684 1918 719 ante
1951 694 2046 721 eum

274 741 490 781 consulem
521 754 565 781 se
597 753 673 793 pro
706 753 750 779 re
781 739 951 792 publica
983 745 1131 791 quarto
1162 739 1382 779 consulatu
1413 739 1649 779 devoverat.
1710 742 1838 781 Norat
1868 742 2046 784 eundem

223 816 259 846 4ο
273 803 508 850 Fabricius,
547 808 670 843 norat
702 802 1015 842 Coruncanius:
1059 803 1131 854 qui
1163 815 1257 841 cum
1290 815 1343 841 ex
1376 814 1452 841 sua
1483 803 1567 842 vita
1597 807 1684 842 tum
1718 816 1771 843 ex
1802 803 1892 843 eius
1923 817 2047 858 quem

274 864 368 905 dico
389 865 506 905 Decii
538 864 646 905 facto
677 864 921 904 iudicabant
952 877 1045 904 esse
1077 863 1266 916 profecto
1299 863 1460 916 aliquid
1491 869 1639 904 natura
1670 864 1890 918 pulchrum
1920 871 2046 919 atque

270 927 557 981 praeclarum,
599 927 714 981 quod
755 939 830 967 sua
868 931 1014 980 sponte
1055 931 1269 980 peteretur
1306 925 1504 979 quodque
1548 932 1688 980 spreta
1728 932 1770 967 et
1809 934 2047 982 contempta

271 989 484 1042 voluptate
525 995 720 1042 optumus
758 989 940 1043 quisque
980 993 1240 1042 sequeretur.
1301 985 1368 1027 44.
1401 987 1613 1035 Quorsum
1645 989 1773 1041 igitur
1802 995 1887 1030 tam
1918 991 2047 1032 multa

272 1052 324 1092 de
356 1052 598 1105 voluptate?
643 1052 743 1105 quia
772 1065 856 1092 non
887 1052 1013 1091 modo
1045 1050 1300 1103 vituperatio
1334 1050 1471 1098 nulla,
1503 1050 1576 1090 sed
1609 1053 1734 1091 etiam
1766 1065 1927 1092 summa
1956 1052 2046 1094 laus

222 1127 258 1157 15
271 1115 499 1157 senectutis
531 1120 606 1162 est,
640 1114 753 1168 quod
787 1128 834 1155 ea
866 1114 1102 1166 voluptates
1134 1112 1271 1152 nullas
1304 1125 1454 1165 magno
1488 1126 1617 1166 opere
1650 1113 1875 1154 desiderat.
1927 1115 2047 1156 Caret

271 1178 408 1233 epulis
449 1178 759 1230 exstructisque
800 1177 955 1216 mensis
997 1181 1037 1215 et
1074 1174 1367 1228 frequentibus
1410 1176 1603 1228 poculis:
1649 1182 1762 1216 caret
1792 1190 1890 1229 ergo
1923 1177 2047 1218 etiam

270 1241 500 1282 vinolentia
538 1245 579 1279 et
616 1239 820 1279 cruditate
860 1244 901 1279 et
937 1237 1169 1277 insomniis.
1230 1237 1312 1276 Sed
1350 1238 1383 1276 si
1423 1237 1583 1291 aliquid
1616 1238 1801 1279 dandum
1835 1246 1898 1280 est
1927 1240 2047 1281 volu·-

269 1304 388 1357 ptati,
423 1303 620 1357 quoniam
653 1303 742 1342 eius
774 1301 989 1341 blanditiis
1022 1313 1107 1339 non
1139 1299 1260 1339 facile
1292 1300 1535 1340 obsistimus
1560 1324 1610 1329 —-
1634 1301 1776 1341 divine
1800 1302 1910 1341 enim
1932 1302 2046 1343 Plato

270 1379 408 1407 eseam
440 1365 649 1405 malorum
680 1364 864 1418 appellat
895 1363 1170 1416 voluptatem,
1204 1362 1319 1415 quod
1353 1375 1402 1402 ea
1432 1362 1629 1403 videlicet
1659 1364 1854 1404 homines
1879 1364 2048 1417 capian-

219 1441 256 1471 20
270 1435 335 1470 tur
365 1434 410 1468 ut
439 1429 577 1481 pisces
601 1452 680 1475 —,
713 1440 969 1480 quamquam
1000 1424 1273 1465 inmoderatis
1308 1424 1446 1477 epulis
1479 1431 1593 1465 caret
1625 1431 1840 1474 senectus,
1872 1426 2048 1468 modicis

269 1497 409 1532 tamen
441 1490 641 1531 conviviis
674 1490 871 1529 delectari
902 1494 1053 1542 potest.
1116 1487 1156 1527 C.
1181 1487 1414 1534 Duellium,
1446 1488 1575 1527 Marci
1609 1486 1755 1535 filium,
1788 1489 1861 1541 qui
1883 1490 2046 1530 Poenos

269 1554 402 1595 classe
434 1554 592 1607 primus
624 1552 854 1599 devicerat,
891 1551 1137 1591 redeuntem
1170 1563 1193 1590 a
1225 1563 1327 1589 cena
1359 1563 1502 1589 senem
1535 1564 1663 1604 saepe
1695 1551 1887 1591 videbam
1918 1565 2048 1604 puer;

270 1616 555 1657 delectabatur
585 1616 732 1655 crebro
764 1614 895 1654 funali
928 1618 967 1653 et
998 1614 1194 1659 tibicine,
1229 1626 1336 1666 quae
1370 1613 1450 1652 sibi
1483 1613 1600 1652 nullo
1634 1614 1827 1667 exemplo
1861 1614 2046 1666 privatus

269 1684 530 1732 sumpserat:
570 1684 730 1718 tantum
762 1677 956 1716 licentiae
989 1676 1113 1715 dabat
1144 1675 1287 1728 gloria.
1347 1672 1416 1714 45.
1453 1676 1534 1715 Sed
1567 1676 1667 1728 quid
1699 1689 1776 1729 ego
1809 1676 1950 1715 alios?
1996 1676 2047 1716 ad

218 1754 335 1785 25me
372 1742 509 1794 ipsum
550 1741 632 1780 iam
674 1745 871 1780 revertar.
943 1739 1128 1779 Primum
1171 1737 1295 1777 habui
1338 1751 1505 1790 semper
1543 1738 1723 1778 sodales.
1796 1738 2046 1779 Sodalitates

269 1809 408 1845 autem
441 1817 506 1844 me
528 1808 754 1856 quaestore
778 1802 1032 1841 constitutae
1055 1807 1153 1840 sunt
1174 1801 1305 1839 sacris
1328 1800 1464 1840 Idaeis
1486 1801 1662 1852 Magnae
1684 1801 1827 1841 Matris
1849 1801 2044 1853 acceptis.

268 1866 480 1920 Epulabar
510 1866 638 1919 igitur
670 1879 762 1904 cum
794 1864 1009 1904 sodalibus
1042 1864 1214 1903 omnino
1248 1863 1434 1910 modice,
1477 1863 1551 1902 sed
1585 1869 1674 1903 erat
1706 1864 1876 1917 quidam
1908 1863 2047 1903 fervor

269 1930 432 1979 aetatis,
464 1942 547 1983 qua
577 1927 876 1982 progrediente
909 1926 1050 1966 omnia
1080 1924 1184 1966 fiunt
1215 1927 1256 1965 in
1289 1925 1378 1965 dies
1401 1925 1583 1965 mitiora.
1628 1927 1777 1979 Neque
1800 1926 1912 1965 enim
1933 1926 2047 1979 ipso-

268 2006 360 2033 rum
392 1991 681 2031 conviviorum
714 1990 1037 2029 delectationem
1069 1988 1358 2041 voluptatibus
1392 1988 1580 2040 corporis
1611 1988 1743 2041 magis
1777 2001 1901 2041 quam
1925 1993 2046 2029 coetu

218 2056 499 2098 soamicorum
542 2059 583 2094 et
621 2053 882 2093 sermonibus
924 2052 1138 2091 metiebar.
1207 2053 1320 2090 Bene
1361 2050 1473 2090 enim
1515 2051 1695 2091 maiores
1739 2050 2046 2091 accubitionem

270 2117 486 2171 epularem
516 2117 771 2163 amicorum,
804 2116 902 2168 quia
934 2115 1044 2154 vitae
1069 2113 1410 2153 coniunctionem
1432 2113 1627 2161 haberet,
1651 2113 1890 2153 convivium
1912 2113 2046 2153 nomi-

269 2185 498 2228 naverunt,
530 2179 680 2219 melius
712 2191 839 2232 quam
873 2177 1039 2224 Graeci,
1073 2176 1144 2229 qui
1176 2175 1256 2215 hoc
1286 2174 1398 2214 idem
1429 2180 1516 2215 tum
1548 2175 1929 2229 compotationem,
1960 2181 2047 2216 tum

270 2242 617 2284 concenationem
650 2245 818 2288 vocant,
852 2245 907 2288 ut,
940 2240 1056 2293 quod
1087 2239 1131 2278 in
1163 2251 1213 2278 eo
1247 2251 1401 2291 genere
1433 2238 1653 2278 minimum
1684 2244 1760 2287 est,
1792 2237 1835 2278 id
1867 2238 2046 2278 maxime

269 2306 445 2361 probare
476 2304 711 2345 videantur.

357 2424 387 2454 4.
414 2432 436 2454 α
461 2431 501 2454 ex
528 2421 616 2453 meis
642 2420 729 2452 Gud.
749 2422 784 2451 et
801 2418 911 2451 Oehl.:
939 2429 978 2450 ea
1003 2428 1023 2450 a
1048 2419 1171 2456 BIPS,
1197 2428 1213 2449 e
1237 2419 1296 2450 ER
1325 2436 1355 2441 —
1386 2418 1417 2449 2.
1445 2418 1632 2448 asenatibus
1656 2415 1693 2449 1³¹
1717 2435 1758 2440 —-
1782 2417 1899 2458 yaium
1922 2418 1946 2456 Ι,
1971 2427 2003 2458 9.
2021 2418 2045 2449 B

272 2490 307 2496 -
334 2473 365 2504 3.
391 2473 423 2514 a]
442 2481 458 2504 e
482 2473 508 2503 R
535 2489 569 2494 —
598 2469 708 2510 Cinea]
727 2470 798 2501 ciue
821 2468 1001 2507 BE21PS‚
1027 2469 1095 2499 ciui
1118 2469 1155 2507 R,
1181 2469 1234 2499 cui
1258 2468 1297 2499 E¹
1324 2485 1358 2489 —
1386 2468 1551 2507 quendam
1575 2476 1639 2499 esse
1663 2468 1688 2499 E
1712 2484 1755 2490 —
1778 2466 1809 2499 4.
1836 2475 1901 2498 sese
1924 2467 1983 2498 ER
2009 2483 2043 2489 -

268 2523 445 2563 faceremus
469 2520 506 2553 Ρι
530 2538 571 2543 -
605 2521 635 2552 5.
661 2516 719 2552 M?
746 2519 873 2559 E(⁶.²)P:
900 2528 943 2550 m.
964 2519 1074 2549 BIRS
1108 2536 1142 2540 —
1177 2518 1206 2549 6.
1230 2517 1275 2549 Τί,
1296 2518 1393 2558 Em:
1424 2518 1456 2548 T.
1483 2517 1537 2548 vel
1563 2519 1658 2548 titum
1682 2518 1751 2549 mei
1776 2516 1850 2548 rell.
1879 2518 1914 2548 et
1937 2517 1961 2548 Ο
1987 2517 2044 2557 (Ti.

271 2574 340 2604 iam
365 2571 473 2603 habet
497 2571 645 2609 Ernesti)
671 2588 714 2593 ——-
737 2570 977 2608 coryncanium
1001 2570 1024 2600 P
1051 2585 1085 2590 —
1114 2568 1144 2599 8.
1172 2568 1331 2598 dedissent
1356 2568 1399 2599 C:
1428 2568 1621 2598 dedidissent
1646 2568 1670 2598 O
1697 2584 1731 2589 —-
1759 2576 1801 2598 m.
1821 2568 1935 2598 curius
1959 2567 1982 2599 C
2008 2583 2042 2588 —

271 2623 327 2662 qui
352 2621 501 2653 om.ER
536 2637 580 2644 —-
614 2621 665 2652 ⁴0.
694 2621 750 2660 qui
773 2628 847 2652 eum
872 2619 896 2651 E
933 2637 974 2641 --
1021 2627 1065 2649 ea:
1087 2618 1156 2649 eius
1186 2618 1320 2649 BEIS:
1355 2619 1423 2649 eius
1453 2618 1511 2649 PR
1550 2635 1583 2640 -
1624 2618 1675 2648 Μ.
1703 2618 1785 2648 decii
1809 2618 1890 2649 Ep:
1912 2626 1947 2657 p.
1967 2617 2047 2648 decii

270 2672 418 2704 BIRSO
456 2689 490 2692 —
524 2671 703 2710 pulchrum
725 2671 761 2708 Ρ,
788 2669 853 2701 sed
875 2669 893 2700 h
917 2668 1058 2700 inducta
1083 2685 1127 2691 —
1151 2669 1204 2700 43.
1223 2672 1376 2708 optumus
1392 2669 1491 2700 BIS:
1517 2669 1662 2708 uptumis
1678 2667 1728 2706 ΡΙ,
1754 2667 1895 2707 optimus
1911 2666 2045 2699 EP²Ro

275 2740 308 2745 —-
331 2723 383 2754 45.
404 2729 604 2761 maynopere
629 2720 653 2751 C
678 2736 723 2743 —
745 2723 838 2750 caret
863 2719 909 2750 C:
938 2719 978 2750 At
1000 2721 1092 2749 caret
1116 2719 1140 2749 O
1169 2735 1203 2740 —
1231 2718 1284 2749 46.
1311 2719 1438 2758 aepulis
1462 2719 1485 2749 P
1513 2736 1543 2739 —
1575 2719 1816 2757 exstructisque
1838 2718 1905 2748 IS:
1930 2719 2046 2748 emiru-

271 2773 395 2811 ctisque
418 2773 511 2803 BPR
538 2788 572 2793 —
600 2770 701 2802 eciam
725 2779 795 2801 om.
816 2770 840 2801 E
868 2786 901 2791 —
932 2769 983 2800 ⁴7.
1003 2768 1189 2799 uinulenlia
1212 2767 1260 2807 P¹,
1286 2769 1324 2799 ut
1348 2768 1457 2799 habet
1482 2768 1560 2799 cod.
1579 2768 1656 2799 Vat.
1676 2769 1709 2799 in
1726 2776 1777 2799 or.
1796 2765 1882 2798 Phil.
1903 2767 1943 2805 ΙΙ,
1958 2765 2040 2806 §⁴0⁴

273 2838 308 2843 —
336 2821 364 2852 si
387 2822 421 2852 in
446 2821 469 2852 E
494 2821 700 2862 punctatum
739 2837 774 2842 —
812 2820 864 2851 20.
890 2822 927 2850 ut
947 2819 1053 2858 pisces
1078 2818 1126 2849 C:
1160 2821 1195 2849 ut
1218 2818 1315 2849 hamo
1336 2819 1440 2858 pisces
1472 2819 1497 2850 E
1522 2827 1599 2859 sup.
1621 2817 1677 2850 lin.
1701 2819 1734 2849 et
1759 2818 1801 2855 O,
1836 2817 1922 2856 quod
1945 2825 2045 2847 ea--

268 2871 373 2911 pisces
396 2870 612 2901 Valckenaer
634 2878 698 2910 pro
723 2870 851 2910 spuriis
876 2868 985 2899 habet
1012 2883 1046 2890 -
1080 2868 1133 2898 24.
1156 2871 1262 2908 potest
1286 2869 1442 2899 delectari
1466 2869 1491 2899 O
1521 2885 1566 2892 —
1594 2869 1750 2900 duellium
1775 2868 1824 2899 C:
1849 2866 1998 2897 Duilium
2021 2864 2045 2896 Ο

275 2937 310 2942 -
336 2920 446 2952 Marci
468 2920 514 2960 fil·
541 2929 611 2951 om.
631 2920 656 2951 R
684 2936 729 2943 —
756 2920 811 2951 22.
832 2919 963 2959 primus
985 2918 1089 2948 classe
1112 2918 1136 2948 R
1170 2935 1212 2940 —
1242 2926 1324 2949 cena
1349 2918 1372 2949 C
1399 2918 1494 2962 (cena
1511 2918 1568 2957 R):
1594 2926 1696 2949 coena
1720 2917 1745 2948 O
1774 2934 1808 2938 —
1842 2915 1895 2946 23.
1921 2913 2043 2955 crebro]

271 2970 368 3001 credo
392 2969 416 3000 R
445 2985 480 2990 —
507 2968 560 3000 24.
579 2971 743 3000 sumserat
766 2969 778 2999 I
806 2986 841 2990 —
867 2967 977 3008 gloria
1002 2966 1101 2997 dabat
1126 2967 1151 3005 Ι,
1178 2966 1278 2998 dabat
1301 2968 1447 3007 9l0riam
1470 2967 1493 2998 Β
1523 2984 1556 2989 -
1583 2967 1637 2998 25.
1664 2967 1732 2997 iam
1755 2966 1872 2997 BEP:
1899 2973 1968 2996 om.
1987 2964 2042 3003 1S,

272 3021 306 3051 in
331 3027 441 3058 marg.
468 3019 494 3049 R
528 3036 562 3040 —
595 3018 724 3050 habui*
744 3020 768 3050 P
792 3036 834 3040 —-
868 3018 921 3049 27.
948 3018 1082 3048 omnino
1104 3017 1229 3048 modice
1252 3026 1326 3048 cum
1349 3016 1514 3048 sodalibus
1538 3017 1550 3047 I
1582 3032 1626 3038 —
1660 3015 1712 3046 29.
1740 3014 2044 3046 delectationem--

272 3069 380 3110 magis
403 3076 472 3099 om.
491 3068 515 3099 B
544 3085 577 3089 —
605 3069 656 3100 30.
685 3068 760 3100 bene
784 3068 870 3099 enim
887 3085 936 3090 -κ
951 3067 1206 3098 nominaverant
1230 3067 1362 3097 Nonius
1387 3075 1420 3107 p.
1437 3065 1490 3105 42,
1511 3066 1563 3103 Μ,
1590 3065 1686 3096 idem
1710 3073 1823 3105 usque
1849 3065 1893 3096 ad
1916 3064 2044 3096 haberet

272 3129 307 3161 p.
327 3119 401 3156 493,
421 3118 461 3149 30
489 3136 523 3140 -
549 3120 692 3149 maiores
716 3119 740 3150 C
768 3119 802 3149 et
819 3118 949 3149 Nonius
974 3118 1124 3157 utroque
1150 3115 1246 3147 loeo:
1273 3117 1418 3147 maiores
1439 3117 1542 3146 nostri
1561 3116 1585 3146 O
1603 3114 1715 3156 (abest
1730 3115 1834 3146 nostri
1850 3115 1954 3146 etiam
1971 3123 1989 3145 a
2007 3113 2041 3152 P)

274 3187 316 3193 —
340 3167 592 3199 accubacionem
616 3169 626 3198 l
648 3186 689 3190 —
713 3168 766 3199 34.
792 3168 1010 3198 nominarunt
1034 3166 1116 3197 EIO
1145 3184 1179 3187 —
1214 3166 1265 3197 32.
1292 3167 1574 3205 comparationem
1598 3174 1688 3197 corr.
1715 3165 1747 3196 in
1772 3164 2042 3204 computationem

274 3220 298 3252 B
322 3236 365 3242 —-
397 3218 448 3250 33.
475 3219 740 3249 concenationem
766 3218 790 3249 C
817 3217 898 3257 (sed
923 3218 946 3249 P
970 3218 1234 3261 concentionem,
1262 3216 1343 3247 add.
1371 3225 1392 3247 a
1417 3224 1495 3257 sup.
1516 3214 1612 3255 lin.):
1645 3215 1930 3247 concoenationem
1953 3214 1977 3246 O
2004 3230 2037 3235 —

272 3272 309 3301 ut
332 3276 400 3300 om.
422 3268 446 3299 B
475 3284 509 3290 —
536 3268 665 3299 minimi
687 3268 713 3298 R
740 3283 775 3290 -
802 3275 960 3298 maxume
985 3267 1006 3297 S
1032 3283 1066 3288 -
1094 3265 1147 3297 34.
1172 3266 1327 3297 uidentur
1351 3266 1391 3302 B,
