2249 3624
716 180 804 219 Lm.
826 178 878 219 Ill
918 180 1014 220 CAP.
1037 181 1223 222 lx—x.
1264 182 1324 236 §§
1346 181 1539 224 38—4.5.
1925 186 2007 228 7110

246 288 425 331 iniuste;
466 285 601 324 suerat
631 285 740 324 enim
774 286 814 324 in
846 287 1016 337 regibus
1048 289 1310 341 expellendis
1343 292 1478 330 socius
1513 292 1625 331 Bruti
1663 293 1934 333 consiliorum
1968 300 2007 334 et

246 350 424 389 adiutor.
495 347 597 386 Cum
639 353 777 386 autem
819 350 1039 389 consilium
1083 351 1159 389 hoc
1200 353 1406 406 principes
1446 355 1675 406 cepissent,
1717 357 2007 407 cognationem

246 411 424 464 Superbi
467 423 709 463 nomenque
751 411 1076 464 Tarquiniorum
1119 419 1158 451 et
1203 416 1441 454 memoriam
1485 419 1599 468 regui
1641 432 1733 457 esse
1767 418 2008 466 tollendam,

245 473 357 526 quod
390 477 478 512 erat
506 472 634 518 utile,
675 473 831 525 patriae
863 474 1100 520 consulere,
1145 475 1185 514 id
1218 483 1305 516 erat
1336 477 1390 516 ita
1422 479 1666 527 honestum,
1699 487 1742 520 ut
1772 482 1896 522 etiam
1929 483 2008 535 ipsi

246 535 453 575 Collatino
503 535 664 587 placere
714 534 897 574 deberet.
976 536 1119 588 ltaque
1160 538 1315 577 utilitas
1356 540 1483 579 valuit
1527 548 1694 594 propter
1733 543 2044 592 honestatem,5

244 599 332 638 sine
364 611 446 651 qua
478 611 529 637 ne
561 596 720 636 utilitas
754 597 923 649 quidem
958 611 1049 637 esse
1082 600 1299 651 potuisset.
1361 603 1410 640 At
1443 603 1483 641 in
1516 618 1565 642 eo
1598 618 1717 654 rege,
1759 608 1830 659 qui
1864 608 2009 647 urbem

244 660 454 707 condidit,
497 673 581 699 non
613 659 726 698 item.
796 655 862 698 4-1.
903 660 1074 712 Species
1116 662 1224 700 enim
1267 663 1454 703 utilitatis
1487 666 1670 706 animum
1705 670 1864 721 pepulit
1896 670 2009 709 eius:

243 723 310 763 cui
353 737 447 763 cum
487 723 623 762 visum
666 726 775 760 esset
816 722 960 761 utilius
993 723 1126 762 solum
1159 737 1282 777 quam
1317 739 1409 765 cum
1443 727 1572 767 altero
1606 743 1800 779 regnare,
1842 731 2008 771 fratrem

242 786 465 825 interemit.
527 783 679 824 Omisit
717 784 786 823 hic
828 788 868 823 et
911 785 1107 837 pietatem
1140 792 1180 825 ct
1211 787 1535 835 humanitatem,
1578 798 1621 830 ut
1654 792 1717 839 id,
1762 793 1875 846 quod
1908 794 2010 833 utile

243 848 460 888 videbatur
492 860 630 899 neque
663 851 772 892 erat,
815 847 980 898 assequi
1013 854 1178 900 posset,
1223 854 1263 887 et
1296 855 1430 888 tamen
1466 853 1569 891 muri
1603 868 1766 894 causam
1800 857 2010 908 opposuit,
2031 863 2061 891 ¹0

243 910 427 963 speciem
469 908 698 949 honestatis
740 921 816 947 nec
849 909 1105 961 probabilem
1140 924 1216 950 nec
1248 924 1347 950 sane
1380 912 1587 954 idoneam.
1650 917 1842 958 Peccavit
1874 920 2010 971 igitur,

241 986 344 1025 pace
386 972 451 1012 vel
492 971 658 1019 Quirini
700 970 765 1010 vel
805 971 972 1010 Romuli
1014 972 1203 1012 dixerim.
1273 972 1338 1013 42.
1382 976 1466 1014 Nec
1505 982 1639 1016 tamen
1682 986 1848 1021 nostrae
1890 982 2011 1022 nobis

242 1036 443 1075 utilitates
476 1032 733 1074 omittendae
765 1039 863 1073 sunt
893 1034 1072 1086 aliisque
1106 1035 1346 1082 tradendae,
1380 1050 1470 1076 cum
1505 1039 1553 1078 iis
1586 1041 1664 1093 ipsi
1694 1055 1904 1094 egeamus,
1936 1044 2010 1083 sed

242 1110 342 1137 suae
384 1097 538 1150 cuique
580 1095 770 1142 utilitati,
812 1095 926 1148 quod
970 1097 1060 1135 sine
1101 1098 1273 1137 alterius
1314 1099 1460 1139 iniuria
1503 1100 1595 1148 liat,
1637 1106 1903 1145 serviendum
1936 1112 2010 1146 est.

243 1160 354 1200 Scite
388 1159 661 1213 ChrysippuS,
693 1164 739 1197 ut
770 1158 919 1205 multa,
954 1159 1061 1206 «Qui
1095 1160 1299 1199 stadium»
1335 1162 1473 1214 inquit
1506 1165 1674 1212 «currit,
1707 1168 1807 1206 eniti
1841 1174 1881 1207 et
1913 1175 2062 1208 con-2¹5

241 1223 414 1263 tendere
457 1220 583 1261 debet
620 1233 745 1274 quam
787 1233 982 1260 maxume
1015 1223 1150 1274 possit
1180 1229 1224 1263 ut
1255 1224 1415 1270 vincat,
1458 1227 1725 1278 supplantare
1758 1244 1875 1278 eum,
1919 1233 2013 1285 qui-

241 1298 333 1325 cum
365 1290 507 1331 certet,
538 1288 610 1324 aut
641 1296 766 1322 manu
798 1283 1009 1335 depellere
1042 1285 1158 1324 nullo
1192 1286 1314 1325 modo
1338 1287 1484 1326 debet:
1516 1289 1573 1327 sic
1598 1290 1638 1328 in
1661 1291 1743 1330 vita
1766 1293 1843 1332 sibi
1867 1308 2013 1347 quem-

241 1361 323 1400 que
366 1353 509 1401 petere
551 1345 665 1399 quod
708 1345 915 1398 pertineat
956 1346 1008 1385 ad
1050 1361 1170 1387 usum
1203 1362 1285 1388 non
1318 1349 1507 1403 iniquum
1542 1357 1625 1398 est,
1667 1354 1785 1393 alteri
1818 1356 2011 1409 deripere

241 1410 308 1450 ius
339 1423 424 1450 non
457 1414 558 1449 est.»
622 1405 689 1447 43.
721 1409 918 1447 Maxume
950 1414 1089 1449 autem
1122 1411 1419 1462 perturbantur
1449 1411 1582 1452 officia
1615 1414 1656 1453 in
1683 1418 1888 1465 amicitiis,
1921 1420 2013 1472 qui-

239 1472 318 1512 bus
350 1478 391 1512 et
420 1486 506 1511 non
538 1470 719 1510 tribuere
752 1469 866 1522 quod
897 1476 1008 1509 recte
1040 1473 1178 1523 possis
1211 1478 1251 1512 et
1281 1474 1462 1514 tribuere
1495 1476 1608 1527 quod
1641 1490 1725 1517 non
1755 1479 1805 1518 sit
1827 1494 2011 1534 aequum
2026 1487 2063 1516 20

241 1540 384 1575 contra
414 1534 598 1575 officium
631 1537 705 1572 est.
767 1531 848 1571 Sed
880 1532 1005 1572 huius
1037 1535 1202 1585 generis
1235 1536 1362 1575 totius
1386 1537 1512 1576 breve
1535 1544 1577 1577 et
1598 1552 1682 1578 non
1705 1539 1871 1581 diflicile
1894 1556 2013 1595 prae-

244 1603 411 1650 ceptum
444 1601 519 1636 est.
582 1594 702 1642 Quae
736 1594 846 1634 enim
879 1596 1074 1634 videntur
1106 1596 1246 1644 utilia,
1286 1598 1490 1647 honores,
1533 1600 1726 1649 divitiae,
1759 1603 2012 1657 voluptates,

241 1666 378 1700 cetera
410 1658 575 1713 generis
608 1657 811 1703 eiusdem,
845 1656 945 1697 haec
977 1658 1185 1698 amicitiae
1218 1674 1447 1713 numquam
1479 1666 1769 1716 anteponenda
1802 1673 1910 1707 sunt.
1962 1670 2014 1707 At

240 1735 380 1776 neque
418 1727 562 1761 contra
606 1734 691 1759 rem
725 1719 931 1772 publicam
964 1734 1100 1773 neque
1133 1727 1274 1761 contra
1307 1723 1370 1762 ius
1402 1724 1623 1764 iurandum
1657 1741 1703 1766 ac
1736 1728 1859 1768 sidem
1891 1731 2012 1769 amici

241 1798 367 1825 causa
404 1787 467 1824 vir
511 1783 646 1822 bonus
678 1781 823 1829 faciet,
865 1795 916 1820 ne
949 1784 981 1822 si
1014 1783 1143 1822 iudex
1175 1785 1344 1837 quidem
1378 1788 1456 1825 erit
1486 1787 1537 1827 de
1570 1789 1661 1840 ipso
1694 1792 1852 1839 amico3
1893 1794 2063 1844 ponit25

242 1848 353 1887 enim
386 1858 609 1900 personam
641 1844 788 1890 amici,
832 1858 925 1883 cum
958 1845 1096 1884 induit
1129 1846 1293 1885 iudicis.
1354 1849 1529 1888 Tantum
1563 1850 1678 1891 dabit
1708 1854 1937 1902 amicitiae,
1969 1860 2014 1894 ut

239 1922 381 1949 veram
423 1907 544 1948 amici
587 1920 756 1946 causam
799 1920 891 1946 esse
930 1908 1068 1954 malit,
1110 1914 1154 1948 ut
1194 1910 1375 1949 orandae
1414 1911 1499 1950 litis
1537 1918 1726 1966 tempus,
1768 1917 1908 1968 quoad
1940 1931 2014 1970 per

238 1971 354 2024 leges
385 1970 528 2017 liceat,
570 1969 868 2009 accommodet.
938 1967 1004 2008 44.
1048 1970 1149 2010 Cum
1182 1985 1280 2011 vero
1322 1973 1457 2013 iurato
1490 1978 1696 2016 sententia
1729 1978 1906 2018 dicenda
1937 1985 2012 2027 est,

240 2034 479 2073 meminerit
519 2033 645 2072 deum
685 2046 728 2071 se
760 2032 958 2071 adhibere
1000 2037 1170 2080 testem,
1213 2034 1254 2072 id
1287 2040 1368 2082 est,
1402 2042 1447 2076 ut
1478 2051 1554 2089 ego
1585 2039 1786 2087 arbitror,
1831 2048 2011 2082 mentem

241 2109 380 2143 suam,
421 2108 506 2148 qua
545 2094 650 2133 nihil
689 2094 849 2133 homini
888 2095 1003 2134 dedit
1043 2095 1147 2135 deus
1188 2097 1278 2149 ipse
1319 2098 1514 2138 divinius.
1573 2101 1719 2154 Itaque
1752 2104 2061 2154 praeclarum30

240 2170 264 2197 a
295 2158 521 2198 maioribus
554 2157 793 2209 accepimus
826 2170 983 2197 morem
1015 2158 1188 2210 rogandi
1222 2159 1386 2207 iudicis,
1418 2162 1451 2200 si
1484 2176 1580 2201 eum
1612 2169 1868 2213 teneremus,
1902 2180 2011 2213 QVAE

242 2233 371 2259 SALVA
411 2233 505 2259 Fine
546 2232 705 2259 FACERE
738 2233 889 2259 Possm
959 2220 1071 2259 Haec
1110 2223 1272 2273 rogatio
1312 2223 1363 2261 ad
1403 2236 1451 2262 ea
1492 2225 1696 2276 pertinet,
1738 2241 1845 2279 quae
1885 2229 2011 2281 paulo

243 2287 340 2321 ante
372 2282 460 2321 dixi
492 2282 669 2322 honeste
701 2282 830 2321 amico
862 2296 885 2322 a
915 2283 1052 2322 iudice
1084 2297 1209 2335 posse
1241 2285 1429 2324 concedi.
1483 2288 1583 2325 Nam
1607 2288 1638 2326 si
1663 2290 1801 2328 omnia
1822 2289 2013 2330 facienda

241 2344 336 2391 sint,
370 2357 477 2397 quae
509 2344 630 2384 amici
664 2345 806 2391 velint,
839 2358 924 2383 non
956 2346 1165 2384 amicitiae
1199 2346 1316 2392 tales,
1351 2347 1422 2386 sed
1456 2349 1767 2390 coniurationes
1801 2353 2011 2404 putandae

242 2407 338 2446 sint.
404 2405 471 2446 45.
511 2407 682 2460 Loquor
712 2413 850 2447 autem
884 2407 934 2446 de
967 2408 1260 2447 communibus
1292 2410 1510 2457 amicitiis;
1552 2424 1646 2450 nam
1678 2413 1718 2451 in
1751 2413 2062 2464 sapientibus35

241 2468 342 2509 viris
382 2468 663 2522 perfectisque
702 2469 805 2508 nihil
843 2475 982 2522 potest
1014 2484 1105 2510 esse
1139 2471 1233 2510 tale.
1294 2473 1522 2512 Damonem
1555 2479 1596 2512 et
1626 2474 1831 2514 Phintiam
1862 2476 2013 2529 Pytha-

241 2586 2013 2603 *ῌ-ὴ-ᾷ--Ψ--Ἦ

314 2658 360 2692 2.
386 2667 462 2691 cum
484 2662 595 2690 autem
618 2659 789 2690 consilium
813 2660 872 2690 hoc
893 2661 1052 2700 principis
1075 2661 1230 2700 cepissent
1254 2662 1385 2693 Nonius
1410 2662 1532 2703 13254.
1558 2682 1592 2686 —-
1619 2665 1794 2704 coepissent
1811 2666 1837 2697 H
1865 2684 1899 2689 -
1928 2667 1958 2699 6.
1974 2677 2013 2699 ne

243 2716 314 2739 om.
333 2708 354 2740 b
381 2725 415 2731 -
446 2709 496 2740 to.
517 2718 653 2740 causam
678 2717 712 2740 c:
740 2718 843 2740 causa
867 2710 987 2742 ΒΗαὶ)
1016 2728 1049 2732 -
1079 2712 1130 2742 Μ.
1153 2721 1210 2743 nec
1225 2712 1318 2751 prob.
1341 2714 1383 2743 tl:
1411 2722 1512 2751 neque
1523 2713 1617 2752 prob.
1646 2722 1663 2745 ο
1684 2731 1717 2736 -
1748 2716 1799 2746 43.
1818 2717 2014 2749 omittendae

241 2761 317 2788 sunt
340 2758 499 2790 utilitates
523 2767 541 2789 c
574 2776 603 2780 —-
629 2759 678 2789 his
703 2760 846 2795 Bilab,
873 2760 935 2798 hijs
958 2769 976 2791 c
1017 2779 1049 2783 —
1090 2760 1143 2792 ⁴4.
1170 2763 1280 2802 quoad
1303 2763 1370 2792 sine
1396 2762 1482 2801 (coll.
1511 2773 1543 2794 v.
1564 2765 1612 2801 ²27)
1642 2764 1807 2796 Halmius.
1834 2785 1876 2789 —
1901 2768 1953 2799 45.
1979 2771 2015 2798 uc

242 2807 359 2839 multa.
389 2808 426 2839 Ut
444 2809 500 2847 qui
524 2817 542 2839 c
570 2827 603 2831 —
631 2810 823 2839 contendere
848 2809 937 2840 debet
961 2818 1061 2849 quam
1085 2819 1243 2842 maxume
1265 2814 1365 2851 possit
1381 2830 1429 2834 --
1447 2822 1547 2843 manu
1570 2814 1690 2851 pellere
1708 2815 1796 2845 nullo
1812 2817 1908 2847 modo
1926 2817 2015 2848 debet

243 2856 374 2887 Nonius
399 2866 432 2897 p.
449 2858 500 2888 36.
524 2875 558 2880 —
588 2858 639 2889 «18,
666 2859 809 2898 diripere
834 2860 886 2890 ab
915 2877 948 2881 —
976 2860 1029 2891 σ26.
1056 2864 1186 2891 tanlwn
1210 2862 1331 2891 dabit-
1350 2879 1367 2883 -
1386 2865 1417 2891 u!
1442 2863 1566 2892 orande
1589 2863 1658 2892 lites
1682 2867 1806 2902 tempus
1822 2882 1870 2888 --
1887 2875 2015 2897 accom-

241 2906 349 2936 modet
380 2907 511 2939 Nonius
536 2917 568 2948 p.
588 2908 664 2940 244.
706 2926 739 2930 —-
780 2911 818 2939 ut
840 2918 954 2940 reram
978 2926 996 2931 —
1013 2927 1029 2931 —
1055 2912 1274 2941 accommode!
1300 2911 1390 2942 idem
1418 2921 1449 2950 p.
1467 2912 1541 2941 301.
1572 2929 1603 2933 —
1634 2913 1685 2942 ⁵27.
1705 2914 1792 2950 quod
1809 2915 1853 2944 ad
1871 2924 1933 2954 per
1958 2917 2014 2948 llb

245 2971 280 2976 —
308 2955 361 2987 28.
381 2956 504 2987 iuratio
530 2958 583 2988 llb
612 2975 645 2979 —
674 2958 811 2988 dicenda
828 2962 871 2989 est
897 2959 1012 2990 Lund:
1040 2960 1177 2990 dicenda
1194 2961 1232 2990 sit
1259 2962 1323 2994 (Σο,
1347 2960 1459 2999 «quod
1488 2960 1578 2990 lianc
1604 2962 1760 2993 csticerct
1785 2963 1906 2996 salsam
1931 2975 2015 2997 sen—

244 3005 409 3043 tentiam,
447 3014 536 3045 quae
562 3008 734 3047 positione
761 3007 952 3038 verborum
977 3008 1203 3048 prohibetur:
1242 3011 1425 3040 >meminerit
1450 3010 1545 3039 (Icum
1568 3019 1617 3045 se,
1652 3020 1725 3041 cum
1756 3014 1937 3046 iurandum
1960 3018 2013 3054 sil,

244 3053 396 3085 adhibere
419 3058 562 3086 testem.»
601 3056 650 3087 Cf.
672 3057 682 3086 l
701 3058 720 3095 §
736 3056 787 3087 66.
816 3057 856 3086 111
883 3058 900 3096 g
919 3058 972 3088 89.
996 3075 1028 3079 —
1058 3059 1110 3089 29.
1138 3060 1321 3089 meminerit
1346 3060 1440 3088 (laam
1464 3068 1495 3089 se
1519 3059 1636 3090 habere
1659 3064 1769 3093 testem
1785 3065 1911 3103 --ipse
1934 3066 2016 3096 divi-

245 3102 322 3133 m'us
346 3104 543 3136 Lactantius
568 3106 650 3137 lnst.
672 3106 741 3136 (liv.
763 3106 816 3143 VI,
833 3105 884 3136 ⁴24.
914 3124 948 3128 —
977 3108 1071 3138 deum
1095 3116 1126 3138 sc
1149 3108 1267 3139 habere
1291 3109 1330 3139 b:
1368 3116 1400 3138 sc
1423 3108 1517 3138 deum
1542 3109 1658 3140 habet-c
1683 3119 1699 3140 c
1741 3128 1775 3133 —
1816 3111 1872 3144 id&
1896 3118 1931 3144 ut
1955 3115 1978 3145 B
1994 3123 2015 3146 a

250 3167 286 3174 -
313 3152 364 3183 30.
391 3154 478 3184 dedit
501 3154 578 3184 deus
601 3155 723 3185 homini
750 3156 830 3194 (om.
850 3157 926 3194 ipse)
953 3165 970 3186 c
1000 3174 1031 3180 -
1065 3157 1431 3198 32.s1·def1·‹zemfaecre
1456 3165 1473 3187 c
1502 3173 1535 3179 -—
1559 3161 1661 3197 possit
1687 3161 1733 3191 li:
1756 3167 1863 3200 posset
1887 3172 2014 3204 super-

244 3208 314 3231 scr.
334 3201 346 3231 i
370 3202 413 3239 B3
436 3206 544 3241 posset
568 3204 620 3235 ab
637 3212 654 3234 c
669 3212 688 3235 o
714 3222 756 3226 —
777 3206 918 3243 pertinet
939 3207 983 3236 ad
1000 3215 1039 3237 ea
1063 3215 1080 3237 c
1109 3225 1143 3229 —
1168 3208 1269 3246 paulo
1294 3210 1369 3237 wite
1393 3215 1462 3237 om.
1484 3215 1501 3237 c
1527 3224 1561 3229 —
1589 3208 1640 3240 34.
1660 3211 1713 3241 sed
1729 3220 1803 3242 cum
1818 3214 1851 3242 ui
1869 3215 2014 3244 raciones

245 3255 264 3279 c
292 3265 325 3270 -—
353 3249 406 3281 35.
431 3255 507 3283 sunt
530 3260 548 3283 c
574 3269 608 3274 —
637 3254 689 3285 36.
713 3254 886 3293 pynthiam
910 3255 933 3284 B
949 3256 1014 3293 ab,
1039 3256 1188 3294 pythiam
1213 3257 1259 3292 11,
1288 3256 1429 3294 philiam
1453 3264 1488 3295 c,
1518 3258 1683 3297 pinlhiam
1707 3260 1752 3299 (in
1770 3269 1879 3302 marg.
1901 3262 2013 3302 phyn-

246 3298 329 3329 tiam
353 3301 388 3331 et
407 3300 583 3341 pitthyam)
609 3311 630 3343 p
665 3320 699 3324 —-
728 3304 952 3345 pythagoreus
975 3305 1035 3343 H¹3
1059 3306 1300 3345 pythayoreum
1323 3305 1355 3336 b.
