2249 3624
330 148 410 188 ⁶248
764 146 1191 188 TUSCULANARUM
1220 146 1654 187 DISPUTATIONUM

331 259 440 299 enim
481 270 576 310 pars
615 255 814 296 orationis
854 259 949 293 tuae
979 252 1157 293 faciebat
1187 257 1233 291 ut
1263 252 1369 291 mori
1400 265 1614 305 cuperem,
1653 252 1860 305 posterior
1889 257 1935 292 ut
1964 253 2087 293 modo

330 334 415 360 non
445 319 618 366 nollem,
650 317 772 357 modo
804 329 890 355 non
920 315 1175 354 laborarem:
1208 315 1320 353 omni
1352 320 1490 355 autem
1522 314 1710 354 oratione
1740 314 1843 354 illud
1867 320 1975 354 certe
1997 328 2089 369 per-

329 383 481 422 fectum
513 386 595 429 est,
626 386 672 420 ut
702 384 877 419 mortem
908 391 993 417 non
1026 376 1218 415 ducerem
1249 376 1293 415 in
1324 376 1456 416 malis.

440 445 495 484 M.
525 445 631 483 Num
662 442 789 494 igitur
819 441 944 480 etiam
975 439 1189 479 rhetorum
1221 438 1432 492 epilogum
1463 438 1778 479 desideramus?
1809 453 1861 479 an
1880 439 1987 480 hanc
2007 441 2089 480 iam

294 513 456 547 5artem
488 505 609 560 plane
640 504 949 556 relinquimus?
999 501 1046 541 A.
1079 502 1140 540 Tu
1172 514 1269 541 vero
1292 502 1413 542 istam
1435 517 1486 543 ne
1508 503 1750 555 reliqueris,
1782 515 1904 557 quam
1927 515 2090 555 semper

329 568 502 615 ornasti,
547 573 587 607 et
623 567 792 620 quidem
825 567 938 614 iure;
968 564 1040 604 illa
1072 564 1182 603 enim
1218 570 1279 611 te,
1310 578 1454 605 verum
1491 566 1525 605 si
1562 565 1677 618 loqui
1715 565 1928 611 volumus,
1967 577 2090 604 orna-

329 635 454 671 verat.
516 630 595 669 Sed
637 629 805 681 quinam
845 633 908 667 est
944 628 1022 667 iste
1060 626 1279 679 epilogus?
1321 640 1424 667 aveo
1463 628 1573 667 enim
1605 628 1749 668 audire
1781 626 1980 681 quicquid
2013 631 2087 670 est.

330 691 422 732 113.
452 693 506 732 Μ.
537 693 718 730 Deorum
751 689 1047 729 immortalium
1079 688 1235 728 iudicia
1257 688 1393 728 solent
1418 690 1460 729 in
1483 689 1637 729 scholis
1659 690 1846 743 proferre
1869 691 1920 731 de
1942 696 2089 738 morte,

328 770 404 797 nec
442 768 540 794 vero
575 766 622 792 ea
662 750 817 804 fingere
847 751 947 804 ipsi,
990 751 1064 791 sed
1095 750 1306 790 Herodoto
1339 757 1507 791 auctore
1540 752 1717 804 aliisque
1749 753 1950 805 pluribus.
2004 753 2091 793 Pri-

282 833 313 860 io
328 832 438 859 mum
477 816 626 869 Argiae
665 814 890 854 sacerdotis
932 813 1096 853 Cleobis
1129 819 1170 853 et
1200 814 1323 853 Biton
1354 812 1426 853 filii
1457 814 1760 867 praedicantur.
1810 816 1917 854 Nota
1949 814 2092 855 fabula

328 886 401 921 est.
454 878 555 918 Cum
596 877 705 917 enim
745 877 860 916 illam
891 876 941 916 ad
974 877 1175 916 sollemne
1213 882 1253 916 et
1290 882 1438 916 statum
1471 875 1715 916 sacrificium
1747 891 1869 917 curru
1902 878 1997 917 vehi
2027 878 2091 917 ius

328 947 459 989 esset,
492 940 591 980 satis
622 940 744 992 longe
776 939 826 978 ab
859 939 1011 992 oppido
1043 938 1094 979 ad
1125 938 1285 986 fanum,
1317 944 1660 992 morarenturque
1685 939 1889 987 iumenta,
1921 946 2007 980 tum
2030 940 2092 980 iu-

327 1018 453 1045 venes
485 1002 533 1049 ii,
566 1015 674 1055 quos
705 1002 827 1041 modo
860 1002 1096 1049 nominavi,
1139 1007 1252 1041 veste
1284 1003 1416 1054 posita
1448 1015 1623 1054 corpora
1655 1002 1748 1041 oleo
1780 1007 2090 1055 perunxerunt,

327 1067 379 1107 ad
410 1067 552 1118 iugum
585 1069 863 1104 accesserunt.
911 1065 972 1104 Ita
1004 1064 1197 1104 sacerdos
1228 1065 1398 1103 advecta
1430 1064 1473 1102 in
1503 1063 1666 1111 fanum,
1698 1077 1790 1104 cum
1814 1078 1958 1104 currus
1981 1070 2092 1105 esset

280 1144 312 1172 15
328 1130 476 1169 ductus
509 1141 530 1167 a
560 1127 673 1174 filiis,
705 1132 869 1180 precata
899 1140 923 1166 a
954 1127 1031 1166 dea
1062 1126 1225 1173 dicitur,
1258 1132 1302 1166 ut
1332 1126 1413 1165 illis
1435 1127 1664 1180 praemium
1689 1127 1806 1167 daret
1835 1142 1908 1182 pro
1938 1129 2089 1181 pietate

328 1191 436 1246 quod
481 1203 720 1229 maxumum
758 1189 917 1229 homini
959 1189 1047 1228 dari
1089 1194 1233 1241 posset
1270 1202 1292 1228 a
1336 1188 1438 1235 deo;
1480 1194 1575 1241 post
1615 1189 1806 1242 epulatos
1838 1204 1929 1229 cum
1961 1196 2089 1229 matre

327 1252 606 1294 adulescentis
639 1265 784 1292 somno
816 1266 860 1292 se
893 1251 1079 1298 dedisse,
1112 1264 1231 1291 mane
1262 1252 1454 1290 inventos
1477 1265 1568 1290 esse
1590 1257 1787 1292 mortuos.
1838 1250 1932 1292 114.
1957 1252 2091 1292 Simili

327 1317 565 1371 precatione
597 1315 862 1369 Trophonius
894 1320 934 1355 et
964 1313 1195 1367 Agamedes
1228 1315 1291 1354 usi
1323 1314 1540 1362 dicuntur,
1573 1315 1643 1368 qui
1676 1329 1766 1355 cum
1790 1314 1972 1368 Apollini
1996 1315 2091 1354 Del-

327 1380 419 1434 phis
458 1378 659 1430 templum
699 1377 1108 1423 exaedificavissent‚
1146 1382 1393 1416 venerantes
1435 1377 1557 1416 deum
1592 1378 1826 1430 petiverunt
1856 1378 2090 1417 mercedem

276 1455 411 1483 eonon
450 1453 618 1494 parvam
660 1441 829 1493 quidem
870 1440 1009 1493 operis
1049 1445 1088 1478 et
1118 1439 1271 1478 laboris
1303 1440 1384 1486 sui,
1426 1440 1531 1479 nihil
1564 1441 1684 1487 certi,
1729 1440 1801 1480 sed
1835 1441 1949 1494 quod
1981 1445 2092 1480 esset

327 1510 543 1558 optumum
573 1502 745 1542 homini.
798 1502 962 1550 Quibus
993 1501 1143 1553 Apollo
1176 1514 1219 1540 se
1250 1502 1291 1540 id
1324 1502 1517 1541 daturum
1549 1503 1733 1542 ostendit
1763 1509 1858 1556 post
1890 1504 1976 1543 eius
2009 1503 2092 1542 diei

327 1568 437 1607 diem
479 1566 665 1606 tertium:
709 1566 778 1617 qui
817 1571 862 1604 ut
899 1564 1075 1611 inluxit,
1122 1564 1271 1603 mortui
1317 1570 1413 1604 sunt
1452 1566 1618 1618 reperti.
1680 1565 1935 1605 Iudicavisse
1968 1565 2090 1605 deum

327 1630 469 1670 dicunt
499 1634 540 1667 et
570 1641 664 1667 eum
695 1627 862 1681 quidem
894 1627 1032 1672 deum,
1064 1627 1130 1666 cui
1162 1627 1314 1680 reliqui
1347 1628 1386 1666 di
1417 1628 1724 1668 concessissent
1754 1634 1797 1667 ut
1828 1634 1994 1680 praeter
2024 1641 2090 1667 ce-

326 1699 437 1733 teros
468 1690 684 1732 divinaret.
745 1690 928 1728 XLVIII.
960 1689 1157 1728 Adfertur
1188 1689 1313 1728 etiam
1345 1688 1396 1729 de
1420 1690 1558 1729 Sileno
1583 1691 1733 1730 fabella
1758 1691 1985 1744 quaedam,
2018 1693 2089 1744 qui

277 1768 312 1796 ⁶25
327 1770 419 1796 cum
451 1769 471 1794 a
503 1754 613 1793 Mida
644 1757 785 1805 captus
819 1757 950 1799 esset,
982 1751 1059 1791 hoc
1092 1751 1129 1790 ei
1162 1751 1346 1790 muneris
1378 1766 1452 1804 pro
1485 1766 1557 1791 sua
1579 1753 1779 1792 missione
1804 1753 1966 1792 dedisse
1990 1754 2089 1792 scri-

325 1819 455 1858 bitur:
488 1816 679 1856 docuisse
710 1828 850 1867 regem
882 1827 967 1854 non
989 1813 1103 1852 nasci
1134 1812 1294 1851 homini
1323 1813 1444 1866 longe
1476 1814 1678 1866 optimum
1704 1827 1818 1861 esse,
1849 1815 2088 1867 proximum

326 1887 461 1921 autem
502 1892 625 1933 quam
667 1878 844 1930 primum
878 1877 996 1917 mori.
1048 1872 1141 1914 115.
1174 1874 1265 1922 Qua
1297 1881 1360 1915 est
1390 1876 1595 1915 sententia
1626 1876 1668 1914 in
1701 1876 1956 1929 Cresphonte
1987 1890 2087 1916 usus

326 1943 571 1997 Euripides:

550 2006 670 2044 Nam
702 2017 796 2043 nos
829 2003 1053 2042 decebat
1085 2007 1263 2042 coetus
1296 2001 1624 2041 celebrantis
1658 2001 1859 2041 domum

276 2080 311 2108 30
549 2069 777 2119 Lugere,
810 2066 896 2105 ubi
928 2072 1076 2105 esset
1107 2065 1314 2118 aliquis
1344 2065 1392 2103 in
1425 2064 1588 2104 lucem
1622 2065 1819 2112 editus,

549 2131 816 2170 Humanae
849 2130 987 2169 vitae
1020 2130 1164 2169 varia
1195 2128 1510 2181 reputantis
1542 2127 1697 2166 mala:

550 2195 633 2239 At,
666 2193 753 2245 qui
787 2192 995 2232 labores
1027 2198 1193 2232 morte
1225 2191 1449 2232 finisset
1480 2191 1677 2243 gravis,

548 2256 695 2295 Hunc
727 2255 862 2294 omni
893 2255 1094 2294 amicos
1125 2255 1284 2294 laude
1317 2259 1367 2292 et
1398 2252 1618 2292 laetitia
1649 2251 1888 2305 exsequi.

329 2320 471 2360 Simile
504 2318 701 2372 quiddam
725 2324 786 2358 est
816 2319 858 2357 in
883 2317 1176 2358 Consolatione
1200 2317 1425 2357 Crantoris.
1465 2316 1535 2355 Ait
1557 2316 1666 2355 enim
1689 2315 1938 2354 Terinaeum
1962 2328 2091 2368 quen-

277 2392 312 2419 35
328 2384 419 2423 dam
457 2382 668 2435 Elysium,
712 2395 802 2420 cum
842 2381 1020 2433 graviter
1056 2378 1127 2420 filii
1162 2386 1335 2420 mortem
1367 2384 1588 2425 maereret,
1629 2380 1794 2418 venisse
1832 2377 1874 2416 in
1913 2377 2091 2430 psycho-

327 2445 528 2484 mantium
576 2449 843 2497 quaerentem
890 2455 995 2496 quae
1040 2443 1188 2482 fuisset
1228 2448 1364 2482 tantae
1413 2441 1656 2481 calamitatis
1707 2453 1852 2480 causa:
1909 2440 2006 2480 huic
2048 2440 2090 2479 in

327 2506 490 2546 tabellis
522 2506 593 2545 tris
624 2505 744 2545 huius
777 2504 887 2544 modi
919 2505 1148 2544 versiculos
1180 2505 1322 2545 datos:

413 2674 444 2704 ⁶2.
470 2674 598 2704 ratione
623 2673 686 2703 GR
714 2691 747 2695 —-
774 2671 804 2703 4.
832 2672 999 2703 rethorum
1024 2673 1088 2703 GR
1114 2689 1148 2693 —
1180 2672 1209 2702 7.
1236 2672 1335 2702 habeo
1362 2672 1399 2703 C.
1428 2671 1476 2703 Cf.
1505 2671 1522 2711 g
1553 2671 1600 2701 16.
1631 2688 1665 2692 -—
1694 2672 1745 2701 10.
1773 2670 1904 2711 Arqtae]
1939 2671 2089 2702 «Cicero

328 2724 401 2755 sine
427 2723 532 2753 dubio
558 2723 713 2763 scripsit,
740 2723 777 2752 ut
802 2721 1009 2759 Lambinus,
1035 2722 1197 2761 A7·9ivae;
1226 2721 1267 2752 cf.
1295 2723 1326 2758 1,
1354 2721 1406 2753 45.
1434 2722 1494 2759 111,
1522 2721 1574 2751 53.
1601 2721 1640 2751 N.
1660 2721 1698 2751 Ι),
1720 2721 1749 2757 1,
1773 2721 1823 2751 82.
1852 2721 1962 2752 Divin.
1990 2722 2013 2759 Ι,
2035 2722 2086 2752 37.

327 2774 420 2804 Brut.
448 2773 499 2803 50.
532 2774 657 2804 Poetae
683 2771 859 2802 interdum
883 2772 1008 2811 Aryeus
1032 2770 1254 2802 scribebant:
1287 2771 1406 2811 Argius
1431 2779 1470 2801 ex
1497 2769 1589 2801 nullo
1615 2771 1785 2810 scriptore
1812 2769 2005 2801 laudatur.»
2031 2771 2087 2801 W.

332 2842 363 2846 -—
392 2823 498 2854 deobis
520 2824 545 2854 R
572 2840 605 2843 —
634 2821 740 2852 binoto
758 2822 802 2857 C;
829 2822 902 2852 Bito
920 2821 956 2852 O.
983 2821 1069 2852 Vide
1088 2821 1131 2852 ad
1149 2822 1260 2861 §1111st
1286 2839 1318 2843 -
1349 2822 1398 2852 11.
1426 2824 1584 2851 statutum
1603 2821 1626 2851 C
1654 2838 1687 2841 —
1717 2822 1768 2852 12.
1795 2825 1870 2851 tunc
1896 2822 2025 2852 iuuenes
2042 2839 2089 2843 -—

327 2876 530 2904 accesserunt
561 2873 593 2903 in
626 2872 782 2912 margine
815 2880 920 2902 manu
953 2872 1166 2911 posteriore,
1194 2870 1254 2901 sed
1281 2871 1440 2911 antiqua,
1468 2870 1641 2910 adscripta
1668 2869 1775 2901 habet
1799 2872 1822 2901 R
1852 2888 1885 2893 ——
1913 2874 1981 2901 tum
2005 2870 2087 2901 GB:

327 2926 403 2954 tunc
427 2923 465 2953 R2
478 2923 514 2953 O.
549 2921 801 2952 «scribendum
828 2923 895 2952 est:
926 2926 993 2952 tum
1016 2921 1164 2952 iuvenes:
1192 2920 1234 2951 ct.
1256 2920 1298 2951 de
1316 2929 1423 2951 cum-
1440 2925 1507 2951 tum
1525 2920 1606 2960 (tum
1621 2938 1639 2942 -
1655 2920 1741 2960 cum)
1767 2920 1784 2961 g
1804 2921 1876 2952 118.
1903 2921 1942 2957 ΙΙ,
1964 2921 2014 2951 19.
2034 2921 2086 2952 20.

325 2973 379 3005 2⁵..
406 2974 460 3010 111,
487 2972 519 3003 ⁵2.
546 2971 576 3003 3.
605 2971 856 3002 vehementior
879 2970 932 3002 illa
958 2971 1222 3007 demonstratio,
1248 2979 1353 3010 quam
1378 2974 1454 3001 tunc
1480 2971 1522 3011 (in
1547 2970 1677 3002 diserta
1702 2969 1756 3001 vel
1786 2971 1886 3001 tacita
1912 2971 2088 3010 praeteriti

328 3026 361 3055 et
393 3022 587 3063 praesentis
619 3021 785 3061 temporis
817 3021 1034 3062 oppositione
1065 3020 1173 3051 aliave
1201 3020 1243 3051 de
1269 3029 1386 3058 causa,
1413 3022 1450 3051 ut
1483 3020 1598 3052 Famil.
1626 3022 1680 3059 ΙΙΙ,
1708 3021 1758 3056 10,
1785 3020 1815 3052 8.
1853 3021 1962 3052 Divin.
1991 3021 2029 3058 11,
2055 3019 2087 3051 3.

327 3074 393 3104 ΑΙῐ.
420 3072 460 3107 X,
487 3071 517 3109 8,
544 3071 572 3107 ¹2]
600 3070 725 3108 hahet,
753 3070 796 3101 ab
822 3071 889 3101 hoc
914 3070 989 3102 loco
1015 3069 1122 3101 aliena
1149 3072 1234 3101 est.»
1262 3070 1314 3101 W.
1339 3087 1372 3090 —
1400 3070 1528 3100 iuuenis
1552 3072 1575 3101 G
1602 3088 1635 3091 —
1664 3070 1713 3100 13.
1739 3069 1772 3099 hi
1796 3070 1819 3100 C
1849 3087 1881 3091 —-
1911 3070 1961 3101 15.
1987 3078 2089 3108 prae-

327 3126 404 3153 cata
428 3123 451 3151 G
468 3122 492 3152 R
520 3138 554 3142 —
584 3120 646 3151 illis
665 3122 852 3159 praemium
876 3122 899 3152 B
927 3122 970 3161 (in
996 3129 1104 3160 marg.
1133 3118 1204 3150 «vel
1230 3119 1339 3158 mii›=):
1366 3120 1428 3150 illis
1448 3121 1591 3160 praemii
1608 3120 1689 3151 GR:
1718 3120 1750 3149 id
1773 3119 1836 3150 illis
1856 3119 1998 3158 praemii
2022 3119 2088 3149 Ra-

328 3172 437 3207 tliius3
471 3171 505 3201 id
536 3171 576 3201 iis
601 3172 731 3210 praemi
763 3171 971 3211 Tregderus.
1006 3188 1039 3192 -
1075 3170 1126 3201 18.
1159 3169 1302 3208 apolloni
1331 3170 1355 3199 G
1386 3187 1419 3191 -
1459 3171 1510 3201 19.
1534 3171 1697 3209 petierunt
1725 3170 1749 3200 O
1779 3186 1813 3190 —
1843 3169 1894 3200 ⁶23.
1921 3170 1965 3200 dii
1995 3170 2018 3201 C
2050 3187 2083 3191 —

327 3222 379 3253 31.
405 3222 551 3252 humana
576 3221 599 3251 C
628 3238 662 3242 —
698 3220 749 3252 33.
777 3222 864 3251 omni
887 3222 1066 3253 Davisius:
1101 3228 1208 3251 omnes
1231 3220 1267 3251 C.
1301 3219 1387 3251 Vide
1412 3219 1456 3250 ad
1481 3220 1499 3261 g
1526 3221 1597 3251 110.
1630 3237 1662 3241 -
1690 3218 1742 3251 34.
1769 3219 1972 3250 terinaneum
1997 3219 2021 3250 C
2049 3236 2083 3241 -

328 3271 381 3305 35.
406 3270 563 3310 helysium
587 3271 650 3301 GR
679 3287 710 3292 —
738 3274 861 3302 maeret
885 3271 949 3302 GR
977 3288 1011 3293 -
1038 3271 1072 3301 in
1094 3270 1346 3302 sichomantium
1371 3270 1408 3301 C.
