2249 3624
701 162 887 202 PARAI).
910 163 938 202 Ι.
984 161 1079 202 Cu».
1103 162 1246 202 1-11,
1292 159 1351 214 §§
1374 160 1397 202 4
1412 185 1459 191 ω-
1475 159 1540 202 10.
1916 152 1996 199 745

240 268 408 309 hercule
450 280 525 320 ego
568 280 704 320 neque
736 269 934 321 pecunias
966 269 1137 308 istorum
1170 282 1307 322 neque
1340 274 1446 308 tecta
1480 266 1696 321 magnifica
1727 281 1864 322 neque
1896 281 1997 322 opes

241 344 376 384 neque
418 330 593 383 imperia
632 343 768 383 neque
808 344 895 376 eas,
938 331 1091 384 quibus
1125 345 1316 371 maxume
1348 332 1503 371 astricti
1535 337 1653 378 sunt,
1693 332 1925 384 voluptates
1957 330 1999 369 in

240 394 360 432 bonis
401 393 523 432 rebus
565 399 634 433 aut
675 394 921 446 expetendis
963 408 1054 433 esso
1087 394 1211 441 duxi,
1255 395 1407 448 quippe
1439 408 1531 433 cuin
1564 394 1747 434 viderem
1779 393 1902 434 rebus
1933 392 1999 433 his

241 453 569 495 circumfluentis
602 469 649 496 ea
681 462 818 496 tamen
852 456 1088 496 desiderare
1122 457 1314 503 maxime,
1347 458 1495 509 quibus
1526 457 1802 497 abundarent.
1855 457 1999 508 Neque

241 518 352 557 enim
391 532 589 571 umquam
633 518 825 570 expletur
866 532 941 558 nec
981 520 1154 558 satiatur
1190 519 1428 572 cupiditatis
1460 520 1573 566 sitis,
1615 533 1752 573 neque
1784 519 1918 558 solum
1951 525 2030 558 eab

240 580 309 632 qui
340 580 493 620 habent
524 580 699 620 libidine
731 581 910 633 augendi
944 581 1201 627 cruciantur,
1224 581 1294 620 sed
1319 582 1441 621 etiam
1467 581 1683 621 amittendi
1707 587 1833 621 metu.
1883 579 1921 620 7.
1954 580 1999 620 ln

241 656 326 696 quo
359 644 553 696 equidem
585 643 1038 683 continentissimorum
1071 643 1308 690 hominum,
1342 646 1543 684 maiorum
1576 651 1839 692 nostrorum,
1871 655 1998 696 saepe

238 707 408 759 requiro
441 705 718 759 prudentiam,
752 706 823 758 qui
856 706 960 745 haec
991 706 1184 745 inbecilla
1217 712 1255 745 et
1287 707 1594 747 commutabilia
1623 705 1839 761 [pecuniae
1872 720 2000 746 mem-

236 766 324 822 bra]
359 769 483 809 verbo
526 769 663 808 bona
696 774 944 821 putaverunt
975 768 1246 822 appellanda,
1288 783 1379 808 cum
1419 783 1461 808 re
1502 783 1548 809 ac
1580 769 1696 809 factis
1727 770 1849 822 longe
1881 769 2001 809 aliter

237 830 551 871 iudicavissent.
610 832 807 870 Potestne
840 832 993 870 bonum
1027 831 1220 884 cuiquam
1255 832 1362 870 malo
1394 845 1485 871 esse
1518 838 1589 871 aut
1617 838 1754 885 potest
1776 833 2051 886 quisquamw

235 893 278 932 in
320 894 576 933 abundantia
620 894 825 933 bonorum
872 894 960 946 ipse
1001 907 1092 932 esse
1127 907 1208 932 non
1241 894 1405 933 bonus?
1464 896 1588 948 Atqui
1623 896 1701 935 ista
1731 895 1871 935 omnia
1902 893 1999 934 talia

235 955 448 1004 videmus,
480 962 525 996 ut
563 956 688 995 etiam
731 954 896 1009 inprobi
928 956 1109 995 habeant
1141 961 1181 995 et
1212 956 1347 995 absint
1378 957 1532 1009 probis.
1592 956 1629 996 8.
1664 957 1797 1006 Quam
1829 957 1881 998 ob
1911 970 1999 997 rem

235 1018 330 1058 licet
363 1019 543 1059 inrideat
573 1020 606 1058 si
639 1020 710 1072 qui
742 1019 851 1066 vult,
891 1019 983 1071 plus
1015 1019 1125 1072 apud
1160 1033 1224 1058 me
1256 1025 1392 1058 tamen
1426 1033 1520 1058 vera
1552 1020 1657 1059 ratio
1690 1020 1844 1059 valebit
1875 1032 1999 1073 quam

238 1081 349 1133 vulgi
384 1083 548 1135 opinio;
580 1095 718 1135 neque
750 1095 827 1134 ego
860 1096 1057 1134 umquam
1092 1083 1201 1122 bona
1232 1081 1464 1135 perdidisse
1497 1082 1648 1130 dicam,
1681 1083 1715 1122 si
1746 1083 1841 1136 quis
1873 1094 2000 1134 pecus

235 1149 306 1183 aut
351 1144 657 1196 supellectilem
703 1145 914 1191 amiserit,
962 1159 1037 1184 nec
1081 1158 1163 1184 non
1206 1158 1331 1197 saepe
1373 1143 1551 1184 laudabo
1594 1146 1825 1199 sapientem
1866 1144 2050 1191 illum,⁴5

233 1206 444 1253 Biantem,
487 1213 531 1247 ut
571 1209 743 1260 opinor,
789 1208 860 1260 qui
902 1214 1144 1247 numeratur
1182 1209 1224 1247 in
1267 1212 1450 1259 septem:
1498 1208 1615 1248 cuius
1657 1222 1781 1261 quom
1823 1206 1997 1260 patriam

234 1269 423 1309 Prienam
467 1271 648 1322 cepisset
686 1270 817 1309 hostis
855 1270 1069 1322 ceterique
1101 1271 1155 1310 ita
1187 1270 1400 1322 sugerent,
1442 1276 1487 1309 ut
1519 1270 1645 1310 multa
1676 1270 1727 1309 de
1758 1271 1844 1310 suis
1877 1269 1999 1309 rebus

233 1338 514 1385 asportarent,
547 1346 638 1372 cum
671 1337 783 1372 esset
813 1332 1048 1372 admonitus
1080 1346 1103 1371 a
1135 1333 1317 1386 quodam
1350 1338 1394 1372 ut
1425 1333 1533 1372 idem
1565 1334 1653 1386 ipse
1683 1333 1850 1378 faceret,
1885 1331 1997 1382 «Ego

236 1407 355 1434 vero»
391 1395 528 1448 inquit
561 1395 716 1443 «facio3
751 1409 846 1434 nam
878 1395 1018 1434 omnia
1051 1410 1214 1435 mecum
1248 1401 1369 1448 porto
1402 1410 1530 1436 mea.»
1593 1394 1630 1434 9.
1664 1395 1736 1435 Ille
1766 1395 1868 1434 haec
1890 1392 1999 1434 ludi-

232 1457 321 1496 bria
351 1456 542 1497 fortunae
574 1471 626 1497 ne
659 1470 732 1497 sua
765 1456 938 1510 quidem
971 1458 1152 1510 putavit,
1186 1471 1292 1512 quae
1326 1472 1400 1498 nos
1432 1458 1690 1512 appellamus
1721 1458 1843 1498 etiam
1875 1457 2049 1497 bonaso

235 1519 348 1567 Quid
379 1525 442 1559 est
473 1519 622 1572 igitur,
664 1525 836 1574 quaeret
867 1520 1042 1573 aliquis,
1074 1521 1261 1560 bonum?
1313 1521 1355 1560 Si
1389 1521 1498 1576 quod
1532 1528 1641 1562 recte
1673 1521 1720 1561 fit
1751 1526 1791 1561 et
1821 1521 1998 1560 honeste

233 1587 274 1622 et
305 1595 397 1622 cum
430 1582 605 1630 virtute,
636 1583 677 1623 id
710 1583 814 1623 bene
847 1580 935 1622 lieri
969 1596 1063 1623 vere
1096 1584 1267 1631 dicitur,
1302 1584 1415 1637 quod
1448 1589 1604 1624 rectum
1637 1590 1676 1624 et
1705 1585 1926 1624 honestum
1958 1586 1999 1622 et

232 1647 326 1686 cuin
359 1646 508 1685 virtute
539 1651 614 1693 est,
647 1645 689 1685 id
721 1646 855 1685 solum
887 1646 1035 1699 opinor
1065 1647 1234 1686 bonum.
1294 1647 1344 1686 11.
1387 1644 1452 1686 ¹¹lO.
1493 1647 1573 1687 Sed
1605 1647 1707 1687 haec
1739 1645 1871 1686 videri
1901 1658 1998 1698 pos-

232 1714 329 1748 sunt
360 1708 582 1756 odiosiora,
615 1722 709 1749 cum
740 1708 893 1749 lentius
925 1709 1209 1762 disputantur:
1244 1710 1325 1750 vita
1355 1715 1481 1763 atque
1512 1710 1632 1750 factis
1655 1710 1875 1749 inlustrata
1902 1712 1998 1748 sunt

320 1895 349 1926 ⁴.
376 1895 506 1926 hercule
528 1894 628 1927 AW:
654 1904 705 1926 me
727 1895 856 1926 hercule
880 1893 974 1931 A20,
1001 1896 1142 1926 mercule
1165 1896 1189 1926 B
1218 1913 1252 1918 —
1280 1899 1398 1926 teclam
1421 1896 1636 1937 maynificam
1660 1893 1698 1927 Β1
1724 1913 1758 1918 -
1786 1895 1817 1926 3.
1842 1895 1998 1933 uiderem,

229 1946 375 1976 homines
398 1945 492 1975 rebus
515 1945 562 1975 his
587 1946 611 1976 O
651 1963 684 1967 —
725 1945 752 1977 4.
778 1946 1078 1985 circ-imisluenlibus
1103 1947 1139 1981 C,
1167 1947 1428 1986 circumfluentes
1452 1946 1476 1977 O
1506 1963 1537 1967 —
1573 1945 1622 1986 ea]
1647 1950 1677 1976 et
1700 1945 1780 1977 A¹V
1808 1963 1840 1968 —
1868 1945 2000 1976 habun-

231 1995 347 2026 darent
371 1993 441 2026 ΑΨ
470 2012 501 2016 —
529 1996 560 2025 5.
588 1996 740 2034 expletur
764 2004 911 2034 unquam
937 1995 960 2025 O
1000 2013 1034 2018 —
1073 1997 1223 2026 sacialw·
1246 1999 1270 2027 Α
1289 1997 1310 2026 Β
1330 1995 1367 2025 V¹
1398 2013 1427 2017 -
1469 1996 1498 2027 6.
1525 2005 1610 2035 quae
1633 1995 1748 2027 habene
1773 1995 1875 2028 codd.
1895 1994 2000 2036 aliqui

233 2064 268 2069 -—
295 2044 437 2076 lubidine
462 2043 503 2073 V²⁷
529 2063 561 2067 -—
591 2049 673 2075 melo
701 2045 735 2076 15¹
764 2062 796 2067 -·
827 2046 857 2076 7.
886 2049 1035 2075 nostrum
1060 2045 1099 2075 V¹
1127 2063 1160 2067 -
1189 2048 1218 2077 8.
1239 2047 1317 2085 quia
1337 2046 1416 2076 haec
1440 2047 1463 2077 B
1493 2063 1525 2068 -
1552 2047 1711 2085 pecuniae
1734 2046 1881 2077 membra
1905 2044 1999 2085 glos-

230 2104 328 2128 sema
354 2104 431 2127 esse
457 2094 541 2126 vidit
566 2094 731 2134 Bentley:
755 2096 918 2133 pecuniae
942 2094 1110 2135 [membru]
1137 2096 1181 2129 0:
1209 2096 1249 2126 ci.
1280 2098 1315 2127 O.
1340 2097 1447 2126 lleine
1474 2096 1505 2127 in
1531 2095 1782 2127 Schneidewini
1808 2094 1997 2135 Philologo‚

229 2147 256 2178 X
282 2155 313 2187 p.
332 2147 392 2177 417
419 2145 589 2184 (pecuniae
613 2154 752 2175 munera
776 2145 945 2181 Schuetz,
970 2146 1126 2183 fin-(unae
1152 2154 1289 2176 munera
1315 2146 1534 2186 Peerlkamp)
1564 2163 1594 2167 -
1625 2146 1654 2177 9.
1680 2154 1763 2176 uera
1786 2145 1872 2176 bona
1896 2143 1935 2174 V¹
1962 2162 1997 2167 —

228 2196 443 2235 appellandus
467 2194 504 2226 B¹
534 2213 563 2218 —
600 2196 648 2225 10,
676 2198 752 2225 esse!
779 2193 815 2225 Βι
843 2212 875 2216 —
905 2199 962 2225 aul
989 2196 1011 2225 Β
1039 2196 1069 2226 in
1096 2204 1164 2226 ras.
1206 2213 1239 2217 —
1281 2196 1331 2226 12.
1361 2196 1467 2226 (rosini
1493 2195 1643 2234 Madvig:
1671 2196 1774 2226 obsint
1799 2195 1876 2226 CO.
1914 2194 1999 2232 «Qui

228 2247 339 2287 potuit
364 2255 433 2277 non
458 2245 688 2276 animadverti
714 2244 944 2275 scribendum
972 2253 1067 2276 esset
1100 2250 1134 2275 ul
1160 2249 1194 2275 et
1218 2246 1358 2283 improbi
1382 2246 1521 2276 habeant
1545 2250 1574 2276 ec
1599 2245 1735 2276 absint
1760 2244 1889 2284 probis,
1917 2245 1936 2275 i.
1965 2252 1995 2276 e.

228 2296 310 2328 boni
338 2306 405 2328 non
431 2296 610 2327 habeant?
650 2294 737 2326 Nihil
770 2294 871 2324 bonis
903 2295 990 2325 liae(⁴
1023 2294 1171 2330 obsunt,
1203 2295 1266 2325 sed
1301 2297 1409 2333 magis
1436 2296 1604 2336 improbis
1632 2295 1694 2332 (vel
1721 2295 1834 2336 potius
1859 2294 1997 2332 nocent),

229 2347 287 2386 qui
314 2347 402 2377 maie
429 2346 560 2376 utendo
585 2344 718 2375 seelera
746 2345 968 2380 contrahunt,
996 2345 1057 2375 sed
1085 2345 1128 2375 de
1155 2354 1195 2374 eo
1222 2346 1362 2375 omnino
1383 2355 1448 2375 non
1467 2348 1589 2383 agitur.
1629 2346 1701 2376 Non
1722 2346 1855 2385 poterat
1875 2344 1998 2374 Cicero

229 2396 348 2428 dicere
373 2396 486 2432 desint,
512 2395 677 2434 quoniam
704 2403 793 2434 quae
819 2395 962 2425 omnino
988 2393 1089 2425 bonis
1116 2403 1203 2434 opus
1230 2404 1296 2426 non
1323 2398 1415 2431 sunt,
1444 2397 1482 2425 iis
1509 2404 1574 2426 non
1602 2395 1746 2429 ‹ie-sunu
1774 2395 1881 2425 abesse
1898 2394 1999 2424 alicui

229 2446 314 2478 dixit
339 2446 461 2477 Cicero
494 2444 537 2474 de
563 2446 653 2474 Orat.
683 2445 712 2480 Ι,
739 2444 827 2483 {42-
855 2444 899 2474 de
925 2445 962 2474 N.
992 2445 1030 2474 D.
1059 2445 1105 2479 ΙΙ,
1133 2445 1208 2483 §37
1242 2448 1330 2476 ete.»
1373 2446 1516 2476 Mamm.
1567 2447 1731 2476 Putamus
1756 2447 1873 2476 tamen
1898 2445 1998 2475 etiam

230 2496 362 2528 habere
387 2503 456 2535 quo
482 2494 620 2524 delendi
647 2496 765 2533 possit.
816 2493 1107 2524 Einendationcin
1133 2494 1240 2525 obsint
1265 2496 1330 2525 iani
1357 2495 1557 2526 chsnerus
1583 2496 1614 2525 in
1642 2494 1755 2534 Eclog.
1785 2504 1816 2534 p.
1833 2493 1895 2525 362
1919 2502 1999 2534 pro-

231 2548 415 2587 posuerat.
450 2545 534 2575 item
561 2546 690 2574 tentata
726 2545 777 2574 est
813 2544 844 2574 in
871 2543 946 2574 cod.
976 2542 1090 2583 aliquo
1117 2544 1276 2580 Monuni,
1310 2545 1367 2584 qui
1398 2543 1522 2575 habet:
1561 2544 1666 2575 absint
1690 2554 1711 2575 α
1735 2544 1825 2575 bonis
1866 2562 1900 2567 —
1943 2543 1995 2575 43.

230 2597 256 2627 si
281 2597 353 2634 quis
377 2593 418 2623 Vl
445 2611 478 2615 -
511 2594 602 2632 apud
625 2602 675 2623 me
701 2592 834 2632 [minen]
860 2593 884 2623 O
916 2611 957 2615 —-
994 2593 1044 2624 44.
1073 2593 1174 2623 bonus
1200 2594 1234 2624 15¹
1262 2612 1296 2618 —-
1324 2596 1349 2625 si·
1375 2596 1447 2632 quis
1472 2595 1516 2625 C:
1544 2595 1570 2624 si
1594 2595 1649 2633 qui
1674 2595 1698 2624 Ο
1728 2612 1759 2616 -
1788 2595 1840 2625 45.
1866 2593 1997 2633 suppel-

230 2645 366 2676 lectile-m
388 2644 445 2675 AV
473 2661 508 2665 —
546 2644 709 2673 omisserit
734 2643 756 2673 Β
785 2660 818 2663 -
856 2651 957 2681 neque
980 2652 1044 2673 non¹
1069 2644 1094 2673 O
1121 2660 1154 2664 —
1183 2643 1337 2684 laudabo]
1363 2644 1445 2674 dubo
1471 2644 1492 2674 B
1521 2644 1551 2674 in
1578 2652 1645 2674 ras.
1675 2661 1709 2666 -
1749 2643 1800 2674 ⁴6.
1827 2652 1925 2682 quom
1950 2643 1993 2672 V:

231 2703 331 2734 quam
355 2697 403 2730 A,
440 2701 514 2723 cum
539 2693 561 2723 B
587 2695 621 2722 et
648 2693 672 2722 V
697 2700 773 2732 sup.
801 2691 858 2723 lin.
901 2709 934 2714 —
974 2693 1124 2731 patrium
1149 2690 1184 2723 13¹
1225 2710 1258 2714 —-
1304 2695 1353 2723 17.
1380 2694 1534 2724 Prienam
1566 2694 1589 2723 C
1628 2693 1710 2732 (sed
1737 2693 1761 2723 V
1781 2694 1993 2732 priennam):

229 2745 366 2776 Prienen
391 2743 415 2774 O
440 2761 481 2765 —
505 2744 658 2780 coepisset
683 2743 706 2773 C
733 2760 775 2764 —-
799 2742 894 2772 rebus
917 2751 1024 2773 secum
1049 2747 1259 2781 aspin-laren!
1284 2743 1308 2773 Ο
1347 2761 1381 2764 -
1423 2744 1473 2773 19.
1503 2743 1615 2780 inquid
1639 2741 1676 2773 Β1
1708 2759 1743 2765 -
1781 2744 1834 2774 Ἣ.
1861 2744 1888 2774 si
1912 2744 1998 2783 quod

230 2792 393 2832 Bentley:
420 2792 446 2822 si
463 2792 540 2830 quid
565 2792 588 2823 C
604 2793 641 2823 Ο.
685 2793 885 2822 Lectionein
910 2793 1038 2831 siquod
1068 2794 1135 2823 iam
1156 2793 1192 2823 ΙΙ.
1215 2792 1359 2823 Woltius
1385 2792 1709 2823 voiunienuaverat.
1732 2810 1764 2814 —
1792 2793 1844 2824 Ἦ..
1864 2794 1997 2832 ecquod

229 2847 354 2874 rectum
378 2842 480 2872 codd.
501 2842 614 2872 invius
641 2842 677 2879 Ο,
706 2844 775 2872 toto
801 2840 877 2872 loco
903 2843 953 2873 sic
979 2843 1159 2873 distincto:
1187 2843 1221 2872 sa·
1247 2844 1324 2881 qnid
1349 2846 1431 2872 recte
1452 2844 1488 2882 sit
1513 2845 1541 2872 e!
1564 2842 1693 2872 honeste
1713 2846 1742 2873 et
1765 2852 1839 2873 cum
1861 2844 1995 2881 virtute,

229 2894 263 2924 id
287 2893 362 2923 bene
383 2892 469 2931 fieri,
494 2900 570 2921 vere
594 2892 734 2927 dicitm·;
759 2896 800 2927 et,
828 2893 913 2930 quud
937 2897 1061 2923 rectum
1086 2895 1152 2923 etc.
1182 2894 1227 2930 (Si
1254 2893 1332 2931 quid
1356 2896 1440 2922 reste
1462 2893 1510 2931 sil,
1538 2892 1569 2921 id
1594 2891 1668 2922 bene
1683 2893 1755 2931 fieri
1771 2902 1846 2924 vere
1862 2894 1996 2930 dicitur?

229 2943 333 2982 iyitut·
356 2942 442 2981 quod
466 2945 589 2971 rectum
613 2945 657 2972 est
682 2944 748 2971 ete.
777 2942 812 2972 O.
836 2942 952 2980 ticine>
980 2960 1020 2964 —-
1045 2940 1097 2972 Ξῖ.
1125 2942 1289 2971 odiosiora
1317 2943 1359 2972 C·
1387 2941 1579 2971 obscuriora
1605 2942 1642 2978 O,
1670 2944 1705 2972 ut
1731 2943 1783 2972 est
1807 2942 1840 2973 in
1865 2943 1891 2972 V
1916 2951 1992 2983 sup.

229 2990 288 3022 lin.
315 3000 332 3022 a
359 3000 404 3022 m.
433 2992 565 3022 recenti
610 3009 639 3014 -
684 2992 799 3022 lentius
829 2994 873 3022 C:
908 2993 1095 3031 diliqentius
1119 2993 1343 3023 ltuhnkenius
1378 2995 1425 3029 gv.
1446 2989 1663 3021 Schneidew.
1692 2989 1809 3022 Pliilol.
1837 2992 1875 3028 V,
1898 2992 1993 3031 754),

231 3043 369 3078 tenuius,
394 3041 545 3077 ieiunius,
571 3040 671 3071 latius
695 3040 761 3075 alii,
789 3042 902 3080 possis
928 3043 1032 3073 etiam
1057 3042 1224 3079 subtilius,
1253 3050 1367 3081 neque
1393 3042 1510 3071 tamen
1536 3040 1674 3071 videtur
1697 3041 1890 3080 quidquam
1917 3050 1995 3072 mu-

232 3088 375 3120 tandum
401 3097 499 3126 esse,
532 3091 739 3130 praesertim
766 3092 923 3121 restituta
951 3090 1097 3122 lectione
1125 3092 1293 3123 librorum
1319 3092 1496 3120 odiosiora.
1545 3091 1598 3121 Ait
1630 3092 1722 3122 enim
1749 3092 1889 3122 Cicero:
1927 3091 1993 3122 Sed

232 3138 320 3168 haec
345 3138 453 3169 videri
479 3142 623 3179 possunt
648 3139 791 3170 auribus
818 3139 1016 3171 molestiora
1043 3141 1192 3180 (videtur
1215 3149 1306 3171 enim
1333 3140 1497 3170 odiosiora
1516 3140 1609 3170 idem
1627 3148 1706 3171 esse
1724 3141 1816 3180 quod
1837 3143 1994 3172 nostrum

236 3191 356 3217 «etwas
372 3188 609 3229 ωἱάειίυὰνιίῃ,
628 3190 863 3229 lanyzceiliyn),
891 3199 971 3221 cuni
998 3192 1099 3221 nimis
1125 3191 1217 3221 lente
1244 3192 1275 3220 et
1301 3197 1424 3230 parum
1444 3198 1578 3229 prosse,
1597 3192 1633 3220 ut
1653 3191 1686 3221 in
1706 3190 1993 3230 philosophorum

235 3235 469 3276 disputatione
494 3237 602 3276 solet,
635 3239 867 3279 disputantur.
917 3239 1000 3270 illud
1033 3243 1149 3271 tamen
1183 3241 1213 3271 in
1246 3242 1378 3270 incerto
1409 3239 1637 3279 relinquimus
1668 3249 1798 3272 verane
1823 3241 1866 3271 sit
1891 3238 1992 3271 lectio

237 3285 401 3317 odiosiora
425 3295 467 3318 an
492 3287 722 3320 scribendum
747 3289 915 3328 otiosior-a,
942 3290 962 3324 i,
982 3298 1014 3321 e.
1041 3298 1164 3331 parum
1191 3288 1295 3320 utilia.
1325 3306 1358 3310 —
1385 3289 1565 3321 inlustrata
1589 3290 1631 3322 C:
1659 3290 1857 3322 illustranda
1880 3289 1917 3321 Ο.
