2249 3624
760 152 856 193 cst.
888 153 976 193 vii.
1019 151 1079 206 §§
1118 150 1306 192 17-024.
1833 151 1906 191 591

156 261 224 302 Sic
258 259 366 300 enim
407 263 727 311 percontantur,
768 264 813 298 ut
848 264 911 298 est
947 260 987 298 in
1020 260 1164 299 Naevii
1204 263 1348 312 poetae
1388 258 1416 309 ’ὶ-
1439 257 1563 297 ludo:
1610 256 1916 310 respondentur

155 329 196 367 et
225 322 306 363 alia
338 327 378 360 et
408 320 487 360 hoc
518 320 559 359 in
594 321 761 372 primis:

322 384 719 423 proveniebant
758 390 989 423 oratores
1032 386 1173 430 novi,
1214 384 1364 424 stulti
1398 383 1802 422 adulescentuli.

155 446 384 487 Temeritas
417 452 478 484 est
511 445 705 485 videlicet
739 447 923 485 florentis
956 449 1123 491 aetatis,
1159 447 1380 498 prudentia
1413 446 1681 485 senescentis.

266 509 353 547 vll.
385 504 452 546 91.
484 508 535 546 At
568 508 764 547 memoria
798 509 1010 548 minuitur.
1059 508 1211 555 Credo,
1246 510 1325 548 nisi
1358 524 1446 548 eam
1481 522 1678 547 exerceas
1700 514 1770 547 aut
1792 509 1947 548 etiam-5

154 572 188 613 si
219 571 276 611 sis
308 576 454 610 natura
487 570 659 609 tardior.
720 571 1022 609 Themistocles
1056 572 1241 610 omnium
1274 571 1424 609 civium
1459 577 1702 623 perceperat
1726 572 1915 609 nomina:

153 646 251 673 num
284 632 409 685 igitur
441 632 620 671 censetis
653 646 768 677 eum.
811 646 902 671 cuni
936 639 1071 672 aetate
1106 634 1401 685 processisset,
1448 634 1518 686 qui
1554 632 1753 672 Aristides
1793 640 1916 679 esset,

152 694 446 749 Lysimachum
480 694 663 733 salutare
696 695 900 733 solitum?
948 696 1152 748 Equidem
1187 708 1270 734 non
1304 694 1426 733 modo
1458 708 1530 733 eos
1564 695 1673 740 novi,
1706 695 1775 747 qui
1810 701 1916 740 sunt,

152 757 224 797 sed
257 769 401 796 corum
435 763 570 810 patres
603 757 726 795 etiam
761 762 798 795 et
830 770 954 802 avos;
991 770 1065 796 nec
1087 758 1277 809 scpulcra
1302 757 1442 806 legens
1468 770 1626 803 vereor,
1651 757 1763 809 quod
1788 758 1916 804 aiunt,

152 832 203 859 ne
235 820 477 859 memoriam
512 819 705 872 perdam:
740 819 801 858 his
834 820 943 858 enim
978 819 1078 872 ipsis
1110 819 1296 868 legendis
1330 821 1369 858 in
1394 820 1634 858 memoriani
1659 819 1785 858 redeo
1809 834 1916 859 inor-
1936 828 1968 854 ¹0

151 886 331 921 tuorum.
394 882 475 920 Nec
509 895 604 920 vero
638 894 891 935 quemquam
926 895 1066 920 senem
1099 881 1239 920 audivi
1272 882 1468 927 oblitum,
1509 896 1591 935 quo
1626 883 1716 921 loco
1751 882 1917 922 thesau-

151 956 241 983 rum
274 943 495 983 obruisset.
559 944 707 983 Omnia
741 957 847 996 quae
880 950 1024 982 curant
1059 944 1359 989 meminerunt,
1406 944 1643 983 vadimonia
1681 946 1919 991 constituta,

154 1006 224 1059 qui
256 1005 349 1050 sibi,
383 1005 447 1044 cui
480 1006 558 1058 ipsi
593 1006 784 1045 debeant.
846 1004 911 1044 ³22.
946 1006 1053 1053 Quid
1080 1006 1180 1044 iuris
1209 1006 1405 1051 consulti,
1431 1007 1529 1058 quid
1557 1006 1793 1058 pontifices,
1818 1008 1918 1060 quid

152 1080 345 1121 augureS,
378 1068 479 1120 quid
514 1068 753 1121 philosophi
788 1070 942 1108 senes?
988 1081 1112 1120 quain
1146 1068 1275 1106 multa
1307 1069 1613 1107 meminerunt!
1660 1071 1828 1109 Manent
1861 1072 1921 1110 in-

152 1131 274 1184 genia
305 1131 488 1176 senibus,
521 1130 645 1170 modo
679 1137 921 1183 permaneat
952 1130 1134 1169 studium
1168 1135 1208 1168 et
1239 1129 1456 1176 industria,
1490 1144 1625 1182 neque
1649 1145 1695 1170 ea
1718 1134 1852 1172 solum
1881 1133 1972 1171 in⁴5

154 1193 274 1233 claris
308 1200 348 1232 et
379 1194 597 1232 honoratis
630 1193 742 1239 viris,
776 1194 847 1232 sed
881 1194 921 1232 in
956 1193 1037 1232 vita
1071 1193 1193 1232 etiam
1228 1193 1388 1244 privata
1421 1199 1459 1231 et
1484 1194 1638 1245 quieta.
1689 1194 1921 1247 Sophocles

152 1255 203 1295 ad
235 1268 436 1295 summam
470 1261 728 1295 senectutem
762 1255 994 1307 tragoedias
1029 1254 1148 1294 fecit:
1183 1256 1296 1307 quod
1323 1261 1491 1307 propter
1513 1256 1694 1295 studium
1719 1270 1811 1296 cum
1836 1271 1920 1297 rem

152 1317 374 1370 neglegere
407 1317 652 1357 familiarem
687 1317 914 1364 videretur,
947 1331 970 1356 a
1002 1316 1094 1356 filiis
1124 1319 1162 1356 in
1187 1318 1386 1356 iudicium
1411 1324 1582 1357 vocatus
1605 1324 1684 1364 cst,
1709 1325 1771 1364 ut,
1797 1333 1921 1371 quem

153 1380 204 1419 ad
245 1379 414 1419 modum
455 1387 598 1420 nostro
641 1393 754 1420 more
795 1380 901 1418 male
942 1393 1028 1419 rem
1070 1380 1312 1433 gerentibus
1352 1381 1535 1433 patribus
1577 1382 1696 1419 bonis
1729 1381 1920 1420 interdici

152 1442 282 1489 solet,
323 1443 382 1482 sic
424 1443 540 1482 illum
584 1443 702 1496 quasi
746 1442 1026 1494 desipientem
1069 1456 1091 1481 a
1133 1456 1176 1482 re
1216 1442 1407 1481 familiari
1446 1449 1711 1482 removerent
1747 1443 1972 1483 iudices.20

153 1505 256 1545 Tum
289 1519 419 1545 senex
452 1506 606 1544 dicitur
636 1519 726 1545 eam
759 1505 957 1551 fabulam,
991 1519 1115 1558 quam
1147 1506 1186 1544 in
1221 1505 1411 1544 manibus
1443 1505 1624 1544 habebat
1657 1512 1695 1544 et
1727 1506 1920 1558 proxime

153 1569 396 1620 scripserat,
439 1567 647 1620 Oedipum
682 1568 937 1614 Coloneum,
979 1569 1180 1607 recitasse
1211 1568 1422 1607 iudicibus
1454 1569 1781 1621 quaesisseque,
1824 1582 1920 1607 num

151 1630 252 1671 illud
287 1644 450 1671 carmen
484 1630 731 1682 desipientis
766 1629 989 1669 videretur.
1060 1630 1155 1677 Quo
1188 1632 1360 1670 recitato
1393 1631 1613 1670 sententiis
1646 1631 1829 1670 iudicum
1862 1636 1923 1670 est

152 1693 367 1733 liberatus.
429 1690 495 1731 23.
528 1694 634 1732 Num
668 1693 795 1745 igitur
826 1692 958 1738 hunc,
990 1706 1087 1731 num
1112 1692 1361 1739 Hesiodum,
1396 1693 1675 1739 Simonidem,
1710 1693 1922 1732 Stesicho-

152 1768 266 1801 rum,
307 1769 405 1795 num
448 1769 555 1809 quos
595 1761 692 1794 ante
734 1755 843 1800 dixi,
898 1756 1134 1801 Isocraten,
1177 1756 1382 1807 Gorgian,
1432 1769 1529 1795 num
1572 1755 1973 1808 philosophorum25

152 1818 389 1871 principes,
422 1818 724 1871 Pythagoram,
756 1818 1066 1864 Democritum,
1100 1831 1198 1856 num
1230 1818 1469 1864 Platonem,
1513 1831 1611 1857 num
1645 1818 1923 1863 Xenocraten,

152 1892 252 1920 num
296 1886 443 1933 postea
480 1882 719 1927 Zenonem,
763 1880 1006 1920 Cleanthem
1050 1886 1122 1919 aut
1164 1894 1283 1926 eum,
1327 1894 1450 1933 quem
1491 1894 1563 1920 vos
1601 1880 1726 1919 etiam
1760 1880 1923 1920 vidistis

152 1943 329 1991 Romae,
361 1944 588 1996 Diogenem
624 1944 806 1982 Stoicum
839 1943 974 1995 coegit
1005 1943 1045 1982 in
1079 1942 1165 1981 suis
1197 1942 1346 1982 studiis
1379 1942 1667 1982 obmutescere
1699 1945 1923 1983 senectus?

152 2017 205 2044 an
235 2005 277 2044 in
309 2006 503 2045 omnibus
534 2005 598 2045 his
630 2007 863 2045 studiorum
895 2006 1065 2057 agitatio
1097 2005 1206 2044 vitae
1238 2004 1427 2057 aequalis
1459 2004 1571 2044 suit?
1641 2002 1706 2044 24.
1739 2008 1848 2058 Age,
1880 2010 1926 2044 ut

152 2067 230 2107 ista
248 2066 400 2108 ‘divina
431 2068 571 2108 studia
602 2069 861 2114 omittamus,
893 2081 1063 2121 possum
1094 2067 1311 2106 nominare
1344 2080 1396 2106 ex
1427 2080 1527 2119 agro
1560 2067 1715 2107 Sabino
1747 2068 1975 2107 rusticos-”¹0

152 2129 385 2178 Romanos,
418 2131 578 2171 vicinos
611 2136 651 2170 et
681 2130 909 2170 familiares
942 2143 1080 2176 meos,
1113 2130 1266 2183 quibus
1298 2129 1545 2169 absentibus
1577 2143 1806 2183 numquam
1837 2129 1924 2169 fere

240 2335 270 2366 l.
294 2338 559 2374 percunctantur
583 2335 607 2366 R
635 2353 669 2358 —
704 2335 792 2366 ncuii
813 2337 931 2374 poetae
954 2334 1030 2365 ludo
1055 2335 1078 2366 B
1096 2336 1106 2366 I
1124 2335 1146 2366 R
1161 2336 1203 2366 S:
1243 2335 1332 2365 neuin·
1354 2335 1529 2374 posteriori
1554 2335 1753 2374 (posteriore
1777 2334 1818 2373 E)
1844 2335 1927 2366 libro

153 2383 233 2421 ΕΡ,
264 2384 383 2415 Naevii
406 2384 498 2415 Ludo
528 2385 552 2415 O
588 2385 695 2423 (Ludo
720 2385 825 2416 etiam
851 2384 1008 2416 Ribbeck
1033 2386 1173 2425 scripsit
1198 2385 1231 2415 in
1257 2385 1355 2415 Com.
1376 2385 1447 2415 Lat.
1476 2383 1537 2415 rel.
1569 2392 1602 2424 p.
1620 2384 1677 2423 44)
1716 2402 1750 2406 -—
1790 2385 1819 2416 3,
1845 2394 1929 2424 pro-

152 2434 325 2464 uenientur
349 2435 384 2471 P,
417 2434 480 2466 sed
504 2444 546 2464 ur
570 2434 724 2466 deletum
759 2451 793 2456 —
832 2435 910 2465 noui
932 2438 962 2465 et
985 2435 1075 2465 stulti
1102 2435 1156 2465 ΕΡ
1190 2451 1223 2456 -
1263 2434 1294 2464 5
1320 2434 1420 2464 etiarn
1446 2435 1494 2465 C:
1521 2442 1590 2464 om.
1612 2434 1636 2464 O
1670 2451 1704 2455 -—
1744 2435 1775 2465 6.
1802 2436 1928 2467 ciuium

153 2484 287 2514 nomina
309 2487 501 2523 perceperat
525 2484 570 2519 R,
594 2493 683 2524 perc.
703 2494 790 2516 nom.
810 2486 874 2516 cia.
902 2485 913 2515 I
948 2502 982 2507 *-
1017 2486 1068 2515 lO.
1089 2493 1127 2515 ne
1151 2492 1222 2515 om.
1243 2484 1265 2514 E
1280 2485 1357 2515 RV—
1386 2486 1418 2515 in
1443 2485 1603 2515 memoria
1628 2484 1652 2514 R
1681 2502 1714 2506 -
1744 2484 1795 2515 ll.
1820 2493 1928 2516 senem

153 2532 296 2564 BEIPS
320 2533 403 2573 (sed
428 2534 439 2564 1
464 2534 581 2564 audini
604 2535 749 2573 senem):
776 2544 890 2566 senum
914 2534 972 2565 Ro
1002 2551 1034 2555 —
1063 2535 1115 2564 4³2.
1143 2535 1319 2574 omniaque
1342 2544 1464 2565 curare
1487 2535 1511 2565 R
1535 2552 1578 2556 —-
1606 2536 1812 2566 meminerint
1837 2535 1860 2566 E
1889 2551 1924 2557 —

155 2583 205 2615 43.
232 2585 305 2625 quis
329 2585 352 2615 E
388 2601 430 2606 —
466 2585 544 2623 quid
568 2593 712 2624 augures
743 2593 813 2616 om.
840 2586 865 2615 R
904 2602 939 2606 —
980 2585 1031 2615 ⁴5.
1058 2584 1154 2615 modo
1179 2587 1284 2615 etiarn
1312 2586 1346 2622 P,
1380 2584 1443 2615 sed
1470 2585 1502 2615 in
1528 2593 1638 2624 marg.
1666 2592 1713 2615 m.
1740 2586 1759 2615 Ξ
1785 2585 1862 2615 dum
1891 2602 1922 2606 —

152 2641 255 2672 neque
279 2634 324 2664 C:
349 2642 408 2664 nec
432 2633 456 2664 O
485 2651 518 2654 —
545 2635 651 2665 solnm
667 2644 706 2665 ea
730 2636 740 2665 1
769 2652 805 2657 —
834 2635 885 2665 ⁴6.
907 2634 945 2675 et]
965 2644 1004 2666 ac
1028 2635 1054 2666 R
1081 2651 1115 2656 —
1144 2634 1327 2673 Sophocles]
1354 2634 1397 2665 cs.
1418 2634 1614 2666 Charisium
1639 2643 1673 2674 p.
1694 2635 1766 2668 245,
1787 2635 1804 2665 9
1831 2635 1867 2665 K.
1890 2651 1924 2656 —

155 2683 206 2714 ⁴7.
232 2684 426 2724 tragaedias
451 2682 485 2715 P¹
514 2701 549 2707 —
580 2689 718 2724 propter
742 2686 828 2724 quod
853 2685 875 2715 B
892 2685 914 2715 E
930 2686 976 2716 lS
1005 2702 1038 2706 ——
1072 2693 1142 2715 rem
1165 2685 1246 2720 fam.
1274 2685 1442 2724 neyleyere
1466 2684 1478 2714 1
1507 2702 1539 2705 —
1576 2685 1627 2715 49.
1653 2684 1838 2724 gerentibus
1860 2693 1929 2716 rem

153 2731 167 2762 l
192 2749 226 2754 —
254 2732 339 2764 bona
362 2734 514 2766 interdici
538 2735 639 2766 solent
664 2736 686 2765 Β
714 2737 749 2766 et
773 2744 813 2766 ex
840 2743 930 2766 corr.
958 2735 979 2765 S
1008 2753 1041 2756 —
1078 2735 1129 2765 21.
1160 2734 1246 2764 Tunc
1270 2743 1294 2764 s.
1321 2735 1443 2765 dic-itur
1468 2733 1573 2765 habet
1598 2735 1624 2765 R
1648 2735 1680 2766 in
1707 2743 1815 2775 marg.
1843 2744 1889 2766 m.
1911 2736 1922 2765 ⁴

157 2798 192 2804 —
218 2782 272 2813 22.
298 2784 472 2823 oedippum
496 2785 619 2816 Bias
655 2803 689 2807 —
728 2783 907 2816 Οἰδίπουν
931 2784 993 2816 ἐπὶ
1019 2783 1183 2826 Κολωνῷ
1217 2785 1396 2816 Charisius
1422 2783 1442 2815 l.
1464 2793 1494 2815 c.
1532 2801 1565 2807 —-
1605 2785 1715 2815 coleon
1740 2783 1777 2815 Ει
1805 2802 1839 2806 —-
1872 2784 1925 2816 23.

153 2830 311 2863 iudicium
335 2835 369 2870 Ρ,
398 2834 461 2865 sed
486 2837 497 2864 i
521 2838 601 2866 ante
626 2844 681 2866 um
707 2844 807 2866 erasa
837 2854 871 2857 —
898 2835 949 2867 324.
977 2835 1136 2866 liberatus
1159 2839 1202 2865 est
1227 2835 1318 2866 ΒΕΘ
1347 2853 1380 2857 -
1415 2834 1500 2864 hunc
1525 2835 1571 2865 C:
1598 2835 1696 2871 hunc,
1717 2843 1793 2864 num
1808 2834 1930 2865 Home-

152 2889 229 2912 rum
252 2882 276 2913 Ο
317 2901 350 2905 -
394 2885 539 2915 esiodum
564 2885 588 2915 C
625 2902 666 2907 —·
701 2885 895 2916 simonidem
926 2886 1121 2916 stecicorum
1157 2886 1386 2924 (stersicorum
1411 2885 1444 2921 l,
1476 2885 1664 2915 tersicorem
1689 2884 1733 2923 R)
1764 2885 1812 2916 C:
1850 2893 1930 2915 num

155 2930 374 2971 Simonidem,
400 2943 478 2964 num
503 2934 724 2965 Stesichorum
748 2936 794 2969 Ο;
831 2944 862 2965 v.
890 2934 1006 2965 Madv.
1034 2935 1160 2975 Opusc.
1188 2935 1234 2971 ll,
1254 2935 1315 2964 272
1351 2952 1393 2956 —
1428 2935 1480 2965 ¹25.
1508 2934 1674 2966 Isocraten
1698 2936 1744 2966 P:
1779 2937 1929 2965 socraten

154 2980 179 3011 B
195 2981 340 3020 EIRS,
373 2983 551 3014 Isocratem
575 2984 600 3014 O
638 3001 673 3005 —
711 2984 861 3024 Gorgian
885 2993 964 3015 num
990 2985 1183 3024 (90r9inam
1208 2985 1244 3015 ΕΙ
1270 2984 1345 3015 sine
1371 2985 1466 3021 num)
1491 2984 1659 3015 homerum
1684 2985 1731 3021 C}
1770 2984 1932 3024 Goryiam

156 3030 199 3067 03
224 3041 303 3063 num
317 3033 487 3064 homerum
512 3032 630 3064 delere
657 3041 763 3073 quam
789 3042 870 3064 cuin
896 3035 1023 3066 ceteris
1051 3038 1280 3073 transponere
1307 3033 1513 3065 maluimus:
1541 3044 1582 3065 ex
1599 3033 1675 3065 loco
1701 3035 1808 3070 enim,
1835 3033 1930 3074 quod

157 3088 288 3114 nomen
317 3084 350 3114 in
377 3083 481 3115 codd.
509 3082 662 3119 obtinet,
696 3086 845 3124 apparet
867 3083 911 3114 ab
938 3084 1079 3115 homine
1104 3085 1244 3115 curioso
1269 3084 1428 3115 additum
1453 3092 1542 3116 csse.
1580 3102 1614 3106 —
1651 3084 1702 3115 26.
1726 3087 1930 3124 pytagoram

159 3130 185 3161 C
210 3149 250 3153 —
276 3141 354 3163 num
378 3135 458 3164 ante
481 3133 564 3164 Ptat.
592 3142 662 3163 om.
683 3133 707 3163 R
734 3150 768 3154 —
796 3138 973 3165 exem-alen
998 3135 1035 3171 R,
1061 3134 1277 3164 Xenocratem
1302 3134 1348 3163 lO
1375 3151 1415 3155 —-
1440 3133 1491 3164 027.
1517 3134 1675 3164 cleantem
1701 3134 1724 3164 C
1754 3149 1787 3155 -
1816 3141 1930 3164 romae

158 3180 286 3212 uidistis
310 3183 350 3213 lS
377 3200 408 3205 ——
439 3182 491 3214 28.
518 3183 685 3222 dyoyenen
710 3182 734 3219 Ι,
761 3182 925 3222 droyenen
949 3183 1020 3219 Rs,
1048 3182 1181 3223 diogiae
1202 3183 1224 3213 li
1253 3199 1287 3204 —
1315 3181 1528 3213 obmutiscere
1552 3184 1575 3214 P
1596 3200 1629 3204 -
1657 3183 1709 3214 29.
1729 3183 1777 3213 tiis
1800 3191 1870 3213 om.
1891 3183 1926 3218 P,

160 3229 194 3260 in
218 3238 287 3270 quo
312 3230 452 3263 videtur
473 3233 531 3271 iis,
564 3231 659 3272 quod
683 3232 778 3263 haud
803 3233 876 3264 scio
901 3241 944 3264 an
968 3232 1244 3274 praeferendum
1271 3232 1332 3270 sit,
1364 3234 1443 3273 post
1475 3241 1512 3264 us
1541 3232 1774 3265 intercidisse.
1805 3250 1837 3254 —
1873 3231 1927 3262 30.

160 3280 270 3311 δικαία
293 3289 363 3313 om.
384 3282 407 3313 E
435 3300 470 3305 —
497 3282 549 3314 31.
575 3281 709 3322 vicinos]
735 3282 822 3314 ciues
845 3283 876 3314 S.
