2249 3624
224 140 307 182 452
827 141 898 181 DE
928 138 1154 182 DEORUM
1183 138 1399 179 NATURA

225 262 320 297 cur,
362 247 475 302 quod
518 248 561 287 in
601 248 681 287 ista
720 247 945 300 partitione
984 259 1036 286 ne
1068 259 1190 299 egere
1223 244 1395 299 quidem
1427 243 1616 284 oratione
1647 244 1851 295 dixisses,
1889 247 2002 300 quod

226 315 337 351 esset
365 311 630 364 perspicuum
663 315 703 349 et
733 310 842 349 inter
873 310 1005 349 omnis
1038 314 1265 356 constaret,
1300 307 1350 347 de
1374 321 1423 347 eo
1454 307 1546 361 ipso
1574 313 1657 348 tam
1679 308 1810 348 multa
1832 309 2002 351 dixeris.

225 373 334 422 Quia
364 379 404 413 te
436 385 630 427 quoque,
661 371 820 424 inquit,
853 371 1146 419 animadverti,
1180 371 1320 417 Cotta,
1353 382 1498 423 saepe,
1531 383 1624 409 cum
1647 371 1690 409 in
1712 370 1805 411 foro
1827 372 2003 417 diceres,

224 448 350 489 quam
381 435 573 489 plurimis
605 447 751 487 posses
782 434 1038 486 argumentis
1070 446 1244 473 onerare
1275 432 1475 480 iudicem,
1507 432 1542 472 si
1565 433 1691 472 modo
1714 446 1805 473 eam
1827 434 2004 475 faculta-

191 502 305 537 5tem
337 497 414 537 tibi
446 496 564 536 daret
595 509 732 536 causa.
783 497 918 549 Atque
949 496 1027 536 hoc
1059 496 1170 536 idem
1204 502 1243 536 et
1284 495 1526 549 philosophi
1557 495 1716 536 faciunt
1746 502 1786 537 et
1815 509 1916 551 ego,
1959 503 2005 538 ut

221 560 358 613 potui,
399 559 494 599 feci.
545 560 608 599 Tu
639 564 798 606 autem,
839 559 912 612 qui
943 558 984 598 id
1018 559 1207 612 quaeris,
1250 558 1444 598 similiter
1483 557 1587 598 facis
1624 571 1672 599 ac
1704 559 1738 599 si
1769 574 1835 600 me
1865 573 2003 613 roges,

223 636 296 662 cur
335 628 375 662 te
415 621 580 661 duobus
621 626 822 661 contuear
857 621 989 661 oculis
1022 627 1062 661 et
1092 634 1177 661 non
1209 619 1338 661 altero
1373 621 1610 669 coniveam‚
1650 635 1745 661 cum
1774 623 1886 662 idem
1917 635 2002 662 uno

222 684 399 738 adsequi
430 684 604 737 possim.
664 683 734 722 IV.
765 682 802 722 9.
836 684 940 722 Tum
977 683 1118 731 Cotta,
1163 684 1296 733 Quam
1335 684 1470 724 simile
1501 683 1613 724 istud
1647 685 1722 733 sit,
1761 686 1921 739 inquit,
1958 690 2004 724 tu

220 746 389 786 videris.
449 748 554 786 Nam
598 758 675 798 ego
713 759 851 799 neque
889 747 932 785 in
964 748 1121 795 causis,
1163 747 1197 787 si
1230 746 1333 800 quid
1365 752 1427 786 est
1458 746 1652 795 evidens,
1695 747 1746 787 de
1779 761 1864 802 quo
1896 749 2005 788 inter

173 809 358 849 momnis
403 808 646 856 conveniat,
686 809 967 862 argumentari
1007 810 1145 850 soleo:
1185 809 1462 863 perspicuitas
1495 810 1605 849 enim
1637 811 2004 864 argumentatione

223 872 432 912 elevatur:
474 885 574 919 nec,
607 871 640 910 si
672 870 716 910 id
747 871 928 911 facerem
960 872 1002 911 in
1035 873 1170 912 causis
1202 871 1462 919 forensibus,
1495 872 1606 911 idem
1639 871 1819 913 facerem
1851 873 1895 912 in
1925 872 2005 912 hac

222 933 449 976 subtilitate
481 935 701 975 sermonis.
753 934 837 975 Cur
868 935 1084 975 coniveres
1116 940 1255 975 autem
1288 934 1418 974 altero
1448 934 1591 981 oculo,
1626 948 1750 975 causa
1770 949 1856 976 non
1881 940 2005 983 esset,

222 1010 315 1037 cum
346 997 459 1037 idem
491 997 660 1037 obtutus
693 1002 804 1037 esset
833 998 1053 1038 amborum
1077 1002 1117 1037 et
1147 1011 1241 1038 cum
1262 1010 1402 1037 rerum
1425 1003 1592 1045 natura,
1624 1011 1750 1051 quam
1771 1004 1817 1039 tu
1839 999 2006 1052 sapien-

221 1065 305 1100 tem
338 1073 430 1100 esse
462 1059 544 1108 vis,
577 1060 660 1100 duo
692 1059 850 1100 lumina
880 1061 931 1100 ab
964 1061 1102 1100 animo
1136 1059 1188 1100 ad
1220 1060 1366 1100 oculos
1398 1059 1610 1113 perforata
1641 1074 1716 1101 nos
1747 1059 1905 1101 habere
1933 1074 2005 1101 vo-

172 1130 208 1159 ⁴5
224 1121 381 1163 luisset.
435 1121 517 1162 Sed
549 1122 647 1176 quia
668 1135 754 1162 non
776 1120 1015 1163 confidebas
1037 1128 1121 1163 tam
1145 1136 1237 1163 esse
1259 1122 1302 1161 id
1324 1123 1612 1176 perspicuum,
1645 1137 1769 1177 quam
1791 1129 1837 1164 tu
1858 1124 2004 1172 velles,

223 1191 445 1240 propterea
474 1185 618 1225 multis
651 1186 906 1239 argumentis
939 1186 1040 1225 deos
1073 1199 1164 1226 esse
1197 1185 1349 1226 docere
1380 1186 1565 1226 voluisti.
1614 1187 1717 1226 Mihi
1741 1187 1851 1226 enim
1873 1200 2005 1227 unum

222 1254 286 1289 sat
326 1254 430 1296 erat,
471 1247 528 1288 ita
570 1248 692 1288 nobis
723 1248 905 1288 maiores
936 1254 1101 1288 nostros
1133 1248 1382 1297 tradidisse;
1426 1249 1500 1289 sed
1531 1254 1575 1289 tu
1606 1249 1875 1290 auctoritates
1907 1263 2006 1290 con-

222 1311 396 1358 temnis,
436 1311 596 1350 ratione
638 1324 814 1364 pugnas.
874 1307 941 1350 210.
974 1312 1120 1351 Patere
1150 1311 1280 1364 igitur
1311 1312 1515 1352 rationem
1545 1325 1680 1353 meam
1712 1326 1807 1353 cum
1837 1318 1909 1353 tua
1939 1326 2006 1353 ra-

222 1374 336 1414 tione
375 1373 644 1414 contendere.
702 1373 850 1413 Adfers
890 1373 995 1414 haec
1027 1374 1165 1414 omnia
1201 1381 1467 1427 argumenta,
1511 1389 1584 1415 cur
1615 1374 1657 1414 di
1689 1375 1792 1424 sint,
1831 1389 2005 1431 remque

173 1442 209 1472 ΞΟ
224 1449 316 1477 mea
345 1437 552 1477 sententia
582 1437 754 1476 minime
778 1433 946 1476 dubiam
968 1438 1296 1491 argumentando
1319 1437 1489 1477 dubiam
1511 1437 1627 1478 facis.
1673 1439 1870 1479 Mandavi
1893 1440 2004 1480 enim

223 1499 449 1539 memoriae
480 1512 564 1538 non
594 1512 815 1539 numerum
848 1499 1003 1547 solum,
1045 1499 1118 1539 sed
1157 1500 1281 1539 etiam
1319 1501 1510 1540 ordinem
1547 1507 1884 1554 argumentorum
1913 1507 2007 1542 tuo-

222 1575 328 1602 rum.
378 1562 561 1601 Primum
601 1561 702 1609 fuit,
744 1575 837 1602 cum
881 1562 1041 1602 caelum
1074 1563 1434 1616 suspexissemus,
1477 1563 1616 1603 statim
1647 1577 1725 1604 nos
1757 1564 2005 1618 intellegere

225 1638 316 1666 esse
349 1624 525 1678 aliquod
555 1638 733 1673 numen,
767 1639 851 1679 quo
882 1624 986 1665 haec
1017 1631 1228 1678 regantur.
1287 1626 1352 1665 Ex
1381 1625 1463 1665 hoc
1493 1625 1597 1666 illud
1631 1627 1756 1666 etiam

393 1687 588 1741 Aspice
619 1686 714 1727 hoc
746 1687 1022 1728 sublimen
1055 1688 1312 1735 candens,
1355 1701 1507 1741 quem
1547 1688 1801 1730 invocant
1831 1702 2004 1730 omnes

173 1758 210 1788 25
1240 1750 1444 1790 Iovem:

225 1810 291 1854 Η.
325 1812 444 1866 quasi
476 1824 575 1852 vero
609 1812 830 1866 quisquam
862 1819 1051 1853 nostrum
1082 1814 1209 1854 istum
1240 1814 1379 1868 potius
1403 1827 1528 1867 quam
1554 1813 1834 1868 Capitolinum
1862 1814 2004 1855 Iovem

224 1876 410 1930 appellet
440 1881 511 1916 aut
547 1875 627 1915 hoc
658 1876 926 1928 perspicuum
959 1876 1013 1916 sit
1044 1882 1293 1930 constetque
1325 1876 1434 1916 inter
1466 1877 1621 1924 omnis,
1661 1889 1732 1916 eos
1764 1889 1856 1916 esse
1887 1876 2005 1924 deos,

225 1953 332 1993 quos
370 1938 444 1978 tibi
475 1938 661 1978 Velleius
693 1938 898 1992 multique
938 1944 1157 1992 praeterea
1187 1953 1239 1979 ne
1272 1939 1496 1979 animantis
1529 1939 1700 1993 quidem
1732 1953 1824 1980 esse
1857 1953 2006 1980 conce-

225 2002 336 2043 dant.
396 2002 530 2042 Grave
572 2001 695 2041 etiam
729 2008 1020 2054 argumentum
1051 2002 1124 2042 tibi
1158 2001 1400 2050 videbatur,
1433 2002 1549 2055 quod
1583 2002 1728 2056 opinio
1762 2001 1813 2042 de
1847 2001 1908 2043 dis
1942 2002 2006 2042 in-

315 2227 346 2258 ⁴.
366 2226 452 2266 quod
469 2225 500 2256 in
517 2225 579 2256 issa
592 2225 773 2264 partitione
790 2224 1032 2257 Heindorfius:
1057 2226 1143 2265 quod
1157 2226 1368 2266 perspicuum
1385 2226 1416 2257 ιή
1437 2226 1531 2257 istam
1546 2230 1679 2267 partem
1697 2224 1744 2258 ³21:
1773 2228 1829 2268 qai
1845 2227 1879 2258 id
1895 2227 1929 2258 in
1945 2227 2009 2259 ista

220 2278 402 2319 partitione
425 2277 563 2308 Mosero
589 2278 731 2308 auctore
750 2277 774 2307 O
795 2294 828 2299 -
850 2277 935 2316 quod
951 2280 1029 2307 esset
1043 2278 1254 2317 perspicuum
1272 2276 1295 2307 B
1313 2276 1371 2306 W:
1400 2277 1486 2315 quod
1503 2280 1547 2307 est
1560 2277 1773 2316 perspicuum
1788 2279 1815 2308 A
1829 2274 1871 2306 W
1887 2287 1894 2315 ;
1922 2278 2008 2317 quod

222 2330 252 2358 et
265 2327 474 2366 perspicuum
493 2327 517 2358 C
532 2327 576 2358 E:
605 2327 690 2366 quod
707 2330 735 2357 et
750 2328 961 2366 perspicuum
979 2330 1056 2358 esset
1072 2327 1265 2367 Madvig—
1287 2327 1316 2357 Ξ.
1337 2326 1464 2357 dixeris
1487 2329 1555 2357 tam
1573 2326 1677 2357 multa
1694 2327 1718 2357 P
1739 2344 1775 2348 —
1796 2326 1827 2357 3.
1854 2330 1884 2358 le
1900 2327 2009 2366 inquit

223 2385 350 2416 quoque
367 2378 390 2408 P
403 2394 436 2399 —
458 2377 572 2416 inquid
589 2379 615 2408 A
632 2394 667 2398 —
686 2376 716 2408 4.
734 2377 837 2416 possis
854 2380 878 2408 Α
894 2377 917 2407 Β
935 2377 958 2408 C
975 2376 998 2407 E
1015 2375 1090 2407 Px*
1103 2394 1138 2399 —
1159 2377 1189 2408 6.
1211 2378 1265 2417 qui
1284 2375 1325 2417 id]
1346 2377 1433 2414 quod
1451 2374 1479 2408 Ἥ
1496 2393 1530 2397 -
1552 2376 1582 2406 7.
1602 2376 1773 2407 conte-eam
1790 2376 2004 2417 Madvigius:

222 2430 383 2458 contuear
406 2425 484 2459 (ΗΟ.
514 2429 644 2459 «prave
669 2428 841 2467 repetitur
865 2429 1048 2464 confflem-3
1075 2435 1182 2468 prave
1209 2436 1271 2457 non
1297 2426 1402 2457 altero
1421 2426 1548 2457 dic-itur
1571 2434 1636 2467 pro
1662 2435 1725 2456 non
1745 2435 1808 2457 uno
1827 2428 2006 2466 (tantum);

223 2485 332 2518 prave
358 2478 512 2508 variatur
537 2477 640 2509 allero
657 2495 675 2499 -
691 2486 756 2507 uno
781 2478 813 2508 in
840 2476 966 2508 eadem
992 2476 1256 2516 significatione.
1295 2477 1366 2508 Nec
1392 2477 1507 2508 minus
1533 2475 1718 2508 manifesta
1743 2476 1908 2507 orationis
1926 2477 2007 2507 vitia

223 2529 258 2559 in
282 2528 340 2560 iis.
369 2536 459 2568 quae
484 2528 536 2558 his
561 2525 664 2568 paulo
690 2529 768 2568 post
796 2526 826 2566 (g
845 2526 870 2565 9,
899 2526 1134 2566 respondent.
1164 2526 1230 2558 Cur
1253 2530 1444 2558 contum-ere
1470 2530 1579 2557 aulem
1605 2526 1709 2557 altero
1735 2526 1846 2559 oculo:
1874 2535 1955 2557 nam
1974 2528 2008 2558 et

222 2576 271 2608 ibi
301 2577 406 2608 allero
429 2578 552 2608 vitiose
584 2585 645 2617 pro
670 2585 735 2607 uno
761 2576 839 2615 suno
863 2577 1005 2617 tantum)
1031 2579 1172 2618 ponitur
1197 2580 1230 2609 et
1263 2587 1371 2619 prave
1397 2581 1586 2608 contuerere
1610 2577 1704 2608 initio
1733 2577 1884 2617 ponitur,
1911 2585 2006 2616 cum,

223 2627 259 2658 in
282 2626 349 2658 hac
374 2627 563 2667 scriptura.
591 2626 729 2667 pondus
755 2626 952 2658 sententiae
979 2628 1021 2658 sit
1046 2630 1079 2658 in
1105 2628 1221 2659 altero.
1248 2631 1360 2668 Atque
1388 2628 1454 2659 hoc
1472 2628 1666 2668 posteriore
1685 2626 1761 2658 loco
1778 2635 1898 2658 veram
1918 2628 2008 2658 scri-

223 2678 365 2716 pturam
391 2677 512 2717 optimi
537 2676 678 2708 codices
712 2685 823 2717 paene
850 2677 1023 2717 integram
1049 2681 1253 2711 servarunt,
1290 2679 1349 2717 qui
1374 2677 1507 2708 habent
1531 2681 1715 2715 contu·ere.5‚
1741 2677 1809 2708 hoc
1833 2679 1906 2708 est:
1942 2677 2009 2709 Cur

225 2727 392 2758 contueres
416 2730 527 2758 autem
551 2727 656 2759 altero
681 2728 792 2766 ocula,
819 2736 921 2758 causa
947 2737 1009 2759 non
1037 2732 1114 2758 essee
1139 2728 1211 2767 [das
1234 2728 1304 2758 eine
1319 2728 1410 2768 Auge
1425 2736 1466 2757 :u
1487 2727 1668 2765 schliessen,
1687 2727 1802 2758 warde
1817 2726 1909 2757 keine
1928 2727 2009 2758 Γεν-

225 2776 409 2817 anlassuny
433 2777 475 2807 da
499 2776 593 2817 sein).
620 2778 741 2817 Itaque
768 2777 873 2808 etiam
898 2778 1013 2818 priore
1039 2775 1115 2808 loco
1141 2776 1370 2810 scribendum
1397 2779 1448 2809 est
1466 2778 1597 2817 optima
1623 2777 1777 2807 oratione
1805 2778 1837 2807 et
1863 2778 2008 2808 senten-

225 2825 292 2856 tia:
327 2834 386 2856 cur
416 2829 444 2857 {e
476 2826 602 2858 duobus
632 2831 791 2858 contuear
815 2826 917 2858 oculis
940 2831 968 2858 et
997 2836 1060 2857 raon
1087 2827 1192 2859 altero
1217 2827 1405 2864 coniveant,
1438 2835 1509 2857 cum
1536 2827 1619 2858 idem
1643 2836 1708 2858 uno
1733 2826 1867 2865 adsequi
1886 2826 2010 2866 possim

225 2874 308 2915 (und
340 2875 426 2905 nic-ht
450 2876 509 2906 das
531 2877 601 2907 eine
624 2876 788 2915 schliesse,
822 2877 865 2907 da
889 2877 938 2907 ich
965 2877 1024 2907 mit
1047 2878 1149 2908 einem
1174 2877 1321 2917 einzt'yen
1348 2876 1491 2907 dasselbe
1514 2876 1697 2908 ausrichten
1729 2876 1843 2916 kann).
1880 2876 2008 2908 Notum

226 2926 280 2956 est
311 2932 416 2964 quam
449 2924 639 2957 obnoxium
671 2925 895 2957 librariorum
930 2925 1109 2958 erroribus
1142 2926 1242 2958 fuerit
1276 2927 1445 2957 comit-endi
1469 2925 1641 2964 verbum,
1680 2926 1713 2957 in
1738 2934 1808 2966 quo
1833 2925 2008 2958 offensum

227 2975 334 3006 etiam
367 2976 418 3005 est
444 2983 460 3005 a
487 2975 728 3016 compluribus
752 2977 781 3007 ΙΙ
812 2975 829 3016 g
856 2976 929 3008 443.
963 2975 1034 3007 Alia
1062 2975 1221 3017 exempla
1247 2979 1327 3008 sunt
1359 2978 1392 3008 in
1417 2986 1467 3008 or.
1494 2977 1522 3008 11
1546 2977 1580 3008 in
1606 2975 1704 3008 Catil.
1732 2976 1750 3017 g
1775 2977 1828 3008 Ξῖ.
1862 2976 1906 3008 de
1931 2975 2007 3017 lege

228 3032 301 3065 agr.
328 3025 356 3055 11
382 3023 400 3064 S
426 3025 478 3055 77.
506 3024 549 3056 de
575 3026 717 3066 harusp.
744 3034 841 3067 resp.
869 3026 886 3066 ,ξ
913 3026 952 3057 38
979 3028 1012 3057 et
1038 3027 1113 3057 52.»
1143 3043 1177 3049 —
1207 3027 1258 3058 40.
1286 3028 1515 3068 argumentari
1541 3035 1631 3058 corr.
1653 3035 1694 3058 ex
1715 3027 2009 3067 aryumentarisv

230 3091 267 3098 —
295 3075 346 3105 Η.
373 3074 505 3105 leuatur
529 3075 551 3105 B
567 3074 594 3104 V
621 3084 720 3108 «corr.
741 3084 782 3107 ex
800 3076 950 3107 eleualur
966 3076 1005 3115 V)
1025 3093 1060 3098 —
1090 3077 1141 3108 42.
1170 3078 1337 3109 corziueres
1361 3077 1576 3118 Madvigius:
1603 3080 1772 3109 contueres
1794 3080 1820 3108 A
1834 3077 1858 3108 B
1874 3077 1898 3108 C
1913 3078 1936 3109 P
1952 3076 2004 3113 V¹;

227 3124 430 3155 conluereris
452 3123 554 3155 Ew:
582 3128 772 3157 contum-ere
794 3127 830 3157 O.
857 3126 944 3157 Vide
970 3126 1012 3157 ad
1038 3135 1070 3157 v.
1091 3127 1122 3158 7.
1144 3144 1179 3149 —
1208 3126 1259 3158 ⁴3.
1286 3136 1350 3159 esse
1374 3128 1414 3158 W
1436 3145 1471 3150 -
1500 3129 1552 3160 45.
1578 3128 1674 3159 velles
1699 3127 1901 3159 Ernestius:
1927 3125 2008 3157 uelis

229 3171 297 3205 ⁵210
325 3189 360 3195 -
399 3173 452 3204 46.
479 3181 581 3204 unum
606 3182 676 3205 om.
704 3176 726 3206 P
759 3192 795 3197 —
835 3176 886 3206 Π.
912 3179 964 3207 sat
995 3174 1046 3208 ³21:
1075 3176 1154 3207 satis
1178 3177 1203 3208 O
1233 3193 1269 3198 —
1309 3179 1448 3210 maioris
1470 3178 1590 3210 ΑΒΥ1
1616 3195 1652 3200 -
1690 3178 1889 3216 contempnis
1912 3175 1941 3206 V
1967 3192 2003 3197 —

229 3224 282 3255 48.
309 3232 383 3254 cum
416 3231 506 3254 corr.
535 3231 575 3255 ex
607 3232 709 3263 quum
738 3225 785 3262 V3
821 3234 923 3264 quam
952 3229 976 3258 P
1006 3245 1050 3249 —
1081 3227 1132 3258 49.
1159 3230 1386 3268 contempnere
1410 3231 1433 3261 P
1468 3246 1503 3252 —
1535 3229 1588 3260 ΞΟ.
1615 3227 1876 3269 ανριιηιεηιαηάε
1900 3224 1942 3256 V¹
1967 3241 2003 3248 —-

229 3271 284 3305 24.
302 3271 439 3305 sublime
455 3270 484 3305 Ἡ
498 3272 536 3304 O.
563 3272 650 3305 Vide
667 3273 712 3305 ad
728 3283 762 3316 p.
782 3275 858 3315 403,
879 3276 909 3308 3.
924 3292 959 3298 -
979 3277 1098 3310 cadens
1114 3280 1141 3309 Α
1156 3277 1183 3308 V
1202 3280 1234 3318 (n
1250 3280 1330 3310 ante
1347 3278 1368 3310 d
1383 3286 1562 3319 superscr.
1580 3279 1619 3319 A)
1639 3294 1675 3300 —
1696 3278 1749 3309 29.
1766 3284 1906 3318 grauem
1921 3275 2001 3307 AV¹.
