2249 3624
15 2648 18 2705 Ι

618 138 706 178 Lm.
737 137 766 176 I.
809 135 907 176 CAP.
937 134 1220 176 xlv—xvi.
1261 131 1320 186 §§
1351 130 1544 172 ,Εἰ-52.
1916 121 1970 165 89

207 259 318 294 metu
350 252 482 294 omnis
513 251 680 306 quietae
711 251 818 290 vitae
850 255 980 289 status
1014 247 1279 302 perturbatur
1311 252 1349 286 et
1383 251 1427 285 ut
1455 244 1723 285 succumbere
1757 243 1969 283 doloribus

209 331 365 371 eosque
397 315 542 356 humili
574 315 712 354 animo
745 312 1039 365 imbecilloque
1072 310 1177 350 ferre
1209 309 1406 348 miserum
1440 314 1522 355 cst,
1562 308 1614 347 ob
1647 320 1822 360 eamque
1856 306 1972 345 debi-

208 380 365 420 litatem
396 379 521 419 animi
554 378 671 418 multi
705 384 919 432 parentes,
954 375 1068 414 multi
1100 375 1282 419 amicos,
1315 371 1521 411 nonnulli
1549 371 1746 424 patriam,
1780 370 1971 423 plerique

208 448 344 482 autem
383 455 426 480 se
468 441 581 493 ipsos
622 441 787 493 penitus
820 438 1112 492 perdiderunt,
1160 437 1219 475 sic
1262 434 1454 474 robustus
1496 434 1659 474 animus
1698 439 1738 473 et
1778 432 1971 471 excelsus

208 505 319 544 omni
355 510 416 543 est
462 504 567 542 liber
607 516 704 542 cura
743 509 783 542 et
821 515 998 553 angore,
1051 514 1142 539 cuin
1186 504 1225 538 et
1267 504 1440 537 mortem
1484 496 1733 542 contemnit,
1777 508 1860 549 qua
1901 494 2004 547 qui5

207 567 340 606 affecti
376 572 489 613 sunt,
532 566 572 604 in
606 566 749 604 eadem
782 578 905 603 causa
948 568 1044 602 sunt
1083 575 1166 615 qua
1205 568 1302 600 ante
1335 572 1459 612 quain
1491 559 1598 606 nati,
1640 564 1679 598 et
1719 558 1771 598 ad
1804 556 1971 596 dolores

208 630 261 669 ita
292 634 458 680 paratus
490 634 568 674 est,
601 634 644 666 ut
677 627 911 666 meminerit
944 625 1147 663 maximos
1179 629 1310 663 morte
1333 621 1464 669 liniri,
1498 635 1646 675 parvos
1669 621 1795 661 multa
1818 619 1972 659 habere

209 689 423 732 intervalla
454 690 672 743 requietis,
706 689 978 728 mediocrium
1002 701 1075 726 nos
1099 700 1189 725 esse
1213 685 1418 730 dominos,
1452 691 1516 731 ut,
1549 685 1581 724 si
1611 683 1850 724 tolerabiles
1877 683 1972 728 sint,

207 754 406 798 seramus,
438 753 471 792 si
504 753 661 798 minus,
693 753 831 791 animo
864 763 997 801 aequo
1031 764 1051 787 c.
1087 750 1190 794 vita,
1223 761 1314 786 cum
1348 760 1394 786 ea
1427 761 1508 786 non
1543 748 1726 800 placeat,
1760 751 1969 797 tamquam

206 829 227 856 e
258 815 416 855 theatro
448 828 666 854 exeamus:
699 814 852 867 quibus
884 812 1007 851 rebus
1039 810 1295 861 intellegitur
1326 823 1403 848 nee
1441 809 1706 848 timiditatem
1747 808 2024 861 ignaviam-io

206 892 287 932 que
318 878 543 930 vituperari
577 890 651 916 nec
681 876 967 916 fortitudinem
1009 874 1338 927 patientiamque
1370 873 1528 912 laudari
1561 887 1635 912 suo
1667 872 1860 918 nomine,
1900 870 1974 910 sed

206 941 297 980 illas
330 940 447 985 reici,
479 940 576 992 quia
609 939 795 978 dolorem
827 939 1008 990 pariant,
1040 937 1114 975 has
1147 936 1301 987 optari,
1335 936 1432 989 quia
1465 936 1735 988 voluptatem.

316 1001 424 1041 xvl.
457 999 522 1039 50.
556 1001 715 1040 lustitia
746 1006 893 1047 restat,
926 1007 969 1040 ut
1002 1000 1052 1039 de
1086 999 1199 1038 omni
1232 998 1382 1037 virtute
1415 999 1464 1037 sit
1498 999 1676 1045 dictum;
1718 999 1789 1037 sed
1822 998 1974 1038 similia

205 1065 291 1104 fere
324 1063 403 1103 dici
435 1069 624 1116 possunt.
674 1064 720 1102 Ut
753 1063 862 1102 enim
896 1062 1164 1115 sapientiam,
1208 1061 1545 1113 temperantiam,
1584 1060 1871 1100 fortitudinem
1905 1073 1974 1099 co-

207 1128 369 1181 pulatas
402 1140 492 1165 esse
527 1125 647 1165 docui
681 1140 772 1165 cuin
805 1125 1038 1178 voluptate,
1072 1130 1113 1163 ut
1145 1124 1195 1163 ab
1229 1136 1276 1162 ea
1307 1123 1424 1163 nullo
1456 1124 1580 1163 modo
1614 1137 1691 1163 nec
1723 1123 1866 1163 divelli
1898 1137 1974 1163 nec
1994 1129 2025 1156 ¹5

207 1190 378 1230 distrahi
422 1189 604 1242 possint,
645 1190 704 1228 sic
736 1189 786 1228 de
829 1189 985 1228 iustitia
1017 1185 1286 1226 indicandum
1320 1192 1403 1233 est,
1447 1199 1553 1238 quae
1586 1199 1669 1225 non
1702 1185 1825 1225 modo
1858 1200 1974 1226 num-

207 1266 331 1306 quam
373 1257 493 1290 nocet
535 1252 748 1304 cuiquam,
788 1251 859 1290 sed
902 1256 1043 1290 contra
1075 1262 1236 1301 semper
1267 1247 1427 1300 aliquid
1460 1252 1467 1267 ⁷
1498 1252 1511 1267 ‘⁷
1551 1262 1642 1287 cum
1674 1262 1748 1288 sua
1779 1250 1818 1288 vi
1851 1254 1974 1302 atque

205 1322 374 1359 natura,
407 1313 516 1365 quod
550 1314 790 1366 tranquillet
821 1314 1000 1359 animos,
1035 1318 1119 1351 tum
1145 1324 1239 1363 spe,
1272 1310 1374 1350 nihil
1397 1324 1538 1351 earum
1560 1324 1697 1350 rerum
1722 1310 1976 1357 defuturum,

205 1391 307 1431 quas
347 1383 493 1416 natura
526 1389 608 1414 non
641 1376 864 1428 depravata
896 1375 1117 1414 desideret.
1170 1375 1225 1412 Ec
1257 1387 1380 1426 quem
1412 1374 1462 1413 ad
1495 1374 1662 1414 modum
1695 1375 1905 1414 temeritas
1938 1379 1977 1412 et

205 1440 334 1479 libido
368 1445 408 1478 et
439 1438 604 1491 ignavia
636 1452 800 1490 semper
830 1438 1011 1477 animum
1044 1437 1284 1476 excruciant
1315 1443 1355 1476 et
1385 1451 1552 1490 semper
1578 1437 1805 1477 sollicitant
1835 1436 1975 1476 turbu-
1990 1442 2025 1470 ²20

206 1502 427 1554 lentaeque
460 1507 573 1547 sunt,
606 1501 664 1540 sic
698 1501 928 1552 improbitas
959 1501 993 1539 si
1015 1500 1134 1539 cuius
1156 1500 1198 1538 in
1221 1505 1357 1539 mente
1381 1501 1592 1548 consedit,
1624 1501 1703 1540 hoc
1726 1501 1831 1553 ipso,
1863 1500 1974 1553 quod

204 1564 343 1611 adest,
388 1564 626 1604 turbulenta
669 1571 752 1610 est;
799 1565 832 1603 si
874 1576 971 1603 vero
1014 1563 1158 1603 molita
1200 1563 1414 1616 quippiam
1456 1570 1536 1609 est,
1584 1564 1768 1616 quamvis
1814 1562 1975 1602 occulte

205 1627 373 1673 fecerit,
416 1639 642 1679 numquam
675 1634 810 1666 tamen
844 1625 884 1666 id
917 1623 1098 1665 confidet
1128 1625 1216 1665 fore
1250 1639 1416 1679 semper
1447 1626 1670 1666 occultum.
1724 1626 1974 1679 Plerumque

203 1689 485 1741 improborum
525 1688 632 1728 sacta
673 1689 806 1741 primo
847 1688 1030 1741 suspicio
1071 1688 1328 1741 insequitur,
1377 1688 1472 1728 dein
1509 1702 1645 1729 sermo
1687 1695 1812 1742 atque
1853 1687 1975 1735 fama,

204 1758 289 1790 tum
321 1757 561 1796 accusator,
594 1757 679 1789 tum
712 1751 864 1797 index3
906 1750 1022 1789 multi
1056 1751 1203 1796 etiam,
1246 1757 1289 1790 ut
1323 1758 1360 1790 te
1392 1752 1587 1798 consule,
1631 1753 1711 1804 ipsi
1743 1766 1786 1791 se
1819 1752 1975 1791 indica-
1990 1754 2026 1782 25

203 1820 364 1852 verunt.
425 1810 490 1851 51.
525 1813 645 1860 Quod
677 1814 710 1851 si
746 1814 818 1866 qui
851 1814 950 1853 satis
983 1813 1059 1852 sibi
1093 1820 1235 1853 contra
1265 1814 1481 1853 hominum
1511 1815 1808 1854 conscientiam
1841 1815 1975 1866 saepti

203 1888 293 1915 esse
333 1881 372 1914 et
411 1876 558 1914 muniti
591 1875 810 1922 xideniur,
853 1875 1025 1915 deorum
1068 1881 1204 1915 tamen
1237 1876 1410 1916 horrent
1442 1890 1598 1929 easque
1630 1877 1742 1929 ipsas
1775 1877 1976 1916 sollicitu-

204 1938 343 1983 dines,
375 1937 526 1990 quibus
560 1951 701 1977 eorum
734 1939 863 1978 animi
897 1945 1125 1992 noctesque
1158 1939 1334 1992 diesque
1368 1940 1628 1987 exeduntur,
1658 1953 1682 1979 a
1713 1938 1774 1979 dis
1807 1940 1976 1979 immor-

203 1999 355 2039 talibus
387 2000 579 2052 supplicii
612 2013 737 2039 causa
770 2001 982 2054 importari
1015 2007 1174 2052 putant.
1227 2000 1344 2048 Quae
1376 2007 1516 2041 autem
1550 2007 1663 2042 tanta
1690 2015 1743 2042 ex
1774 2003 1974 2055 improbis

203 2061 323 2101 factis
354 2062 404 2101 ad
436 2062 684 2102 minuendas
718 2063 824 2102 vitae
856 2063 1070 2103 molestias
1101 2064 1286 2103 accessio
1319 2069 1455 2116 potest
1487 2062 1601 2112 fieri,
1635 2070 1788 2118 quanta
1822 2065 1873 2104 ad
1903 2078 1974 2104 au-
1990 2070 2026 2098 30

202 2123 376 2175 gendas,
409 2137 501 2163 cuni
535 2124 787 2164 conscientia
818 2125 1037 2172 factorum,
1070 2132 1156 2165 tum
1189 2140 1322 2178 poena
1345 2127 1483 2178 legum
1506 2127 1691 2180 odioque
1714 2128 1893 2168 civium?
1926 2129 1976 2166 Et

203 2193 338 2226 tamen
371 2187 410 2226 in
444 2186 692 2239 quibusdam
726 2201 861 2240 neque
896 2188 1099 2239 pecuniae
1130 2189 1279 2228 modus
1303 2195 1364 2228 est
1386 2203 1524 2242 neque
1547 2190 1719 2229 honoris
1741 2203 1878 2242 neque
1901 2191 1976 2230 im-

202 2250 306 2301 perii
330 2262 404 2288 nec
426 2249 647 2288 libidinum
670 2263 746 2290 nec
770 2251 986 2303 epularum
1019 2264 1095 2289 nec
1126 2251 1386 2304 reliquarum
1410 2253 1700 2304 cupiditatum,
1735 2266 1838 2305 quas
1861 2253 1976 2293 nulla

202 2310 355 2363 praeda
377 2324 575 2364 umquam
607 2312 795 2365 improbe
828 2319 946 2365 parta
968 2314 1131 2360 minuit,
1163 2315 1226 2352 sed
1250 2315 1390 2366 potius
1412 2315 1654 2361 inflammat,
1687 2320 1731 2354 ut
1752 2315 1975 2355 coercendi

203 2374 333 2424 magis
357 2386 479 2425 quam
512 2373 743 2413 dedocendi
769 2388 860 2414 esse
884 2375 1117 2415 videantur.
1179 2374 1245 2416 552.
1280 2377 1432 2416 Invitat
1463 2378 1590 2429 igitur
1610 2390 1707 2416 vera
1737 2378 1842 2416 ratio
1868 2378 1974 2417 bene
1989 2382 2026 2411 35

202 2446 324 2473 sanos
346 2435 397 2474 ad
420 2435 638 2483 iustitiam,
661 2438 928 2491 aequitatem,
952 2438 1090 2478 fidem.
1137 2440 1283 2492 Neque
1306 2439 1467 2479 homini
1490 2439 1639 2479 infanti
1662 2445 1731 2480 aut
1754 2440 1973 2493 impotenti

289 2612 300 2641 t
345 2613 372 2641 et
397 2618 465 2640 0111,
487 2615 511 2644 Α
532 2627 566 2631 -
595 2611 625 2640 5
648 2609 770 2650 [quum]
790 2612 814 2641 O
834 2629 869 2634 --
895 2611 961 2651 qui}
984 2612 1062 2649 quia
1080 2610 1145 2642 A¹ss
1157 2612 1181 2642 E
1203 2630 1235 2634 —
1265 2612 1295 2643 8.
1317 2613 1516 2643 medicorum
1532 2613 1556 2643 B
1579 2630 1611 2634 —-
1633 2612 1662 2643 9.
1682 2613 1830 2652 seramus
1847 2623 1915 2646 om.
1936 2618 1973 2645 A·

203 2676 238 2681 —
257 2660 284 2689 si
308 2661 414 2691 minus
436 2663 461 2692 A
478 2662 499 2692 B
516 2662 557 2692 E:
585 2661 632 2690 sin
659 2661 765 2690 minus
789 2660 857 2691 ΜΟ
887 2679 920 2683 -
948 2662 1059 2691 animo
1084 2670 1189 2700 aequo
1214 2664 1239 2692 A
1254 2663 1299 2693 B:
1328 2670 1434 2700 aequo
1460 2663 1571 2692 animo
1597 2663 1627 2693 M
1644 2663 1668 2693 O
1690 2679 1724 2685 —
1755 2664 1805 2694 12.
1833 2664 1904 2694 illos
1929 2665 1972 2694 B:

202 2716 270 2738 om.
291 2709 315 2739 E
336 2727 368 2731 —-
396 2710 451 2741 hos
467 2712 490 2741 B
513 2728 545 2732 —
578 2710 626 2740 13.
652 2710 703 2749 sit]
728 2710 772 2740 sic
790 2710 828 2740 Αἱ
849 2728 882 2732 —
912 2710 963 2741 44.
989 2710 1069 2750 fere]
1096 2720 1171 2742 uere
1195 2712 1218 2742 B
1240 2729 1273 2733 —
1306 2712 1353 2742 16.
1375 2711 1430 2752 sic]
1457 2712 1512 2742 sed
1530 2713 1551 2742 B
1571 2714 1653 2749 (non
1672 2713 1749 2749 Es—
1779 2714 1829 2744 Π.
1849 2714 1976 2752 aliquid

201 2758 282 2788 AB:
310 2759 410 2789 allicit
428 2760 463 2790 O.
493 2761 651 2790 Lacunae
677 2760 813 2799 signum
840 2760 972 2799 primns
994 2760 1127 2792 addidit
1147 2761 1393 2801 Madvigius—
1421 2771 1481 2791 sua
1505 2762 1538 2791 ei
1555 2763 1600 2792 A:
1628 2762 1659 2792 in
1685 2771 1744 2793 sua
1764 2763 1840 2799 BE;
1868 2764 1898 2793 1-1·
1914 2773 1974 2793 sua

203 2807 268 2838 ΜΟ
286 2824 319 2828 -
343 2808 392 2838 49.
411 2809 451 2839 Et
469 2809 675 2841 Lambinus:
698 2818 766 2841 om.
787 2809 933 2840 codd.—
955 2812 1006 2841 21.
1028 2811 1219 2849 improbitas
1236 2812 1263 2841 si
1281 2810 1490 2850 Madvigius:
1517 2811 1681 2842 iniustitia
1698 2821 1778 2844 cum
1798 2813 1918 2844 Ursino
1937 2814 1973 2844 0:

203 2865 271 2888 om.
292 2858 435 2890 codd.—-
463 2860 513 2890 2⁴2.
534 2859 617 2890 turb.
637 2863 702 2890 est:
727 2861 752 2890 si
771 2862 958 2891 Gruterus:
987 2860 1073 2890 turb.
1095 2863 1123 2891 et
1147 2861 1173 2890 si
1198 2862 1223 2891 A
1238 2861 1260 2891 B
1279 2860 1322 2897 [33
1350 2860 1436 2890 turb.
1463 2870 1526 2891 non
1548 2864 1652 2899 potest
1673 2863 1746 2901 fieri
1769 2865 1799 2892 et
1822 2862 1848 2891 se·
1867 2861 1970 2892 codd.

203 2906 359 2947 plerique
389 2926 422 2930 —
448 2910 572 2939 mollita
598 2910 657 2940 BE
682 2927 723 2932 —-
756 2908 805 2940 24.
833 2910 904 2940 dein
931 2910 1008 2940 AB:
1040 2910 1153 2940 deinde
1178 2910 1246 2941 ΜΟ
1271 2927 1305 2932 -
1335 2911 1386 2941 25.
1414 2911 1600 2949 accusator]
1627 2915 1861 2942 accusatorum
1886 2913 1908 2943 B
1940 2929 1972 2933 -—

202 2958 302 2987 indes
326 2961 370 2988 A:
396 2958 495 2989 iudex
519 2959 626 2990 BMO
648 2975 682 2980 —
710 2960 939 2990 indicauerunt
964 2958 1021 2990 A'ss:
1050 2961 1257 2990 indicauerat
1282 2962 1337 2991 A1:
1367 2960 1600 2991 iudicauerunt
1624 2961 1648 2991 B
1664 2961 1688 2991 E
1716 2978 1750 2982 ——
1779 2961 1830 2992 ⁴26.
1857 2962 1883 2991 si
1908 2962 1975 3000 qui]

202 3008 292 3045 sequi
315 3008 338 3038 B
366 3024 401 3028 ——
434 3009 512 3038 satis
535 3017 604 3040 0111.
631 3010 654 3040 Β
682 3027 716 3030 -
750 3011 831 3040 satis
860 3010 1028 3040 hominum
1057 3010 1116 3040 situ·
1147 3013 1262 3040 contra
1294 3011 1526 3040 conscientiam
1549 3010 1653 3048 saepti
1680 3012 1761 3048 (om.
1788 3016 1817 3042 et
1842 3013 1969 3049 muniti)

203 3064 268 3087 esse
292 3058 318 3088 D
346 3074 379 3078 —
414 3058 465 3088 Ξῖ.
491 3062 518 3088 et
547 3067 615 3089 0111.
642 3059 666 3089 E
699 3077 734 3081 —
767 3060 818 3091 28.
845 3063 1014 3097 noctesque
1038 3060 1168 3100 diesque
1191 3059 1275 3090 Ati:
1312 3059 1441 3097 diesque
1465 3063 1635 3097 noctesque
1661 3060 1701 3090 B:
1743 3064 1850 3090 noctes
1873 3064 1972 3099 alque

203 3107 270 3137 dies
293 3115 373 3137 cum
393 3108 541 3138 Manutio
559 3108 583 3138 Ο
602 3125 637 3129 -
665 3117 684 3138 α
703 3108 760 3149 dis]
787 3110 830 3140 ad
852 3110 900 3139 his
917 3111 972 3142 ΑΗ
999 3119 1019 3140 α
1044 3111 1102 3148 dys
1127 3111 1170 3142 B:
1197 3118 1217 3139 a
1243 3109 1304 3139 citis
1327 3109 1406 3140 A²O
1428 3126 1461 3131 —
1489 3109 1541 3140 30.
1565 3112 1669 3148 potest
1690 3109 1764 3148 sieri
1788 3112 1814 3140 Α
1829 3110 1873 3141 B:
1900 3110 1974 3149 fieri

201 3160 303 3195 potest
329 3157 356 3186 M
373 3156 396 3186 O
424 3174 459 3178 —
486 3156 538 3187 3¹.
565 3158 680 3196 edique
703 3156 742 3189 ΑΙ
770 3176 803 3181 —
831 3159 883 3190 33.
910 3160 1016 3190 nullas
1040 3160 1062 3190 B
1084 3177 1118 3181 —
1145 3158 1197 3190 34.
1225 3158 1370 3197 improbe
1398 3167 1467 3189 om.
1488 3159 1512 3189 B
1533 3177 1568 3181 —
1595 3158 1723 3198 minuit]
1749 3159 1890 3189 imminit
1915 3159 1972 3190 BE

208 3223 241 3227 —
268 3206 321 3236 secl
349 3207 456 3243 potius
481 3215 561 3239 nos:
596 3209 704 3246 potius
728 3211 753 3240 A
770 3209 811 3242 B:
835 3210 944 3248 potius
968 3213 1066 3249 atque
1091 3208 1144 3239 alii
1177 3208 1302 3245 codd.;
1333 3209 1505 3250 potiusque
1535 3209 1748 3249 Madvigius;
1785 3210 1839 3240 sed
1874 3212 1972 3249 auqec

201 3256 309 3294 potius
332 3260 430 3297 atque
454 3256 478 3288 Ο
506 3274 540 3279 -
568 3256 621 3289 35.
647 3258 779 3291 docenda·
803 3259 827 3291 E
855 3277 889 3282 —
917 3260 969 3292 36.
998 3259 1131 3290 instanti
1156 3260 1178 3290 B
1207 3260 1286 3298 (non
1310 3259 1359 3299 E).
