2249 3624
534 121 622 161 Lm.
653 120 703 160 11.
744 118 841 160 CAP.
872 116 1215 158 XXIII—XXV.
1254 114 1314 169 §§
1345 113 1540 156 75—80.
1837 110 1852 153 ·Ι
1865 110 1915 151 19

167 240 376 276 rectumne
407 236 472 275 sit.
514 233 612 274 Mihi
645 233 812 286 quidem
844 245 916 272 eae
948 243 1067 271 verae
1088 230 1279 270 videntur
1302 229 1540 283 opiniones,
1573 241 1679 282 quae
1700 228 1918 276 honestae,

169 311 276 352 quae
306 296 556 343 laudabiles,
599 309 703 350 quae
734 295 960 348 gloriosae,
1001 307 1108 347 quae
1142 293 1183 332 in
1216 298 1382 339 senatu,
1425 304 1531 344 quae
1562 290 1671 343 apud
1703 290 1918 344 populum,

169 374 277 414 quae
308 359 347 399 in
378 359 489 400 omni
521 365 642 398 coetu
672 358 932 410 coru-ilioque
964 354 1217 409 profitendae
1249 356 1352 401 sint,
1385 368 1435 393 ne
1468 354 1507 394 id
1539 366 1622 393 non
1651 353 1805 406 pudeat
1825 366 1917 392 sen-

171 425 264 470 tire,
295 421 403 475 quod
434 422 588 474 pudeat
618 421 766 460 dicere.
827 418 893 458 78.
924 419 1140 458 Amicitiae
1171 430 1268 457 vero
1309 418 1426 456 locus
1459 416 1527 456 ubi
1560 428 1650 456 esse
1682 421 1821 468 potest
1850 420 1921 455 aut

171 485 265 539 quis
295 484 448 524 amicus
479 497 570 523 esse
601 483 815 536 cuiquam,
848 495 970 534 quem
1003 494 1085 520 non
1118 481 1252 533 ipsum
1276 486 1385 520 amet
1413 483 1581 533 propter
1606 479 1774 531 ipsum?
1808 476 1951 526 Quidts

170 554 306 591 autem
337 552 395 586 est
434 558 596 592 amare,
636 558 657 583 e
689 558 771 597 qno
804 558 953 583 nomen
986 544 1154 582 ductum
1187 543 1394 582 amicitiae
1426 548 1509 588 est,
1552 540 1631 580 nisi
1662 540 1768 579 velle
1799 539 1921 578 bonis

169 612 349 664 aliquem
387 607 495 648 attici
536 620 660 660 quam
701 606 915 652 maximis,
955 607 1075 644 etiam
1117 606 1147 644 si
1187 604 1239 644 ad
1279 619 1320 644 se
1354 619 1405 643 cx
1437 605 1484 643 iis
1519 603 1619 643 nihil
1651 602 1822 642 redeat?
1872 602 1923 640 Et

169 672 355 727 prodest,
385 669 545 722 inquit,
578 668 676 707 mihi
708 682 756 707 eo
788 682 878 707 esse
909 668 1060 707 ariimo.
1122 668 1250 706 lmmo
1283 667 1412 706 vid-cri
1447 666 1642 706 fortasse:
1675 678 1767 705 esse
1799 664 1922 710 enim,

170 736 248 775 nisi
287 732 460 779 videris,
503 744 587 770 non
628 730 811 782 prodest.
872 730 950 777 Qui
991 734 1129 768 autem
1163 743 1252 768 esse
1285 729 1463 781 poteris,
1504 730 1583 768 nisi
1617 734 1655 768 te
1687 740 1803 768 arnor
1834 727 1922 780 ipse

168 797 350 851 ceperit?
390 793 504 848 quod
545 806 628 832 non
668 790 871 831 subducta
911 791 1102 830 utilitatis
1133 792 1291 830 ratione
1324 790 1429 830 estivi
1463 791 1587 837 solet,
1628 790 1700 831 sed
1733 791 1870 843 ipsum
1901 801 1974 829 ato

168 875 211 901 se
243 858 371 898 oritur
402 863 440 896 et
470 868 543 895 sua
572 861 718 907 sponte
751 854 946 892 nascitur.
996 855 1070 892 «At
1100 855 1209 892 enim
1241 867 1397 906 seqnur
1432 853 1691 893 utilitatem.»
1740 852 1928 892 Manebit

169 935 265 974 ergo
306 919 485 960 amicitia
514 924 595 957 tam
627 916 720 963 diu,
760 930 884 968 quam
917 915 986 955 din
1019 922 1218 969 sequetur
1248 916 1423 961 utilitas,
1466 921 1529 962 et,
1571 915 1605 955 si
1639 915 1797 955 utilitas
1828 927 1927 953 con-

170 986 310 1026 stituet
339 981 581 1026 amicitiam,
623 979 740 1019 tollet
770 979 928 1017 cadem.
988 976 1054 1016 79.
1088 978 1169 1017 Sed
1204 978 1304 1032 quid
1342 990 1439 1029 ages
1472 977 1662 1024 tandem,
1702 977 1736 1016 si
1767 976 1927 1016 utilitas

170 1049 220 1089 ab
251 1044 451 1091 amicitia,
483 1048 526 1082 ut
554 1042 600 1082 fit
627 1055 764 1095 saepe,
797 1040 1025 1080 defecerit?
1059 1041 1369 1094 Relinquesne?
1401 1054 1508 1093 quae
1536 1041 1614 1079 ista
1635 1039 1815 1080 amicitia
1836 1038 1927 1077 est‘?

152 1108 413 1161 ‚Retinebist
445 1105 516 1158 qui
547 1105 770 1144 convenit?
803 1103 905 1156 quid
937 1103 1047 1142 enim
1079 1102 1130 1143 de
1161 1103 1343 1142 amicitia
1375 1103 1570 1142 statueris
1592 1102 1782 1141 utilitatis
1805 1113 1978 1140 causan-¹,

173 1170 422 1226 expetenda,
462 1167 592 1207 vides.
656 1168 744 1206 «Ne
786 1167 826 1205 in
867 1166 1009 1205 odium
1042 1166 1224 1212 veniam,
1265 1165 1298 1204 si
1339 1165 1518 1204 amicum
1550 1165 1749 1204 destitero
1780 1164 1926 1203 tueri.»

173 1236 354 1276 Primum
384 1245 457 1272 cur
487 1231 566 1270 ista
596 1244 660 1270 res
692 1230 818 1282 digna
850 1229 946 1269 odio
979 1234 1058 1275 est,
1090 1229 1171 1267 nisi
1204 1227 1317 1281 quod
1348 1232 1410 1266 est
1442 1227 1603 1280 turpis?
1637 1226 1762 1274 Quod
1792 1227 1846 1273 si,
1878 1239 1930 1266 ne

174 1310 257 1350 quo
289 1293 552 1335 incommodo
583 1291 783 1339 afficiare,
817 1306 898 1331 non
931 1292 1142 1344 relinques
1174 1291 1368 1337 amicum,
1400 1295 1558 1336 tamen,
1590 1303 1642 1329 ne
1675 1289 1765 1329 sine
1795 1288 1930 1328 fructu

171 1359 362 1410 alligatus
401 1357 478 1403 sis,
520 1362 563 1396 ut
604 1355 804 1396 moriatur
843 1354 1017 1407 optabis.
1079 1353 1222 1401 Quid?
1263 1353 1297 1392 si
1334 1365 1418 1391 non
1451 1352 1574 1392 modo
1604 1352 1824 1392 utilitatem
1856 1351 1931 1391 tibi

171 1419 327 1460 nullam
358 1420 523 1465 afferet,
555 1417 628 1458 sed
659 1418 840 1458 iacturae
872 1417 929 1456 rei
962 1416 1180 1456 familiaris
1212 1421 1332 1456 erunt
1352 1414 1586 1462 faciundae,
1618 1415 1781 1455 labores
1803 1414 1934 1454 susci·
1947 1425 1982 1453 20

172 1481 336 1536 piendi,
367 1480 602 1521 adeundum
633 1482 740 1520 vitae
772 1479 1014 1533 periculum,
1045 1493 1097 1518 ne
1132 1485 1215 1518 tum
1251 1478 1419 1532 quidem
1453 1483 1492 1517 te
1524 1478 1724 1531 respicies
1755 1482 1796 1516 et
1822 1476 1934 1529 cogi-

174 1545 278 1584 tabis
311 1543 388 1583 sibi
419 1557 628 1596 quemque
660 1552 802 1582 natum
834 1555 925 1582 esse
957 1547 996 1581 et
1027 1542 1113 1581 suis
1146 1541 1461 1594 voluptatibus?
1494 1540 1651 1580 Vadem
1682 1546 1721 1580 te
1751 1539 1804 1580 ad
1825 1551 1935 1579 mor-

176 1615 257 1647 tem
290 1612 464 1660 tyranno
495 1606 612 1645 dahis
643 1619 719 1658 pro
750 1605 907 1651 amico,
952 1611 998 1644 ut
1027 1604 1310 1658 Pythagoreus
1341 1604 1411 1643 ille
1444 1603 1585 1643 Siculo
1615 1603 1715 1643 fecit
1745 1608 1934 1656 tyranno,

175 1675 258 1716 aut,
290 1667 465 1722 Pylades
497 1682 589 1708 cum
621 1670 690 1714 sis,
722 1667 832 1707 dices
864 1672 904 1706 te
936 1680 1026 1707 esse
1049 1668 1238 1714 Oresten,
1271 1671 1316 1707 ut
1346 1667 1526 1706 moriare
1556 1679 1631 1720 pro
1653 1666 1819 1706 amico?
1850 1669 1935 1712 aut,

177 1733 210 1772 si
243 1745 355 1771 esses
388 1730 576 1778 Orestes,
609 1731 805 1784 Pyladem
837 1730 1070 1776 refelleres,
1104 1736 1142 1769 te
1174 1730 1379 1769 indicares
1410 1736 1463 1777 et,
1495 1730 1529 1769 si
1551 1729 1593 1769 id
1615 1743 1700 1769 non
1721 1728 1934 1782 probares,
1950 1739 1985 1768 25

173 1807 256 1847 quo
289 1794 425 1833 minus
456 1794 577 1833 ambo
608 1806 690 1833 una
722 1793 974 1833 necaremini
1006 1806 1089 1832 non
1121 1794 1372 1845 precarere?

286 1857 417 1895 XXV.
448 1854 515 1895 80.
558 1857 731 1895 Faceres
773 1862 814 1895 tn
848 1855 1036 1908 quidem,
1077 1856 1308 1908 Torquate,
1347 1854 1451 1894 haec-
1483 1854 1646 1902 omnia;
1686 1852 1795 1893 nihil
1825 1853 1935 1893 enim

175 1919 350 1958 arbitror
380 1931 472 1957 esse
503 1931 652 1970 magna
682 1918 804 1958 laude
839 1918 1030 1970 dignum,
1063 1917 1177 1970 quod
1205 1923 1243 1956 te
1266 1917 1657 1970 praetermissurum
1679 1916 1844 1956 credam
1865 1920 1938 1955 aut

176 1981 319 2020 mortis
350 1986 419 2019 aut
450 1978 605 2019 doloris
639 1986 763 2019 metu.
811 1982 901 2019 Non
934 1980 1150 2033 quaeritur
1179 1985 1339 2027 autem,
1372 1980 1473 2033 quid
1506 1985 1680 2019 naturae
1711 1983 1806 2018 tuae
1839 1991 1937 2017 con-

174 2048 416 2082 sentaneum
448 2042 519 2088 sit,
561 2043 633 2081 sed
666 2042 766 2094 quid
801 2042 1059 2095 disciplinae.
1119 2043 1238 2081 Ratio
1270 2043 1368 2089 ista,
1410 2056 1532 2095 qnam
1565 2041 1779 2088 defendis,
1819 2052 1986 2094 prae-30

173 2110 312 2156 cepta,
346 2118 455 2157 quae
487 2104 681 2151 didicisti,
713 2118 819 2157 quae
852 2104 1015 2156 probas,
1045 2104 1235 2144 funditus
1267 2111 1458 2145 evertunt
1478 2105 1715 2151 amicitiam,
1747 2103 1937 2158 quamvis

176 2180 265 2206 eam
295 2167 514 2219 Epicurus,
547 2173 590 2207 ut
619 2166 739 2213 facit,
771 2168 812 2205 in
846 2166 1007 2206 caelum
1031 2168 1176 2206 efferat
1206 2167 1416 2207 laudibus.
1464 2169 1542 2206 «At
1567 2167 1697 2206 coluit
1727 2167 1816 2221 ipse
1838 2167 1938 2206 ami—

114 2249 125 2261 ·
173 2229 329 2269 citias.»
383 2228 507 2276 Quis,
539 2242 714 2282 quaeso,
746 2229 864 2268 illum
898 2234 1021 2281 negat
1051 2235 1090 2269 et
1120 2229 1275 2269 bonum
1300 2230 1431 2269 virum
1465 2235 1505 2269 et
1530 2242 1689 2269 comem
1723 2234 1762 2269 et
1792 2229 1938 2269 huma-

174 2304 272 2330 num
306 2290 466 2331 fuisse?
521 2292 579 2330 De
617 2291 784 2343 ingenio
826 2292 916 2331 eius
958 2292 1013 2350 in·
1041 2292 1104 2331 his
1137 2292 1514 2345 disputationibus,
1556 2304 1640 2331 non
1671 2291 1722 2331 de
1754 2290 1937 2331 moribus

264 2496 287 2525 t.
315 2495 453 2534 quidem]
481 2495 558 2534 quid
582 2495 604 2525 B
621 2495 644 2526 E
675 2512 704 2517 „-
732 2496 799 2536 eac]
824 2497 884 2526 tiae
908 2498 952 2528 A:
978 2500 1005 2527 et
1031 2498 1054 2528 B
1071 2498 1092 2527 E
1121 2514 1153 2517 ——
1183 2498 1211 2527 3.
1237 2496 1440 2535 profitendae
1465 2495 1488 2525 A
1505 2495 1526 2525 B
1545 2495 1588 2525 D:
1612 2494 1832 2533 proferendae
1855 2495 1880 2526 O
1902 2513 1935 2518 -—

174 2554 212 2575 ne
236 2545 267 2575 id
287 2545 408 2583 pudeat
430 2553 491 2575 non
520 2548 571 2584 (ne
589 2545 622 2582 l-j)
648 2546 765 2576 sentire
789 2547 874 2582 quod
898 2557 959 2577 nrm
991 2557 1023 2585 μ.
1051 2548 1080 2577 (ἰ.
1111 2547 1132 2577 Β
1148 2547 1171 2576 Ε
1205 2564 1239 2568 —
1272 2546 1303 2575 Ἰ.
1330 2554 1371 2575 ω·
1394 2545 1441 2574 his
1466 2544 1544 2574 nihil
1567 2544 1614 2581 A3
1647 2543 1726 2574 nihil
1749 2553 1791 2575 ea:
1814 2545 1872 2584 hys
1895 2546 1937 2582 B;

173 2594 252 2625 nihil
276 2603 317 2624 ea:
340 2594 379 2624 iis
403 2594 433 2625 M
449 2594 472 2624 O
500 2612 534 2616 —
562 2595 694 2625 redeunt
719 2598 743 2626 Α
760 2597 782 2626 Β
799 2596 821 2626 E
851 2614 883 2618 —
919 2600 947 2627 et
972 2600 994 2627 A
1013 2598 1054 2627 B:
1086 2597 1126 2626 Et
1151 2596 1280 2636 quidem
1306 2595 1349 2629 Ο;
1381 2595 1419 2624 Αἱ
1444 2593 1580 2633 Madvig
1612 2594 1645 2624 in
1671 2595 1937 2626 commentario.

174 2643 223 2675 Ct.
251 2644 293 2675 M.
320 2642 469 2683 Seyffert
500 2644 616 2675 Scholl.
643 2646 727 2676 Latt.
756 2655 787 2686 p.
819 2645 888 2677 ¹46.
920 2664 951 2668 —-
985 2648 1015 2677 9.
1044 2647 1105 2676 nisi
1129 2645 1265 2678 rideris.
1300 2654 1364 2674 non
1394 2644 1524 2682 procl-est
1549 2644 1737 2675 Graserus:
1773 2644 1834 2674 nisi
1859 2645 1940 2681 eris,

174 2703 238 2724 non
256 2696 347 2732 potes
370 2692 473 2725 codd.
500 2697 534 2725 et
558 2695 587 2725 M
603 2695 628 2726 O
657 2711 690 2716 —
719 2697 774 2735 qni
798 2701 941 2726 autem-
957 2714 974 2718 -
991 2696 1067 2726 solet
1091 2698 1222 2727 Nonius
1255 2704 1287 2734 p.
1315 2694 1389 2725 399.
1419 2710 1452 2715 —
1479 2692 1612 2733 poteris]
1633 2696 1724 2732 potes
1745 2693 1876 2724 Nonius
1902 2710 1936 2715 —-

175 2744 227 2774 ⁴0.
254 2742 410 2774 subducta
435 2744 587 2775 Nonius:
624 2745 783 2776 subdubia
808 2745 910 2776 codd.
938 2745 1080 2777 Tulliani
1115 2763 1148 2766 -
1188 2754 1207 2774 a
1233 2745 1315 2775 AB:
1343 2744 1386 2774 ad
1407 2744 1431 2774 E
1464 2761 1504 2765 -
1536 2744 1588 2774 Η.
1614 2752 1734 2782 sequor
1756 2743 1940 2784 utilitatem]

174 2794 319 2832 sequitur
341 2793 466 2824 utilitas
481 2794 651 2826 Graserus
678 2813 710 2818 —
747 2797 793 2827 ¹²2.
820 2805 919 2834 quam
943 2797 999 2826 (tiu
1024 2805 1092 2826 oni.
1120 2795 1158 2826 ,κ’
1184 2796 1207 2825 Β
1236 2813 1270 2816 -
1297 2794 1465 2825 constituet
1487 2793 1669 2824 amicitiam
1687 2796 1731 2824 A:
1759 2793 1942 2824 amicitiam

175 2843 342 2873 constituet
367 2843 434 2874 ΒΜ
449 2842 474 2873 Ο
494 2860 526 2864 —-
555 2843 606 2874 43.
631 2846 704 2884 ayis
727 2846 750 2876 B
769 2862 803 2866 —
839 2845 885 2876 14.
913 2845 1074 2884 relinques
1097 2853 1199 2883 neque
1222 2844 1283 2873 ista
1309 2847 1334 2874 A
1357 2860 1388 2864 —
1419 2844 1470 2872 to.
1499 2842 1637 2883 veniam]
1663 2842 1844 2874 ueniantw·
1860 2842 1884 2873 B
1904 2859 1938 2864 ——

178 2892 228 2921 Π.
247 2891 347 2931 [liqna
371 2892 443 2922 odio
467 2896 511 2923 est
531 2903 593 2924 non
611 2896 696 2933 quod
719 2899 764 2925 est
787 2896 892 2934 turpis
916 2896 977 2925 uisi
1002 2895 1086 2933 quod
1112 2898 1167 2925 cst.
1193 2894 1260 2924 sinc
1285 2903 1347 2931 (μω
1372 2893 1575 2923 incommodo
1592 2893 1620 2923 D
1640 2910 1674 2914 -
1702 2893 1728 2922 si
1750 2900 1790 2923 ne
1808 2892 1886 2930 (sine
1902 2892 1941 2929 D)

177 2949 239 2979 quo
263 2940 287 2970 B
303 2941 350 2971 D:
375 2941 402 2971 si
426 2950 464 2972 ne
486 2946 540 2972 tuo
557 2946 581 2974 Α
598 2944 621 2974 C
642 2961 677 2965 —
705 2945 757 2975 49.
783 2946 869 2982 quod
893 2946 919 2975 si
943 2948 968 2976 A
990 2963 1023 2966 —
1052 2945 1103 2976 ⁴2⁴).
1131 2944 1191 2974 erit
1216 2944 1239 2974 E
1261 2960 1297 2965 —
1326 2944 1377 2973 2-1.
1405 2943 1545 2984 quidem]
1570 2944 1649 2983 quid
1673 2946 1717 2973 est
1737 2942 1760 2973 B
1780 2959 1814 2963 —
1844 2942 1895 2973 22.
1915 2945 1942 2972 et

178 3000 247 3021 oui.
278 2990 341 3021 BE
371 3007 406 3013 —
441 2992 559 3024 l'adem
584 2993 622 3034 te]
651 2996 788 3026 madente
812 2996 835 3026 B
864 3013 897 3016 —-
933 2995 984 3025 253.
1012 2998 1154 3032 tyranno
1179 2994 1336 3033 spurium
1361 2993 1494 3024 censuit
1522 2993 1589 3024 iam
1615 2994 1801 3030 Gruterus,
1832 2992 1943 3027 Siculo

179 3048 319 3080 quoque
345 3041 502 3072 Davisius
527 3045 561 3073 et
584 3044 758 3081 Bremius,
796 3046 854 3084 qui
887 3044 995 3076 verba
1028 3053 1107 3074 cum
1143 3042 1376 3074 deterioribus
1408 3042 1510 3074 codd.
1538 3042 1605 3074 hoc
1633 3043 1755 3074 ordine
1780 3041 1943 3082 legebant

178 3090 252 3129 fecit
267 3090 376 3120 Siculo
399 3094 553 3129 tyranno.
581 3094 669 3125 Fort.
696 3095 799 3126 ctiam
824 3096 896 3134 fecit
921 3095 1077 3134 spurium
1104 3096 1175 3131 cst,
1202 3093 1294 3132 quod
1321 3102 1390 3124 om.
1410 3093 1487 3124 cod.
1511 3093 1670 3133 Madvigii
1690 3091 1882 3123 Leidensis.
1900 3109 1942 3113 —

182 3137 232 3170 24.
257 3142 382 3171 Oresten
406 3142 450 3172 A:
484 3142 626 3174 Orestem
656 3144 722 3175 ΒΜ
739 3146 762 3175 O
794 3162 827 3166 »-
857 3146 907 3176 25.
934 3145 961 3174 si
985 3152 1054 3174 om.
1082 3144 1106 3173 E
1209 3143 1459 3181 ⁴36.p1·ecarere
1491 3144 1574 3174 AB:
1615 3144 1829 3182 deprecarere
1852 3141 1878 3172 Ο
1904 3159 1937 3162 -

180 3188 232 3219 28.
257 3197 322 3220 esse
344 3198 386 3220 m.
413 3190 433 3221 l.
458 3191 593 3232 diynum
616 3196 660 3224 A:
686 3203 729 3224 m.
756 3193 777 3224 t.
797 3195 931 3234 dignum
955 3201 1020 3224 esse
1037 3196 1123 3230 {esset
1143 3192 1179 3228 ti>
1204 3193 1226 3222 Β
1245 3192 1330 3229 ΕΜ;
1357 3200 1421 3223 esse
1445 3201 1514 3223 om.
1541 3193 1565 3224 O
1588 3210 1630 3215 -—-
1655 3192 1707 3223 29.
1733 3191 1812 3230 quid
1836 3200 1867 3221 n.
1893 3191 1938 3220 A:

181 3239 267 3277 quod
288 3248 321 3269 η.
339 3239 364 3271 Β
383 3256 416 3263 —
445 3240 496 3272 30.
515 3243 601 3280 quod
623 3243 700 3274 disc.
726 3246 752 3275 Α
767 3244 790 3274 Β
819 3262 853 3266 -
880 3244 932 3275 33.
960 3252 1078 3283 quaeso
1102 3243 1279 3274 Daxisius:
1306 3242 1400 3281 quasi
1423 3241 1527 3274 codd.
