2249 3624
462 124 549 164 Lm.
579 123 629 162 n.
670 121 768 162 eff.
798 116 1223 160 xxxii-xxxin,
1259 114 1318 169 §5
1350 111 1594 155 loe-408.
1820 102 1899 146 427

156 241 315 286 barem;
357 251 431 277 nec
471 237 579 276 enim
611 234 771 275 absolvi
802 234 919 273 beata
948 232 1032 271 vita
1062 230 1262 283 sapientis
1293 242 1430 283 neque
1460 227 1511 268 ad
1542 227 1699 267 exitum
1732 225 1902 278 perduci

156 302 325 355 poterit,
365 301 397 339 si
436 300 569 352 prima
607 311 797 351 quaeque
833 296 938 335 bene
969 294 1019 334 ab
1050 306 1098 332 eo
1129 292 1316 332 consulta
1347 298 1472 344 atque
1501 290 1608 330 facta
1638 289 1769 343 ipsius
1801 288 1904 327 obli-

158 366 278 404 vione
317 363 552 402 obruentur.
628 358 719 398 ltlti.
762 358 842 398 Sed
883 358 997 398 vobis
1037 356 1294 408 voluptatum
1342 359 1628 407 perceptarum
1668 351 1902 391 recordatio

156 428 278 467 vitam
311 426 470 464 beatam
502 423 615 466 facit,
648 428 685 460 et
718 421 886 474 quidem
918 431 1089 471 corpore
1120 423 1422 471 perceptarum.
1474 418 1574 455 Nam
1607 416 1640 454 si
1671 428 1777 468 quae
1809 420 1906 454 sunt

155 490 276 534 aliae,
307 487 454 525 salsum
487 491 547 524 est
579 484 711 523 omnis
742 482 868 521 animi
901 481 1134 533 voluptates
1165 494 1255 519 esse
1288 493 1309 518 e
1343 479 1527 532 corporis
1549 479 1761 518 societate.
1809 478 1937 516 Cor-5

159 551 266 604 poris
303 554 438 588 autem
475 547 663 598 voluptas
702 545 734 583 si
780 545 902 582 etiam
948 544 1170 595 praeterita
1211 543 1407 588 delectat,
1449 555 1531 581 non
1572 540 1792 592 intellego,
1835 552 1907 577 cur

156 610 392 652 Aristoteles
424 606 710 658 Sardanapalli
742 606 995 657 epigramma
1028 611 1139 644 tanto
1171 618 1298 657 opere
1329 604 1534 650 derideat,
1568 604 1608 642 in
1634 616 1718 656 quo
1740 602 1811 642 ille
1833 614 1906 640 rex

157 675 296 715 Svriae
335 670 535 723 glorietur
566 668 700 707 omnis
732 680 775 705 se
808 680 948 705 secum
981 666 1201 705 libidinum
1233 666 1468 719 voluptates
1499 666 1732 705 abstulisse.
1784 664 1906 712 Quod

155 720 260 776 enim
292 747 342 772 nc
375 733 492 771 vivus
524 730 715 783 quidem,
747 728 906 780 inquit,
940 728 1097 767 diutius
1129 730 1280 767 sentire
1312 735 1493 781 poterat,
1527 741 1650 781 quam
1679 727 1775 766 dum
1797 726 1908 766 frue-

154 799 291 843 batur,
337 808 419 848 quo
466 793 587 833 modo
626 791 666 830 id
707 791 843 844 potuit
883 795 1047 828 mortuo
1089 793 1366 842 permanere?
1414 791 1523 830 Fluit
1564 791 1687 843 igitur
1717 790 1958 841 voluptasw

154 858 336 911 corporis
368 862 409 896 et
438 857 570 909 prima
602 866 796 907 quaeque
828 852 965 891 avolat
987 853 1239 905 saepiusque
1261 853 1460 905 relinquit
1481 866 1646 891 causam
1670 851 1908 905 paenitendi

155 934 278 975 quam
309 918 568 959 recordandi.
615 918 759 968 ltaque
781 915 940 953 beatior
958 913 1176 953 Africanus
1208 928 1301 953 cum
1327 914 1456 967 patria
1476 914 1548 954 illo
1572 915 1697 954 modo
1720 915 1909 968 loquens,

376 981 564 1020 Desine
596 981 749 1018 Roma
780 983 893 1017 tuos
926 976 1098 1015 hostis
1129 998 1214 1004 ---

155 1046 401 1099 reliquaque
433 1043 665 1097 praeclare,

377 1109 501 1146 Nam
535 1105 634 1145 tibi
667 1103 1018 1142 moenimenta
1050 1101 1145 1140 mei
1179 1114 1422 1154 peperere
1454 1101 1667 1141 labores.
1926 1112 1961 1140 45

156 1170 385 1210 Laboribus
415 1169 482 1208 hic
513 1166 748 1221 praeteritis
779 1164 954 1218 gaudet,
986 1170 1029 1203 tu
1061 1164 1179 1202 iubes
1202 1164 1506 1216 voluptatibus;
1539 1170 1579 1203 et
1608 1164 1674 1204 hic
1705 1178 1749 1204 se
1780 1164 1831 1203 ad
1865 1178 1911 1203 ea

156 1239 338 1275 revocat.
382 1245 403 1270 e
445 1231 596 1284 quibus
638 1228 742 1268 nihil
782 1240 977 1280 umquam
1018 1226 1224 1265 rettulerit
1254 1226 1304 1266 ad
1337 1240 1512 1280 eorpus,
1550 1232 1593 1266 tu
1626 1232 1737 1267 totus
1766 1227 1912 1266 haeres

155 1297 194 1335 in
227 1308 417 1347 corpore.

268 1357 461 1396 xxxlll.
501 1353 587 1394 107.
630 1352 736 1393 Illud
774 1357 911 1392 autem
949 1352 1083 1404 ipsum
1116 1352 1188 1404 qui
1220 1352 1400 1405 optineri
1433 1357 1587 1405 potest,
1630 1353 1743 1406 quod
1776 1353 1914 1394 dicitis

156 1420 289 1459 omnis
329 1419 454 1458 animi
493 1423 532 1458 et
568 1417 801 1469 voluptates
833 1421 873 1454 et
903 1414 1070 1454 dolores
1101 1414 1152 1453 ad
1185 1414 1371 1467 corporis
1403 1414 1638 1467 voluptates
1669 1428 1717 1455 ac
1748 1415 1914 1456 dolores
1927 1424 1962 1452 90

159 1482 395 1534 pertinere?
428 1480 591 1520 Nihilne
623 1485 662 1519 te
694 1478 872 1518 delectat
902 1489 1100 1528 uniquam
1131 1498 1184 1506 —
1217 1477 1354 1523 video,
1386 1477 1555 1530 quicum
1587 1477 1740 1531 loquar
1767 1501 1843 1526 —-,
1876 1484 1914 1518 te

158 1545 300 1596 igitur,
332 1545 561 1596 Torquate,
593 1543 730 1595 ipsum
760 1554 836 1593 per
866 1553 909 1579 se
940 1539 1044 1578 nihil
1071 1539 1277 1578 delectat?
1310 1539 1467 1579 Omitto
1490 1539 1755 1592 dignitatem,
1785 1541 1915 1581 hone-

159 1612 323 1653 statem,
356 1606 533 1659 speciem
564 1605 692 1658 ipsam
723 1603 942 1649 virtutum,
974 1602 1024 1641 de
1056 1602 1208 1654 quibus
1239 1608 1334 1642 ante
1356 1602 1511 1641 dictum
1535 1608 1610 1650 est,
1636 1603 1739 1643 haec
1759 1604 1915 1644 leviora

160 1682 333 1720 ponam:
377 1680 543 1720 poema,
590 1666 820 1706 orationem
866 1679 959 1704 cum
1004 1670 1074 1704 aut
1119 1665 1263 1705 scribis
1310 1670 1380 1705 aut
1423 1666 1544 1717 legis,
1591 1679 1683 1705 eum
1730 1667 1915 1706 omnium

159 1730 382 1776 factorum,
429 1743 520 1769 cum
564 1728 779 1780 regionum
826 1728 1038 1780 conquiris
1083 1727 1318 1775 historiam,
1360 1728 1549 1781 signum,
1594 1729 1753 1777 tabula,
1800 1730 1965 1770 loeus25

159 1805 375 1838 amoenus,
407 1792 512 1839 ludi,
542 1791 730 1838 venatio,
762 1790 861 1830 villa
892 1790 1055 1829 Luculli
1088 1813 1140 1819 —
1172 1803 1265 1829 nam
1292 1791 1326 1830 si
1349 1797 1461 1830 tuam
1486 1790 1684 1839 dicerem,
1717 1792 1916 1832 latebram

162 1854 357 1894 haberes:
389 1854 438 1894 ad
470 1867 616 1907 corpus
648 1853 807 1892 diceres
838 1853 1048 1906 pertinere
1070 1874 1145 1900 —‚
1178 1853 1251 1892 sed
1275 1866 1335 1900 ea,
1368 1866 1476 1907 quae
1499 1853 1605 1901 dixi,
1636 1853 1688 1894 ad
1711 1868 1916 1908 corpusne

161 1915 309 1963 refers,
341 1928 390 1955 an
421 1921 483 1956 est
512 1915 688 1969 aliquid,
721 1916 834 1968 quod
866 1921 904 1955 te
936 1929 1010 1954 sua
1042 1921 1190 1968 sponte
1218 1914 1426 1955 delectet?
1457 1916 1541 1955 Aut
1563 1916 1916 1970 pertinacissimus

162 1977 306 2023 fueris,
339 1978 371 2017 si
401 1978 628 2031 perstiteris
659 1978 710 2018 ad
742 1991 891 2030 corpus
925 1991 987 2025 ea,
1020 1991 1128 2031 quae
1161 1977 1268 2025 dixi,
1299 1977 1455 2018 referre
1487 1984 1559 2018 aut
1589 1979 1825 2021 deserueris
1855 1985 1919 2020 to-

163 2046 242 2079 tam
275 2041 440 2093 Epicuri
470 2040 736 2093 voluptatem,
769 2040 803 2079 si
834 2041 1065 2093 negaveris.
1128 2037 1220 2079 1108,
1254 2041 1377 2088 Quod
1408 2054 1508 2080 vero
1540 2054 1563 2080 a
1592 2047 1632 2080 te
1664 2042 1917 2096 disputatum
1932 2050 1967 2079 30

163 2107 242 2148 est,
274 2103 444 2142 maiores
476 2115 565 2142 esse
596 2102 827 2155 voluptates
861 2107 901 2141 et
932 2102 1098 2141 dolores
1130 2103 1257 2141 animi
1281 2116 1407 2156 quam
1429 2103 1637 2156 corporis,
1669 2106 1768 2159 quia
1796 2107 1919 2145 trium

163 2170 391 2216 temporum
423 2164 624 2217 particeps
657 2165 820 2203 animus
851 2165 916 2210 sit,
949 2177 1124 2217 corpore
1154 2170 1294 2205 autem
1323 2166 1561 2219 praesentia
1581 2167 1715 2207 solum
1738 2167 1919 2207 sentian-

163 2231 242 2272 tur,
276 2226 346 2278 qui
377 2225 418 2265 id
448 2225 612 2278 probari
644 2231 805 2278 potest,
847 2232 890 2265 ut
920 2226 974 2273 is,
1007 2226 1078 2279 qui
1110 2232 1282 2280 propter
1310 2241 1375 2267 me
1406 2228 1565 2281 aliquid
1596 2229 1793 2282 gaudeat,
1823 2229 1919 2282 plus

163 2300 284 2340 quam
315 2301 389 2340 ego
419 2288 507 2341 ipse
538 2287 746 2341 gaudeat?
780 2286 944 2341 [Animo
974 2289 1166 2342 voluptas
1196 2289 1329 2329 oritur
1358 2298 1530 2343 propter
1551 2290 1808 2344 voluptatem
1831 2305 1920 2331 cor-

247 2442 276 2473 3.
303 2443 515 2474 obruerentur
538 2442 640 2473 ABE
669 2459 703 2463 —
736 2443 768 2473 5.
794 2442 948 2482 uoluptas
972 2443 1042 2482 (sic)
1069 2443 1174 2474 animi
1204 2445 1267 2476 BE
1304 2464 1338 2468 -
1375 2455 1390 2476 e
1415 2454 1484 2477 0n1.
1511 2447 1534 2477 B
1562 2464 1595 2469 —-
1632 2447 1662 2479 7.
1689 2448 1921 2488 sardanapalli

161 2493 229 2523 AB:
250 2493 473 2533 sardanapali·
490 2494 514 2524 O
530 2510 564 2514 —
585 2494 616 2523 7.
636 2495 727 2523 tanto
745 2501 841 2531 opere
856 2493 900 2524 B:
927 2497 1098 2533 tantopere
1121 2495 1175 2525 ΑΕ
1193 2513 1226 2517 —
1246 2495 1277 2527 8.
1297 2495 1401 2526 omnis
1415 2504 1447 2526 se
1464 2504 1547 2527 nos:
1573 2496 1678 2527 omnis
1693 2499 1738 2534 Ας
1764 2506 1796 2529 se
1812 2507 1922 2529 omnes

161 2543 256 2574 BMO
277 2562 310 2566 -—
333 2544 420 2575 libid.
437 2543 622 2583 uoluptates
644 2543 811 2574 abstulisse
827 2545 872 2574 A:
900 2544 1068 2575 abstulisse
1090 2544 1178 2576 libid.
1196 2546 1380 2584 uoluptates
1402 2546 1426 2576 B
1441 2547 1471 2577 M
1487 2563 1522 2568 —
1550 2546 1580 2577 9.
1598 2546 1707 2577 verba
1724 2547 1830 2587 inquit
1845 2548 1921 2578 diu-

159 2593 220 2623 nus
242 2593 358 2624 sentire
378 2597 507 2632 poterae
530 2594 562 2624 in
579 2595 605 2624 A
625 2593 678 2623 vix
703 2592 769 2632 legi
793 2596 948 2633 possunt.
972 2612 1002 2615 —
1022 2594 1164 2634 poterat]
1184 2596 1292 2634 potuit
1314 2596 1336 2626 B
1359 2613 1393 2618 —
1421 2596 1472 2626 1¹0.
1495 2596 1603 2634 potuit
1623 2605 1668 2627 m.
1687 2599 1732 2628 A:
1758 2606 1801 2628 m.
1818 2598 1922 2637 potuit

161 2642 223 2673 ΒΜ
239 2660 273 2665 —-
292 2643 376 2673 Fluit
393 2652 461 2674 om.
483 2645 504 2674 B
520 2644 544 2674 E
565 2661 599 2664 —
622 2644 632 2673 l
646 2644 672 2673 1.
690 2643 855 2682 penilemli
879 2646 900 2673 Α
915 2645 957 2676 Β,
982 2645 1165 2682 poenitendi
1191 2646 1257 2675 ΜΟ
1276 2663 1309 2666 —
1338 2646 1389 2676 113.
1409 2646 1544 2684 Despice
1560 2654 1625 2676 van
1645 2646 1708 2676 der
1726 2646 1868 2678 Hoeven
1883 2664 1916 2668 —

161 2692 210 2722 45.
229 2692 315 2723 Nam
340 2693 363 2724 E
381 2694 413 2724 et
433 2693 605 2723 Muretus:
635 2701 774 2731 natuque
799 2692 857 2723 AB
887 2711 918 2714 -—
946 2695 1163 2724 wmenimenla
1188 2693 1354 2725 klotzius:
1386 2695 1586 2726 monimenta
1608 2695 1684 2732 AB,
1711 2700 1922 2727 monumenta

160 2742 202 2773 B:
229 2744 428 2775 munimenta
457 2752 536 2774 cum
562 2744 697 2774 Mureto
724 2744 832 2781 (Varr.
861 2744 967 2774 Lectt.
995 2744 1056 2781 xl,
1086 2744 1113 2781 l)
1140 2744 1170 2774 M
1185 2744 1222 2774 Ο.
1250 2744 1299 2775 Cf.
1319 2743 1432 2774 Orellii
1458 2745 1565 2775 Inscr.
1584 2745 1655 2775 Lat.
1683 2745 1769 2784 (Vol.
1789 2747 1843 2777 ΙΙΙ.
1863 2746 1919 2777 ed.

163 2792 310 2831 Henzen)
336 2802 369 2823 n.
396 2792 491 2824 7142.
522 2810 556 2814 —
580 2794 746 2834 peperere]
772 2801 944 2832 repperere
971 2795 992 2823 Α
1015 2811 1049 2814 —-
1076 2793 1128 2823 46.
1155 2796 1183 2824 et
1207 2794 1289 2824 AB:
1317 2801 1385 2824 om.
1412 2794 1483 2824 ΜΟ
1502 2810 1536 2814 -
1566 2794 1617 2825 47.
1643 2795 1724 2826 nihil
1746 2804 1815 2827 om.
1840 2796 1862 2826 B
1883 2813 1919 2819 —

161 2842 303 2874 retulerit
328 2843 430 2874 ABO
456 2859 491 2864 —
526 2843 577 2873 ἃ20.
605 2843 647 2873 ad
676 2843 825 2882 corporis
848 2844 1030 2881 uoluptates
1053 2851 1092 2873 ac
1117 2843 1242 2873 dolores
1265 2851 1334 2874 om.
1362 2843 1384 2873 B
1411 2860 1446 2864 —-
1482 2844 1536 2874 Ἥ.
1562 2844 1691 2875 Nihilne
1713 2849 1742 2876 {e
1764 2847 1809 2876 A:
1836 2846 1924 2876 Nihil

161 2894 229 2923 tene
251 2892 359 2923 BMO
387 2910 421 2914 —-
448 2892 501 2923 23.
528 2895 627 2923 antea
650 2893 681 2923 (Ι.
708 2893 732 2923 Β
760 2910 794 2914 -
830 2892 882 2924 et.
905 2901 1050 2931 ponam:
1079 2892 1207 2932 poema]
1230 2901 1347 2932 poema
1369 2901 1493 2931 ponam
1516 2893 1580 2923 AB
1609 2911 1644 2916 —
1674 2903 1749 2925 cum
1772 2895 1841 2936 aut]
1865 2899 1923 2926 aul

159 2949 233 2971 cuin
256 2941 280 2971 B
309 2958 341 2962 μ-
370 2942 515 2972 omnium
536 2941 713 2982 factorum]
746 2942 912 2972 hominum
940 2942 1031 2981 fac-la
1065 2943 1154 2974 Bake
1182 2942 1224 2973 ad
1251 2944 1322 2973 Cic.
1349 2942 1392 2973 de
1417 2944 1520 2982 Legg.
1545 2951 1579 2983 p.
1606 2943 1680 2974 34⁶2.
1709 2960 1743 2965 —
1772 2945 1823 2975 ⁶25.
1850 2954 1923 2975 eum

162 2990 243 3028 req]
269 2993 326 3020 aut
355 2999 423 3030 req.
450 2991 474 3021 B
501 3006 536 3012 —
570 2991 622 3021 ¹26.
649 3000 784 3022 amenus
808 2995 832 3023 A
850 2992 872 3022 Β
901 3009 935 3013 —-
967 2994 1160 3023 uerzaciones
1183 2994 1207 3024 B
1242 3010 1276 3015 —
1303 2992 1403 3023 lucilli
1426 2992 1528 3023 ABE
1565 3010 1596 3016 —
1627 2993 1678 3024 27.
1705 2994 1810 3024 dicere
1834 2994 1858 3025 E
1885 3011 1919 3016 —

162 3038 214 3069 ΞΕ).
240 3040 265 3068 εἰ
286 3040 466 3078 perslileris
481 3041 667 3079 ——referre
690 3041 734 3071 B:
770 3042 795 3071 si
819 3042 851 3072 Ιιί
877 3039 940 3079 (vel
966 3041 1008 3080 in)
1031 3042 1212 3080 perstileris
1227 3041 1413 3080 --referre
1436 3043 1480 3074 A:
1514 3042 1541 3072 si
1563 3043 1598 3072 in
1621 3051 1657 3073 eo
1679 3044 1858 3081 perstiteris
1874 3061 1891 3066 -
1905 3061 1921 3065 -

165 3088 285 3126 referre
301 3088 344 3123 O:
370 3089 396 3118 si
421 3089 451 3119 in
475 3098 511 3120 eo
531 3091 711 3128 perstiteris
728 3108 744 3113 -
759 3108 776 3114 -
792 3091 911 3130 referri
935 3098 1013 3121 cum
1033 3090 1192 3121 Ernestio
1210 3091 1241 3121 M
1260 3107 1293 3111 —
1322 3099 1406 3129 quae
1429 3098 1498 3121 om.
1518 3091 1542 3121 B
1563 3092 1641 3130 (non
1660 3092 1695 3130 E)
1713 3110 1747 3115 —
1774 3093 1827 3125 30.
1846 3102 1922 3124 vero

165 3144 234 3166 om.
260 3136 285 3167 E
312 3154 346 3158 -
380 3136 433 3168 33.
459 3138 514 3176 qui
535 3139 569 3169 id
592 3139 635 3169 B:
670 3139 748 3178 quid
771 3142 816 3176 Α;
850 3141 927 3179 quid
949 3141 982 3170 id
1007 3141 1049 3177 123
1077 3142 1133 3179 qui
1156 3141 1226 3171 MO
1256 3156 1289 3163 -—
1315 3141 1458 3180 gaudeat
1481 3142 1562 3172 AB:
1588 3142 1709 3181 gaudet
1733 3143 1758 3173 O
1782 3160 1824 3166 -
1851 3143 1924 3182 plus

164 3193 263 3222 quam
286 3193 343 3225 eqo
365 3185 432 3224 ipse
454 3188 596 3226 qaudeat
621 3188 703 3219 CE:
732 3197 801 3221 om.
828 3190 890 3220 AB
919 3207 951 3211 -
988 3189 1040 3221 34.
1066 3190 1182 3221 Animo
1199 3207 1245 3213 --
1262 3190 1452 3230 qramlator
1479 3192 1599 3231 spuria
1626 3200 1705 3223 esse
1730 3192 1814 3224 vidit
1838 3192 1922 3223 Bre-

164 3234 269 3266 mius.
296 3252 338 3257 ——
361 3236 473 3267 animo
496 3238 560 3269 AB
575 3238 616 3269 C:
642 3238 751 3270 Animi
774 3239 811 3270 O.
