2249 3624
276 152 359 195 398
879 153 949 192 DE
979 151 1201 192 DEORUM
1230 150 1447 191 NATURA

277 262 362 301 Isto
402 259 548 307 modo,
591 258 789 312 quoniam
828 257 1021 297 homines
1060 256 1257 296 mortales
1288 260 1405 303 sunt,
1447 254 1532 294 sint
1562 253 1695 307 aliqui
1723 255 1966 296 inmortales
1999 261 2052 310 et,

279 323 475 376 quoniam
506 327 735 361 nascuntur
764 321 808 360 in
840 325 969 365 terra,
1001 324 1224 358 nascantur
1252 318 1296 357 in
1326 330 1449 370 aqua.
1505 317 1579 355 «Et
1609 317 1709 369 quia
1740 323 1837 357 sunt
1859 332 1966 372 quae
1992 321 2055 359 in-

277 387 491 431 terimant,
524 384 607 423 sint
629 396 737 436 quae
761 387 1044 422 conservent.»
1081 381 1172 419 Sint
1194 393 1305 427 sane,
1338 379 1409 418 sed
1433 392 1482 418 ea
1505 386 1771 427 conservent,
1805 394 1913 433 quae
1936 388 2054 422 sunt:

279 448 381 487 deos
421 448 523 486 istos
565 459 657 485 esse
700 458 786 484 non
829 443 978 485 sentio.
1049 439 1142 481 ΜΟ.
1175 441 1321 481 Omnis
1354 446 1493 480 tamen
1530 440 1608 479 ista
1638 454 1777 480 rerum
1811 440 1970 495 effigies
2003 457 2056 483 ex

246 508 508 549 5individuis
540 521 623 560 quo
651 508 774 546 modo
798 505 1043 558 corporibus
1066 502 1229 544 oritur?
1263 517 1371 557 quae
1399 503 1524 542 etiam
1547 503 1582 541 si
1604 509 1763 550 essent,
1799 501 1921 558 [quae
1943 505 2057 545 nulla

278 567 409 622 sunt,]
453 570 611 621 pellere
643 582 687 608 se
719 569 812 620 ipsa
838 573 878 606 et
909 567 1056 619 agitari
1088 566 1198 605 inter
1227 578 1270 605 se
1301 577 1507 604 concursu
1543 564 1717 604 fortasse
1750 572 1942 619 possent,
1973 566 2058 606 for-

277 646 410 680 mare,
442 632 638 684 figurare,
670 631 877 676 colorare,
910 629 1096 668 animare
1119 641 1203 667 non
1225 630 1426 680 possent:
1458 626 1574 666 nullo
1597 625 1727 679 igitur
1749 628 1874 667 modo
1900 629 2058 668 inmor-

277 695 401 734 talem
435 694 558 733 deum
590 692 769 732 efficitis.
831 692 917 730 XL.
954 690 1179 730 Videamus
1216 702 1328 728 nunc
1361 688 1412 727 de
1443 688 1580 727 beato.
1632 688 1730 728 Sine
1762 690 1915 729 virtute
1947 695 2057 730 certe

276 757 394 796 nullo
427 755 574 795 modo:
614 756 745 794 virtus
785 758 924 793 autem
967 758 1164 799 actuosa,
1212 756 1253 791 et
1285 750 1389 790 deus
1424 756 1559 790 vester
1589 751 1693 790 nihil
1725 765 1874 804 agens,
1906 766 2057 806 expers

228 828 263 856 10
278 818 442 859 virtutis
472 818 618 870 igitur:
652 818 708 857 ita
736 830 786 856 ne
813 817 959 855 beatus
983 814 1166 867 quidem.
1218 811 1233 852 ll
1253 811 1312 852 Μ.
1338 813 1457 860 Quae
1479 826 1577 865 ergo
1605 814 1720 853 vita?
1754 815 2058 868 Suppeditatio,

276 881 436 934 inquis,
468 880 673 920 bonorum
707 878 823 918 nullo
856 877 1060 917 malorum
1094 876 1345 916 interventu.
1399 876 1589 923 Quorum
1620 877 1789 916 tandem
1821 878 2057 918 bonorum?

276 944 570 996 Voluptatum,
603 942 748 989 credo,
780 955 931 994 nempe
957 939 1009 980 ad
1033 952 1186 990 corpus
1209 938 1533 991 pertinentium3
1568 938 1727 977 nullam
1750 939 1861 978 enim
1882 939 2057 979 novistis

277 1006 356 1046 nisi
388 1005 616 1058 profectam
648 1017 672 1043 a
703 1017 878 1056 corpore
911 1008 951 1042 et
980 1000 1230 1041 redeuntem
1262 1000 1314 1039 ad
1337 1013 1491 1052 corpus
1513 1000 1640 1040 animi
1664 1000 1932 1054 voluptatem.
1964 1003 2057 1041 Non

277 1067 454 1107 arbitror
485 1072 544 1114 te,
578 1066 736 1113 Vellei,
768 1065 946 1105 similem
979 1077 1070 1104 esse
1101 1064 1403 1116 Epicureorum
1435 1062 1716 1116 reliquorum,
1748 1078 1856 1116 quos
1882 1077 1961 1103 non
1983 1078 2059 1118 pu-

228 1129 374 1169 ⁴5deat
406 1141 546 1168 earum
578 1128 750 1181 Epicuri
780 1141 946 1174 vocum,
979 1126 1131 1179 quibus
1162 1126 1233 1165 ille
1265 1131 1444 1164 testatur
1475 1138 1517 1164 se
1543 1139 1594 1165 ne
1618 1125 1864 1178 intellegere
1886 1126 2058 1180 quidem

275 1191 409 1231 ullum
450 1191 630 1238 bonum,
670 1190 784 1244 quod
825 1190 879 1229 sit
916 1190 1151 1228 seiunctum
1185 1201 1208 1227 a
1240 1188 1429 1227 delicatis
1462 1194 1503 1227 et
1533 1188 1725 1228 obscenis
1758 1188 2058 1241 voluptatibus,

277 1268 382 1308 quas
415 1255 586 1308 quidem
617 1267 703 1293 non
735 1253 988 1293 erubescens
1020 1251 1289 1304 persequitur
1319 1251 1455 1290 omnis
1478 1250 1741 1290 nominatim.
1804 1248 1897 1290 412.
1921 1251 2058 1299 Quem

277 1317 414 1356 cibum
455 1317 584 1369 igitur
622 1323 693 1356 aut
733 1330 837 1369 quas
882 1316 1078 1369 potiones
1119 1320 1190 1353 aut
1223 1326 1329 1367 quas
1360 1326 1508 1353 vocum
1541 1319 1612 1353 aut
1646 1314 1794 1353 florum
1828 1314 2056 1353 varietates

274 1385 349 1419 aut
380 1393 487 1433 quos
518 1385 674 1427 tactus,
716 1393 823 1432 quos
855 1379 1007 1418 odores
1039 1377 1259 1417 adhibebis
1292 1376 1343 1415 ad
1376 1375 1500 1422 deOS,
1540 1381 1587 1415 ut
1617 1389 1689 1416 eos
1721 1376 1951 1429 perfundas
1983 1389 2057 1415 vo-

225 1442 537 1495 noluptatibus‘?
575 1445 633 1482 Ac
674 1447 821 1495 poetae
855 1441 1025 1494 quidem
1061 1437 1240 1492 [nectar,
1277 1435 1543 1490 ambrosiam]
1579 1438 1724 1490 epulas
1757 1444 1987 1490 conparant
2017 1443 2059 1477 et

276 1510 349 1544 aut
378 1506 640 1544 Iuventatem
672 1510 741 1543 aut
762 1503 1043 1556 Ganymedem
1078 1501 1231 1553 pocula
1254 1500 1573 1547 ministrantem,
1606 1507 1649 1540 tu
1674 1506 1828 1547 autem,
1861 1500 2056 1553 Epicure,

277 1566 378 1620 quid
408 1566 567 1606 facies?
608 1579 747 1619 neque
778 1565 911 1611 enim,
944 1565 1055 1603 unde
1086 1563 1239 1602 habeat
1268 1563 1349 1602 ista
1380 1564 1480 1602 deus
1514 1568 1634 1610 tuus,
1666 1561 1804 1609 video,
1836 1575 1937 1609 nec,
1970 1574 2055 1615 quo

276 1628 404 1668 modo
436 1633 588 1668 utatur.
639 1627 909 1680 Locupletior
939 1626 1067 1678 igitur
1099 1625 1314 1664 hominum
1346 1629 1495 1664 natura
1522 1624 1575 1664 ad
1596 1625 1717 1665 beate
1739 1623 1968 1665 vivendum
1992 1630 2056 1664 est

278 1704 405 1745 quam
436 1692 630 1738 deorum,
664 1690 778 1743 quod
810 1689 1003 1742 pluribus
1035 1688 1258 1740 generibus
1288 1687 1441 1726 fruitur
1463 1687 1739 1740 voluptatum.
1788 1684 1883 1726 llfl3.
1906 1688 1958 1726 At
1979 1686 2055 1727 has

224 1762 262 1792 25
276 1752 457 1793 leviores
490 1754 607 1793 ducis
640 1753 893 1805 voluptates,
927 1751 1082 1804 quibus
1106 1750 1225 1803 quasi
1249 1750 1436 1789 titillatio
1459 1774 1510 1780 —
1532 1750 1699 1802 Epicuri
1723 1750 1835 1790 enim
1858 1749 1936 1790 hoc
1959 1763 2050 1789 ver-

274 1816 374 1856 bum
396 1821 459 1856 est
479 1839 532 1845 —-
553 1815 776 1855 adhibetur
798 1814 1005 1854 sensibus.
1058 1812 1152 1860 Quo
1175 1825 1310 1866 usque
1332 1812 1471 1851 ludis?
1503 1813 1605 1851 Nam
1629 1813 1752 1852 etiam
1776 1812 1892 1852 Philo
1915 1819 2057 1853 noster

273 1878 384 1919 ferre
421 1892 505 1918 non
546 1883 730 1931 poterat,
771 1877 986 1929 aspernari
1023 1875 1254 1928 Epicureos
1296 1875 1435 1914 mollis
1478 1880 1517 1914 et
1560 1874 1762 1915 delicatas
1794 1876 2056 1929 voluptates3

276 1954 437 1982 summa
469 1941 579 1981 enim
612 1940 811 1980 memoria
842 1938 1140 1992 pronuntiabat
1173 1938 1373 1990 plurimas
1404 1938 1576 1991 Epicuri
1608 1938 1838 1978 sententias
1870 1939 1921 1978 iis
1952 1939 2055 1992 ipsis

275 2004 435 2051 verbis,
479 2004 633 2057 quibus
673 2009 791 2042 erant
828 2003 1034 2054 scriptae3
1080 2001 1308 2040 Metrodori
1342 2014 1462 2047 vero,
1495 2001 1565 2053 qui
1597 2006 1660 2040 est
1689 2000 1861 2053 Epicuri
1893 2001 2055 2055 collega

225 2075 262 2105 30
276 2067 525 2120 sapientiae,
558 2067 685 2106 multa
718 2065 1015 2118 inpudentiora
1046 2064 1261 2103 recitabat.
1304 2065 1480 2102 Accusat
1510 2063 1619 2102 enim
1653 2063 1942 2111 Timocratem,
1974 2064 2056 2104 fra-

275 2134 379 2169 trem
412 2143 554 2177 suum,
585 2128 875 2175 Metrodorus,
907 2127 1020 2181 quod
1053 2127 1215 2166 dubitet
1236 2126 1390 2172 omnia,
1425 2139 1531 2179 quae
1554 2126 1604 2165 ad
1626 2126 1791 2165 beatam
1814 2126 1939 2166 vitam
1962 2139 2055 2179 per-

275 2193 454 2240 tineant,
495 2197 640 2231 ventre
680 2191 840 2237 metiri,
882 2203 1020 2243 neque
1051 2189 1092 2228 id
1127 2189 1256 2228 semel
1290 2188 1409 2236 dicit,
1451 2188 1523 2228 sed
1557 2189 1738 2242 saepius.
1789 2187 1983 2228 Adnuere
2014 2193 2054 2228 te

275 2255 424 2303 vide03
463 2259 562 2294 nota
593 2254 706 2293 enim
737 2253 813 2293 tibi
845 2259 968 2293 sunt:
1010 2251 1240 2305 proferrem
1273 2251 1422 2297 libros,
1465 2251 1500 2290 si
1533 2264 1723 2303 negares.
1768 2252 1913 2304 Neque
1944 2263 2054 2290 nunc

275 2317 560 2372 reprehendo,
592 2316 707 2371 quod
738 2317 788 2356 ad
821 2316 1077 2369 voluptatem
1110 2314 1249 2354 omnia
1279 2313 1514 2354 referantur
1546 2336 1600 2342 —
1631 2313 1710 2353 alia
1748 2318 1811 2353 est
1846 2325 1894 2352 ea
1926 2325 2055 2366 quae-

224 2389 260 2418 35
276 2381 354 2421 stio
384 2403 460 2428 —,
501 2379 575 2420 sed
608 2380 740 2419 doceo
773 2377 875 2417 deos
908 2383 1068 2417 vestros
1102 2390 1193 2416 esse
1227 2376 1453 2429 voluptatis
1486 2381 1697 2430 expertes,
1732 2376 1791 2416 ita
1819 2381 1959 2416 vestro
1989 2375 2054 2415 iu-

362 2529 392 2559 2.
427 2528 461 2558 in
484 2536 576 2566 aqua
599 2527 624 2557 A
640 2526 662 2556 Β
678 2525 725 2556 E:
759 2527 787 2555 et.
818 2524 852 2554 in
877 2533 969 2563 aqua
994 2524 1039 2555 C:
1073 2523 1123 2563 [ec]
1150 2525 1183 2554 in
1207 2532 1297 2562 aqua
1321 2523 1346 2554 O
1372 2540 1407 2544 —
1443 2531 1529 2563 quae
1546 2539 1595 2546 --
1611 2523 1706 2562 quae]
1740 2523 1797 2563 qui
1813 2540 1861 2545 ——
1878 2523 1935 2562 qui
1960 2522 1984 2554 C
2011 2538 2047 2544 —

274 2578 304 2610 3.
329 2578 393 2609 sint
417 2577 467 2610 ⁵21:
495 2580 572 2608 sunt
597 2577 620 2607 C
642 2593 677 2597 --
705 2584 743 2606 ea
767 2577 958 2605 conseruent.
975 2572 1021 2605 Qi:
1050 2583 1089 2605 ea
1113 2583 1197 2613 quae
1220 2577 1408 2604 conservent
1426 2574 1462 2604 O.
1496 2573 1769 2613 «Anyenommen,
1795 2583 1827 2604 es
1849 2574 1925 2613 qebe
1948 2573 2053 2605 solche

272 2628 459 2660 erhalcende
481 2627 684 2666 Principien,·
707 2628 824 2665 moyen
847 2625 890 2655 sie
907 2624 997 2654 daim
1021 2625 1096 2654 das
1120 2624 1277 2662 erhallen,
1307 2633 1374 2654 was
1397 2625 1471 2661 ists
1490 2625 1568 2662 y'ene
1585 2624 1708 2661 G‘otter,
1735 2622 1852 2663 glaube
1869 2623 1930 2661 ich,
1957 2622 2051 2654 sind

272 2678 416 2709 nieht.»
443 2678 585 2709 Msnvm.
614 2677 668 2706 Sic
692 2676 761 2706 iam
787 2675 967 2705 Davisius:
996 2673 1106 2711 «Sint,
1133 2674 1254 2713 inquit,
1281 2682 1371 2713 quae
1397 2675 1631 2704 conservent:
1659 2672 1724 2704 sed
1749 2681 1808 2704 eas
1827 2682 1884 2705 res
1901 2681 2047 2705 conser-

273 2728 357 2758 vent
380 2735 470 2766 quae
496 2735 620 2757 revera
645 2728 726 2757 sunt
750 2726 784 2755 et
808 2724 980 2761 existunt;
1009 2723 1094 2754 deos
1119 2724 1203 2754 istos
1221 2724 1254 2753 in
1271 2731 1391 2754 rerum
1409 2724 1531 2753 natura
1551 2730 1630 2753 esse
1647 2731 1716 2752 non
1735 2723 1882 2753 sentio.»
1902 2740 1937 2744 —
1959 2722 1989 2754 4.
2009 2732 2051 2754 ex

273 2776 394 2807 diuinis
418 2774 447 2807 et
474 2792 509 2798 —
536 2776 702 2814 &quoquo
725 2774 820 2804 modo
845 2772 883 2804 B¹
910 2788 945 2794 -
974 2780 1058 2810 quae
1080 2773 1174 2803 nulla
1197 2776 1272 2804 sunt
1295 2781 1365 2803 om.
1393 2775 1419 2803 A
1434 2773 1457 2803 C
1488 2772 1565 2811 (que
1588 2772 1675 2802 mille
1698 2775 1773 2802 sunt
1796 2774 1875 2812 post
1898 2773 2047 2812 corpori-

274 2825 332 2857 bus
353 2825 460 2856 habet
486 2825 545 2863 E);
572 2834 637 2865 ego
662 2824 801 2856 seclusi.
830 2840 864 2844 —
894 2823 924 2853 6.
950 2823 1018 2862 ipse
1041 2823 1103 2853 AB
1121 2823 1163 2860 Ε;
1190 2824 1277 2863 ipsae
1303 2823 1326 2853 C
1357 2840 1390 2844 —
1419 2825 1548 2861 possent
1573 2822 1622 2853 C:
1655 2823 1779 2860 possim
1803 2825 1827 2853 A
1845 2823 1891 2859 E}
1914 2826 2051 2862 possunt

275 2884 365 2907 corr.
393 2875 426 2905 in
446 2878 576 2914 possent
600 2876 623 2906 Β
646 2893 679 2896 -
700 2874 751 2905 414.
780 2878 808 2904 ιε
832 2873 914 2904 uelle
936 2873 1074 2904 similem
1098 2871 1126 2905 Ἡ
1148 2890 1182 2894 -
1202 2883 1266 2904 non
1292 2871 1503 2903 Lambinus:
1532 2881 1602 2902 oni.
1629 2870 1698 2903 <210
1719 2889 1752 2893 -
1781 2873 1833 2902 45.
1859 2880 1976 2903 earum
1999 2873 2048 2904 B:

273 2926 387 2957 eadem
410 2926 456 2962 Α;
491 2925 600 2955 eodem
632 2924 675 2955 E:
712 2923 891 2954 earundem
923 2922 968 2957 C;
1003 2923 1190 2953 earundem
1220 2923 1240 2953 i.
1269 2931 1298 2953 e.
1326 2924 1540 2961 quarundam
1572 2922 1818 2953 Lachmannus
1842 2922 1885 2953 ad
1911 2924 2047 2954 Lucret.

274 2983 309 3016 p.
336 2973 412 3005 220.
443 2991 476 2996 -
504 2973 647 3013 epicurei
671 2974 695 3004 A
712 2973 735 3004 Β
752 2973 775 3003 Ε
796 2998 802 3011 ,
833 2973 968 3011 epycuri
993 2972 1017 3003 C
1047 2989 1081 2994 —
1116 2981 1156 3003 ne
1180 2981 1248 3003 om,
1277 2973 1300 3003 B
1316 2972 1340 3003 E
1367 2989 1401 2993 —-
1438 2972 1489 3002 47.
1513 2972 1728 3012 prosequitur
1760 2972 1837 3010 (pro
1861 2981 1925 3012 per
1949 2981 2050 3004 com-

275 3022 455 3065 pendium)
484 3023 507 3053 C
535 3039 569 3044 —
599 3023 651 3053 119.
679 3032 762 3061 quas
786 3025 891 3053 tactus
916 3023 938 3053 B
968 3039 1001 3043 —
1030 3022 1082 3052 20.
1108 3022 1154 3053 Ae
1178 3022 1380 3053 Ernestius:
1406 3025 1442 3052 uc
1466 3020 1495 3053 ⁸21
1517 3040 1549 3043 —
1578 3021 1844 3060 aiizbrosiamque
1860 3021 1975 3061 epulas
1991 3021 2047 3053 ed.

274 3074 510 3109 Ascensiana;
538 3071 803 3111 ambrosiamque
826 3072 927 3111 epulis
944 3071 1178 3102 lleindorfius.
1205 3072 1285 3102 Mihi
1310 3075 1425 3102 nectar
1441 3071 1646 3102 ambrosiam
1669 3080 1689 3102 a
1713 3069 1905 3111 glossatore
1932 3071 2051 3103 addita

274 3123 459 3159 videntur,
486 3123 602 3161 itaque
629 3121 768 3153 seclusi.
797 3138 832 3144 —
860 3122 912 3152 ¹211.
941 3122 1141 3152 iuuenlulem
1167 3121 1189 3150 C
1206 3121 1230 3151 E
1258 3138 1292 3142 -
1325 3124 1360 3150 ια
1384 3128 1476 3151 corr.
1503 3130 1543 3151 ex
1570 3124 1638 3151 tum
1661 3122 1687 3151 A
1714 3137 1748 3141 —
1777 3120 1828 3151 25.
1856 3121 1990 3152 leuioris
2012 3123 2052 3153 A¹

276 3172 340 3205 BE
368 3188 404 3194 -
431 3171 484 3202 26.
510 3171 608 3202 etiam
631 3171 718 3201 Philo
752 3170 829 3202 cod.
858 3169 1116 3210 Glogaviensis:
1153 3171 1239 3201 enim
1266 3170 1355 3209 philo
1389 3170 1456 3209 (filo
1479 3170 1544 3201 AC
1561 3170 1596 3209 E)
1624 3168 1675 3207 213
1714 3169 1802 3200 Philo
1833 3170 1932 3201 etiam
1963 3170 1987 3201 O
2014 3186 2049 3191 —

276 3223 329 3254 27.
356 3222 523 3261 epicureos
547 3228 637 3251 corr.
664 3220 697 3250 in
722 3221 892 3258 epicureus
909 3221 932 3251 B
953 3237 987 3241 —
1016 3220 1068 3250 28.
1096 3219 1134 3250 iis
1158 3219 1204 3250 B:
1231 3219 1279 3249 his
1302 3221 1328 3250 A
1343 3220 1366 3250 C
1384 3220 1408 3250 E
1423 3220 1447 3250 O
1469 3237 1503 3241 —
1530 3220 1583 3250 29.
1602 3220 1781 3251 meli-odori
1805 3228 1896 3251 corr.
1923 3228 1965 3250 ex
1984 3227 2055 3252 me-

278 3272 412 3305 trodoro
435 3272 463 3302 A
489 3286 524 3292 —
552 3270 604 3301 30.
631 3269 825 3301 timocraten
851 3270 874 3301 C
903 3286 938 3292 —
966 3269 1019 3301 32.
1046 3268 1089 3310 id]
1116 3269 1140 3299 it
1163 3269 1190 3300 A
1217 3285 1251 3290 —
1280 3268 1333 3300 35.
1359 3269 1547 3308 uoluptates
1571 3268 1620 3301 13¹.
