2249 3624
608 154 696 193 Lm.
721 154 789 193 111.
831 154 926 193 CM».
952 152 1276 192 xvlu-xtx,
1317 150 1375 204 §§
1399 149 1594 189 69-75.
1910 149 1988 189 7:27

221 264 321 304 bilia
353 267 591 307 naseuntur,
625 265 668 299 ut
701 260 814 299 utilia
847 274 938 298 cum
972 260 1156 298 honestis
1189 272 1374 311 pugnare
1410 258 1644 298 videantur.
1685 257 1850 306 Quotus
1883 259 1991 298 enim

222 326 401 379 quisque
440 324 700 376 reperietur,
749 322 822 375 qui
870 322 1115 375 impunitate
1163 327 1203 361 et
1242 321 1505 374 ignoratione
1549 320 1734 360 omnium
1774 322 1991 374 proposita

221 387 429 428 abstinere
464 385 595 438 possit
627 385 807 424 iniuria?

335 448 484 487 XVIll.
527 446 593 487 73.
633 447 945 493 Periclitenmr,
987 447 1019 486 si
1053 447 1210 500 placet,
1252 453 1292 486 et
1324 447 1365 486 in
1398 447 1448 486 iis
1482 445 1653 499 quidem
1685 445 1914 498 exemplis,
1949 447 1991 486 in

222 511 374 564 quibus
414 511 578 564 peccari
618 509 767 561 volgus
809 509 1027 549 hominum
1068 510 1243 549 fortasse
1283 524 1365 549 non
1400 515 1530 562 putet.
1603 510 1747 560 Neque
1788 509 1898 549 enim
1940 510 2023 549 de5

221 574 405 620 sicariis,
437 571 656 619 veneticis,
689 573 1035 618 testamentariis,
1068 572 1250 618 furibus,
1285 572 1595 625 peculatoribus
1625 571 1706 610 hoc
1739 571 1829 611 loco
1861 571 1993 611 disse-

220 637 395 677 rendum
440 641 526 682 est,
567 635 638 688 qui
679 648 762 674 non
806 635 941 674 verbis
984 640 1080 674 sunt
1113 640 1153 674 et
1185 636 1471 688 disputatione
1505 633 1878 686 philosophorum,
1918 634 1992 674 sed

220 699 368 740 vinclis
400 704 441 738 et
472 711 635 738 carcere
667 697 881 748 fatigandi,
914 697 987 736 sed
1020 697 1123 737 haec
1155 697 1485 743 consideremus,
1520 710 1627 748 quae
1658 695 1818 735 faciunt
1848 697 1889 743 ii,
1922 698 1992 751 qui

219 762 427 802 habentur
456 760 571 799 boni.
632 760 676 798 L.
700 760 873 799 Minucii
894 760 1022 799 Basili
1056 760 1278 813 locupletis
1310 759 1496 798 hominis
1524 758 1674 797 salsum
1698 764 1993 799 testamentum

219 824 389 878 quidam
432 836 452 862 e
494 822 668 862 Graecia
711 823 880 862 Romam
922 822 1165 862 attulerunt.
1239 822 1364 869 Quod
1408 834 1490 874 quo
1534 821 1699 860 facilius
1741 822 2043 873 optinerent,l‹›

219 887 480 940 scripserunt
509 885 688 925 heredes
721 900 862 924 secum
894 887 949 924 M.
977 886 1170 925 Crassum
1205 891 1244 925 et
1277 886 1326 933 Q.
1350 884 1638 930 Hortensium,
1670 884 1861 923 homines
1884 885 1995 924 eius-

219 949 313 989 dem
345 948 490 988 aetatis
523 949 862 1001 potentissimos:
895 948 968 1001 qui
1001 962 1094 986 cum
1127 948 1230 988 illud
1262 947 1412 986 falsum
1446 960 1536 986 esse
1559 946 1891 999 suspicarentur,
1915 947 1994 987 sibi

219 1019 357 1053 autem
380 1011 537 1051 nullius
559 1017 701 1050 essent
723 1011 880 1050 conscii
905 1010 1066 1063 culpae,
1085 1010 1211 1050 alieni
1235 1010 1432 1050 facinoris
1457 1009 1750 1049 munusculum
1771 1022 1855 1049 non
1872 1023 1995 1062 repu-

227 1075 460 1115 diaverunt.
515 1072 626 1121 Quid
650 1076 778 1126 ergo?
810 1073 920 1113 satin
952 1079 1015 1113 est
1044 1073 1145 1121 hoc,
1168 1078 1213 1113 ut
1244 1086 1328 1112 non
1362 1072 1592 1125 deliquisse
1615 1072 1862 1112 videantur?
1894 1072 1995 1113 Mihi

221 1136 393 1191 quidem
425 1149 509 1176 non
542 1135 721 1183 videtur,
753 1149 1010 1190 quamquam
1043 1136 1220 1176 alterum
1251 1135 1389 1175 vivum
1421 1135 1570 1182 amavi,
1602 1134 1777 1174 alterum
1810 1149 1895 1175 non
1926 1136 1995 1176 odi
2012 1148 2045 1175 15

221 1204 444 1240 mortuum.
508 1195 575 1238 74.
609 1199 690 1238 Sed
724 1212 817 1238 cum
849 1199 1014 1238 Basilus
1046 1201 1098 1239 M.
1123 1199 1304 1238 Satrium
1336 1198 1491 1238 sororis
1523 1195 1654 1237 lilium
1686 1211 1840 1237 nomen
1873 1212 1994 1238 suum

219 1261 326 1304 ferre
369 1261 572 1302 voluisset
613 1275 795 1314 eumque
837 1261 1005 1301 fecisset
1044 1262 1242 1301 heredem
1287 1281 1340 1289 —
1384 1260 1497 1300 hunc
1529 1260 1622 1300 dico
1654 1265 1874 1312 patronum
1906 1262 1995 1314 agri

220 1324 362 1366 Piceni
395 1330 437 1364 et
468 1324 634 1364 Sabini:
684 1337 706 1363 o
740 1330 905 1376 turpem
938 1331 1078 1364 notam
1112 1331 1347 1377 temporum
1380 1336 1535 1363 nomen
1566 1323 1756 1362 illorum!
1794 1342 1871 1371 —-,
1911 1338 1995 1363 non

220 1393 307 1428 erat
343 1400 526 1440 aequum
560 1386 771 1439 principes
803 1386 906 1426 civis
939 1400 1026 1427 rem
1057 1387 1225 1433 habere,
1248 1387 1299 1426 ad
1323 1386 1507 1426 Satrium
1531 1385 1634 1425 nihil
1658 1391 1821 1438 praeter
1842 1399 1995 1426 nomen

219 1450 455 1504 pervenire.
515 1449 682 1488 Etenim
724 1449 757 1488 si
798 1449 855 1496 is,
898 1450 971 1502 qui
1013 1463 1097 1489 non
1142 1448 1330 1489 defendit
1368 1448 1563 1488 iniuriam
1594 1461 1735 1500 neque
1768 1448 2046 1501 propulsat‚⁶.>0

220 1527 316 1553 cum
347 1517 505 1565 potest,
546 1512 699 1552 iniuste
739 1511 859 1559 facit,
904 1518 949 1552 ut
980 1513 1021 1552 in
1054 1513 1188 1566 primo
1221 1512 1328 1551 libro
1361 1511 1566 1558 disserui,
1609 1510 1746 1563 qualis
1778 1510 1996 1551 habendus

221 1582 283 1616 est
313 1575 372 1622 is,
415 1575 486 1628 qui
519 1588 604 1614 non
635 1574 759 1613 modo
802 1588 884 1614 non
915 1576 1105 1628 repellit,
1147 1574 1221 1615 sed
1254 1575 1379 1614 etiam
1412 1573 1582 1614 adiuvat
1612 1574 1835 1613 iniuriam?
1896 1574 1997 1614 Mihi

221 1639 392 1693 quidem
425 1637 549 1677 etiam
582 1650 704 1676 verae
736 1637 998 1677 hereditates
1031 1651 1116 1677 non
1148 1638 1350 1677 honestae
1373 1636 1581 1684 videntur,
1605 1637 1638 1676 si
1662 1642 1758 1676 sunt
1779 1636 1996 1676 malitiosis

221 1701 461 1747 blanditiis,
495 1698 727 1739 officiorum
762 1714 845 1740 non
876 1701 1065 1748 veritate,
1098 1700 1171 1740 sed
1204 1699 1471 1739 simulatione
1505 1699 1734 1752 quaesitae.
1795 1700 1921 1752 Atqui
1954 1701 1997 1739 in

222 1761 375 1805 talibus
407 1764 530 1803 rebus
563 1762 675 1802 aliud
709 1763 809 1802 utile
842 1763 1075 1809 interdum,
1107 1763 1221 1802 aliud
1253 1762 1477 1802 honestum
1510 1763 1642 1802 videri
1674 1763 1792 1802 solet.
1852 1763 2048 1811 Fals03-25

224 1841 319 1867 nam
351 1826 497 1867 eadem
530 1825 721 1865 utilitatis
754 1840 861 1878 quae
892 1826 1125 1866 honestatis
1157 1831 1220 1865 est
1250 1825 1407 1877 regula.
1467 1824 1533 1864 735.
1567 1826 1649 1873 Qui
1682 1823 1760 1864 hoc
1791 1838 1877 1864 non
1907 1839 1999 1878 per-

224 1890 399 1937 viderit,
440 1889 491 1929 ab
521 1888 602 1927 hoc
634 1888 750 1928 nulla
781 1888 894 1928 fraus
926 1889 1081 1936 aberit,
1121 1889 1282 1928 nullum
1314 1888 1487 1928 facinus.
1549 1888 1617 1927 Sic
1650 1888 1761 1928 enim
1795 1889 1997 1941 cogitans,

225 1955 322 1993 «Est
353 1954 457 1993 istuc
490 1951 660 2005 quidem
691 1951 937 1998 honestum,
978 1965 1122 1991 verum
1154 1951 1234 1990 hoc
1267 1950 1486 2003 expertum
1530 1964 1596 1990 res
1637 1963 1661 1990 a
1692 1956 1841 1990 natura
1874 1964 1998 2004 copu-

222 2016 326 2056 latas
359 2014 530 2055 audebit
561 2027 701 2053 errore
736 2014 950 2061 divellere,
983 2014 1055 2068 qui
1086 2014 1181 2054 fons
1214 2018 1277 2053 est
1306 2012 1532 2060 fraudium,
1564 2012 1878 2060 maleficiorum,
1910 2026 1999 2053 sce-

222 2079 356 2118 lerum
397 2078 597 2118 omnium.
674 2077 788 2115 xlx.
834 2077 982 2130 ltaque
1022 2078 1056 2117 si
1100 2077 1160 2116 vir
1199 2077 1333 2116 bouus
1373 2075 1525 2115 habeat
1562 2076 1669 2115 hanc
1710 2075 1813 2122 vim,
1854 2081 1923 2123 ut,
1964 2077 2048 2116 sisso

226 2141 366 2193 digitis
399 2139 710 2192 concrepuerit,
752 2139 886 2192 possit
926 2140 969 2178 in
1000 2140 1276 2191 locupletium
1308 2143 1558 2178 testamenta
1588 2151 1741 2178 nomen
1773 2137 1861 2177 eius
1892 2139 2000 2178 inre-

222 2217 345 2256 pere,
389 2203 466 2242 hac
498 2202 538 2242 vi
570 2216 654 2242 non
688 2207 847 2249 utatur,
889 2216 940 2241 ne
979 2202 1014 2242 si
1051 2202 1316 2254 exploratum
1359 2200 1531 2253 quidem
1574 2199 1723 2240 habeat
1753 2200 1795 2239 id
1829 2201 1999 2240 omnino

225 2265 436 2305 neminem
468 2278 669 2319 umquam
699 2265 1024 2318 suspicaturum.
1070 2266 1123 2305 At
1154 2263 1275 2304 dares
1305 2264 1413 2304 hanc
1444 2264 1528 2303 vim
1551 2264 1604 2303 M.
1629 2263 1790 2311 Crasso,
1821 2268 1866 2303 ut
1896 2263 2001 2316 digi-

311 2450 343 2483 4.
373 2455 403 2483 et
427 2452 471 2483 C:
499 2459 568 2481 om.
591 2449 670 2481 edd.
693 2451 920 2482 recentiores.
950 2468 984 2472 —-
1023 2451 1057 2481 in
1082 2459 1148 2482 om.
1167 2451 1188 2481 b
1215 2467 1251 2472 —
1280 2450 1319 2481 iis
1343 2450 1418 2481 Bb:
1445 2449 1493 2480 liis
1516 2449 1590 2488 lla,
1616 2449 1677 2487 hijs
1701 2457 1718 2480 c
1748 2466 1781 2470 —-
1809 2449 1839 2480 5.
1860 2451 1959 2488 putat
1982 2449 2002 2480 b

230 2519 264 2524 —
293 2502 331 2533 de
353 2501 490 2532 secar-iis
512 2500 677 2540 ueneficiis
700 2500 739 2535 b3
768 2500 806 2531 de
828 2500 962 2530 sicariis
985 2500 1023 2531 (le
1047 2502 1199 2540 veneficis
1224 2509 1241 2531 c
1278 2518 1312 2522 —
1349 2500 1379 2531 6.
1405 2498 1534 2540 furibus
1558 2500 1581 2530 B
1597 2499 1624 2529 11
1639 2507 1676 2529 c:
1708 2498 1860 2538 fruyibus
1884 2499 1936 2530 ab
1963 2516 1998 2520 —

225 2553 256 2584 7.
284 2553 339 2592 qui
363 2550 675 2590 non-—fatiyandi
700 2550 829 2580 Nonius
855 2559 888 2590 p.
905 2550 979 2581 340.
1010 2568 1043 2572 —
1077 2550 1108 2582 8.
1136 2550 1276 2580 uinculis
1301 2559 1318 2581 0
1355 2567 1388 2571 -
1421 2550 1590 2590 fatigsandt
1616 2550 1639 2579 C
1667 2550 1699 2579 et
1726 2549 1873 2579 Nonius:
1900 2549 2004 2579 custi-

225 2603 328 2644 9andi
353 2601 418 2633 alii.
459 2600 508 2632 Cf.
536 2601 547 2630 l
573 2600 662 2639 5¹88.
702 2616 737 2621 —-
775 2600 864 2639 haec]
890 2600 948 2630 hoc
971 2601 992 2631 b
1029 2618 1062 2622 —-
1102 2601 1124 2630 it
1150 2602 1225 2631 Bb:
1252 2601 1284 2630 Ιιὶ
1308 2609 1340 2637 a,
1366 2600 1411 2630 Ιιὶἱ
1436 2600 1476 2637 H,
1502 2600 1547 2638 hij
1572 2608 1590 2630 0
1620 2616 1651 2621 —
1693 2599 1723 2630 9.
1750 2599 1873 2629 minuet
1897 2599 1999 2639 Bab,

225 2653 349 2683 mimici
374 2660 392 2683 o
421 2669 455 2673 —
484 2651 535 2681 Δ11.
565 2651 615 2689 tt]
634 2651 785 2689 quintum
811 2651 834 2681 C
860 2668 901 2672 -
939 2652 989 2681 1l2'..
1017 2659 1083 2681 esse
1105 2651 1227 2690 salsum.
1254 2650 1391 2689 (additis
1418 2648 1669 2690 transponendi
1694 2648 1811 2687 signis)
1837 2657 1858 2679 a
1885 2666 1919 2671 —
1949 2649 2001 2681 44.

225 2697 321 2733 satin'
349 2709 367 2732 o
391 2716 435 2723 —
460 2700 511 2731 45.
539 2700 683 2730 alterum
706 2700 823 2730 uiuum
847 2701 960 2730 αηιαυί
984 2709 1053 2731 oni.
1077 2701 1100 2730 ll
1131 2717 1165 2722 -—
1194 2700 1245 2730 46,
1266 2700 1401 2730 basilius
1426 2707 1443 2729 c
1473 2716 1506 2719 ——
1531 2699 1637 2739 fitium
1660 2708 1776 2729 nomen
1799 2708 1895 2730 suum
1916 2700 2004 2739 ferre

228 2752 380 2782 voluisset
404 2750 534 2780 Nonius
561 2759 593 2789 p.
611 2749 685 2779 302.
716 2766 750 2771 -—
780 2750 830 2780 117.
857 2750 941 2780 hunc
966 2750 1013 2780 uit
1038 2750 1109 2780 dico
1134 2758 1185 2781 ac
1215 2767 1249 2771 —
1279 2750 1329 2780 48.
1358 2759 1375 2780 ο
1400 2753 1528 2788 turpem
1553 2752 1664 2779 notam
1688 2752 1871 2788 temporum
1887 2758 2003 2781 nomen

226 2802 361 2832 illorum
386 2800 411 2830 H
427 2808 466 2831 a:
494 2808 512 2829 ο
537 2802 632 2838 turpe
656 2802 770 2829 notam
796 2803 980 2838 temporum
1005 2809 1120 2831 nomen
1147 2800 1277 2830 illorum
1300 2800 1337 2831 b:
1365 2808 1383 2829 ο
1408 2802 1503 2837 turpe
1526 2801 1639 2828 uotam
1663 2801 1846 2837 tempor-zon
1869 2800 2003 2831 illorum

227 2850 270 2885 B;
308 2859 326 2880 o
350 2853 444 2887 turpe
468 2856 584 2879 nomen
607 2849 742 2879 illorum
765 2853 951 2888 temporum
981 2858 1017 2885 cg
1057 2860 1075 2880 o
1099 2854 1228 2889 turpem
1250 2853 1364 2880 notam
1389 2852 1572 2888 temporum
1596 2848 1728 2878 illorum
1759 2857 1796 2884 o;
1835 2858 1852 2880 ο
1876 2853 2003 2889 turpem

226 2903 340 2930 notam
363 2902 548 2938 temporarii
573 2899 654 2937 (orn.
674 2908 791 2930 nomen
816 2900 958 2939 illorum)
984 2900 1170 2931 Victorius.
1202 2917 1237 2920 -—
1264 2909 1327 2930 non
1355 2901 1399 2930 C:
1427 2907 1505 2929 num
1530 2906 1548 2929 0
1589 2914 1622 2919 —
1662 2898 1714 2928 49.
1740 2899 1822 2930 ciuis
1845 2900 1868 2931 B
1886 2900 1998 2932 llab:

227 2951 311 2980 cives
336 2957 354 2980 e
370 2957 388 2980 ο
417 2965 452 2971 -
480 2958 549 2980 rem
573 2950 641 2980 eius
663 2949 781 2980 habere
805 2954 834 2980 et
858 2951 901 2980 att
926 2959 943 2982 c
984 2967 1019 2972 -
1059 2951 1110 2981 ΞΟ,
1137 2950 1314 2990 propulsat
1338 2948 1416 2980 cod.
1443 2949 1545 2979 Bern.
1573 2947 1596 2978 d
1620 2946 1752 2979 Orellii:
1784 2950 1959 2989 propulsat
1982 2960 2003 2981 a

229 2999 296 3030 suis
321 2999 358 3030 C.
386 2998 436 3029 Cf.
463 2999 475 3029 1
500 2998 590 3038 §fia
621 3016 653 3020 -
682 3000 734 3030 22.
761 3002 805 3030 est
829 3000 878 3030 his
902 3001 957 3039 qui
981 3001 1001 3032 b
1029 3018 1062 3022 -—
1092 3001 1144 3032 24.
1171 3002 1275 3039 Atque
1299 3008 1316 3031 c
1344 3016 1378 3021 —
1406 3001 1441 3030 in
1467 3007 1536 3029 om.
1556 3000 1577 3030 b
1617 3015 1652 3020 —
1690 2999 1742 3030 ⁶26.
1769 2999 1858 3039 nam]
1884 3010 1949 3031 non
1975 3001 2002 3032 H

233 3064 269 3070 —-
295 3048 349 3079 27.
376 3049 420 3079 ad
443 3048 712 3089 hoc—-facinus
737 3050 867 3081 Nonius
893 3058 925 3090 p.
942 3050 1016 3082 3-10.
1047 3069 1080 3072 -
1109 3052 1161 3083 28.
1188 3052 1274 3082 istud
1299 3058 1317 3081 c
1345 3066 1379 3071 -
1409 3050 1461 3080 29.
1486 3049 1660 3088 fraudium
1685 3050 1724 3080 C:
1750 3050 1910 3089 fraudum
1933 3049 1999 3081 alii.

233 3096 284 3128 Cf.
310 3098 423 3128 Pison.
453 3097 544 3137 544.
584 3116 619 3121 —
661 3099 713 3130 30.
742 3100 857 3138 Itaque
880 3100 907 3129 si
924 3117 970 3123 --
986 3101 1066 3132 mihi
1091 3103 1185 3132 crede
1208 3101 1346 3131 saltaret
1379 3097 1493 3130 schol.
1513 3098 1676 3130 AmbrOS.
1703 3099 1747 3130 ad
1772 3108 1821 3131 or.
1851 3100 1893 3131 de
1919 3108 2001 3139 rege

234 3145 330 3177 Alex,
357 3155 391 3186 p.
409 3146 491 3183 349;
530 3149 640 3187 itaque
663 3149 688 3178 si
705 3166 753 3171 --
770 3149 839 3179 cius
863 3150 1007 3188 irrepere
1032 3151 1162 3181 Nonius
1188 3160 1220 3191 p.
1242 3151 1314 3181 ⁴255.
1356 3167 1391 3171 —-
1430 3149 1546 3188 ltaque
1562 3150 1706 3180 --hanc
1731 3150 1796 3181 vim
1820 3158 1889 3180 om.
1911 3150 1937 3180 11
1964 3166 1999 3170 —

235 3195 288 3226 31.
315 3196 432 3236 diyitos
455 3196 568 3228 Schol.
588 3198 750 3228 Ambros.
792 3215 826 3220 —
865 3199 1060 3238 locupletum
1086 3200 1192 3231 idern.
1233 3216 1268 3221 -
1308 3201 1499 3230 testamenta
1526 3206 1561 3230 c:
1590 3202 1781 3231 testamento
1804 3199 1938 3230 Bl-lab
1965 3215 1999 3220 -—

237 3245 289 3277 32.
316 3246 377 3277 hac
399 3247 432 3278 υἱ
454 3256 519 3278 ηοη
544 3251 692 3279 mutatur
707 3265 756 3271 --
773 3249 1019 3287 suspicaturum
1044 3251 1174 3281 Nonius
1199 3258 1232 3290 p.
1249 3248 1324 3281 204.
1353 3266 1387 3270 —
1415 3258 1472 3280 nec
1495 3249 1521 3280 si
1545 3251 1565 3281 b
1592 3266 1626 3272 —
1654 3250 1771 3283 habeat
1795 3251 1873 3291 post
1895 3249 2003 3289 suspi-

239 3298 392 3328 caturum
414 3297 513 3338 ponit
537 3306 554 3329 c.
593 3315 628 3320 —
666 3298 719 3330 33.
744 3299 783 3330 At
809 3299 905 3331 dares
928 3300 951 3331 B
967 3300 1081 3331 Hah:
1107 3299 1248 3332 Addet-es
1272 3307 1307 3338 c;
1333 3298 1374 3331 Ac
1396 3299 1424 3331 si
1447 3299 1543 3332 dares
1567 3297 1632 3332 alii.
