2249 3624
389 141 478 180 Lm.
509 140 557 179 v.
602 138 699 179 cn».
731 137 1222 178 xxxvl—xxxviii.
1264 133 1323 187 §§
1356 131 1589 174 toa-iii.
1826 130 1899 170 361

138 254 220 289 tem
252 246 406 287 malum
438 249 522 291 est,
555 258 680 298 quam
711 244 764 283 sit
795 257 843 283 ea
875 242 1198 288 contemnenda,
1236 241 1360 294 paulo
1393 246 1487 279 ante
1520 239 1675 278 dictum
1708 243 1781 277 est.
1834 238 1907 276 Sin

139 311 284 351 abesse
315 309 447 361 patria
478 308 671 346 miserum
705 313 786 351 est,
819 306 966 359 plenae
999 307 1244 344 miserorum
1274 304 1510 356 provinciae
1534 308 1648 346 sunt,
1681 300 1908 353 exquibus

141 370 362 411 admodum
396 369 516 422 pauci
549 369 591 407 in
623 369 796 421 patriam
830 375 1110 408 revertuntur.
1171 365 1256 406 ¹07.
1292 369 1367 404 “At
1400 366 1624 404 multantur
1654 364 1774 402 bonis
1806 376 1909 399 exu-

142 434 238 473 les.»
275 432 386 480 Quid
419 434 534 471 tum?
566 444 767 484 parumne
801 432 928 470 multa
960 432 1010 469 de
1044 429 1258 469 toleranda
1291 435 1532 481 paupertate
1566 426 1792 465 dicuntur?
1825 424 1907 462 lam

142 508 239 534 vero
271 494 462 540 exilium,
507 494 539 532 si
582 507 715 532 rerum
759 500 966 537 naturam,
1011 506 1092 531 non
1135 493 1402 542 ignominiam
1442 490 1622 529 nominis
1654 488 1936 541 quaerimus‚5

143 562 343 610 quantum
376 556 541 594 tandem
575 569 596 594 a
630 561 830 607 perpetua
864 555 1201 606 peregrinatione
1234 554 1399 592 dill'ert't
1445 554 1485 591 in
1518 565 1600 604 qua
1631 556 1785 589 aetates
1817 562 1911 587 suas

143 617 377 673 philosophi
420 617 669 656 nobilissimi
712 624 1084 668 consumpserunt,
1136 618 1411 661 Xenocrates,
1458 615 1650 656 Crantor,
1692 611 1912 657 Arcesilas,

143 680 349 734 Lacydes,
382 679 648 724 Aristoteles,
681 678 1018 731 Theophrastus,
1056 681 1180 725 Zeno,
1213 678 1454 723 Cleanthes,
1487 676 1766 728 Chrysippus,
1797 673 1913 711 Anti-

142 749 277 795 pater,
311 741 564 787 Carneades,
598 742 837 786 Panaetius,
872 741 1170 785 Clitomachus,
1206 741 1338 785 Philo,
1371 739 1615 783 Antiochus,
1647 735 1911 779 Posidonius,

142 803 470 845 innumerabiles
502 803 595 848 alii,
628 804 698 855 qui
731 803 857 842 semel
891 804 1046 854 egressi
1079 816 1304 855 numquam
1338 802 1507 840 domum
1540 803 1810 838 reverterunt.
1860 797 1960 834 Atio

141 867 251 906 enim
295 866 384 904 sine
433 866 662 917 ignominia
703 866 717 884 '³
752 869 761 879 '
793 870 801 878 “
838 865 1016 904 adlicere
1056 865 1316 918 sapientem?
1358 864 1408 902 de
1442 863 1631 915 sapiente
1664 861 1774 900 enim
1812 860 1910 897 haec

141 928 275 968 omnis
317 927 450 966 oratio
483 933 564 973 est,
608 928 673 966 cui
707 928 793 966 iure
826 927 864 966 id
898 927 1086 967 accidere
1119 940 1202 965 non
1237 927 1388 980 possit;
1422 939 1515 964 nam
1548 925 1636 963 iure
1669 922 1909 962 exulantem

141 990 348 1030 consolari
382 1002 463 1028 non
495 995 670 1042 oportet.
730 987 816 1028 ltlS.
849 991 1063 1028 Postremo
1095 989 1146 1028 ad
1179 989 1313 1028 omnis
1344 1002 1463 1027 casus
1492 987 1688 1025 facillima
1713 984 1815 1024 ratio
1848 988 1911 1022 est

140 1066 296 1098 eorum,
329 1052 400 1103 qui
424 1052 474 1090 ad
499 1051 757 1104 voluptatem
780 1064 827 1091 ea
851 1051 1049 1097 referunt,
1083 1064 1190 1104 quae
1213 1055 1410 1090 secuntur
1431 1050 1472 1088 in
1494 1051 1590 1094 vita,
1623 1054 1678 1093 ut,
1709 1059 1910 1099 quocum-

140 1129 222 1169 que
253 1114 354 1154 haec
386 1114 477 1153 loco
510 1114 822 1166 suppeditetur,
855 1114 910 1153 ibi
944 1115 1063 1153 beate
1093 1119 1248 1167 queant
1277 1114 1429 1152 vivere.
1484 1113 1628 1164 ltaque
1661 1110 1711 1150 ad
1744 1117 1960 1148 oinnemt5

140 1178 344 1217 rationem
377 1175 526 1215 Teucri
560 1189 641 1214 vox
672 1176 980 1215 accommodari
1012 1181 1170 1229 potest:

560 1238 730 1278 Patria
762 1246 860 1285 est,
895 1239 1218 1290 ubicumque
1250 1244 1332 1278 est
1362 1238 1504 1276 hene.

139 1303 331 1342 Socrates
373 1300 541 1353 quidem
579 1313 671 1339 cum
715 1307 949 1353 rogaretur,
992 1302 1172 1341 cuiatem
1214 1314 1257 1339 se
1301 1313 1392 1339 esse
1425 1300 1602 1343 diceret,
1644 1295 1911 1340 mundanum,

137 1365 296 1417 inquit;
336 1364 463 1402 totius
508 1363 618 1402 enim
660 1364 802 1403 mundi
842 1378 886 1403 se
925 1363 1104 1402 incolam
1146 1369 1186 1402 et
1217 1364 1348 1402 civem
1380 1360 1670 1401 arbitrabatur.
1722 1356 1833 1405 Quid
1866 1358 1912 1395 T.

137 1426 362 1466 Albucius?
406 1437 545 1463 nonne
583 1425 723 1464 animo
762 1426 1017 1479 aequissimo
1059 1426 1229 1465 Athenis
1262 1425 1358 1464 exul
1397 1422 1808 1476 philosophabatur?
1849 1418 1963 1457 cuia)

136 1495 274 1528 tamen
296 1488 399 1527 illud
421 1488 559 1540 ipsum
582 1500 664 1526 non
687 1489 921 1535 accidisset,
945 1489 977 1527 si
1002 1488 1043 1527 in
1066 1502 1109 1528 re
1133 1488 1299 1540 publica
1321 1488 1543 1540 quiescens
1561 1484 1729 1536 Epicuri
1752 1482 1913 1534 legibus

140 1551 362 1604 paruisset.
420 1547 506 1589 109.
531 1550 614 1598 Qui
647 1551 757 1589 enim
780 1551 939 1590 beatior
960 1551 1187 1603 Epicurus,
1215 1549 1326 1602 quod
1350 1550 1390 1588 in
1415 1547 1547 1601 patria
1570 1547 1749 1592 vivebat,
1774 1557 1912 1597 quam,

137 1613 248 1666 quod
281 1613 474 1659 Athenis,
516 1612 807 1652 Metrodorus?
848 1618 918 1652 aut
955 1613 1071 1651 Plato
1106 1613 1385 1651 Xenocratem
1417 1609 1611 1650 vincebat
1642 1613 1711 1647 aut
1742 1607 1912 1646 Polemo

136 1675 365 1715 Arcesilam
408 1688 490 1727 quo
541 1680 651 1714 esset
689 1675 879 1714 beatior?
924 1674 1080 1722 Quanti
1120 1688 1218 1714 vero
1252 1675 1329 1714 ista
1362 1674 1507 1713 civitas
1541 1669 1800 1711 aestimanda
1837 1674 1912 1715 est,

138 1751 190 1777 ex
222 1750 305 1790 qua
336 1737 434 1776 boni
458 1737 756 1790 sapientesque
779 1737 1020 1790 pelluntur?
1051 1738 1298 1776 Damaratus
1323 1736 1508 1789 quidem,
1541 1732 1759 1786 Tarquinii
1782 1731 1912 1770 nostri
1928 1740 1963 1768 25

137 1801 248 1852 regis
280 1806 416 1852 pater,
449 1805 670 1852 tyrannum
696 1799 918 1854 Cypselum
939 1799 1053 1853 quod
1075 1799 1182 1839 ferre
1204 1812 1287 1838 non
1318 1803 1501 1851 poterat,
1533 1796 1639 1848 fugit
1661 1794 1912 1848 Tarquinios

140 1861 340 1902 Corintho
375 1867 415 1900 et
447 1862 504 1901 ibi
535 1875 631 1901 suas
663 1861 850 1901 fortunas
883 1862 1100 1901 constituit
1129 1874 1176 1900 ac
1201 1861 1354 1901 liberos
1376 1859 1627 1913 procreavit.
1660 1858 1765 1896 Num
1788 1855 1912 1896 stulte

137 1924 380 1976 anteposuit
413 1924 529 1963 exilii
563 1924 793 1964 libertatem
826 1925 1080 1964 domesticae
1113 1924 1334 1963 servituti?

253 1986 483 2025 XXXVIII.
518 1983 611 2026 ΗΟ,
645 1988 729 2026 Iam
752 2001 849 2027 vero
878 1992 1016 2027 motus
1038 1986 1186 2033 animi,
1219 1986 1525 2026 sollicitudines
1547 1983 1914 2036 aegritudinesque

137 2050 353 2090 oblivione
386 2049 598 2089 leniuntur
629 2050 828 2089 traductis
851 2050 1001 2089 animis
1024 2050 1074 2089 ad
1098 2050 1370 2101 voluptatem.
1417 2049 1508 2087 Non
1531 2048 1620 2086 sine
1643 2059 1767 2085 causa
1790 2045 1916 2097 igitur
1929 2050 1965 2080 30

138 2113 345 2165 Epicurus
379 2124 506 2150 ausus
539 2117 602 2151 est
633 2111 772 2151 dicere
805 2125 972 2165 semper
1003 2112 1045 2151 in
1068 2111 1257 2164 pluribus
1280 2110 1399 2149 bonis
1423 2123 1514 2149 esse
1536 2109 1782 2161 sapientem,
1816 2106 1916 2159 quia

137 2186 303 2226 semper
342 2173 396 2212 sit
435 2174 477 2212 in
515 2174 814 2227 voluptatibus.
861 2175 925 2214 Ex
956 2188 1038 2227 quo
1077 2171 1185 2213 effici
1225 2177 1343 2225 putat
1381 2172 1471 2218 ille,
1513 2172 1626 2224 quod
1659 2170 1913 2223 quaerimus,

136 2243 181 2277 ut
211 2237 377 2289 sapiens
409 2249 575 2289 semper
598 2236 745 2276 beatus
780 2237 846 2277 sit.
905 2234 920 2276 ‘l
940 2234 948 2275 l
968 2234 997 2275 l.
1037 2236 1267 2282 «Etiamne,
1298 2236 1332 2273 si
1364 2234 1556 2273 sensibus
1590 2232 1745 2272 carebit
1775 2230 1917 2270 oculo-

138 2313 248 2344 rum,
281 2298 316 2337 si
347 2298 571 2337 aurium?»
623 2297 781 2346 Etiam3
813 2312 907 2338 nam
939 2300 1018 2338 ista
1049 2298 1138 2351 ipsa
1170 2297 1415 2336 contemnit.
1462 2297 1645 2335 Primum
1678 2295 1787 2334 enim
1819 2294 1916 2333 hor-

138 2359 270 2401 ribilis
303 2361 381 2400 ista
413 2361 588 2400 caecitas
619 2361 770 2414 quibus
802 2361 970 2401 tandem
999 2367 1110 2400 caret
1132 2360 1450 2412 voluptatibus?
1483 2372 1574 2398 cum
1597 2357 1768 2411 quidam
1791 2357 1914 2396 etiam
1929 2363 1965 2392 35

142 2423 356 2476 disputent
378 2429 536 2463 ceteras
559 2423 794 2477 voluptates
822 2424 864 2463 in
888 2424 991 2477 ipsis
1013 2423 1201 2463 habitare
1225 2422 1430 2469 sensibus,
1453 2434 1560 2474 quae
1582 2426 1721 2460 autem
1743 2424 1915 2471 aspectu

226 2609 253 2640 t.
282 2608 539 2647 contempnenda
570 2609 596 2639 G
629 2625 663 2630 —
693 2607 807 2648 paulo]
841 2608 922 2638 sicut
955 2617 976 2639 a
1004 2608 1106 2647 paulo
1131 2609 1156 2639 R
1182 2610 1215 2639 et
1242 2608 1343 2645 (corr.
1372 2606 1450 2638 ead.
1477 2614 1523 2637 m.
1552 2615 1592 2637 ex
1616 2606 1700 2636 sicut
1722 2606 1840 2644 apollo)
1867 2606 1913 2642 G;

137 2659 231 2690 sicuti
251 2659 352 2698 paulo
377 2659 400 2690 B
429 2676 463 2680 —
492 2660 523 2689 2.
553 2657 658 2690 «Olim
684 2659 759 2690 sine
785 2658 892 2689 dubio
918 2660 1012 2689 recte
1038 2658 1146 2689 abesse
1169 2668 1190 2689 a
1208 2659 1336 2697 patria.
1372 2657 1420 2688 (ΞΓ.
1450 2655 1621 2687 Emendd.
1642 2656 1763 2696 Epistt.
1784 2664 1816 2695 p.
1837 2655 1912 2686 61.»

140 2708 195 2740 W.
217 2725 250 2730 —
276 2709 467 2747 prouintiae
491 2710 515 2739 G
537 2726 572 2730 —
599 2708 629 2739 4.
657 2708 842 2739 tolleranda
866 2710 890 2739 G
906 2709 930 2740 R
951 2726 986 2730 ——
1014 2709 1044 2740 6.
1072 2709 1204 2739 tandem
1229 2718 1249 2739 α
1275 2708 1453 2739 Davisius:
1481 2708 1604 2736 damna
1622 2706 1665 2737 C;
1693 2705 1857 2735 demuma
1876 2703 1913 2734 O.

141 2756 210 2788 «Cf.
238 2758 263 2795 I,
291 2758 342 2788 ⁴2.
371 2758 426 2794 111,
453 2758 484 2789 8.
512 2758 549 2791 V.
577 2758 631 2789 89.
659 2759 732 2788 tii.
762 2758 834 2788 Μῖ.
867 2759 903 2789 ln
934 2758 1153 2797 gravioribus
1179 2758 1337 2789 eiusdem
1364 2755 1694 2795 interrogationibus
1718 2756 1847 2786 demum
1873 2763 1915 2785 ne

142 2806 298 2838 Latinum
325 2807 469 2846 quidem
496 2811 583 2838 est.»
609 2808 663 2839 W.
686 2825 720 2829 —
749 2809 782 2838 7.
810 2809 990 2840 archesilas
1015 2810 1038 2839 C
1061 2826 1095 2831 -—
1123 2810 1153 2839 8.
1181 2809 1321 2839 cleantes
1346 2808 1408 2838 GR
1430 2825 1463 2828 —
1492 2807 1523 2837 9.
1542 2806 1722 2837 carneades
1742 2806 1918 2843 panaetius

141 2856 354 2887 clitomachus
374 2856 464 2895 philo
488 2855 546 2888 R25
573 2858 753 2888 carneades
773 2858 862 2896 philo
881 2857 919 2889 G¹
935 2858 989 2894 R¹;
1016 2859 1196 2889 carneades
1217 2858 1393 2897 panaetius
1408 2856 1619 2886 clitomachus
1634 2856 1816 2886 carneades
1829 2855 1917 2894 philo

142 2906 216 2937 (3213
244 2924 279 2928 —
307 2907 338 2938 9.
359 2907 567 2946 possidonius
592 2908 615 2937 G
632 2908 656 2938 R
678 2924 712 2928 -
741 2907 793 2937 41.
815 2908 900 2937 enim
926 2916 1105 2948 superscr.
1134 2910 1165 2938 in
1186 2909 1210 2938 G
1230 2924 1263 2929 —
1292 2907 1476 2947 ι’φιοηιιίιία
1492 2906 1632 2945 adficere
1649 2906 1693 2939 C;
1719 2905 1914 2944 iynorninia.

142 2956 325 2995 lqnominia
356 2957 496 2997 adficere
524 2958 644 2996 poterit
676 2957 868 2992 Manutius;
902 2958 1096 2997 iynomim'a.
1128 2958 1176 2988 An
1203 2961 1306 2996 potest
1329 2956 1465 2986 exilium
1488 2956 1673 2995 ignominia
1696 2954 1836 2993 adficere
1859 2954 1914 2986 W.

142 3004 194 3044 (At
223 3006 308 3036 enim
339 3007 406 3036 sine
435 3006 621 3046 ignominia
652 3007 799 3045 cogitare
822 3016 887 3037 ηοη
919 3007 993 3037 licet
1023 3007 1188 3038 exsilium.
1232 3007 1333 3044 Quasi
1356 3006 1425 3035 ulla
1455 3006 1556 3044 possit
1579 3004 1763 3045 ignominia
1786 3004 1917 3042 afficere

143 3054 338 3092 sapientem!
370 3056 461 3087 Bake
488 3055 507 3087 l.
535 3055 556 3087 l.
583 3065 615 3096 p.
644 3055 731 3095 42¹4.)
760 3074 794 3080 -—-
828 3058 879 3088 112.
905 3057 939 3087 id
970 3065 1149 3096 superscr.
1177 3058 1208 3087 in
1241 3058 1266 3085 G
1301 3073 1335 3078 —
1369 3055 1516 3094 accipere
1547 3056 1570 3085 C
1598 3071 1632 3075 —
1665 3052 1716 3084 44.
1744 3062 1857 3084 eorum
1883 3054 1914 3083 in

146 3111 254 3143 marg.
280 3103 481 3145 suppletum
510 3105 618 3136 habet
643 3106 667 3136 R
695 3120 729 3126 —
760 3106 810 3136 ⁴5.
836 3106 1058 3145 suppeditetur
1082 3107 1163 3137 GR:
1198 3105 1377 3143 suppeditet
1402 3104 1425 3134 B
1441 3104 1465 3134 O
1494 3121 1527 3125 —
1556 3104 1606 3134 48.
1633 3104 1846 3133 Socrates--
1863 3102 1916 3131 in-

145 3153 214 3190 quit
236 3154 365 3184 Nonius
391 3162 424 3194 p.
445 3155 497 3185 93.
528 3173 563 3177 -
596 3155 647 3185 ⁶20.
675 3154 818 3185 albutius
843 3156 867 3185 G
896 3172 930 3177 —
956 3156 1009 3186 Ἡ.
1038 3156 1224 3194 quiens-cens
1249 3156 1272 3183 G
1300 3170 1335 3175 ——
1369 3153 1420 3184 23.
1448 3156 1483 3183 ut
1503 3153 1597 3192 plato
1614 3170 1661 3175 --
1679 3156 1736 3182 aut
1766 3152 1848 3183 GR:
1881 3155 1916 3181 ut

143 3200 234 3239 plato
250 3219 298 3225 --
314 3207 349 3233 ut
373 3203 396 3234 B
424 3221 460 3227 -
485 3204 538 3235 25.
565 3205 768 3235 Demaratus
791 3204 816 3235 Ο
843 3222 877 3227 -
905 3205 1031 3245 tarquii
1056 3203 1133 3236 GR¹
1159 3222 1194 3226 —
1220 3204 1307 3244 regis
1330 3203 1434 3234 nostri
1457 3203 1482 3234 Ο
1510 3221 1545 3226 -
1572 3203 1625 3234 ⁵29.
1652 3211 1713 3241 que
1736 3210 1912 3242 superscr.

147 3250 181 3282 in
204 3251 230 3281 G
255 3269 291 3274 —
316 3251 369 3285 34.
393 3254 588 3294 contempnit
611 3254 650 3287 G.

2235 1819 2244 1873 v·-

2232 2105 2241 2215 ω-...κ
