2249 3624
516 150 603 190 Lm.
638 151 702 189 1v.
749 149 844 191 Cu».
879 150 1289 190 xxxl1-xxxlv.
1328 149 1387 203 §5
1419 148 1612 190 68-73.
1872 150 1952 192 3027

194 262 292 302 tudo
323 258 504 304 videtur,
546 256 589 295 in
621 256 776 309 quibus
817 256 883 296 isti
926 256 1044 296 liberi
1076 263 1115 296 et
1146 258 1333 297 concessi
1365 263 1460 297 sunt
1490 270 1666 297 amores.
1713 259 1822 298 Bene
1855 273 1951 311 ergo

193 322 373 363 Ennius:

302 382 495 434 Flagiti
529 381 848 434 principium
881 388 964 421 est
996 382 1191 422 nudare
1225 382 1370 421 inter
1401 382 1542 421 civis
1575 396 1807 435 corpora.

193 446 271 494 Qui
304 450 347 484 ut
377 445 474 490 sint,
507 444 617 497 quod
651 442 738 483 lieri
772 458 893 495 posse
927 445 1060 491 video,
1095 446 1251 497 pudici,
1284 445 1453 484 solliciti
1489 451 1625 484 tamen
1660 451 1700 484 et
1721 446 1837 485 anxii
1859 454 1955 487 sunt

193 522 324 562 eoque
356 506 503 560 magis,
535 507 644 558 quod
678 521 720 545 sc
747 507 822 558 ipsi
847 508 1057 546 continent
1083 514 1122 546 ct
1145 513 1351 546 coercent.
1399 504 1463 545 ῙΙ.
1488 509 1643 560 Atque,
1678 514 1721 548 ut
1743 509 1986 550 muliebris5

193 584 350 613 amores
389 571 596 616 omittam,
636 569 786 622 quibus
830 570 1026 608 maiorem
1070 570 1277 609 licentiam
1311 577 1458 609 natura
1489 572 1718 618 concessit,
1761 572 1856 625 quis
1887 577 1958 612 aut

193 635 242 674 de
273 632 503 686 Ganymedi
542 637 660 684 raptu
703 631 863 670 dubitat
907 631 1004 683 quid
1051 638 1195 684 poctae
1238 633 1365 671 velint
1405 638 1472 671 ant
1504 646 1585 670 non
1619 632 1824 685 intellegit
1855 634 1956 687 quid

191 697 296 749 apud
329 694 569 747 Euripidem
603 701 642 732 et
673 693 867 745 loquatur
899 699 937 731 ct
970 695 1107 746 cupiat
1140 695 1292 733 Laius?
1326 695 1435 742 Quid
1460 695 1642 747 denique
1671 696 1861 736 homines
1884 697 1956 736 do-

191 758 360 798 ctissimi
398 763 437 796 et
478 756 626 795 summi
668 760 815 808 poetae
847 755 898 794 de
935 769 978 794 se
1019 757 1116 809 ipsis
1149 763 1189 795 et
1220 758 1472 797 carminibus
1505 758 1635 796 edunt
1666 764 1705 796 et
1736 759 1956 798 cautibus?

190 821 323 861 Fortis
355 820 416 859 vir
446 820 487 858 in
520 832 594 858 sua
625 833 667 858 re
702 818 865 871 publica
897 819 1089 870 cognitus
1113 832 1221 871 quae
1244 819 1294 858 de
1319 820 1515 859 iuvenum
1541 834 1682 860 amore
1715 821 1855 861 scribit
1889 822 2006 863 Al-io

191 884 336 924 cacus!
372 896 466 922 nam
499 881 771 921 Anacreontis
804 880 971 933 quidem
1006 887 1089 920 tota
1123 882 1259 934 poesis
1292 890 1353 921 est
1381 885 1601 930 amatoria3
1635 897 1828 923 maxume
1860 898 1957 924 vero

191 946 373 986 omnium
406 945 600 996 llagrassc
632 956 772 982 amore
806 943 1006 995 Reginum
1042 944 1210 996 lbycum
1243 951 1417 996 apparet
1448 959 1499 984 ex
1531 947 1708 998 scriptis.

305 1008 495 1047 xxxiv.
532 1009 670 1060 Atque
713 1006 862 1045 horum
903 1007 1084 1045 omnium
1128 1007 1390 1047 lubidinosos
1432 1022 1523 1048 esse
1561 1022 1722 1048 amores
1754 1010 1957 1050 videmus.

192 1071 434 1123 Philosophi
475 1084 616 1109 sumus
655 1070 788 1108 exorti
829 1074 870 1108 et
904 1074 1075 1108 auctore
1108 1069 1277 1122 quidem
1311 1075 1452 1110 nostro
1484 1071 1675 1119 Platone,
1719 1084 1842 1125 quem
1876 1085 1958 1112 non

192 1134 341 1177 iniuria
362 1133 641 1172 Dicaearchus
664 1138 846 1178 accusat,
865 1132 936 1184 qui
961 1133 1089 1171 amori
1112 1133 1399 1173 auctoritatem
1422 1133 1712 1174 tribueremus.
1744 1133 1810 1173 7⁶2.
1830 1135 1959 1175 Stoici
1975 1146 2008 1173 ¹5

193 1209 288 1238 vero
321 1202 362 1235 et
392 1195 623 1248 sapientem
655 1201 889 1234 amaturum
921 1208 1013 1234 esse
1045 1195 1188 1234 dicunt
1220 1201 1261 1234 et
1281 1208 1464 1235 amorem
1486 1197 1622 1249 ipsum
1646 1203 1836 1237 conatum
1861 1197 1960 1237 ami·-

193 1260 314 1299 citiae
353 1257 569 1297 faciendae
610 1271 661 1296 ex
702 1256 1028 1309 pulchritudinis
1071 1258 1211 1309 specie
1243 1255 1462 1298 definiunt.
1517 1258 1599 1306 Qui
1632 1259 1666 1299 si
1698 1259 1793 1312 quis
1824 1265 1887 1299 est
1918 1260 1959 1300 in

192 1336 328 1363 rerum
361 1326 508 1360 natura
540 1321 630 1359 sine
661 1318 964 1366 sollicitudine,
998 1319 1087 1358 sine
1119 1318 1342 1367 desiderio,
1374 1322 1463 1360 sine
1495 1334 1613 1368 cura,
1645 1321 1736 1361 sine
1767 1322 1960 1376 suspirio,

193 1387 245 1426 sit
276 1397 398 1430 sane3
440 1388 558 1422 vacat
587 1383 696 1422 enim
729 1382 843 1420 omni
875 1381 1076 1429 libidine3
1118 1381 1221 1422 haec
1253 1388 1393 1423 autem
1425 1383 1476 1423 de
1508 1383 1684 1424 libidine
1715 1384 1847 1424 oratio
1881 1389 1957 1424 est.

195 1448 265 1488 Sin
296 1452 434 1486 autem
466 1451 528 1485 est
557 1445 710 1498 aliquis
741 1457 870 1490 amor,
902 1450 946 1483 ut
976 1449 1039 1484 est
1070 1450 1202 1491 certe,
1234 1446 1308 1498 qui
1330 1446 1434 1486 nihil
1455 1446 1563 1486 absit
1584 1452 1655 1486 aut
1678 1459 1761 1486 non
1786 1446 1960 1486 multum
1974 1458 2010 1486 ιο

193 1510 243 1550 ab
274 1509 456 1555 insania,
489 1507 626 1561 qualis
657 1507 699 1545 in
732 1505 941 1545 Leucadia
973 1512 1057 1546 est:

809 1568 861 1607 Si
893 1568 1102 1621 quidem
1137 1570 1205 1609 sit
1237 1571 1520 1624 quisquam
1552 1570 1698 1618 deus,

364 1633 452 1673 Cui
485 1647 578 1685 ego
611 1633 705 1672 sim
738 1645 914 1672 curae.

194 1695 260 1736 73.
291 1697 344 1736 At
383 1696 424 1735 id
457 1702 544 1735 erat
582 1696 670 1736 deis
703 1696 897 1736 omnibus
930 1696 1179 1743 curandum,
1221 1709 1343 1749 quem
1376 1696 1426 1736 ad
1459 1696 1626 1736 modum
1657 1695 1725 1736 hic
1755 1696 1964 1737 frueretur

195 1760 406 1812 voluptate
437 1760 650 1798 amatoria.
1976 1767 2012 1797 ᾖε

363 1822 473 1861 Heu
505 1836 575 1861 me
608 1822 910 1861 infelicem!

195 1885 306 1924 Nihil
338 1886 489 1924 verius.
534 1885 665 1926 Probe
698 1891 738 1924 et
768 1885 863 1924 ille:

918 1947 1152 1987 Sanusne
1185 1961 1258 1995 es,
1291 1947 1381 2000 qui
1414 1953 1611 1987 temere
1641 1946 1963 1987 lamentare?

198 2010 271 2050 Hic
304 2011 476 2050 insanus
510 2010 673 2050 videtur
706 2011 828 2050 etiam
862 2010 961 2049 suis.
1011 2012 1063 2049 At
1095 2022 1197 2063 quas
1230 2009 1464 2063 tragoedias
1496 2006 1647 2049 efficit!

364 2074 450 2120 Te,
492 2073 677 2126 Apollo
719 2079 927 2119 sancte,
966 2072 1045 2112 fer
1076 2086 1249 2125 opem,
1282 2078 1462 2127 teque,
1495 2072 1836 2125 omnipotens
1866 2072 2015 2111 Ne-sso

1111 2140 1296 2187 ptune,
1329 2136 1544 2182 invoco,

367 2199 577 2251 Vosque
609 2197 759 2244 adeo,
793 2198 966 2237 venti!

285 2428 315 2460 3.
344 2427 464 2467 flagilii
490 2426 513 2456 C
545 2444 578 2449 —
607 2426 636 2456 9.
664 2426 762 2456 edunt
788 2424 995 2456 Lambinus:
1023 2427 1119 2457 edant
1144 2426 1167 2456 C
1184 2426 1220 2456 O.
1250 2426 1301 2456 «Si
1320 2427 1521 2467 quicquam,
1550 2425 1630 2457 illud
1656 2427 1883 2467 perspicuum
1902 2429 1965 2464 est,

201 2478 408 2510 Ciceronem
434 2476 551 2507 dicere
582 2477 703 2516 poetas
729 2477 763 2506 ct
787 2476 932 2506 alia-rum
956 2477 1058 2513 (loris
1085 2478 1116 2507 et
1144 2477 1221 2515 Laii)
1254 2485 1412 2508 amorem
1445 2485 1636 2517 puerorum
1660 2477 1848 2517 significare
1872 2479 1907 2508 et
1930 2478 1969 2509 do

199 2537 256 2559 suo
277 2527 486 2567 praedicare.
520 2526 569 2556 De
595 2525 740 2555 aliorum
764 2533 884 2555 amore
910 2535 927 2555 a
954 2527 1064 2566 poetis
1091 2529 1169 2563 (non
1196 2527 1298 2558 nimis
1323 2525 1489 2564 obscure)
1514 2526 1697 2566 sigynisicalo
1721 2529 1816 2558 recte
1842 2526 1968 2558 dicitur

201 2579 377 2609 neminem
403 2584 493 2612 esse,
529 2576 630 2615 quin,
658 2575 739 2615 quid
766 2574 991 2614 significetur,
1027 2577 1186 2616 intelliyat
1208 2586 1214 2606 ς
1249 2576 1291 2607 de
1322 2585 1379 2606 suo
1405 2575 1486 2616 quid
1511 2577 1635 2616 poetae
1660 2580 1772 2615 aperte
1797 2576 1966 2616 dicerent,

202 2628 455 2667 ineptissimum
488 2627 581 2655 esset
613 2633 798 2664 quaerere,
827 2626 904 2664 quis
930 2635 993 2656 non
1020 2626 1222 2666 intelliqeret.
1262 2626 1457 2657 Dicendum
1483 2627 1578 2657 certe
1604 2625 1683 2656 suit:
1715 2625 1839 2657 Laius?
1872 2627 1969 2666 Quis

199 2676 336 2715 denique
358 2676 507 2713 nescit,
534 2675 612 2714 quiri
629 2692 644 2696 -
660 2692 675 2696 —
691 2677 809 2713 poetae
832 2676 870 2705 (le
893 2684 925 2706 se
948 2677 1025 2714 ipsis
1041 2694 1056 2698 -
1071 2694 1087 2698 -
1105 2678 1213 2707 edant.
1247 2676 1388 2713 Scribe,
1414 2678 1451 2706 ut
1477 2675 1557 2706 fecit
1583 2674 1772 2708 Lambinus
1796 2675 1966 2716 probante

201 2725 323 2757 Orellio
349 2727 383 2756 et
408 2726 545 2761 invitus,
573 2725 708 2765 opinor,
735 2725 885 2765 scriptor
910 2726 988 2756 cod.
1016 2726 1151 2757 Monac.
1179 2727 1209 2763 ⁴,
1237 2735 1255 2756 α
1282 2726 1314 2756 in
1340 2735 1361 2755 u
1386 2726 1534 2756 mutato:
1554 2742 1602 2748 —-
1619 2725 1742 2756 Laius?
1768 2725 1852 2764 Quid
1876 2726 1968 2757 deni-

200 2785 260 2815 que
277 2792 323 2798 --
340 2774 463 2806 edunt?
496 2775 549 2804 Sic
582 2784 641 2809 ea„
669 2783 759 2814 quae
785 2774 828 2805 ‹le
854 2775 1010 2815 ipsorum
1037 2777 1219 2815 poctarum
1245 2774 1426 2806 amoribus
1451 2775 1625 2813 dicuntur,
1660 2774 1704 2806 ab
1730 2775 1781 2814 iis,
1808 2783 1898 2815 quae
1924 2774 1967 2806 de

201 2824 394 2856 alienorum
418 2823 511 2864 apud
536 2832 596 2854 eos
622 2823 949 2863 significationibus,
978 2828 1072 2856 recte
1099 2825 1368 2863 distinguuntur,
1396 2834 1464 2855 non
1490 2833 1571 2855 cum
1590 2825 1647 2863 iis,
1675 2824 1870 2865 etquidem
1887 2832 1967 2855 eum

204 2873 308 2905 altera
335 2873 407 2905 sola
433 2881 557 2903 eorum
584 2877 680 2913 parte
707 2873 785 2912 (non
809 2874 965 2913 intellegit
982 2892 1029 2897 --
1046 2875 1173 2914 Laiusst.
1199 2875 1299 2905 foedo
1327 2876 1358 2906 in
1384 2883 1492 2905 unum
1518 2874 1797 2911 consunduntur3
1830 2874 1880 2904 sic
1904 2873 1968 2905 de-

203 2924 324 2963 nique,
350 2924 496 2953 transitu
522 2922 565 2953 ab
591 2931 660 2953 uno
685 2922 729 2954 ad
752 2922 899 2954 alterum
927 2933 990 2963 per
1010 2925 1221 2955 rhetoricam
1240 2923 1331 2955 illam
1350 2923 1656 2963 interrogationem
1675 2923 1846 2955 directam
1865 2922 1966 2960 sacto,

203 2972 370 3013 deinceps
395 2973 459 3003 rite
486 2972 528 3003 de
555 2972 696 3011 singulis
722 2974 844 3012 poetis,
872 2982 960 3013 quos
985 2973 1040 3004 illo
1066 2982 1186 3005 amore
1208 2974 1375 3013 flagrasse
1394 2982 1434 3004 ex
1454 2973 1592 3013 scriptis
1609 2974 1787 3014 appareat,
1815 2971 1966 3013 (Alcaeo,

204 3025 433 3060 Anacreonte,
460 3020 592 3060 lhyco,)
619 3022 813 3061 exponitur.
851 3023 1073 3054 Attractionis
1098 3021 1204 3060 illius,
1232 3022 1274 3054 de
1297 3032 1364 3062 qua
1390 3022 1433 3052 ad
1450 3023 1489 3058 ΙΙ,
1509 3023 1527 3053 5
1545 3022 1625 3060 dixi,
1651 3022 1706 3053 hic
1731 3020 1828 3054 locus
1846 3030 1968 3054 ansam

207 3071 333 3103 nullam
359 3072 442 3103 dare
468 3071 589 3111 potuit.
623 3071 672 3102 De
698 3079 827 3111 genere
853 3073 924 3102 vitii
950 3072 1233 3113 frequentissimo
1259 3072 1301 3104 cs.
1321 3074 1345 3108 Ι,
1365 3072 1439 3103 80.»
1466 3072 1519 3102 W.
1542 3089 1576 3093 —
1605 3072 1656 3104 ⁴2.
1684 3073 1862 3114 Rheginum
1886 3072 1910 3104 Ο
1932 3090 1964 3094 —

208 3120 258 3152 ⁴4.
284 3130 327 3153 ex
351 3129 441 3152 corr.
468 3121 501 3152 in
526 3125 555 3152 et
579 3123 603 3151 G
629 3138 670 3143 —
696 3123 746 3152 45.
775 3126 923 3153 accussat
948 3124 971 3153 G
1002 3140 1033 3144 —-
1062 3123 1115 3154 ⁶23.
1143 3123 1201 3154 Cui
1226 3123 1269 3154 C:
1299 3122 1395 3161 Quoii
1419 3120 1576 3160 wolfius,
1603 3122 1628 3153 O
1651 3139 1684 3144 —
1712 3123 1765 3155 24.
1793 3123 1879 3154 dehis
1903 3123 1968 3155 GR

207 3172 241 3201 et
265 3171 375 3210 (erasa
392 3170 453 3201 litt.
472 3171 501 3208 h)
529 3170 552 3201 B
575 3188 607 3192 —
634 3170 687 3202 ⁶28.
707 3171 831 3201 Sanun’
850 3180 882 3202 es
897 3171 1054 3206 wolfius,
1074 3173 1098 3203 O
1119 3191 1151 3195 -
1172 3172 1225 3203 29.
1243 3172 1303 3203 Hic
1320 3171 1454 3212 Madvig
1472 3171 1658 3212 (Tregdero
1675 3174 1763 3205 teste
1780 3181 1814 3213 p.
1833 3172 1965 3211 XX111):

207 3220 252 3251 sic
275 3219 338 3251 CO
366 3237 400 3242 —
427 3223 463 3250 αι
486 3220 568 3251 GB:
597 3220 641 3251 ad
664 3221 689 3252 R
718 3238 751 3243 -
777 3221 881 3260 effecit
904 3221 927 3253 C
958 3239 991 3245 —-
1019 3222 1071 3254 30.
1100 3221 1149 3263 Te]
1174 3222 1216 3253 Et
1240 3222 1264 3254 C
1286 3237 1320 3244 -—
1353 3224 1469 3263 tequea
1492 3222 1692 3263 omnipotens
1716 3220 1850 3260 GRB¹3
1876 3225 1970 3264 toque

209 3277 228 3300 ο
248 3270 448 3310 omnipotens
470 3267 509 3301 132
522 3292 530 3302 .
