2249 3624
322 117 403 159 574
1086 117 1154 156 DE
1185 117 1325 157 FATO

322 226 355 267 si
389 230 566 271 certum,
605 223 727 263 etiam
760 221 1073 261 necessarium:
1120 221 1176 260 ita
1214 226 1254 260 et
1290 223 1581 262 necessitatem
1623 228 1664 263 et
1693 223 1821 264 fatum
1853 224 2086 268 confirmari

322 294 440 341 putat
465 310 532 334 —‚
565 287 623 326 sic
647 284 903 337 Chrysippus
936 283 1083 322 metuit
1115 296 1179 330 ne,
1211 283 1245 322 si
1280 297 1363 322 non
1395 285 1627 336 optinuerit
1657 300 1792 333 omne,
1825 287 1935 340 quod
1958 302 2088 329 enun-

321 352 466 397 tietur,
505 354 577 388 aut
615 361 756 387 verum
798 358 890 384 esse
931 350 1002 383 aut
1041 344 1216 392 falsum,
1258 359 1339 385 non
1382 352 1522 387 teneat
1557 349 1694 387 omnia
1730 346 1814 388 sato
1846 347 1933 388 fieri
1966 355 2006 389 et
2036 364 2087 391 ex

321 414 457 453 causis
497 410 678 450 aeternis
718 421 856 447 rerum
894 406 1137 446 futurarum.
1197 406 1263 446 ⁹22.
1297 408 1378 447 Sed
1410 409 1615 461 Epicurus
1648 410 1930 450 declinatione
1961 413 2087 452 atomi

287 476 437 515 5vitari
469 473 761 513 necessitatem
791 469 865 508 fati
897 474 1026 522 putat.
1078 470 1222 521 Itaque
1255 470 1401 509 tertius
1434 471 1604 523 quidam
1637 478 1773 512 motus
1805 472 1938 512 oritur
1969 479 2086 514 extra

318 537 482 591 pondus
514 541 554 575 et
584 534 770 586 plagam,
803 545 894 571 cum
927 531 1109 570 declinat
1141 537 1303 571 atomus
1336 531 1555 571 intervallo
1589 534 1760 573 minimo
1792 558 1844 563 —
1881 533 1922 573 id
1944 536 2087 587 appel-

317 600 375 639 lat
396 598 625 647 ἐλάχιστον
658 620 731 642 ——‚
764 607 888 647 quam
924 593 1245 633 declinationem
1279 595 1368 633 sine
1401 608 1523 634 causa
1557 595 1667 643 fieri,
1702 597 1736 635 si
1769 597 1904 636 minus
1936 598 2085 645 verbis,

317 677 362 702 re
393 662 555 714 cogitur
586 655 787 697 confiteri.
849 658 940 695 Non
981 657 1090 695 enim
1129 662 1292 695 atomus
1330 657 1381 696 ab
1413 663 1551 697 atomo
1584 658 1703 711 pulsa
1735 659 1943 707 declinat3
1990 673 2085 700 nam

318 725 390 778 qui
421 728 557 777 potest
587 720 684 773 pelli
715 719 797 758 alia
827 718 876 757 ab
909 718 1004 764 alia,
1037 719 1071 757 si
1103 718 1302 770 gravitate
1334 718 1525 758 feruntur
1555 721 1605 759 ad
1630 720 1976 773 perpendiculum
2001 735 2088 762 cor—

266 798 303 827 ⁴0
317 800 420 842 pora
450 783 668 824 individua
699 782 821 821 rectis
853 781 995 827 lineis,
1027 787 1072 820 ut
1102 780 1284 833 Epicuro
1319 782 1482 832 placet?
1523 781 1551 835 -ζ-
1584 782 1784 834 Sequitur
1814 784 1922 822 enim
1955 789 2022 831 ut,
2054 785 2089 824 si

316 851 397 890 alia
428 849 478 888 ab
510 846 588 886 alia
620 857 847 896 numquam
881 843 1138 895 depellatur,
1177 857 1227 883 ne
1260 844 1474 895 contingat
1516 843 1683 896 quidem
1716 845 1797 884 alia
1828 846 1966 885 aliam.
2025 848 2089 887 Ex

317 926 401 966 quo
434 909 633 954 efficitur,
672 907 797 946 etiam
829 906 863 945 si
895 906 946 945 sit
977 911 1140 945 atomus
1173 919 1306 958 eaque
1339 904 1542 953 declinet,
1584 907 1795 946 declinare
1828 907 1916 947 sine
1949 922 2087 949 causa.

315 973 382 1014 23.
414 975 530 1013 Hanc
561 971 768 1023 Epicurus
798 969 1000 1008 rationem
1034 968 1202 1006 induxit
1242 968 1293 1007 ob
1327 981 1416 1007 eam
1447 981 1558 1014 rem,
1598 968 1711 1021 quod
1744 970 1898 1009 veritus
1931 976 1993 1010 est
2023 984 2088 1019 ne,

316 1037 349 1077 si
381 1048 545 1087 semper
576 1038 739 1072 atomus
771 1031 970 1084 gravitate
1002 1030 1178 1069 ferretur
1209 1030 1387 1069 naturali
1419 1043 1467 1069 ac
1498 1031 1753 1078 necessaria,
1786 1032 1887 1070 nihil
1910 1032 2086 1072 liberum

263 1100 435 1139 aanobis
467 1102 600 1142 esset,
642 1108 734 1134 cum
776 1095 833 1133 ita
874 1098 1111 1132 moveretur
1140 1092 1327 1139 animus,
1371 1098 1415 1131 ut
1444 1098 1678 1132 atomorum
1710 1099 1824 1133 motu
1856 1100 2086 1146 cogeretur.

314 1162 360 1201 Id
400 1159 685 1204 Democritus,
728 1163 875 1197 auctor
912 1161 1169 1201 atomorum,
1212 1155 1402 1208 accipere
1444 1155 1611 1202 maluit,
1657 1157 1906 1196 necessitate
1947 1157 2087 1197 omnia

314 1223 417 1271 fieri,
450 1236 575 1277 quam
607 1234 629 1260 a
661 1219 908 1272 corporibus
931 1217 1159 1257 individuis
1182 1218 1382 1257 naturalis
1406 1223 1541 1257 motus
1562 1218 1757 1257 avellere.
1819 1220 1890 1258 XI.
1914 1220 2086 1259 Acutius

316 1285 563 1331 Carneades,
596 1283 668 1336 qui
701 1283 875 1323 docebat
906 1294 1030 1334 posse
1054 1281 1287 1333 Epicureos
1320 1293 1436 1319 suam
1469 1294 1636 1320 causam
1669 1282 1757 1321 sine
1779 1281 1856 1321 hac
1878 1295 2087 1322 commen—

313 1350 409 1390 ticia
447 1346 728 1387 declinatione
771 1344 1011 1383 defendere.
1072 1345 1173 1382 Nam
1216 1357 1308 1383 cum
1352 1343 1552 1382 docerent
1590 1357 1681 1383 esse
1721 1357 1843 1396 posse
1876 1344 2087 1398 quendam

261 1422 298 1451 20
313 1411 439 1452 animi
472 1414 630 1448 motum
663 1408 964 1453 voluntarium,
995 1406 1037 1446 id
1068 1406 1147 1445 fuit
1178 1405 1347 1445 defendi
1380 1406 1527 1445 melius
1560 1420 1683 1459 quam
1717 1407 1985 1446 introducere
2017 1407 2088 1446 de-

312 1473 593 1518 clinationem,
626 1471 743 1510 cuius
777 1469 1023 1522 praesertim
1056 1482 1222 1508 causam
1254 1469 1439 1520 reperire
1461 1482 1544 1508 non
1568 1474 1768 1521 possunt;
1801 1481 1887 1521 quo
1911 1467 2084 1508 defenso

310 1536 430 1576 facile
455 1534 688 1588 Chrysippo
721 1537 893 1585 possent
926 1532 1132 1570 resistere.
1182 1531 1283 1570 Cum
1317 1531 1428 1570 enim
1460 1532 1769 1571 concessissent
1800 1537 1959 1570 motum
1992 1531 2084 1571 nul-

312 1599 395 1638 lum
437 1610 528 1637 esse
568 1596 658 1635 sine
699 1607 846 1641 causa,
889 1607 972 1632 non
1013 1593 1292 1632 concederent
1329 1595 1471 1633 omnia
1511 1608 1617 1647 quae
1651 1592 1796 1633 fierent
1826 1592 1917 1633 fieri
1949 1594 2085 1634 causis

311 1658 685 1705 antecedentibus;
732 1657 960 1696 voluntatis
1005 1656 1113 1694 enim
1161 1662 1326 1695 nostrae
1370 1669 1453 1694 non
1492 1669 1583 1695 esse
1622 1669 1768 1696 causas
1810 1662 2004 1696 externas
2045 1662 2085 1696 et

263 1722 611 1765 25antecedentis.
672 1718 737 1758 ⁶24..
772 1719 989 1759 Communi
1021 1719 1149 1770 igitur
1179 1718 1483 1757 consuetudine
1516 1720 1717 1758 sermonis
1741 1718 1968 1766 abutimur,
1989 1731 2083 1758 cum

311 1785 368 1825 ita
400 1785 595 1831 dicimus,
628 1783 734 1822 velle
766 1782 927 1834 aliquid
961 1781 1198 1834 quempiam
1231 1786 1303 1819 aut
1335 1780 1444 1819 nolle
1477 1782 1567 1819 sine
1599 1794 1741 1820 causa.
1795 1781 1855 1820 lta
1889 1781 1998 1820 enim
2022 1780 2083 1819 di-

311 1848 443 1887 cimus
476 1847 592 1886 «sine
624 1858 790 1891 causa»,
824 1849 867 1883 ut
899 1844 1085 1882 dicamus
1117 1842 1205 1881 sine
1238 1849 1410 1881 externa
1442 1849 1482 1882 et
1512 1843 1785 1882 antecedente
1819 1855 1964 1889 causa,
1996 1855 2080 1881 non

311 1910 401 1949 sine
433 1909 588 1962 aliqua.
650 1908 713 1954 Ut,
746 1921 839 1946 cum
872 1920 943 1945 vas
976 1906 1098 1944 inane
1131 1904 1330 1951 dicimus,
1364 1918 1449 1943 non
1481 1905 1538 1943 ita
1570 1905 1800 1957 loquimur,
1832 1910 1877 1944 ut
1907 1904 2082 1958 physici,

312 1972 465 2025 quibus
496 1973 620 2011 inane
653 1983 744 2010 esse
776 1969 879 2008 nihil
914 1968 1068 2021 placet,
1102 1967 1175 2006 sed
1208 1967 1285 2014 ita,
1318 1972 1363 2006 ut
1394 1964 1508 2005 verbi
1541 1979 1666 2006 causa
1699 1967 1787 2006 sine
1819 1979 1950 2019 aqua,
1991 1966 2082 2006 sine

396 2194 428 2224 4.
447 2193 547 2224 eliam
564 2190 678 2226 om.V,
699 2198 763 2229 sup
795 2187 853 2219 lin.
873 2187 953 2218 add,
974 2189 999 2218 Α
1022 2206 1055 2210 -
1083 2188 1113 2219 3.
1134 2197 1179 2219 an
1201 2197 1318 2219 uerum
1336 2188 1372 2219 B¹
1392 2206 1427 2210 —
1453 2197 1519 2219 non
1536 2190 1641 2219 teneat
1666 2188 1781 2226 om.V,
1809 2196 1887 2229 sup.
1904 2187 1961 2219 lin.
1984 2197 2029 2219 m.
2049 2188 2080 2219 2.

310 2244 343 2275 in
360 2245 398 2280 Α,
426 2245 506 2274 ante
531 2245 590 2272 aul
612 2241 734 2279 falsam
757 2239 863 2277 signis
882 2239 1164 2278 transpositionis
1183 2238 1327 2269 adiectis
1345 2238 1513 2278 scriptum
1533 2238 1565 2268 in
1585 2239 1621 2276 B,
1645 2238 1780 2277 falsum,
1799 2238 1911 2268 omnia
1926 2239 1995 2278 salo
2010 2238 2084 2279 fieri

303 2294 431 2333 possim?
455 2290 617 2323 Cratand.
653 2307 686 2312 —
724 2292 753 2320 cl
778 2297 847 2319 omi
874 2287 900 2317 V
934 2306 967 2309 —
1007 2288 1037 2319 4..
1064 2289 1313 2319 declinationem
1337 2288 1359 2318 Β
1397 2305 1431 2309 -
1470 2288 1499 2318 5.
1527 2288 1630 2318 uitari
1654 2296 1722 2319 nec,
1750 2287 1812 2318 sed
1837 2288 1868 2318 ‘rt'
1891 2297 1930 2319 ne
1954 2289 1986 2319 in
2012 2297 2080 2320 ras.

310 2352 403 2374 man.
423 2341 479 2373 alt.
500 2342 669 2381 scriptum
688 2340 720 2370 in
738 2341 764 2369 A
786 2357 818 2360 -—
845 2338 906 2377 fati
924 2339 1145 2368 necessitatem
1163 2339 1186 2368 Ο
1210 2355 1242 2359 -
1270 2336 1392 2377 itaque]
1412 2340 1511 2376 atque
1528 2337 1555 2367 V
1577 2355 1609 2359 —
1638 2338 1667 2368 6.
1689 2338 1812 2377 apellat
1828 2340 1853 2368 Α
1881 2354 1914 2359 -
1943 2338 1973 2368 7.
1992 2337 2083 2368 uerbi

309 2391 350 2423 V¹
371 2410 404 2415 —
431 2394 462 2424 8.
481 2391 614 2432 confieri
639 2392 676 2421 Αι
698 2407 731 2410 -
760 2389 790 2420 9.
815 2389 879 2427 peti
906 2385 943 2418 ΑΙ
964 2406 997 2410 -
1025 2389 1228 2427 referuntur,
1255 2387 1317 2419 sed
1343 2396 1377 2417 re
1403 2387 1540 2427 punctis
1566 2388 1722 2418 notatum
1748 2390 1771 2418 A
1803 2405 1835 2409 ω
1866 2388 1917 2419 40.
1936 2388 2083 2427 sequitur

307 2445 418 2474 aulem
444 2443 624 2477 Davisius3
662 2440 740 2470 sort.
766 2440 914 2477 sequitur
938 2438 1043 2477 enim,
1075 2441 1111 2468 ul
1140 2439 1167 2468 si
1200 2446 1238 2468 ne
1261 2438 1431 2476 conlingat
1455 2437 1583 2475 quidem
1609 2437 1678 2467 alia
1703 2437 1823 2476 aliam,
1856 2439 1925 2469 alia
1950 2438 1991 2468 ab
2014 2438 2082 2469 alia

306 2502 490 2532 numquam
515 2492 708 2531 depellalur.
752 2488 906 2519 Similem
933 2489 1172 2519 coniecturam
1192 2487 1384 2527 Madvigius
1410 2488 1602 2527 proposuit,
1630 2488 1686 2526 qui
1714 2488 1746 2518 in
1772 2487 1906 2526 litteris,
1934 2497 2020 2529 quas
2038 2488 2081 2519 ad

310 2543 535 2575 C.llalmium
562 2540 670 2577 dedit,
697 2540 785 2570 haec
810 2539 981 2578 disputat:
1011 2539 1104 2569 «Hoc
1130 2539 1273 2568 minime
1299 2538 1469 2577 sequitur:
1497 2538 1613 2577 potest
1631 2537 1723 2567 enim
1742 2536 1805 2567 alia
1825 2537 1928 2569 aliam
1946 2538 2082 2569 contin-

307 2602 390 2632 gere
422 2601 537 2632 neque
568 2594 687 2622 tamen
716 2589 759 2619 ab
786 2598 826 2619 ca
852 2587 989 2628 depelli.
1044 2590 1227 2618 Praeterea
1252 2596 1293 2617 ex
1321 2596 1387 2617 non
1415 2595 1586 2617 concesso
1611 2585 1832 2617 concluditur
1856 2596 2078 2620 concessum.

307 2644 356 2674 Ex
381 2652 434 2680 eo,
462 2642 557 2683 quod
575 2642 744 2681 Epicurus
769 2638 932 2674 docebat,
960 2640 1094 2668 atomos
1121 2638 1202 2668 terri
1228 2637 1331 2667 rectis
1357 2636 1455 2667 lineis
1481 2636 1524 2666 ad
1543 2636 1833 2676 perpendiculum
1861 2637 1933 2675 (sua
1952 2646 2078 2678 quam-

309 2701 379 2732 que
397 2692 552 2731 regione⁷
579 2693 615 2721 ut
635 2689 722 2721 nulla
743 2688 845 2719 aliam
862 2688 1072 2727 attingeret),
1100 2686 1259 2717 concludi
1285 2688 1532 2725 argumentum
1560 2686 1715 2717 debebat
1739 2686 1781 2716 ad
1808 2687 1854 2725 id,
1881 2687 1976 2728 quod
1999 2696 2081 2728 pro-

307 2743 461 2783 positum
486 2743 538 2772 est
563 2741 734 2771 adversus
760 2739 968 2779 Epicurum,
1002 2739 1138 2767 atomos
1170 2736 1274 2767 aliam
1306 2736 1349 2766 ab
1375 2735 1439 2766 alia
1466 2745 1532 2766 non
1559 2735 1703 2776 depelli,
1737 2737 1783 2766 ita
1811 2735 2082 2768 declinationem

308 2793 382 2823 sine
408 2801 512 2823 causa
539 2791 624 2821 fleri.
673 2791 740 2821 Aut
763 2790 865 2828 igitur
890 2788 1012 2819 Cicero
1037 2788 1188 2827 graviter
1214 2788 1343 2817 crraxit
1375 2788 1408 2817 et
1432 2787 1627 2826 argumenti
1654 2785 1917 2817 conclusionem
1942 2788 2081 2827 pertur-

307 2841 415 2880 bavit,
442 2843 501 2872 aut
524 2840 665 2880 scripsit
688 2840 845 2878 Sequitur
869 2839 954 2868 enim
978 2839 1013 2867 ut
1037 2837 1107 2867 alia
1132 2836 1171 2866 ab
1196 2837 1265 2866 alia
1288 2844 1471 2874 numquam
1495 2836 1691 2874 depensum,
1718 2836 1745 2866 si
1763 2845 1803 2867 ne
1821 2837 1990 2876 conlinqal
2006 2836 2079 2876 qui-

308 2892 379 2923 dem
403 2892 472 2922 alia
496 2892 612 2922 aliam.
661 2889 728 2920 Sed
754 2886 996 2919 difficillimum
1022 2889 1074 2917 est
1099 2888 1253 2917 statuere
1279 2885 1360 2925 quid
1388 2886 1547 2916 Ciceroni
1573 2886 1702 2916 erroris
1728 2886 1891 2926 imputari
1917 2886 2025 2926 possit
2048 2886 2080 2917 in

307 2941 423 2974 libello
449 2942 609 2973 festinato
635 2939 678 2970 de
704 2937 925 2970 acuminibus
951 2935 1230 2973 dialecticorum,
1253 2937 1284 2966 in
1303 2935 1431 2975 quibus
1451 2944 1574 2975 parum
1594 2936 1698 2966 fuisse
1717 2936 1947 2966 exercitatum
1965 2935 2079 2966 omnia

309 2990 495 3022 clamant.»
523 3008 556 3012 -
598 2991 648 3020 «il.
675 2989 820 3029 coriliyal
844 2989 868 3018 B
897 3005 931 3009 -
971 2988 1022 3017 42.
1050 2986 1196 3026 effiyilur
1219 2983 1309 3016 A¹V¹
1348 3004 1381 3008 —-
1419 2986 1521 3016 eliam
1545 2994 1586 3016 ex
1612 2985 1714 3016 codd.
1744 2986 1868 3025 interp.
1894 2985 2075 3016 Davisius:

306 3044 343 3072 ul
366 3041 434 3071 iam
459 3041 482 3071 C
512 3057 544 3061 —
573 3048 698 3078 eaquae
722 3039 777 3070 AV
806 3056 839 3060 -
874 3046 947 3068 eam
970 3038 1039 3067 sine
1064 3045 1104 3066 ex
1130 3035 1207 3067 cod.
1236 3036 1339 3075 Regio
1365 3035 1524 3065 Davisius
1550 3035 1573 3065 O
1604 3052 1635 3056 —-
1672 3034 1721 3066 44.
1747 3036 1873 3074 feretur
1895 3037 1935 3066 Α1
1957 3052 2000 3058 -
2026 3034 2075 3066 16.

307 3091 359 3121 hic
386 3089 589 3120 Democritus
613 3088 720 3121 Ursini
747 3087 846 3124 liber⁷
872 3087 945 3117 hine
962 3087 1055 3117 Dein.
1083 3084 1175 3115 codd
1208 3087 1338 3115 Oxonn.
1369 3103 1401 3106 ——
1433 3086 1540 3124 magis
1563 3085 1680 3115 malui!
1707 3085 1745 3114 V²
1771 3101 1803 3105 —
1834 3085 1884 3115 47.
1910 3083 2078 3115 naturales

309 3140 334 3171 O
357 3157 387 3161 -
417 3139 521 3169 auelle
536 3140 576 3170 Al
598 3157 630 3160 —
660 3139 710 3169 18.
730 3147 769 3169 ac
786 3136 826 3167 V¹
847 3153 881 3158 —
910 3137 961 3167 49.
982 3137 1130 3166 docerent
1146 3135 1174 3165 J.
1190 3135 1221 3165 F.
1236 3135 1375 3173 Meyer:
1404 3135 1531 3165 docerel
1549 3135 1594 3171 C,
1621 3135 1685 3165 nisi
1703 3134 1797 3174 quod
1822 3137 1832 3164 ι
1857 3142 1903 3164 m.
1923 3132 1979 3164 alt.
1998 3141 2073 3173 sup.

308 3188 365 3220 lin.
393 3188 551 3219 additum
578 3189 609 3219 in
634 3188 658 3218 B
695 3205 728 3209 —
768 3188 818 3218 21.
842 3194 969 3226 possem
993 3182 1045 3224 V¹‚
1067 3176 1198 3224 ροεὲεηι
1222 3184 1263 3214 V2
1291 3202 1323 3206 —
1359 3185 1411 3215 25.
1439 3185 1659 3215 antecedentes
1681 3184 1771 3214 Avo
1802 3200 1827 3206 —
1859 3183 1974 3224 iqilur]
1991 3183 2075 3214 enim

310 3237 387 3270 cod.
415 3237 502 3269 Gud.
528 3254 571 3260 --
595 3237 648 3269 26.
674 3236 755 3268 uelle
779 3236 907 3277 aliquid
931 3236 965 3266 in
988 3242 1057 3266 ras.
1083 3236 1110 3265 A
1137 3249 1171 3254 —
1200 3233 1253 3265 27.
1279 3233 1305 3264 si
1328 3242 1394 3264 non
1417 3236 1484 3265 esst.
1510 3229 1548 3264 B¹
1575 3250 1608 3254 ——
1637 3233 1691 3270 28.
1716 3236 1774 3264 aul
1795 3240 1870 3264 cum
1893 3229 1942 3264 13¹.
