2249 3624
594 154 682 194 Lm.
714 153 743 194 1.
788 152 883 194 CAP.
914 151 1180 192 XII—XIII.
1218 150 1277 205 §§
1310 148 1502 191 38-4-4.
1879 145 1932 188 87

173 268 274 310 ximi
315 266 464 308 cadere
502 271 700 322 possunt,
742 266 856 306 nulla
896 280 968 320 spe
1001 265 1216 319 proposita
1247 264 1334 304 sore
1365 264 1498 305 levius
1529 262 1779 317 aliquande,
1821 262 1937 303 nulla

172 337 388 387 praeterea
424 344 560 385 neque
600 329 810 383 praesenti
851 342 927 368 nec
966 333 1207 381 exspectata
1255 328 1484 381 voluptate,
1523 326 1622 380 quid
1654 340 1703 365 eo
1745 325 1936 365 miserius

173 395 254 435 dici
294 399 366 435 aut
394 394 495 446 fingi
528 394 700 446 potest?
755 390 877 439 Quod
920 391 953 430 si
987 391 1068 430 vita
1101 389 1314 429 doloribus
1346 389 1497 429 referta
1530 388 1708 428 maxime
1740 387 1938 441 fugienda

173 463 254 507 est,
286 470 491 498 summum
522 455 707 509 profecto
739 454 892 493 malum
924 459 985 492 est
1007 454 1142 492 vivere
1175 466 1267 492 cum
1296 451 1463 498 dolore3
1496 451 1560 490 cui
1584 450 1815 490 sententiae
1837 462 1938 489 con-

173 526 416 561 sentaneum
447 524 527 565 cst,
559 517 753 556 ultimum
786 528 876 554 esse
908 515 1114 554 bonorum
1148 528 1241 554 cum
1272 514 1486 566 voluptate
1507 514 1660 554 vivere.
1713 513 1796 551 Nec
1827 511 1972 550 enims

172 584 298 624 habet
327 586 468 622 nostra
498 593 615 620 mens
643 579 888 631 quicquam,
919 578 988 617 ubi
1012 578 1211 616 consistat
1236 583 1447 629 tamquam
1471 577 1512 615 in
1536 581 1745 621 extremo,
1777 586 1942 614 omnes-

173 659 254 699 que
287 649 327 685 et
357 649 490 684 metus
523 646 563 682 et
594 640 874 693 aegritudines
919 639 969 678 ad
1003 638 1188 677 dolorem
1220 638 1482 685 referuntur,
1523 651 1601 677 nee
1631 641 1848 690 praeterea
1878 639 1943 674 est

172 721 237 747 res
267 706 369 753 ulla,
401 717 507 758 quae
538 716 612 743 sua
643 707 787 742 natura
818 707 888 742 aut
919 700 1145 739 sollicitare
1173 700 1304 752 possit
1325 705 1395 739 aut
1416 712 1582 752 angere.
1633 696 1700 738 42.
1722 700 1941 738 Praeterea

172 774 213 809 et
252 767 476 822 appetendi
516 772 556 806 et
586 763 818 816 refugiendi
851 769 891 803 et
923 762 1094 800 omnino
1127 774 1264 801 rerum
1297 761 1574 813 gerendarum
1606 761 1726 801 initia
1758 760 1943 814 proficis-

173 835 324 870 cuntur
354 834 424 870 aut
453 842 477 869 a
506 828 720 881 voluptate
751 832 823 866 aut
853 839 876 865 a
908 824 1080 864 dolore:
1113 823 1226 877 quod
1260 836 1354 861 cum
1386 824 1441 862 ita
1473 823 1548 870 sit,
1580 824 1846 877 perspicuum
1880 827 1943 862 est
1958 830 1993 858 40

173 892 308 932 omnis
346 897 478 932 rectas
514 904 580 931 res
619 895 743 943 atque
776 886 997 928 laudabilis
1030 898 1078 924 eo
1111 885 1279 932 referri,
1316 891 1361 925 ut
1393 899 1485 924 cum
1517 886 1731 939 voluptate
1764 886 1941 926 vivatur.

174 953 383 1002 Quoniam
414 960 552 993 autem
584 953 625 992 id
658 958 720 991 est
755 950 818 989 vel
851 962 1058 989 summum
1090 949 1154 988 vel
1178 949 1369 988 ultimum
1393 948 1457 988 vel
1482 953 1712 988 extremum
1734 948 1942 987 bonorum

172 1037 227 1044 --
259 1016 372 1069 quod
404 1015 548 1056 Graeci
581 1016 702 1063 τέλος
733 1012 952 1053 nominant
981 1033 1057 1058 —,
1097 1012 1210 1064 quod
1246 1012 1384 1064 ipsum
1416 1011 1573 1050 nullam
1604 1011 1655 1051 ad
1687 1010 1811 1050 aliam
1842 1023 1944 1057 rem,

174 1077 224 1116 ad
256 1077 296 1117 id
328 1082 466 1118 autem
497 1091 563 1117 res
594 1076 831 1117 referuntur
861 1087 1028 1121 omnes,
1068 1073 1283 1113 fatendum
1324 1079 1386 1114 est
1427 1087 1633 1113 summum
1666 1086 1757 1113 esse
1787 1073 1943 1112 honum

174 1139 353 1179 iucunde
385 1140 539 1180 vivere.
1959 1141 1994 1170 ⁴5

287 1202 397 1242 XIII.
429 1202 474 1242 ld
507 1202 580 1256 qui
611 1201 652 1241 in
683 1214 767 1241 una
799 1201 948 1240 virtute
979 1203 1142 1253 ponunt
1174 1203 1214 1238 et
1236 1198 1460 1252 splendore
1482 1197 1664 1237 nominis
1686 1196 1810 1250 capti,
1842 1196 1945 1250 quid

175 1269 320 1304 natura
358 1265 556 1318 postulet,
600 1277 683 1303 non
725 1263 996 1315 intellegunt,
1038 1274 1176 1300 errore
1217 1261 1421 1308 maximo,
1462 1261 1495 1300 si
1534 1260 1758 1314 Epicurum
1798 1258 1946 1299 audire

173 1326 405 1373 voluerint,
436 1327 737 1366 liberabuntur.
794 1326 902 1365 Istae
935 1324 1045 1364 enim
1078 1328 1239 1363 vestrae
1263 1324 1441 1363 eximiae
1464 1322 1749 1376 pulchraeque
1771 1323 1945 1362 virtutes

173 1388 251 1428 nisi
283 1389 536 1442 voluptatem
569 1388 801 1435 efficerent,
845 1387 938 1440 quis
981 1400 1051 1427 eas
1088 1391 1159 1425 aut
1197 1386 1416 1426 laudabilis
1448 1390 1519 1425 aut
1550 1384 1807 1438 expetendas
1839 1384 1947 1423 arbi-

173 1452 380 1490 traretur?
442 1451 493 1490 [t
532 1451 643 1490 enim
684 1450 943 1489 medicorum
986 1448 1202 1488 scientiam
1245 1461 1330 1487 non
1368 1448 1503 1501 ipsius
1535 1448 1658 1495 artis,
1705 1445 1779 1486 sed
1810 1446 1944 1485 honae
1960 1455 1996 1484 ‘20

173 1512 424 1553 valetudinis
466 1526 588 1552 causa
628 1513 875 1565 probamus,
923 1516 962 1551 et
993 1511 1283 1564 gubernatoris
1314 1523 1403 1558 ars,
1450 1509 1551 1563 quia
1580 1509 1688 1549 hene
1720 1507 1947 1561 navigandi

172 1577 377 1616 rationem
406 1575 549 1622 habet,
579 1575 783 1622 utilitate,
815 1587 900 1614 non
931 1580 1018 1614 arte
1050 1573 1265 1620 laudatur,
1298 1573 1359 1612 sic
1390 1572 1610 1625 sapientia,
1649 1584 1758 1625 quae
1789 1584 1856 1611 ars
1887 1571 1948 1611 vi-

172 1638 297 1677 vendi
327 1638 513 1690 putanda
542 1643 627 1685 est,
667 1651 753 1677 non
797 1642 1086 1690 expeteretur,
1130 1636 1164 1676 si
1196 1635 1302 1675 nihil
1333 1634 1539 1682 esfieeret3
1583 1647 1694 1674 nunc
1725 1633 1946 1688 expetitur,

173 1698 287 1752 quod
334 1705 398 1739 est
441 1707 650 1753 tamquam
697 1699 849 1739 artifex
900 1698 1215 1752 conquirendae
1263 1703 1303 1738 et
1351 1697 1658 1751 comparandae
1702 1697 1945 1750 voluptatis,

176 1759 238 1800 43.
272 1760 408 1809 Quam
447 1768 585 1802 autem
626 1775 703 1815 ego
737 1761 871 1801 dicam
902 1761 1182 1814 voluptatem,
1226 1761 1307 1800 ian]
1339 1761 1515 1807 videtis,
1555 1773 1607 1799 ne
1638 1759 1798 1798 invidia
1828 1758 1996 1798 verbim

173 1823 447 1864 labefactetur
487 1825 620 1864 oratio
662 1837 767 1863 mea.
826 1825 928 1863 Nam
961 1837 1054 1863 eum
1086 1823 1354 1875 ignoratione
1386 1835 1523 1862 rerum
1556 1822 1759 1861 bonarum
1791 1826 1832 1860 et
1862 1833 1948 1860 ma-

173 1887 304 1926 larum
344 1886 524 1926 maxime
564 1886 781 1926 hominum
812 1886 896 1925 vita
927 1891 1124 1933 vexetur,
1170 1886 1222 1924 ob
1255 1898 1437 1938 eumque
1470 1898 1651 1924 errorem
1684 1888 1725 1923 et
1753 1882 1947 1935 volupta-

176 1949 282 1988 tibus
314 1948 506 1988 maximis
538 1961 662 2001 saepe
694 1949 911 2001 priventur
941 1954 981 1987 et
1013 1948 1246 1988 durissimis
1269 1948 1395 1987 animi
1419 1946 1636 1986 doloribus
1659 1950 1946 1998 torqueantur,

175 2010 380 2063 sapientia
409 2016 471 2050 est
500 2009 760 2058 adhibenda,
793 2023 899 2063 quae
933 2015 972 2050 et
1003 2011 1228 2050 terroribus
1261 2010 1647 2064 cupiditatibusque
1679 2008 1874 2048 detractis
1907 2011 1946 2046 et

175 2073 360 2112 omnium
404 2072 602 2112 falsarum
643 2073 889 2126 opinionum
931 2074 1164 2113 temeritate
1209 2074 1381 2126 derepta
1423 2072 1699 2112 certissimam
1739 2083 1784 2110 se
1824 2069 1996 2109 nobis30

176 2135 322 2174 ducem
359 2134 555 2187 praebeat
592 2135 643 2174 ad
684 2135 954 2188 voluptatem.
1006 2134 1221 2187 Sapientia
1253 2136 1363 2174 enim
1396 2139 1459 2174 est
1489 2146 1594 2181 una,
1638 2146 1746 2186 quae
1778 2131 1948 2172 maesti-

176 2197 272 2236 tiam
304 2196 431 2249 pellat
461 2210 514 2236 ex
545 2198 716 2244 animis,
751 2210 858 2250 quae
889 2211 967 2237 nos
1000 2198 1297 2237 exhorrescere
1320 2202 1432 2237 metu
1456 2210 1542 2236 non
1568 2196 1695 2243 sinat3
1727 2208 1808 2248 qua
1828 2207 1947 2248 prae-

176 2259 355 2312 ceptrice
386 2259 429 2298 in
460 2260 768 2313 tranquillitate
790 2260 875 2299 vivi
899 2265 1036 2313 potest
1058 2259 1243 2299 omnium
1266 2259 1543 2313 cupiditatum
1564 2258 1712 2298 ardore
1733 2257 1945 2297 restincto.

178 2320 433 2374 Cupiditates
465 2322 575 2361 enim
606 2328 701 2361 sunt
727 2323 1007 2369 insatiabiles,
1041 2335 1147 2375 quae
1169 2336 1253 2361 non
1275 2321 1400 2361 modo
1423 2321 1609 2373 singulos
1631 2320 1841 2366 homines,
1873 2318 1946 2358 sed

177 2383 391 2422 universas
421 2382 601 2424 familias
632 2390 843 2432 evertunt,
876 2391 1005 2424 totam
1032 2384 1154 2423 etiam
1184 2383 1440 2423 labefactant
1464 2395 1591 2434 saepe
1612 2395 1700 2421 rem
1722 2381 1997 2434 publicam.35

177 2442 243 2484 44..
273 2446 337 2484 Ex
368 2445 666 2499 cupiditatibus
698 2447 814 2495 odia,
847 2447 1044 2494 discidia,
1077 2447 1332 2493 discordiae,
1365 2445 1608 2492 seditiones,
1640 2444 1750 2484 bella
1769 2457 1949 2484 nascun-

175 2513 263 2554 tur,
304 2520 381 2547 nec
417 2521 491 2548 eae
533 2522 577 2549 se
608 2509 709 2550 foris
741 2510 877 2549 solum
909 2511 1079 2556 iactant,
1120 2522 1195 2548 nec
1228 2515 1388 2549 tantum
1418 2508 1462 2547 in
1494 2507 1600 2547 alios
1632 2520 1754 2546 caeco
1788 2508 1947 2559 impetu

175 2569 411 2618 incurrunt,
451 2570 526 2611 sed
564 2572 676 2612 intus
716 2573 839 2612 etiam
880 2572 922 2611 in
963 2572 1113 2612 animis
1153 2571 1341 2611 inclusae
1373 2570 1484 2609 inter
1514 2584 1558 2609 se
1590 2569 1794 2608 dissident
1823 2574 1949 2621 atque

177 2631 437 2681 discordant,
469 2646 523 2673 ex
554 2648 638 2688 quo
670 2635 797 2674 vitam
829 2635 1131 2674 amarissimam
1162 2646 1335 2674 necesse
1367 2638 1430 2673 est
1461 2631 1590 2679 effici,
1620 2636 1667 2671 ut
1692 2631 1860 2685 sapiens
1882 2644 1950 2670 5ο-

176 2694 259 2734 lum
300 2700 509 2749 amputata
548 2697 874 2751 circumcisaque
911 2697 1113 2737 inanitate
1156 2696 1269 2737 omni
1313 2700 1353 2736 et
1393 2708 1552 2742 errore,
1590 2699 1764 2734 naturae
1795 2691 1997 2733 finibus4o

254 2874 284 2905 4.
310 2874 480 2914 aliquanto
504 2876 603 2907 ABE
619 2895 662 2899 —
686 2877 716 2907 2.
745 2885 801 2908 nec
824 2877 944 2909 ABE:
970 2886 1071 2917 neque
1090 2878 1159 2909 ΜΟ
1181 2896 1215 2900 —
1243 2877 1272 2907 3.
1295 2876 1378 2915 Ouid
1402 2876 1428 2906 si
1451 2876 1476 2907 Β
1497 2892 1532 2898 -—
1560 2875 1591 2907 8.
1611 2879 1669 2907 aut
1693 2883 1815 2916 anyer&
1829 2874 1950 2906 Vlcto-

178 2925 264 2955 rius:
293 2928 351 2955 aut
374 2929 509 2966 tangere
531 2926 595 2957 AB
612 2944 655 2949 —
679 2928 732 2958 40.
759 2931 818 2958 aul
843 2928 953 2958 dolore
971 2928 994 2958 l}
1016 2945 1050 2949 ——
1080 2928 1131 2959 12.
1152 2928 1200 2958 cel
1226 2928 1375 2958 ulf‘imum
1401 2926 1448 2957 rel
1471 2929 1655 2957 cai-[remum
1679 2926 1839 2957 bonorum
1862 2927 1888 2957 Α
1903 2926 1945 2956 B:

179 2974 337 3004 bonorum
359 2975 409 3006 vel
430 2975 580 3006 ulttmum
602 2977 652 3007 rel
675 2980 857 3008 ecfrenmm
881 2978 906 3007 Ο
926 2977 1095 3017 (bonorum
1113 2986 1182 3008 om.
1203 2978 1239 3014 D]
1263 2995 1297 2999 —
1327 2976 1377 3007 413.
1405 2976 1482 3006 telos
1498 2977 1524 3007 Α
1538 2976 1563 3007 Β
1590 2993 1624 2998 -
1653 2975 1706 3007 44.
1731 2976 1884 3015 seruntur
1902 2976 1946 3011 A;

176 3024 324 3063 ferentur
340 3024 398 3055 BE
416 3041 450 3046 —
470 3026 544 3064 esse]
561 3029 606 3056 cst
624 3027 647 3057 B
667 3044 700 3048 —
731 3027 781 3058 118.
802 3028 976 3058 uoluerunt
995 3028 1017 3059 E
1037 3044 1071 3049 —
1094 3028 1145 3058 lt).
1164 3027 1349 3065 uoluplales
1365 3026 1388 3056 B
1401 3026 1423 3056 E
1442 3028 1476 3057 et
1492 3026 1524 3057 Μ
1543 3027 1576 3057 in
1593 3025 1702 3066 praes.
1723 3033 1756 3065 p.
1776 3025 1887 3056 XLIII.
1910 3041 1944 3045 —

178 3073 412 3105 arbitretur-M
431 3091 466 3096 —
492 3074 544 3105 ⁶22.
571 3084 656 3114 quae
678 3080 721 3106 esc
745 3086 802 3107 ars
826 3086 854 3107 υ.
872 3086 904 3115 ρ.
924 3079 968 3107 esc
992 3077 1016 3107 B
1037 3094 1072 3099 --
1099 3077 1151 3108 225.
1179 3085 1236 3116 esso
1261 3078 1285 3106 A
1302 3077 1345 3106 13:
1373 3084 1443 3106 om.
1471 3075 1496 3106 O
1514 3093 1549 3097 —-
1578 3076 1630 3106 28.
1653 3075 1838 3105 ‹luris-simis
1862 3073 1941 3104 cod.

179 3122 376 3154 Leidcnsis:
405 3123 592 3162 purissimis
620 3127 644 3155 A
661 3126 702 3157 B:
734 3127 938 3165 gyrat-issimus
962 3126 986 3156 O
1015 3142 1049 3148 —
1084 3126 1137 3157 ¹25).
1165 3129 1208 3157 e>t
1239 3125 1421 3156 adhibenda
1445 3127 1490 3156 A:
1526 3125 1710 3156 adhibenda
1741 3128 1785 3155 est
1812 3125 1881 3155 ΒΜ
1909 3142 1943 3146 -

177 3175 207 3202 ει
229 3172 397 3203 erroribus
419 3173 477 3204 BE
498 3189 532 3195 —
560 3173 612 3205 31.
638 3176 722 3206 enim
746 3180 789 3207 est
808 3178 849 3207 A:
878 3180 922 3207 est
948 3177 1028 3215 (0111.
1047 3177 1141 3213 enim)
1171 3177 1212 3205 13:
1239 3178 1282 3206 es!
1306 3176 1390 3205 enim
1415 3176 1482 3206 ΜΟ
1503 3193 1539 3198 ›-
1566 3174 1618 3206 34.
1647 3174 1850 3205 insaciabiles
1873 3176 1947 3203 sunl

178 3221 202 3251 B
226 3239 268 3243 —
292 3221 344 3253 35.
370 3222 478 3261 etiam]
505 3226 534 3254 et
556 3224 618 3255 BE
639 3242 674 3247 ——
701 3226 752 3257 30.
779 3226 915 3256 discidia
941 3227 965 3255 A
982 3226 1024 3257 13:
1051 3226 1185 3256 dissidia
1211 3225 1235 3256 O
1262 3242 1296 3247 —-
1324 3225 1377 3256 37.
1403 3234 1460 3257 eae
1482 3233 1514 3257 se
1538 3226 1582 3257 A:
1608 3232 1664 3256 eas
1686 3232 1718 3256 se
1734 3224 1780 3260 133
1805 3223 1866 3255 hae
1882 3231 1947 3254 sese

178 3270 203 3300 Ο
231 3287 264 3292 -
292 3269 344 3303 39,
371 3280 495 3304 necesse
517 3280 586 3304 om.
613 3273 676 3305 BE
704 3291 737 3295 —
765 3274 819 3316 θεῖ]
844 3284 909 3306 esse
933 3275 970 3307 Ε.
