2249 3624
321 121 402 165 594
1036 120 1176 162 CATO
1207 118 1379 161 MAIOR

322 242 495 271 necesse
532 234 594 270 est
631 228 734 269 mihi
761 228 818 269 <de
849 241 914 268 me
946 227 1038 280 ipso
1070 227 1233 275 dicere,
1276 239 1532 280 quamquam
1575 230 1639 267 est
1674 226 1718 266 id
1756 225 1924 281 quidem
1957 229 2086 271 senile

324 293 536 347 aetatique
567 298 735 333 nostrae
767 291 1022 331 conceditur.

435 357 489 396 X.
521 353 589 395 31.
624 354 842 394 Videtisne
874 358 920 392 ut
949 352 1061 405 apud
1084 353 1314 392 Homerum
1347 352 1592 405 saepissime
1613 353 1766 392 Nestor
1796 353 1847 393 de
1868 354 2087 396 virtutibus

324 419 409 460 suis
439 417 687 472 praedicet?
739 415 924 455 Tertiam
957 415 1067 454 enim
1099 416 1180 454 iam
1214 419 1394 454 aetatem
1424 414 1643 454 hominum
1675 415 1862 463 vivebat,
1893 430 1971 456 nec
2002 423 2090 459 erat

290 481 362 521 sei
393 480 622 521 verendum
654 492 705 517 ne
737 490 835 517 vera
865 477 1112 530 praedicans
1146 477 1196 516 de
1231 489 1274 516 se
1306 476 1430 516 nimis
1462 476 1675 517 videretur
1704 483 1776 517 aut
1802 478 1989 519 insolens
2019 485 2090 520 aut

322 542 491 596 loquax.
549 542 735 588 Etenim,
766 545 812 579 ut
839 540 896 579 ait
915 540 1142 587 Homerus,
1177 552 1257 579 «ex
1289 540 1378 579 eius
1409 539 1554 592 lingua
1584 539 1709 580 melle
1741 539 1906 580 dulcior
1935 541 2090 583 fluebat

322 604 510 652 oratio»,
554 616 678 657 quam
709 602 761 642 ad
793 601 1041 642 suavitatem
1074 602 1199 641 nullis
1243 602 1392 654 egebat
1433 602 1619 655 corporis
1658 602 1839 641 viribus:
1880 607 1920 641 et
1950 608 2088 644 tamen

322 666 412 707 dux
440 666 512 706 ille
544 665 741 705 Graeciae
771 677 980 717 nusquam
1012 668 1129 717 optat
1165 669 1211 703 ut
1240 664 1377 704 Aiacis
1417 664 1576 704 similes
1616 664 1769 704 habeat
1807 664 1973 713 decem,
2017 666 2088 706 sed

321 734 368 769 ut
397 729 607 775 Nestoris,
651 726 766 781 quod
807 727 841 766 si
885 726 964 766 sibi
1002 726 1225 774 acciderit,
1269 740 1354 765 non
1395 726 1556 767 dubitat
1594 727 1694 781 quin
1733 727 1850 767 brevi
1881 727 1936 767 sit
1966 729 2089 769 Troia

271 792 519 845 inperitura.
579 788 646 829 32.
679 789 761 829 Sed
792 789 919 829 redeo
951 789 1003 828 ad
1035 803 1114 829 me.
1155 788 1360 837 Quartum
1393 802 1472 841 ago
1503 802 1659 829 anuum
1692 794 1733 829 et
1763 790 2087 842 octogesimum:

320 854 471 895 vellem
503 852 699 906 equidem
730 852 841 891 idem
874 864 1044 904 possem
1074 851 1244 904 gloriari
1277 851 1392 905 quod
1417 851 1561 905 Cyrus,
1594 852 1666 892 sed
1698 857 1837 892 tamen
1868 851 1947 891 hoc
1978 865 2087 905 queo

321 917 482 963 dicere,
514 928 599 955 non
631 928 697 954 me
729 913 896 968 quidem
930 913 982 953 iis
1014 927 1105 953 esse
1137 914 1317 961 viribus,
1351 914 1504 967 quibus
1536 920 1609 954 aut
1638 914 1758 954 miles
1789 914 1900 954 bello
1932 914 2088 955 Punico

319 984 392 1019 aut
422 983 622 1032 quaestor
654 976 804 1017 eodem
836 976 947 1016 bello
979 982 1051 1015 aut
1081 976 1226 1016 consul
1259 976 1302 1015 iu
1325 976 1524 1030 Hispania
1547 974 1695 1016 fuerim
1719 982 1791 1017 aut
1813 976 2088 1031 quadriennio

319 1047 430 1095 post,
462 1054 554 1080 cum
586 1040 779 1080 tribunus
811 1039 1000 1079 militaris
1033 1038 1272 1091 depugnavi
1304 1039 1416 1091 apud
1441 1038 1744 1093 Thermopylas
1775 1040 1840 1080 Μ’.
1864 1039 2088 1080 Glabrione

270 1110 306 1139 ⁴5
321 1103 509 1151 consule,
542 1103 614 1143 sed
647 1108 800 1150 tamen,
832 1107 877 1141 ut
908 1115 982 1141 vos
1013 1100 1176 1147 videtis,
1208 1114 1294 1140 non
1325 1101 1448 1154 plane
1471 1115 1536 1141 me
1560 1103 1798 1149 enervavit,
1820 1115 1905 1141 non
1928 1100 2090 1142 adflixit

319 1172 537 1207 senectus:
581 1178 667 1205 non
699 1165 809 1205 curia
840 1164 951 1204 vires
984 1177 1097 1203 meas
1131 1163 1364 1210 desiderat,
1407 1177 1492 1203 non
1523 1169 1680 1211 rostra,
1712 1177 1798 1204 non
1829 1163 1975 1211 amici,
2006 1177 2089 1205 non

319 1230 519 1276 clientes,
542 1241 626 1268 non
649 1227 849 1281 hospites.
900 1228 985 1266 Nec
1017 1226 1128 1265 enim
1160 1239 1355 1279 umquam
1390 1239 1479 1266 sum
1512 1227 1714 1266 adsensus
1746 1227 1877 1266 veteri
1910 1226 1971 1266 illi
2002 1226 2090 1267 lau-

319 1291 502 1345 datoque
534 1290 774 1344 proverbio,
807 1288 918 1342 quod
952 1292 1114 1334 monet,
1149 1293 1336 1328 «mature
1367 1286 1456 1328 fieri
1490 1301 1653 1337 senem,
1685 1288 1719 1328 si
1742 1289 1813 1329 diu
1836 1289 1938 1329 velis
1961 1302 2090 1329 senex

319 1367 451 1394 esse.»
511 1354 600 1406 Ego
638 1366 737 1393 vero
780 1365 845 1391 me
884 1352 1019 1391 minus
1060 1350 1132 1389 diu
1165 1364 1309 1390 senem
1341 1364 1432 1391 esse
1463 1351 1630 1391 mallem
1665 1365 1789 1405 quam
1822 1364 1914 1391 esse
1946 1364 2088 1391 senem

267 1424 304 1455 20
317 1423 413 1457 ante
444 1428 570 1470 quam
603 1428 752 1455 essem.
814 1416 959 1468 Itaque
999 1427 1120 1454 nemo
1160 1414 1297 1454 adhuc
1328 1414 1550 1454 convenire
1582 1428 1648 1454 me
1681 1414 1812 1454 voluit
1842 1415 1908 1454 cui
1939 1414 2087 1455 fuerim

317 1485 559 1532 occupatus.
619 1475 685 1517 33.
717 1480 770 1517 At
801 1479 937 1517 minus
969 1476 1105 1516 habeo
1137 1476 1287 1516 virium
1320 1489 1446 1529 quam
1480 1482 1662 1517 vestrum
1693 1478 1864 1517 utervis.
1925 1478 1985 1517 Ne
2016 1490 2088 1517 vos

317 1541 489 1595 quidem
520 1542 565 1580 T.
597 1541 734 1581 Pontii
775 1539 1035 1580 centurionis
1076 1540 1185 1579 vires
1216 1539 1407 1579 habetis:
1453 1552 1552 1578 num
1585 1539 1744 1580 idcirco
1777 1545 1839 1579 est
1866 1539 1938 1580 ille
1969 1552 2089 1593 prae-

317 1604 518 1645 stantior?
557 1603 791 1643 Moderatio
824 1602 948 1642 modo
981 1597 1130 1642 virium
1162 1601 1273 1642 adsit
1303 1607 1344 1641 et
1375 1606 1536 1642 tantum
1570 1608 1772 1655 quantum
1803 1606 1943 1655 potest
1976 1601 2089 1654 quis-

318 1682 402 1723 que
432 1668 616 1708 nitatur:
657 1679 709 1706 ne
740 1665 811 1704 ille
843 1679 926 1705 non
958 1678 1108 1716 magno
1141 1664 1352 1704 desiderio
1394 1665 1605 1704 tenebitur
1645 1665 1806 1705 virium.
1868 1663 2087 1718 Olympiae

265 1736 392 1784 25per
420 1729 597 1770 stadium
628 1729 841 1782 ingressus
874 1741 966 1768 esse
996 1727 1096 1767 Milo
1129 1727 1304 1774 dicitur,
1337 1740 1431 1766 cum
1462 1726 1648 1766 humeris
1681 1728 1909 1767 sustineret
1937 1727 2088 1767 bovem

315 1792 483 1832 vivum:
521 1791 650 1843 igitur
679 1790 753 1830 has
784 1790 969 1843 corporis
1000 1803 1053 1829 an
1084 1789 1345 1843 Pythagorae
1375 1789 1450 1828 tibi
1483 1789 1604 1828 malis
1637 1789 1745 1829 vires
1777 1789 1934 1843 ingenii
1966 1789 2087 1829 dari?

314 1855 509 1908 Denique
541 1855 620 1893 isto
649 1853 762 1892 bono
795 1857 926 1900 utare,
959 1852 1056 1891 dum
1088 1852 1223 1900 adsit;
1263 1865 1356 1891 cum
1388 1851 1518 1897 absit,
1552 1864 1603 1890 ne
1625 1852 1841 1904 requiras,
1873 1853 1956 1893 nisi
1984 1851 2090 1892 forte

315 1916 612 1958 adulescentes
649 1914 891 1968 pueritiam,
933 1914 1104 1967 paulum
1144 1919 1280 1953 aetate
1321 1913 1534 1966 progressi
1573 1913 1905 1955 adulescentiam
1938 1914 2091 1955 debent

315 1979 541 2033 requirere.
603 1977 759 2018 Cursus
791 1983 854 2017 est
885 1982 1023 2016 certus
1054 1977 1201 2017 aetatis
1241 1982 1282 2016 et
1312 1989 1397 2016 una
1428 1976 1492 2016 via
1523 1981 1697 2016 naturae
1732 1989 1867 2030 eaque
1899 1976 2089 2030 simplex,

266 2049 304 2080 3ο
317 2053 477 2095 suaque
509 2040 663 2094 cuique
694 2040 801 2094 parti
832 2040 979 2080 aetatis
1011 2039 1315 2092 tempestivitas
1347 2043 1411 2078 est
1442 2037 1558 2086 data,
1590 2043 1636 2078 ut
1669 2044 1709 2078 et
1738 2036 1958 2079 infirmitas
1988 2052 2089 2092 pue-

405 2216 434 2246 ⁴.
462 2215 500 2246 de
522 2223 572 2245 me
596 2213 666 2253 ipso
690 2213 769 2245 mihi
794 2214 818 2244 R
842 2231 875 2235 —
904 2212 933 2245 4.
953 2213 1166 2253 praedicetur
1189 2213 1245 2244 BS
1274 2231 1308 2234 —
1335 2214 1467 2244 tertiam
1487 2213 1552 2243 iam
1572 2214 1659 2244 enim
1676 2213 1745 2248 PR,
1772 2213 1841 2243 iam-
1857 2213 1944 2244 enim
1960 2212 2090 2244 tertiam

316 2265 430 2298 BEIS
457 2282 491 2287 —
520 2273 578 2296 nec
601 2265 629 2295 ei
653 2267 725 2295 erat
749 2264 781 2301 Ι,
809 2262 871 2294 sed
896 2263 925 2294 ei
950 2272 1026 2304 sup.
1054 2261 1127 2299 lin.;
1155 2271 1194 2293 ne
1217 2266 1303 2294 certe
1326 2263 1570 2293 uerendum—-
1587 2262 1715 2301 loquax
1738 2263 1870 2293 Nonius
1896 2271 1929 2302 p.
1949 2261 2030 2299 3¹22,
2050 2260 2088 2292 ’13

317 2331 354 2336 -
381 2315 412 2345 7.
439 2314 483 2345 ad
506 2322 607 2353 quam
631 2315 654 2345 P
682 2331 716 2335 —
750 2313 781 2344 8.
808 2313 884 2343 illae
909 2314 946 2343 Ρ1
974 2330 1008 2334 -
1044 2321 1227 2353 numquam
1251 2313 1276 2343 R
1305 2329 1339 2334 —
1379 2313 1433 2343 sed
1457 2311 1503 2352 uc]
1530 2313 1584 2344 sed
1609 2321 1668 2344 sea:
1691 2311 1746 2343 vel
1775 2313 1840 2343 .VI.
1869 2313 1926 2353 (VI
1947 2321 2009 2353 pro
2032 2311 2087 2351 VT)

315 2364 497 2401 BEIPS‚
525 2367 560 2394 at
584 2366 620 2394 ut
643 2363 702 2394 ΒΟ
729 2380 764 2384 -
799 2362 829 2393 9.
856 2364 883 2393 si
907 2362 966 2393 sibi
989 2362 1208 2393 BEIPR2S:
1234 2362 1293 2393 sibi
1318 2363 1345 2393 si
1369 2363 1417 2399 1³¹,
1445 2362 1505 2393 sibi
1530 2371 1599 2394 om.
1621 2363 1669 2399 O3
1697 2363 1777 2403 post
1801 2362 1957 2393 acciderit
1981 2363 2034 2393 est
2056 2361 2088 2393 in

316 2415 341 2447 P
364 2415 575 2456 repetitum:
610 2413 715 2444 aiacis
738 2413 875 2443 similem
899 2412 1017 2443 habeat
1041 2412 1155 2442 ducem
1181 2415 1215 2442 at
1238 2415 1276 2443 ut
1298 2413 1454 2449 nestoris,
1490 2420 1580 2452 quae
1606 2413 1660 2443 est
1683 2412 1778 2442 varia
1802 2411 1905 2443 lectio
1930 2420 1972 2443 ex
1997 2419 2090 2443 mar-

316 2465 395 2505 gine
420 2465 453 2495 in
478 2471 682 2495 sermonem
706 2464 851 2502 recepta
879 2479 913 2483 —
942 2462 1028 2492 troia
1054 2462 1142 2493 brevi
1166 2463 1208 2493 sit
1231 2463 1241 2493 Ι
1270 2480 1303 2485 -
1338 2463 1390 2494 40.
1417 2471 1475 2502 eqo
1500 2471 1626 2493 annum
1650 2462 1694 2499 E,
1721 2470 1847 2493 annum
1870 2470 1934 2502 ayo
1959 2461 2003 2500 O,
2029 2469 2091 2501 ayo

316 2518 346 2546 et
369 2515 601 2554 octogesimum
625 2520 750 2543 annum
774 2512 786 2542 1
814 2529 849 2534 —-
885 2512 937 2542 Μ.
962 2520 1089 2551 possem
1112 2512 1188 2543 BS:
1213 2520 1306 2551 posse
1330 2513 1479 2543 EIPRO
1505 2511 1582 2552 (sed
1608 2513 1632 2543 R
1658 2512 1691 2542 in
1717 2511 1842 2552 marg.)
1870 2528 1904 2533 —
1939 2510 1990 2541 ⁴2.
2016 2511 2091 2550 qui-

317 2564 389 2596 dem
413 2572 483 2595 om.
502 2564 522 2594 S
550 2580 585 2585 —
617 2562 666 2592 his
690 2562 777 2592 BIR
806 2578 839 2583 —-
874 2561 1056 2592 uirtutibus
1080 2561 1104 2592 E
1133 2579 1167 2583 —
1201 2561 1282 2592 bello
1303 2562 1443 2601 pecunio
1468 2562 1492 2593 E
1521 2579 1555 2584 —-
1592 2560 1643 2593 ⁴4.
1670 2556 1728 2592 M?
1754 2562 1777 2593 Ρ
1803 2562 1890 2602 (sup.
1916 2555 1975 2591 M?
2000 2568 2046 2591 m.
2071 2559 2090 2590 2

317 2613 399 2645 add.
425 2614 494 2652 et):
526 2621 570 2643 m.
597 2612 706 2643 BIRS
733 2611 794 2651 (de
820 2611 844 2643 E
869 2613 962 2643 tacet
986 2612 1204 2651 Wunderus)
1233 2628 1267 2633 —
1297 2611 1467 2652 9labrione
1490 2614 1529 2643 P:
1561 2611 1659 2642 acilio
1682 2610 1854 2652 glabrione
1877 2611 1945 2642 mei
1969 2609 2091 2650 reliqui

318 2665 353 2696 et
377 2664 413 2701 Ο,
441 2662 504 2694 sed
530 2662 554 2694 E
578 2662 676 2693 acilio
704 2662 736 2693 .l.
762 2660 935 2702 glabrione
961 2662 1011 2701 (in
1029 2663 1104 2694 Pin
1122 2670 1233 2702 marg.
1254 2661 1334 2693 add.
1355 2671 1402 2693 m.
1422 2662 1440 2692 2
1466 2662 1519 2693 aci
1535 2686 1542 2694 .
1560 2687 1567 2694 .
1587 2662 1613 2701 .)
1641 2678 1675 2683 —
1711 2662 1763 2693 45.
1790 2669 1844 2692 cos
1867 2661 1917 2700 1³¹,
1943 2668 2020 2692 coss.
2041 2657 2088 2699 P²,

317 2750 502 2782 consulibus
525 2750 549 2787 Ι,
575 2711 757 2781 εοηεαιίὸαςΕ
784 2768 819 2774 -
846 2753 892 2781 sec
915 2751 927 2781 I
955 2767 990 2772 —
1017 2759 1081 2781 non
1107 2752 1199 2791 (ante
1217 2750 1361 2791 adflixit)
1388 2750 1412 2781 C
1432 2758 1437 2779 :
1465 2758 1523 2781 nec
1547 2749 1632 2780 dett.
1651 2749 1754 2790 pauci
1772 2750 1808 2780 et
1825 2749 1850 2780 O
1867 2766 1909 2771 —
1933 2748 1986 2780 48.
2003 2747 2091 2779 sedin

318 2799 356 2834 P¹
381 2818 416 2822 —
443 2809 508 2832 esse
531 2808 631 2831 senex
655 2800 680 2831 O
706 2817 741 2822 -
771 2801 823 2832 49.
851 2809 909 2841 690
934 2803 1045 2831 autem
1069 2800 1094 2832 E
1121 2818 1156 2822 -—
1184 2801 1316 2832 mallem
1339 2809 1446 2831 senem
1469 2808 1534 2831 esse
1559 2807 1661 2838 quam
1684 2808 1750 2831 esse
1773 2801 1849 2830 ante
1873 2806 1973 2838 quam
1995 2805 2090 2829 essem

316 2859 417 2882 senex
439 2851 451 2882 Ι
479 2867 513 2871 -
543 2858 609 2881 esse
632 2853 708 2881 ante
733 2851 816 2890 (om.
835 2851 952 2890 senem)
978 2850 1003 2882 E
1029 2866 1062 2871 —
1100 2851 1152 2881 20.
1180 2859 1405 2881 nemo--me
1429 2858 1499 2881 om.
1527 2850 1563 2884 1;
1589 2858 1640 2881 me
1663 2857 1741 2890 sup.
1761 2848 1819 2880 lin.
1846 2848 1873 2880 R
1900 2864 1935 2869 -
1967 2847 2020 2878 cui
2042 2847 2086 2878 R:

318 2901 375 2940 qui
390 2902 426 2938 P,
453 2901 626 2940 quominus
650 2901 727 2932 BIS
753 2910 795 2932 ex
821 2902 942 2932 vetere
968 2900 1044 2939 quoi
1070 2902 1287 2940 corruptum,
1316 2909 1390 2931 curn
1410 2900 1434 2931 E
1454 2917 1489 2921 —
1515 2899 1616 2939 fuerit
1632 2900 1656 2931 E
1675 2917 1709 2921 -
1736 2899 1789 2938 24„
1809 2901 1985 2938 occupatos
2000 2897 2086 2929 ΡΙ-

318 2950 372 2982 22.
402 2950 433 2981 T.
453 2959 522 2982 om.
542 2951 585 2987 R;
612 2959 652 2982 ne
674 2958 730 2981 vos
754 2951 885 2990 quidem
901 2951 1194 2990 --praestantior
1219 2951 1349 2981 Nonius
1374 2959 1407 2990 p.
1424 2949 1556 2988 371,Ξὸ
1584 2966 1619 2971 -
1646 2949 1730 2980 uiris
1752 2949 1884 2980 Nonius
1909 2965 1945 2969 —
1970 2947 2024 2979 ille
2045 2948 2089 2978 est

318 3001 346 3032 R
373 3018 407 3022 -
434 3000 485 3031 23.
513 3001 592 3031 assit
616 3001 659 3037 E,
686 3001 770 3032 item
794 3000 898 3041 paulo
924 3002 1001 3041 post
1029 3018 1063 3022 —
1092 3000 1228 3039 quisque
1247 3003 1352 3039 potest
1376 3000 1402 3031 R
1429 3015 1463 3021 -
1499 2998 1551 3030 24.
1577 3007 1640 3029 nae
1664 2999 1689 3030 Ο
1718 3016 1752 3021 -
1786 2998 1840 3029 ille
1863 2998 1991 3038 quidem
2014 2995 2088 3028 BIS

322 3065 358 3071 -—
383 3058 449 3080 non
473 3058 542 3080 om.
570 3049 625 3080 BS
660 3067 694 3071 —
729 3050 782 3081 25.
809 3050 899 3081 milio
923 3050 948 3081 E
983 3067 1018 3072 -—
1054 3050 1107 3081 26.
1135 3049 1242 3089 igilur
1267 3050 1342 3080 PS:
1370 3049 1474 3089 igitur
1497 3052 1610 3080 ulrum
1634 3049 1667 3085 1,
1701 3051 1815 3079 utrum
1837 3048 1941 3088 ἐρίων
1963 3045 2086 3078 BERO

321 3114 357 3120 -
383 3099 472 3129 uires
494 3107 538 3129 an
557 3102 745 3139 pytagorae
768 3099 824 3130 [ibi
847 3099 946 3131 malis
970 3100 993 3130 B
1022 3116 1057 3120 —
1089 3098 1141 3130 28.
1166 3098 1342 3137 paululum
1366 3099 1390 3130 E
1425 3116 1457 3120 -
1499 3098 1551 3130 29.
1579 3101 1625 3129 esi
1647 3098 1764 3129 aetatis
1786 3101 1894 3129 certus
1916 3097 1960 3136 R,
1984 3098 2088 3127 certus

318 3152 365 3181 est
387 3149 505 3179 aetatis
535 3149 568 3185 1;
610 3158 725 3180 cursus
755 3152 801 3180 esc
830 3153 938 3180 certus
967 3149 1086 3180 aetatis
1109 3165 1127 3170 -
1149 3164 1166 3170 —
1190 3151 1236 3179 est
1267 3149 1349 3179 data
1379 3148 1510 3179 Nonius
1535 3156 1568 3188 p.
1588 3147 1650 3179 408
1693 3163 1728 3169 —
1770 3146 1823 3179 30.
1850 3147 1946 3187 parti
1973 3143 2087 3176 aetatis

318 3198 473 3230 Nonius:
504 3198 705 3236 particitatis
729 3200 760 3237 Ι,
781 3199 961 3238 parcitatis
986 3200 1020 3237 P,
1043 3203 1168 3238 parM
1193 3200 1266 3237 (sex
1292 3200 1476 3239 septemve
1501 3196 1636 3229 litterae
1662 3197 1803 3237 erasae)
1829 3197 1868 3236 S,
1889 3195 1982 3236 parti
2005 3194 2083 3234 (om.

318 3247 447 3287 aetatis)
472 3247 567 3280 BER
596 3265 628 3270 —
656 3251 692 3279 ut
716 3249 800 3280 enim
823 3248 1000 3289 infirmitas
1016 3265 1066 3272 --
1083 3247 1202 3280 aetatis
1226 3249 1281 3280 est.
1302 3248 1349 3279 ita
1371 3248 1544 3279 senectutis
1567 3247 1638 3279 ER.

2198 0 2203 177 ἰ
