2249 3624
345 187 427 229 326
778 185 1209 227 TUSCULANARUM
1239 182 1679 225 DISPUTATIONUM

347 293 483 342 Quam
514 293 617 333 haec
647 292 822 346 pulchra
851 297 989 345 putet,
1022 292 1112 345 ipse
1143 292 1223 331 iam
1256 290 1387 330 dicet:

855 355 1138 394 Fortunam
1170 354 1344 406 ipsam
1376 353 1594 393 anteibo
1623 352 1871 392 fortunis
1902 349 2045 389 meis.

459 417 631 457 XXXII.
661 416 728 457 68.
759 418 874 457 Haec
904 417 1062 456 laetitia
1092 429 1218 469 quam
1249 415 1382 467 turpis
1414 415 1478 461 sit,
1510 416 1610 455 satis
1642 421 1705 455 est
1733 415 1957 468 diligenter
1986 418 2119 453 atten-

347 480 513 520 dentem
545 482 711 534 penitus
743 480 899 520 videre.
945 480 998 518 Et
1028 483 1075 517 ut
1105 484 1246 530 turpes
1277 484 1394 525 sunt,
1428 478 1500 531 qui
1532 478 1722 518 ecferunt
1752 491 1796 518 se
1827 477 1986 517 laetitia
2017 480 2118 522 tum,

312 553 438 583 scum
485 542 679 583 fruuntur
718 543 908 582 Veneriis
948 540 1253 593 voluptatibus,
1297 541 1355 580 sic
1398 541 1615 593 flagitiosi,
1663 541 1732 594 qui
1764 553 1833 580 eas
1864 540 2118 579 inflammato

345 606 484 645 animo
517 606 835 658 concupiscunt.
879 606 1010 643 Totus
1044 617 1140 642 vero
1172 603 1269 650 iste,
1303 603 1373 656 qui
1407 604 1528 656 volgo
1561 604 1796 657 appellatur
1825 615 1942 642 amor
1963 622 2016 630 —
2042 614 2119 641 nec

344 666 515 707 hercule
545 667 717 707 invenio
750 681 832 720 quo
864 666 1035 705 nomine
1066 665 1148 704 alio
1182 665 1313 718 possit
1344 666 1547 719 appellari
1577 689 1625 694 —
1660 670 1799 705 tantae
1830 664 2012 704 levitatis
2043 668 2120 711 est,

345 735 390 770 ut
419 730 524 770 nihil
557 730 721 770 videam
752 728 866 783 quod
899 733 1041 782 putem
1074 726 1400 767 conferendum:
1434 741 1556 780 quem
1592 728 1796 768 Caecilius

968 790 1117 830 deum
1149 790 1240 842 qui
1273 803 1377 829 non
1409 805 1656 830 summum
1690 796 1860 843 putet,

296 866 330 895 to
458 856 557 895 Aut
588 854 809 894 stultum
841 860 932 893 aut
962 866 1136 892 rerum
1167 865 1287 893 esse
1318 853 1628 907 imperitum
1662 854 1909 899 existumat,

461 917 624 957 Cuius
657 917 711 956 in
742 930 893 956 manu
927 917 1018 964 sit,
1050 929 1199 969 quem
1232 929 1355 956 esse
1387 917 1686 955 dementem
1718 915 1868 963 velit,

459 979 622 1028 Quem
655 993 863 1034 sapere,
896 992 1046 1032 quem
1079 978 1285 1025 sanari,
1320 992 1472 1031 quem
1505 979 1557 1017 in
1590 978 1813 1018 morbum
1847 978 2006 1025 inici,

458 1104 611 1153 Quem
644 1111 835 1145 contra
865 1107 1057 1152 amari,
1090 1117 1241 1158 quem
1273 1104 1487 1157 expeti,
1520 1116 1671 1157 quem
1703 1103 1991 1143 arcessier,

297 1179 329 1208 15
344 1167 409 1208 69.
443 1168 476 1208 O
509 1168 765 1221 praeclaram
798 1168 1121 1209 emendatricem
1147 1167 1253 1207 vitae
1286 1168 1515 1220 poeticam!
1552 1180 1658 1220 quae
1681 1180 1879 1214 amorem,
1911 1167 2057 1219 flagitii
2081 1172 2122 1207 et

344 1231 526 1271 levitatis
558 1236 792 1279 auctorem,
824 1231 867 1270 in
901 1230 1081 1270 concilio
1115 1230 1286 1270 deorum
1310 1230 1617 1270 conlocandum
1641 1234 1772 1282 putet.
1821 1229 1881 1268 De
1904 1227 2119 1268 comoedia

344 1293 515 1347 loquor,
547 1306 675 1347 quae,
707 1294 739 1333 si
772 1294 875 1333 haec
906 1293 1063 1346 flagitia
1086 1306 1169 1333 non
1192 1292 1486 1346 probaremus,
1519 1292 1635 1332 nulla
1657 1298 1768 1332 esset
1789 1293 1972 1332 omnino.
2007 1290 2120 1339 Quid

344 1356 404 1396 ait
434 1369 487 1395 ex
518 1356 731 1408 tragoedia
764 1356 958 1410 princeps
990 1355 1061 1395 ille
1092 1357 1458 1407 Argonautarum?

457 1419 529 1457 Tu
561 1432 633 1459 me
666 1418 862 1458 amoris
896 1419 1063 1470 magis
1096 1431 1244 1472 quam
1277 1418 1501 1458 honoris
1533 1418 1826 1458 servavisti
1859 1417 2042 1469 gratia.

294 1491 330 1520 20
347 1481 458 1529 Quid
493 1483 620 1534 ergo?
653 1481 719 1521 hic
751 1495 868 1521 amor
898 1481 1070 1521 Medeae
1104 1487 1257 1534 quanta
1281 1481 1543 1521 miseriarum
1567 1481 1762 1520 excitavit
1782 1479 2005 1521 incendia!
2050 1481 2120 1519 At-

345 1558 428 1598 que
468 1557 515 1584 ea
548 1550 686 1584 tamen
726 1544 839 1597 apud
880 1544 1006 1584 alium
1048 1549 1209 1596 po'e‘tam
1255 1545 1360 1598 patri
1393 1544 1532 1584 dicere
1563 1543 1690 1584 audet
1720 1558 1764 1584 se
1797 1543 2017 1596 coniugem
2049 1544 2120 1582 ha-

344 1607 486 1648 buisse

457 1671 642 1718 Illum,
687 1672 834 1711 Amor
874 1684 1018 1722 quem
1051 1670 1295 1717 dederat,
1339 1672 1428 1724 qui
1469 1671 1590 1724 plus
1623 1670 1794 1724 pollet
1825 1670 2119 1723 potiorque

1264 1739 1344 1772 est
1377 1739 1542 1786 patre.

458 1796 653 1837 XXXIII.
685 1795 751 1835 70.
799 1796 879 1835 Sed
919 1801 1061 1849 poetas
1106 1796 1247 1834 ludere
1290 1796 1495 1842 sinamus,
1544 1809 1722 1849 quorum
1764 1795 1918 1835 fabulis
1962 1795 2003 1834 in
2041 1795 2120 1835 hoc

294 1866 331 1896 25
346 1861 500 1913 flagitio
535 1859 690 1900 versari
722 1862 856 1912 ipsum
880 1859 1071 1898 videmus
1103 1860 1256 1898 lovem.
1304 1857 1364 1897 Ad
1398 1858 1614 1910 magistros
1644 1859 1807 1897 virtutis
1844 1856 2120 1910 philosophos

347 1924 582 1969 veniamus,
617 1923 689 1976 qui
720 1935 905 1961 amorem
938 1927 1091 1973 negant
1122 1921 1253 1974 stupri
1287 1934 1378 1971 esse
1412 1926 1453 1959 et
1483 1921 1523 1960 in
1547 1934 1596 1960 eo
1630 1920 1793 1973 litigant
1824 1934 1916 1960 cum
1938 1920 2119 1973 Epicuro

345 1999 428 2026 non
470 1985 665 2032 multum,
709 1990 753 2024 ut
791 1984 934 2037 opinio
968 1997 1058 2023 mea
1096 1982 1194 2031 fert,
1237 1983 1474 2023 mentiente.
1523 1983 1625 2030 Quis
1658 1989 1720 2023 est
1752 1983 1862 2022 enim
1896 1985 1973 2023 iste
2005 1997 2121 2024 amor

345 2047 580 2088 amicitiae?
614 2061 686 2086 cur
716 2060 854 2099 neque
887 2046 1114 2086 deformem
1147 2046 1459 2085 adulescentem
1492 2046 1713 2099 quisquam
1747 2052 1857 2086 amat
1878 2059 2017 2100 neque
2039 2046 2121 2086 for-

347 2124 509 2150 mosum
542 2111 715 2150 senem?
756 2110 856 2149 Mihi
888 2110 1057 2163 quidem
1089 2109 1191 2149 haec
1223 2110 1265 2148 in
1288 2109 1541 2148 Graecorum
1575 2109 1804 2162 gymnasiis
1826 2115 1922 2149 nata
1946 2122 2121 2149 consue—

434 2364 465 2397 4.
493 2365 549 2404 qui
579 2365 724 2404 ecferunt
755 2364 797 2395 B:
833 2364 889 2401 qui
912 2364 991 2394 haec
1013 2365 1123 2403 ferunt
1148 2366 1191 2399 G}
1228 2365 1282 2403 qui
1306 2365 1444 2403 efferunt
1469 2366 1493 2396 P.
1520 2365 1539 2404 (i
1565 2365 1597 2396 in
1623 2373 1743 2396 rasura
1771 2367 1803 2396 et
1828 2365 1862 2404 ef
1881 2373 1898 2395 a
1924 2366 2120 2396 recentiore

347 2415 406 2454 m.)
433 2415 469 2445 O.
498 2413 582 2445 Vide
609 2414 651 2445 ad
678 2422 711 2454 p.
738 2414 813 2449 257
842 2413 891 2443 49.
924 2431 956 2434 -
985 2414 1015 2445 5,
1050 2414 1194 2445 Γθηενθὲε
1218 2415 1254 2445 O.
1283 2415 1536 2446 «Scribendum
1564 2418 1617 2446 est
1636 2416 1686 2452 (ex
1706 2415 1741 2453 Cf*
1775 2415 1926 2446 Veneriis.
1958 2413 2121 2447 Meliores

347 2464 490 2505 quidem
510 2464 690 2496 Ciceronis
708 2464 848 2494 codices
875 2463 946 2494 sere
964 2472 1107 2504 semper
1128 2465 1297 2499 Venerius.
1325 2474 1393 2496 non
1416 2466 1583 2503 i'enereus,
1611 2466 1646 2495 ut
1666 2465 1811 2496 Divinat.
1833 2466 1863 2496 in
1884 2464 2009 2497 Caecil.
2031 2466 2048 2506 g
2066 2467 2119 2498 55.

347 2516 482 2546 Verrin.
510 2515 549 2552 ΙΙ,
577 2514 628 2545 92.
656 2515 710 2549 ΙΙΙ,
739 2514 791 2544 50.
820 2513 853 2544 61
885 2512 951 2545 bis.
979 2514 1031 2544 65.
1060 2514 1102 2553 Y,
1131 2515 1199 2547 144.
1221 2516 1293 2547 442.
1322 2524 1384 2555 pro
1410 2514 1545 2546 Cluent.
1573 2514 1591 2555 g
1617 2514 1668 2547 43.
1696 2514 1739 2546 de
1764 2515 1912 2546 Divinat.
1940 2517 1963 2551 1,
1990 2516 2030 2547 23
2054 2515 2119 2546 bis.

350 2565 422 2595 421.
451 2563 523 2596 443.
560 2565 685 2595 Mirum
710 2564 823 2602 igitur,
858 2564 885 2593 si
918 2564 991 2594 Cat.
1020 2565 1061 2595 M.
1090 2568 1108 2605 3·
1133 2566 1172 2597 47
1199 2565 1293 2596 solus
1320 2566 1396 2596 cod.
1425 2564 1568 2595 Barher.
1595 2565 1769 2603 (Gai-aton.
1797 2564 1839 2594 ad
1867 2564 2001 2595 Cluent.
2030 2565 2049 2596 l.
2078 2566 2120 2604 c.)

349 2614 457 2646 habet
486 2615 637 2645 Veneriis.
674 2613 775 2654 Apud
801 2612 958 2644 Plautum
985 2614 1071 2645 Rud.
1099 2616 1138 2651 ΙΙ,
1166 2615 1196 2651 2,
1225 2615 1276 2646 23.
1305 2615 1335 2651 3,
1362 2615 1415 2645 220.
1443 2616 1497 2652 lli,
1526 2616 1556 2651 ⁵2,
1584 2614 1634 2645 40.
1663 2613 1729 2645 Mil.
1757 2613 1840 2653 glor.
1868 2615 1922 2649 lli,
1951 2615 1979 2650 4,
2003 2615 2054 2645 65.
2081 2615 2120 2653 V,

349 2665 378 2700 4,
405 2664 458 2695 ⁶20.
486 2664 526 2695 28
552 2663 715 2695 meliores
741 2662 859 2701 codd,
885 2663 1020 2703 opinor,
1049 2667 1249 2695 constanter
1271 2665 1432 2695 Venerius
1458 2664 1558 2705 Apud
1577 2663 1721 2695 Gellium
1742 2664 1821 2703 [VII.
1841 2664 1872 2699 8.
1893 2664 1921 2702 i)
1948 2664 2024 2696 cod.
2045 2667 2123 2705 qui-

349 2714 430 2746 dam
454 2722 621 2752 venereos,
655 2714 847 2744 Gronovius
881 2713 954 2753 ipse
985 2712 1079 2753 [item
1106 2714 1276 2754 Hertzius]
1302 2715 1458 2745 venerias.
1498 2716 1575 2746 [tra
1601 2714 1771 2754 scriptura
1798 2714 1841 2744 sit
1865 2714 1898 2745 in
1924 2714 2027 2746 codd.
2054 2716 2123 2746 Ne—

350 2764 438 2804 potis
466 2764 624 2803 (Pausan.
651 2762 682 2801 4,
710 2764 739 2793 4.
767 2761 876 2793 Alcib.
906 2763 956 2799 44,
984 2762 1036 2801 4),
1072 2764 1247 2799 Senecae,
1284 2762 1512 2800 Columellae,
1540 2763 1655 2800 Plinii,
1683 2762 1806 2801 solini,
1834 2764 1916 2794 mihi
1944 2773 2012 2795 non
2037 2773 2123 2796 con-

350 2815 427 2845 stat.
463 2813 575 2854 [Apud
604 2814 776 2854 Nepotem
807 2815 840 2843 et
872 2812 1018 2844 PlinIum
1050 2814 1168 2853 optimi
1201 2813 1303 2845 codd.
1332 2814 1497 2845 exhibent
1529 2814 1706 2854 neuterius]
1745 2813 1794 2845 Cf.
1819 2814 1967 2852 patrius,
1999 2815 2121 2854 reyius,

350 2864 505 2901 uxorius,
530 2865 737 2902 praetorius,
763 2864 955 2901 Martius,
981 2863 1194 2902 Iunonius,
1221 2864 1461 2903 Saturnius,
1486 2866 1726 2903 Neptunius,
1761 2864 1996 2903 Vulcanius,
2022 2865 2121 2896 Dia-

351 2914 452 2944 nius.
486 2913 689 2952 Apollineus,
724 2913 923 2951 Caesareus,
961 2913 1152 2951 Romuleus,
1187 2916 1221 2944 ut
1254 2914 1425 2952 funereus.
1452 2914 1615 2951 siden-eux,
1643 2922 1710 2944 non
1735 2914 1971 2953 antiquiorum
1998 2922 2121 2955 prosae

351 2964 515 2995 orationis
539 2962 752 3003 scriptorum
777 2965 875 3001 sunt,
902 2962 966 2995 sed
990 2965 1175 3003 poetarum
1200 2963 1272 2994 sere
1299 2965 1536 2995 recentiorum
1563 2964 1643 3002 (vid.
1664 2963 1801 3002 Madvig
1825 2965 1977 2995 Gramm.
2006 2964 2024 3004 ἓ
2045 2964 2119 3002 489,

350 3014 382 3050 ⁰2,
410 3014 529 3049 ηοω.»
557 3013 610 3043 W.
640 3031 673 3034 —
701 3015 873 3054 inflamato
899 3014 962 3044 GR
991 3032 1024 3036 —
1054 3014 1104 3045 40.
1132 3015 1305 3045 ωἱείηηιθι
1329 3014 1352 3045 C
1374 3032 1407 3035 —
1438 3016 1489 3045 44.
1517 3015 1616 3046 Cuius
1642 3014 1837 3045 Ernestius:
1866 3014 1925 3045 Cui
1950 3015 1974 3046 C
2003 3032 2037 3036 —
2065 3015 2121 3046 de—

350 3066 454 3094 mente
486 3064 549 3094 GR
584 3082 618 3086 -
652 3065 703 3095 12.
730 3065 847 3095 sanari
878 3064 1071 3095 Manutius:
1112 3064 1256 3094 insanire
1281 3064 1304 3094 C
1332 3082 1365 3086 —
1401 3064 1490 3094 iniici
1515 3065 1559 3098 O;
1602 3064 1678 3103 injci
1710 3062 1865 3094 Ribbeck
1896 3063 2011 3099 (Com.
2046 3064 2118 3095 Lat.

351 3122 384 3155 p.
410 3113 481 3151 65).
511 3130 545 3134 —
577 3114 670 3145 lnter
694 3115 786 3146 hunc
811 3116 845 3146 et
869 3114 1067 3155 proximum
1093 3122 1234 3145 versum
1261 3113 1365 3144 talem
1384 3114 1455 3145 fere
1481 3122 1623 3146 versum
1649 3113 1820 3145 excidisse
1846 3113 1930 3145 vidit
1952 3112 2116 3153 Bentley:

353 3165 455 3203 Quem
478 3163 550 3193 odio
575 3172 650 3199 esse,
679 3174 772 3203 quem
795 3165 975 3203 contemni,
1004 3173 1098 3204 quem
1121 3164 1251 3195 excludi
1274 3164 1376 3202 foras.
1408 3182 1441 3186 —
1471 3164 1521 3196 44,
1549 3164 1702 3195 arcessiri
1725 3165 1749 3195 C
1775 3181 1807 3185 —-
1838 3164 1888 3194 45.
1911 3163 2120 3203 praeclarem

352 3210 390 3245 R¹
420 3229 454 3235 —
489 3221 602 3244 amore
627 3214 690 3245 GR
717 3231 750 3235 —
791 3215 842 3245 47.
868 3215 944 3256 non]
971 3223 1028 3245 nos
1053 3214 1136 3249 GR;
1176 3222 1245 3244 om.
1271 3214 1295 3245 B
1324 3231 1357 3235 —-
1394 3214 1445 3245 49.
1472 3218 1541 3245 tum
1564 3223 1603 3245 ea
1626 3215 1728 3245 moris
1750 3214 1775 3245 R
1803 3231 1837 3235 —
1864 3213 2004 3244 seruasti
2028 3213 2051 3244 C
2080 3229 2114 3234 -

352 3262 406 3294 24.
432 3260 474 3303 so]
500 3262 554 3293 sed
578 3263 642 3294 GR
659 3263 696 3294 13¹
725 3280 759 3284 —-
794 3263 846 3295 23.
872 3265 928 3306 est]
953 3264 1032 3295 haec
1055 3272 1146 3295 corr.
1175 3262 1251 3294 ead.
1280 3271 1326 3294 m.
1353 3263 1385 3295 in
1411 3267 1456 3296 est
1480 3264 1504 3295 G
1531 3281 1565 3285 —
1593 3264 1645 3295 25.
1671 3262 1730 3303 Ad]
1756 3266 1791 3294 at
1815 3263 1853 3294 G¹
1877 3281 1919 3286 —
1941 3262 1994 3294 26.
2023 3271 2118 3294 amo-

352 3321 421 3345 rem
446 3312 480 3344 in
504 3321 624 3344 rasura
649 3312 757 3345 habet
781 3315 825 3351 G}
852 3323 966 3346 amore
989 3314 1030 3345 R.

2224 3535 2236 3624 ..αῖ-
2232 3455 2234 3509 fif.
2226 3424 2227 3428 Α
2234 3394 2235 3397 .
