2249 3624
328 93 409 137 430
578 96 647 137 DE
678 95 834 136 FINIB.
868 93 988 133 BON.
1018 94 1086 133 ET
1117 92 1241 133 MAL.
1280 93 1368 133 L113.
1398 92 1450 132 II.
1488 90 1548 145 §§
1579 86 1831 131 slslS—lsl9.

329 209 532 264 quicquid
574 209 673 263 ipsis
705 207 902 262 expediat
934 205 1115 246 facturos
1147 204 1466 246 arbitrabimur?
1504 206 1649 245 Nonne
1679 203 1892 249 videmus,
1930 206 2085 255 quanta

325 272 581 326 perturbatio
612 285 750 310 rerum
782 269 968 309 omnium
1008 273 1314 321 consequatur,
1354 273 1508 320 quanta
1541 266 1760 307 confusio?
1807 264 1986 304 Tollitur
2014 264 2085 304 be-

326 332 542 382 neficium,
580 333 742 373 tollitur
773 332 928 384 gratia,
961 344 1066 383 quae
1100 336 1194 370 sunt
1224 330 1359 369 vincla
1387 330 1652 369 concordiae.
1710 329 1796 367 Nec
1827 326 1962 373 enim,
1993 340 2085 366 cum

325 402 397 436 tua
428 409 553 436 causa
583 396 647 435 cui
679 394 940 440 commodes,
971 393 1223 432 beneficium
1246 392 1348 430 illud
1371 392 1612 432 habendum
1641 396 1716 438 est,
1749 390 1821 429 sed
1842 389 2086 436 faeneratio,

295 464 403 498 5nec
446 459 576 511 gratia
615 457 757 496 deberi
797 456 964 496 videtur
1002 456 1060 502 ei,
1102 455 1173 507 qui
1214 467 1288 493 sua
1326 467 1450 494 causa
1488 453 1825 494 commodaverit.
1884 454 2087 492 Maximas

324 535 422 561 vero
452 522 626 560 virtutes
656 519 792 559 iacere
824 519 958 558 omnis
990 530 1162 557 necesse
1193 522 1255 556 est
1285 517 1497 569 voluptate
1530 516 1786 555 dominante.
1837 515 1943 554 Sunt
1964 514 2088 554 etiam

324 582 606 635 turpitudines
637 582 867 634 plurimae,
900 594 1028 634 quae,
1060 580 1139 619 nisi
1168 579 1365 619 honestas
1396 585 1542 618 natura
1572 579 1797 632 plurimum
1827 578 1986 625 valeat,
2019 589 2090 616 cur

323 657 407 684 non
450 644 598 683 cadant
636 644 679 683 in
717 643 946 696 sapientem
978 655 1060 682 non
1091 647 1154 681 est
1184 641 1305 681 facile
1337 641 1574 681 defendere.
1635 638 1729 680 418.
1759 641 1841 688 Ac,
1884 653 1937 679 ne
1969 639 2090 692 plura

324 707 577 759 complectar
608 729 660 735 —
692 711 789 745 suut
814 705 923 745 enim
945 704 1267 744 innumerabilia
1286 726 1362 751 —‚
1393 705 1498 743 bene
1521 703 1690 743 laudata
1710 703 1844 743 virtus
1866 700 2090 754 voluptatis

275 770 459 809 maditus
495 768 751 809 intercludat
791 781 963 807 necesse
1007 773 1080 807 est.
1142 767 1265 815 Quod
1303 767 1383 805 iam
1424 780 1447 805 a
1478 779 1542 805 me
1575 771 1819 819 exspectare
1850 764 1962 803 noli:
2005 768 2091 802 tute

322 832 550 885 introspice
590 832 633 871 in
674 835 855 869 mentem
898 835 1011 870 tuam
1051 831 1141 882 ipse
1189 841 1365 881 eamque
1405 828 1517 867 omni
1550 827 1802 880 cogitatione
1834 829 2092 879 pertractans

293 930 296 935 .
322 901 569 948 percontare
600 894 691 946 ipse
723 899 783 941 te,
815 893 1086 946 perpetuisne
1116 891 1234 930 malis
1257 890 1543 942 voluptatibus
1567 889 1786 942 perfruens
1808 889 1850 928 in
1874 901 1935 936 ea,
1968 900 2092 941 quam

323 971 449 1010 saepe
481 956 733 1010 usurpabas,
774 956 1075 1009 tranquillitate
1108 955 1258 1005 degere
1291 966 1457 992 omnem
1488 957 1667 991 aetatem
1699 952 1788 991 sine
1821 951 1987 998 dolore,
2029 963 2093 989 as-

323 1024 490 1071 sumpto
530 1019 655 1058 etiam
693 1018 789 1065 illo,
833 1017 944 1070 quod
985 1031 1057 1056 vos
1100 1016 1268 1069 quidem
1305 1014 1531 1067 adiungere
1571 1014 1736 1062 soletis,
1783 1015 1856 1054 sed
1886 1015 1976 1053 fieri
2007 1026 2091 1052 non

273 1087 309 1115 45
324 1086 482 1134 potest,
515 1082 604 1120 sine
637 1080 792 1130 doloris
824 1085 958 1127 metu,
990 1094 1043 1119 an
1075 1093 1167 1118 cum
1191 1078 1241 1117 de
1266 1077 1458 1117 omnibus
1481 1077 1671 1129 gentibus
1694 1077 1848 1130 optime
1871 1090 2092 1123 mererere,

325 1158 418 1184 cum
451 1157 572 1197 opem
604 1134 886 1195 indigentibus
910 1143 1172 1194 salutemque
1194 1140 1337 1187 ferres,
1371 1140 1433 1178 vel
1456 1140 1647 1179 Herculis
1672 1140 1836 1192 perpeti
1858 1152 2092 1183 aerumnaS,

326 1208 393 1247 Sic
435 1208 546 1247 enim
589 1206 767 1246 maiores
799 1205 931 1244 nostri
964 1204 1126 1244 labores
1158 1216 1241 1242 non
1274 1202 1495 1254 fugiendos
1527 1202 1766 1241 tristissimo
1797 1208 1935 1241 tamen
1966 1202 2092 1241 verbo

324 1282 547 1309 aerumnas
580 1269 705 1308 etiam
736 1268 778 1307 in
809 1267 887 1307 deo
920 1267 1251 1307 nominaverunt.
1305 1262 1319 1302 ‘l
1340 1262 1397 1303 19.
1427 1264 1649 1316 Exigerem
1673 1269 1786 1304 exte
1811 1277 2093 1317 cogeremque

324 1338 371 1372 ut
400 1332 699 1384 responderes,
731 1331 811 1369 nisi
843 1343 1008 1369 vererer
1040 1343 1089 1368 ne
1112 1328 1337 1367 Herculem
1359 1328 1495 1379 ipsum
1520 1340 1581 1373 ea,
1615 1340 1721 1380 quae
1744 1340 1817 1379 pro
1840 1327 1973 1367 salute
1996 1340 2095 1379 gen·

276 1405 311 1433 20
325 1395 426 1435 tium
460 1408 621 1433 summo
655 1393 797 1432 labore
829 1393 1047 1445 gessisset,
1080 1390 1307 1443 voluptatis
1340 1402 1464 1428 causa
1496 1390 1675 1441 gessisse
1707 1390 1882 1429 diceres.

440 1458 556 1505 Quae
588 1470 679 1496 cum
712 1456 935 1501 dixissem,
967 1454 1124 1501 Habeo,
1156 1453 1295 1506 inquit
1316 1454 1568 1504 Torquatus,
1600 1452 1650 1491 ad
1675 1466 1781 1506 quos
1804 1453 1884 1492 ista
1904 1451 2094 1499 referam,

326 1526 386 1568 et,
427 1532 679 1572 quamquam
720 1518 877 1570 aliquid
919 1518 1010 1569 ipse
1048 1521 1256 1569 poteram,
1297 1520 1434 1554 tamen
1475 1515 1666 1554 invenire
1707 1515 1816 1553 malo
1849 1516 2094 1567 paratiores.

324 1584 565 1622 Familiares
597 1587 786 1627 nostros,
829 1580 976 1626 credo,
1018 1579 1209 1617 Sironem
1242 1577 1345 1616 dicis
1377 1582 1417 1615 et
1448 1576 1757 1624 Philodemum,
1790 1591 1882 1617 cum
1915 1578 2095 1631 optimos

324 1645 456 1692 viros,
498 1650 585 1684 tum
614 1644 807 1683 homines
841 1641 1118 1681 doctissimos.
1180 1641 1327 1685 Recte,
1368 1639 1526 1691 inquit,
1566 1639 1792 1691 intellegis.
1853 1642 1940 1693 Age
1982 1652 2095 1686 sane,

275 1709 522 1761 525inquam3
563 1707 635 1746 sed
677 1711 762 1745 erat
803 1706 978 1758 aequius
1011 1704 1217 1742 Triarium
1249 1701 1407 1754 aliquid
1440 1701 1490 1740 de
1523 1701 1786 1741 dissensione
1817 1708 1959 1742 nostra
1988 1701 2096 1740 iudi-

328 1782 434 1809 care.
485 1769 630 1816 Eiuro,
662 1768 800 1821 inquit
829 1767 1043 1813 arridens,
1074 1766 1287 1817 iniquum,
1320 1764 1397 1803 hac
1431 1763 1601 1816 quidem
1633 1763 1684 1803 de
1716 1777 1784 1804 re:
1816 1769 1861 1804 tu
1884 1765 1995 1804 enim
2017 1764 2096 1803 ista

327 1831 485 1878 lenius,
523 1831 589 1870 hic
622 1831 855 1870 Stoicorum
888 1843 1000 1869 more
1033 1842 1109 1867 nos
1143 1833 1277 1866 vexat.
1333 1827 1438 1865 Tum
1472 1827 1669 1873 Triarius,
1701 1826 1878 1866 Posthac
1910 1827 2095 1879 quidem,

326 1894 486 1946 inquit,
527 1893 747 1939 audacius;
794 1905 889 1931 nam
927 1891 1030 1930 haec
1070 1891 1160 1943 ipsa
1199 1889 1300 1929 mihi
1332 1894 1452 1928 erunt
1492 1889 1534 1928 in
1567 1894 1784 1942 promptu,
1831 1902 1939 1943 quae
1970 1889 2096 1929 modo

329 1956 492 2004 audivi,
537 1970 614 1995 nec
653 1960 748 1994 ante
780 1954 1020 2007 aggrediar,
1062 1966 1187 2006 quam
1229 1958 1268 1991 te
1300 1952 1350 1991 ab
1382 1951 1493 1999 istis,
1538 1965 1641 2004 quos
1674 1952 1801 1999 dicis,
1845 1951 2097 1991 instructum

280 2029 316 2058 30
330 2018 487 2058 videro.
535 2018 652 2065 Quae
675 2032 768 2058 cum
792 2022 933 2057 essent
954 2017 1075 2063 dicta,
1105 2015 1233 2055 finem
1253 2014 1430 2054 fecimus
1453 2020 1494 2054 et
1517 2014 1759 2054 ambulandi
1782 2019 1823 2054 et
1844 2013 2098 2067 disputandi.

419 2199 449 2229 l.
479 2197 627 2238 facturos
660 2197 901 2228 arbitrabimur
930 2196 1015 2227 AD:
1054 2196 1202 2235 facturos
1231 2203 1296 2226 esse
1325 2194 1532 2225 arbitramur
1563 2195 1586 2225 B
1617 2212 1659 2217 —-
1694 2195 1819 2234 Nonne]
1851 2195 1982 2227 nomine
2008 2195 2035 2226 A
2062 2212 2097 2216 -

331 2247 362 2279 3.
380 2248 491 2278 uincla
510 2250 553 2279 A:
580 2248 715 2279 uincula
731 2247 754 2277 B
770 2247 799 2277 M
815 2247 839 2277 O
859 2263 893 2267 —
921 2255 995 2276 curn
1010 2247 1034 2276 A
1051 2246 1094 2275 B:
1121 2245 1147 2275 si
1164 2245 1229 2276 MO
1251 2262 1284 2266 —
1312 2243 1342 2275 4.
1364 2248 1421 2274 lua
1447 2253 1549 2275 causa
1566 2245 1609 2276 G:
1637 2242 1695 2275 tua
1715 2242 1820 2276 causa‘
1839 2248 1882 2285 A,
1909 2250 2002 2277 tuam
2018 2254 2100 2277 cau—

331 2307 403 2329 sam
426 2298 467 2335 B;
493 2301 585 2330 tuam
608 2298 646 2330 ob
669 2306 806 2328 causam
830 2297 860 2327 M
876 2297 900 2327 O
920 2313 954 2317 —
981 2297 1034 2326 cui
1058 2298 1083 2327 Α
1098 2297 1141 2327 B:
1168 2296 1325 2333 cuiquam
1349 2296 1456 2325 ceteri
1482 2295 1584 2326 codd.
1605 2298 1638 2326 et
1663 2297 1705 2332 Ο;
1732 2297 1879 2336 cuipiam
1899 2296 2036 2336 Madvig
2061 2314 2096 2318 —

331 2348 501 2379 ueneratio
518 2349 563 2384 A;
589 2348 750 2388 feneratio
774 2349 797 2378 B
813 2348 878 2379 ΜΟ
899 2364 933 2368 —
960 2348 991 2377 5.
1011 2355 1072 2377 sua.
1088 2356 1188 2377 causa
1206 2346 1460 2376 commodaverit
1477 2354 1559 2376 nos:
1585 2344 1646 2377 suri
1662 2343 1764 2377 causa
1782 2347 2039 2378 commodaverit
2054 2348 2097 2385 A;

331 2407 428 2429 suam
451 2399 708 2430 commodauerit
731 2406 868 2429 causam
891 2397 935 2431 B;
961 2406 1056 2427 suam
1080 2396 1118 2427 ob
1141 2405 1277 2426 causam
1301 2395 1555 2426 commodaverit
1577 2396 1646 2427 ΜΟ
1675 2412 1709 2417 -
1738 2396 1768 2427 6.
1795 2397 1930 2438 necesse]
1954 2406 2012 2429 nec
2036 2397 2098 2436 (nc.

334 2457 404 2480 non
428 2451 480 2487 ut,
506 2449 542 2487 E)
567 2458 632 2480 esse
654 2449 678 2479 B
693 2448 717 2479 E
737 2465 771 2469 —
800 2447 830 2478 7.
850 2448 998 2477 honestas
1015 2447 1058 2477 C:
1086 2447 1217 2477 honesta
1233 2449 1256 2477 Α
1272 2446 1295 2475 Β
1312 2446 1337 2476 D
1359 2463 1392 2467 —
1419 2445 1527 2475 'valent
1551 2446 1578 2476 D
1600 2463 1630 2468 —
1661 2446 1692 2477 8.
1710 2447 1833 2478 cadant
1854 2447 2058 2487 insipientem
2074 2447 2099 2478 E

336 2515 371 2520 —
390 2498 444 2539 Ac]
471 2502 505 2528 at
529 2500 552 2529 B
568 2499 591 2529 E
619 2516 655 2521 —
684 2499 733 2529 slO.
758 2497 878 2536 aditus]
903 2496 979 2527 bene
1001 2497 1109 2527 aditus
1134 2497 1155 2526 B
1179 2513 1211 2516 —-
1240 2496 1292 2526 112.
1319 2495 1429 2536 quam]
1457 2504 1549 2534 quem
1571 2497 1597 2526 A
1618 2513 1652 2518 —
1681 2496 1733 2526 45.
1757 2497 1906 2537 yentibus
1929 2507 1998 2529 om.
2018 2499 2041 2529 B
2062 2515 2097 2520 -

333 2557 459 2580 merere
482 2551 505 2579 Α
522 2549 583 2579 BE
611 2566 647 2571 -—
675 2548 727 2578 47.
752 2557 796 2578 m.
823 2547 922 2578 uestri
947 2548 970 2577 B
999 2564 1032 2568 —
1057 2545 1215 2586 figiendos
1237 2546 1280 2578 A:
1306 2545 1457 2584 fingendo
1485 2545 1508 2574 Β
1526 2545 1548 2575 ΙΞ
1578 2563 1612 2569 -
1647 2545 1698 2576 48.
1724 2546 1913 2588 Eaez'yerem]
1937 2549 2102 2588 Eliyerem

336 2600 359 2629 Α
376 2598 456 2634 BE;
484 2598 561 2628 fort.
587 2598 734 2628 elicerem
760 2615 794 2619 —
824 2596 877 2627 ΞΟ.
904 2596 1010 2626 dicere
1033 2595 1056 2625 B
1073 2596 1095 2626 E
1122 2612 1156 2616 —-
1184 2596 1237 2625 ⁶21.
1264 2603 1327 2635 qne
1350 2596 1426 2625 dnm
1451 2595 1474 2625 B
1501 2596 1580 2633 (uon
1604 2595 1640 2633 E)
1668 2613 1703 2618 —
1729 2596 1782 2626 ⁶22.
1805 2597 2008 2635 paratiores.
2034 2596 2102 2627 Fa—

334 2648 482 2678 miliares
503 2651 642 2685 nostros,
664 2647 760 2677 credo
783 2646 973 2685 Madvigius
992 2646 1035 2685 (in
1054 2644 1243 2683 Addendis‘)
1259 2654 1265 2675 :
1287 2645 1478 2683 paratiores
1492 2645 1675 2683 familiares
1691 2649 1830 2677 nostros.
1857 2646 1960 2677 Credo
1978 2645 2044 2677 ΜΟ
2065 2661 2099 2666 -

336 2697 389 2728 23.
415 2698 511 2728 credo
535 2697 671 2736 inquam
687 2700 720 2727 S.
742 2698 767 2727 G
789 2715 823 2719 -
848 2696 989 2726 sironem
1013 2696 1038 2725 A
1052 2695 1075 2725 B
1092 2694 1128 2725 E:
1157 2696 1315 2732 Syronem
1332 2695 1362 2725 Μ
1377 2694 1417 2730 Ο;
1451 2696 1629 2732 Scyronem
1653 2694 1710 2725 ed.
1729 2696 1828 2726 Rom.
1848 2704 1879 2726 a.
1899 2695 1977 2726 447⁴
1997 2704 2004 2732 3
2029 2694 2103 2725 Sci-

337 2755 449 2777 ronem
474 2746 629 2778 Halmius
654 2746 697 2777 ad
722 2754 756 2786 p.
782 2745 836 2783 40,
856 2745 886 2776 3.
909 2763 943 2767 —
970 2743 1023 2775 Ἡ..
1050 2744 1193 2774 homines
1215 2745 1414 2775 doctissimos
1431 2746 1513 2776 AB:
1540 2746 1739 2776 doctissimos
1761 2747 1905 2778 homines
1922 2746 1947 2777 O
1967 2763 2002 2768 —
2025 2753 2105 2776 sane

337 2804 407 2826 om.
426 2795 450 2826 B
466 2796 489 2827 F.
514 2813 556 2817 —
578 2796 632 2827 ⁶25.
659 2796 793 2834 aliquod
816 2796 839 2826 B
866 2812 901 2816 —-
928 2794 1122 2824 dissensione
1144 2797 1257 2824 nos-tra
1281 2796 1305 2824 Α
1322 2795 1344 2824 B
1361 2796 1398 2825 1⁴3:
1429 2798 1541 2826 nostra
1564 2796 1759 2827 dissensione
1782 2797 1814 2827 M
1829 2796 1854 2827 O
1883 2813 1916 2818 —
1941 2795 2102 2826 iudicare.

336 2845 440 2875 Eiuro
458 2846 686 2876 Goerenzius:
716 2846 874 2875 iudicare.
900 2844 976 2874 Iuro
993 2841 1095 2874 codd.
1117 2859 1151 2863 ——
1180 2843 1232 2874 ⁶27.
1252 2844 1355 2874 leuius
1370 2845 1394 2874 Β
1410 2845 1432 2875 E
1454 2863 1488 2867 ——
1515 2845 1568 2876 30.
1594 2846 1710 2885 Incipit
1732 2845 1811 2877 liber
1836 2846 1950 2877 tertius
1968 2845 2006 2876 de
2026 2844 2106 2885 fini-

337 2893 395 2924 bus
418 2894 576 2926 bonorwn
600 2898 629 2926 cl
650 2894 816 2925 malorum
842 2895 886 2931 Α;
913 2892 1058 2932 Explicit
1081 2892 1160 2922 liber
1182 2894 1340 2924 secundus
1363 2895 1401 2926 cle
1427 2895 1546 2934 finibus
1569 2895 1728 2926 bonorum
1758 2899 1788 2927 et
1810 2896 1976 2926 malorum
1998 2893 2106 2925 marci

337 2944 406 2983 tuly
429 2944 596 2975 ciceronis.
621 2945 732 2976 Marci
754 2945 822 2983 tuly
845 2944 1002 2977 ciceronis
1024 2943 1062 2974 de
1082 2942 1200 2983 finibus
1223 2943 1382 2975 bonorum
1405 2948 1434 2976 et
1455 2945 1622 2975 viatorum
1644 2945 1725 2977 liber
1747 2945 1863 2978 tertius
1884 2945 2000 2985 incipit
2022 2945 2059 2975 B.
