2249 3624
709 164 797 203 Lm.
818 164 850 203 1.
893 162 988 204 CAP.
1011 163 1146 203 xxx.
1186 161 1246 216 §§
1270 159 1516 206 loa-409.
1913 158 1995 201 669

231 271 343 320 Quin
385 270 535 317 etiam,
575 270 608 309 si
649 270 742 322 quis
783 275 845 309 est
885 269 1012 322 paulo
1044 269 1095 309 ad
1128 270 1366 322 voluptates
1399 270 1666 323 propensior,
1708 268 1830 307 modo
1864 281 1913 308 ne
1946 268 1997 307 sit

230 346 282 374 ex
314 333 521 387 pecudum
554 346 705 385 genere
738 355 788 361 —-
822 337 917 372 sunt
949 333 1057 371 enini
1090 333 1258 385 quidam
1290 332 1481 372 homines
1515 345 1598 371 non
1631 345 1689 378 re,
1720 331 1794 371 sed
1826 332 1995 370 nomine

229 419 302 443 ——,
334 394 407 435 sed
441 395 473 434 si
507 396 601 448 quis
633 400 693 434 est
727 394 850 447 paulo
885 395 1081 441 erectior,
1114 395 1304 448 quamvis
1336 395 1550 447 voluptate
1583 395 1782 448 capiatur,
1815 394 1998 433 occultat

230 464 271 498 et
301 456 535 497 dissimulat
575 457 804 510 appetitum
843 456 1066 509 voluptatis
1099 464 1270 510 propter
1301 456 1608 497 verecundiam.
1680 454 1774 496 1106.
1819 456 1880 494 Ex
1912 468 1997 508 quo

228 517 485 572 intellegitur
526 520 714 572 corporis
758 518 1014 571 voluptatem
1058 534 1138 559 non
1187 521 1288 560 satis
1331 533 1422 560 esse
1466 519 1631 571 dignam
1664 518 1846 558 hominis
1879 526 2029 571 prae-5

232 581 385 621 stantia
416 594 593 635 eamque
627 582 838 621 contemni
871 587 911 620 et
943 582 1042 620 reici
1075 589 1281 636 oportere,
1315 584 1377 623 sin
1411 583 1464 622 sit
1492 582 1720 635 quispiam,
1744 583 1814 635 qui
1838 581 1997 634 aliquid

228 643 383 684 tribuat
415 644 644 697 voluptati,
690 643 914 696 diligenter
955 644 990 681 ei
1035 644 1261 684 tenendum
1306 659 1397 685 esse
1438 646 1526 684 eius
1567 644 1768 684 fruendae
1810 644 1995 684 modum.

226 705 373 759 Itaque
415 706 547 746 victus
588 706 811 759 cultusque
856 706 1044 757 corporis
1087 706 1137 745 ad
1171 708 1453 747 valetudinem
1486 707 1691 746 referatur
1722 712 1761 747 et
1792 706 1842 746 ad
1876 705 1998 751 vires,

226 781 312 808 non
344 767 394 808 ad
428 769 700 821 voluptatem.
761 770 896 822 Atque
929 767 1076 815 etiam,
1120 769 1153 808 si
1186 769 1453 809 considerare
1487 770 1696 816 volemus,
1737 782 1842 822 quae
1875 769 1927 808 sit
1958 768 1999 807 in

226 837 376 871 natura
417 831 668 871 excellentia
710 836 751 871 et
792 830 996 883 dignitas,
1041 831 1357 884 intellegemus,
1406 845 1527 884 quam
1569 833 1621 872 sit
1660 838 1777 886 turpe
1809 831 2050 871 diffluerem

226 893 392 934 luxuria
424 900 464 934 et
495 894 670 933 delicate
712 907 759 933 ac
791 893 974 933 molliter
1006 893 1168 942 vivere,
1215 908 1425 948 quamque
1456 895 1679 935 honestum
1713 908 1860 948 parce,
1901 907 2000 934 con-

228 956 434 1004 tinenter,
465 970 635 1003 severe,
668 956 820 996 sobrie.

346 1017 436 1059 107.
480 1020 813 1073 Intellegendum
858 1022 979 1061 etiam
1023 1026 1085 1060 est
1126 1019 1285 1059 duabus
1329 1020 1449 1073 quasi
1491 1033 1566 1059 nos
1599 1033 1621 1059 a
1653 1025 1800 1060 natura
1831 1020 2001 1060 indutos

229 1094 320 1122 esse
351 1083 562 1135 personis,
595 1095 771 1135 quarum
806 1096 889 1122 una
920 1083 1153 1122 communis
1187 1088 1250 1121 est
1283 1096 1336 1121 ex
1368 1096 1430 1128 eo,
1464 1083 1575 1135 quod
1609 1096 1753 1122 omnes
1777 1082 2002 1136 participes

229 1157 371 1184 sumus
403 1144 575 1184 rationis
607 1146 974 1199 praestantiaeque
1010 1146 1111 1192 eius,
1135 1158 1215 1198 qua
1237 1145 1526 1184 antecellimus
1549 1145 1708 1192 bestiis,
1730 1159 1752 1184 a
1776 1159 1858 1199 qua
1878 1152 2052 1185 omne⁴5

227 1206 451 1247 honestum
485 1207 769 1261 decorumque
803 1208 983 1248 trahitur
1014 1213 1054 1248 et
1085 1222 1137 1248 ex
1170 1221 1252 1260 qua
1284 1208 1389 1247 ratio
1421 1207 1664 1248 inveniendi
1698 1206 1823 1247 officii
1857 1208 2003 1261 exqui-

227 1270 354 1318 ritur,
386 1271 514 1310 altera
546 1276 706 1318 autem,
748 1284 853 1324 quae
886 1272 1054 1324 proprie
1086 1271 1262 1322 singulis
1296 1276 1360 1311 est
1391 1271 1556 1311 tributa.
1618 1271 1668 1311 Ut
1699 1271 1807 1310 enim
1841 1271 1882 1310 in
1915 1284 2004 1310 cor-

227 1333 400 1386 poribus
442 1346 618 1385 magnae
662 1333 1027 1373 dissimilitudines
1069 1339 1166 1373 sunt
1211 1356 1259 1361 —
1310 1333 1413 1373 alios
1454 1334 1643 1373 videmus
1689 1334 1909 1374 velocitate
1951 1335 2003 1374 ad

231 1409 424 1443 cursum,
462 1395 568 1435 alios
600 1396 759 1435 viribus
792 1395 843 1436 ad
875 1396 1117 1436 luctandum
1150 1396 1308 1444 valere,
1350 1397 1536 1449 itemque
1567 1397 1610 1436 in
1642 1396 1786 1437 formis
1817 1398 1910 1438 aliis
1943 1398 2004 1437 di-

231 1459 431 1511 gnitatem
462 1459 616 1505 inesse,
648 1459 741 1498 aliis
766 1465 1025 1498 venustatem
1049 1482 1124 1506 —,
1147 1460 1205 1499 sic
1228 1459 1270 1498 in
1295 1459 1445 1499 animis
1469 1460 1656 1500 existunt
1677 1461 1856 1500 maiores
1879 1460 2002 1500 etiam
2016 1465 2055 1495 20

230 1520 467 1560 varietates.
530 1517 622 1560 108.
653 1521 752 1561 Erat
782 1522 825 1561 in
858 1522 902 1560 L.
936 1521 1104 1569 Crasso,
1145 1523 1190 1561 in
1220 1522 1267 1561 L.
1291 1522 1483 1575 Philippo
1515 1521 1670 1562 multus
1701 1523 1841 1576 lepos,
1873 1523 2005 1563 maior

230 1582 356 1623 etiam
400 1584 616 1636 magisque
659 1584 710 1623 de
751 1584 958 1624 industria
989 1585 1033 1624 in
1067 1585 1109 1624 C.
1143 1584 1343 1632 Caesare,
1376 1585 1421 1623 L.
1452 1584 1561 1625 filio:
1604 1591 1645 1626 at
1676 1585 1810 1625 isdem
1842 1591 2004 1638 tempo-

229 1645 344 1685 ribus
376 1645 419 1684 in
449 1647 503 1686 M.
537 1646 692 1686 Scauro
725 1652 765 1686 et
795 1648 837 1686 in
870 1648 923 1686 M.
955 1648 1091 1687 Druso
1132 1647 1405 1687 adulescente
1446 1648 1667 1701 singularis
1700 1649 1917 1696 severitas,
1959 1648 2001 1686 in

233 1707 275 1747 C.
299 1708 443 1748 Laelio
476 1709 605 1749 multa
638 1709 849 1757 hilaritas,
884 1711 924 1749 in
958 1710 1047 1749 eius
1080 1708 1273 1750 familiari
1309 1710 1505 1763 Scipione
1540 1711 1711 1751 ambitio
1745 1712 1886 1758 maior,
1919 1710 2003 1749 vita

230 1771 400 1810 tristior.
460 1772 521 1811 De
544 1771 713 1811 Graecis
744 1778 883 1812 autem
915 1772 1078 1813 dulcem
1111 1779 1151 1813 et
1180 1772 1361 1813 facetum
1395 1772 1619 1827 festivique
1648 1775 1852 1814 sermonis
1875 1778 2053 1826 atque25

230 1833 274 1872 in
305 1834 417 1873 omni
452 1835 644 1874 oratione
676 1835 976 1882 simulatorem,
1010 1849 1133 1889 quem
1165 1838 1322 1888 εἴρωνα
1355 1836 1502 1876 Graeci
1533 1837 1821 1883 nominarunt,
1856 1836 2003 1875 Socra-

230 1900 314 1935 tem
345 1897 602 1949 accepimus,
645 1904 787 1937 contra
818 1897 1093 1952 Pythagoram
1137 1904 1175 1938 et
1217 1899 1419 1938 Periclem
1463 1912 1665 1939 summam
1708 1898 2002 1939 auctoritatem

231 1964 482 1999 consecutos
514 1960 603 1998 sine
634 1960 718 1999 ulla
750 1960 973 2000 hilaritate.
1037 1960 1243 2000 Callidum
1275 1961 1555 2001 Hannibalem
1587 1975 1639 2002 ex
1662 1963 1917 2009 Poenorum,
1951 1973 2003 2000 ex

230 2021 385 2060 nostris
418 2021 593 2061 ducibus
627 2022 675 2071 Q.
698 2023 929 2062 Maximum
962 2023 1220 2077 accepimus,
1259 2023 1380 2063 facile
1414 2024 1573 2071 celare,
1612 2031 1773 2072 tacere,
1807 2024 2003 2064 dissimu-

230 2083 331 2130 lare,
362 2083 574 2132 insidiari,
608 2086 846 2138 praeripere
878 2085 1063 2125 hostium
1096 2086 1286 2126 consilia.
1348 2087 1394 2125 In
1429 2101 1511 2140 quo
1545 2100 1696 2140 genere
1728 2087 1872 2126 Graeci
1896 2086 2002 2125 The·
2016 2092 2054 2122 30

231 2145 466 2185 mistoolem
499 2152 539 2186 et
570 2147 799 2187 Pheraeum
839 2148 1030 2188 Iasonem
1071 2149 1221 2188 ceteris
1253 2155 1534 2202 anteponunt,
1575 2150 1618 2189 in
1649 2150 1881 2203 primisque
1914 2161 2005 2188 ver-

233 2213 373 2248 sutum
405 2214 445 2248 et
475 2209 673 2250 callidum
704 2210 859 2250 factum
893 2211 1082 2258 Solonis,
1116 2211 1201 2264 qui,
1234 2225 1316 2265 quo
1349 2218 1389 2252 et
1419 2212 1551 2252 tutior
1582 2213 1672 2252 eius
1705 2214 1788 2252 vita
1820 2217 1933 2252 esset
1964 2216 2005 2250 et

232 2270 326 2324 plus
366 2271 580 2325 aliquanto
623 2273 684 2312 rei
723 2272 917 2325 publicae
959 2273 1197 2327 prodesset,
1242 2273 1380 2313 furere
1412 2288 1456 2314 se
1489 2274 1711 2314 simulavit.
1776 2272 1867 2313 109.
1901 2274 2005 2313 Sunt

233 2332 299 2373 his
332 2334 401 2373 alii
435 2335 610 2374 multum
643 2336 846 2388 dispares,
879 2336 1089 2389 simplices
1123 2341 1163 2375 et
1193 2338 1342 2388 aperti,
1376 2338 1446 2390 qui
1477 2337 1582 2376 nihil
1616 2351 1668 2376 ex
1691 2336 1877 2383 occulto,
1899 2335 2004 2375 nihil

239 2393 290 2434 de
322 2395 488 2436 insidiis
520 2398 728 2449 agendum
759 2404 928 2451 putant,
963 2399 1147 2439 veritatis
1180 2399 1382 2447 cultores,
1413 2399 1574 2440 fraudis
1606 2400 1786 2447 inimici,
1818 2400 2054 2452 itemque-³5

234 2457 327 2505 alii,
361 2459 430 2512 qui
463 2459 629 2512 quidvis
661 2461 974 2514 perpetiantur,
1009 2462 1139 2502 cuivis
1172 2461 1428 2510 deserviant,
1472 2465 1569 2503 dum
1603 2462 1712 2516 quod
1745 2461 1875 2501 velint
1905 2474 2005 2500 con-

234 2527 485 2574 sequantur,
527 2528 573 2562 ut
604 2523 761 2563 Sullam
794 2530 835 2564 et
864 2526 918 2564 M.
953 2525 1147 2565 Crassum
1188 2525 1446 2566 videbamus.
1507 2526 1600 2574 Quo
1642 2526 1682 2565 in
1721 2537 1873 2578 genere
1914 2537 2006 2564 ver-

324 2645 353 2676 1.
376 2645 482 2684 paulo
506 2649 552 2677 est
575 2652 592 2677 c
619 2663 660 2669 -——
685 2646 715 2678 9.
735 2647 843 2687 adque
859 2648 917 2679 Ab
945 2666 980 2671 —
1006 2649 1107 2679 eliam
1131 2656 1201 2680 om.
1222 2657 1240 2679 ο
1269 2666 1302 2671 -
1330 2649 1475 2679 ualemus
1499 2648 1571 2679 ssssn
1600 2648 1625 2684 (e
1642 2656 1731 2678 corr.
1753 2647 1830 2679 ead.
1850 2656 1896 2679 m.
1917 2656 1958 2678 ex
1971 2648 2004 2686 u)

235 2699 274 2725 a:
300 2694 455 2726 uolumus
477 2697 502 2727 A
520 2695 607 2733 ss¹b;
633 2697 790 2727 uellemus
813 2704 831 2728 c
859 2715 893 2719 —
930 2699 981 2729 40.
1010 2702 1133 2729 natura
1160 2699 1203 2730 C:
1232 2703 1355 2729 natura
1380 2699 1519 2729 hominis
1542 2706 1560 2729 o
1588 2699 1667 2736 (non
1693 2698 1789 2735 abc}
1818 2715 1853 2720 —
1879 2698 2006 2729 intelle-

235 2744 343 2784 gimus
366 2755 465 2784 quam
488 2754 520 2776 se
543 2749 638 2786 turpe
661 2747 810 2787 diffluere
833 2748 988 2786 luxuria,
1021 2749 1156 2780 delicate
1185 2758 1224 2779 ac
1248 2749 1389 2780 molliter
1411 2749 1522 2779 virere
1551 2749 1680 2779 {Nonius
1711 2757 1744 2788 p.
1768 2748 1845 2780 339.
1875 2764 1907 2770 —
1952 2747 2004 2778 13.

237 2796 282 2823 est
305 2795 404 2825 etiam
428 2795 456 2826 H
482 2812 516 2817 —
545 2797 597 2827 45.
617 2797 841 2828 antecellimus
864 2806 905 2829 ex
932 2799 1044 2838 primo
1070 2798 1113 2830 de
1140 2799 1262 2830 officiis
1288 2799 1399 2829 adfert
1419 2798 1608 2828 Diomedes
1626 2800 1697 2828 Art.
1718 2806 1864 2837 gramm.
1885 2796 2004 2838 p.374,

236 2841 279 2872 20
304 2842 359 2874 ed.
386 2843 469 2875 Keil.
501 2862 534 2867 —
575 2846 625 2877 18.
653 2847 736 2877 alios
758 2848 843 2878 enim
869 2848 1015 2878 uidemus
1039 2857 1059 2879 a
1099 2865 1132 2870 -—
1173 2850 1224 2880 49.
1252 2850 1326 2879 aliis
1352 2857 1420 2879 om.
1441 2855 1458 2878 e
1495 2865 1529 2869 —
1564 2848 1615 2878 2¹.
1643 2848 1675 2878 in
1701 2850 1781 2879 ante
1807 2849 1842 2879 L.
1862 2847 2007 2887 Philippo

237 2899 306 2922 om.
327 2901 368 2929 o;
394 2896 424 2924 et
447 2903 469 2925 a
495 2912 529 2917 -
567 2896 657 2934 lepus
682 2897 743 2927 Ha.
782 2915 815 2919 -
856 2898 908 2928 22.
936 2899 973 2929 de
997 2906 1066 2928 om.
1088 2906 1105 2928 c
1133 2916 1166 2919 —
1192 2899 1261 2939 filio
1288 2899 1330 2929 C:
1360 2898 1394 2928 F.
1424 2906 1441 2928 0
1471 2915 1504 2919 —
1531 2897 1649 2927 hisdem
1676 2898 1862 2934 ABHab.
1889 2898 2007 2929 eisdem

238 2946 289 2972 eo
315 2958 350 2963 —
379 2943 430 2975 ⁴23.
456 2945 500 2975 M.
531 2946 620 2981 <ante
640 2947 758 2985 Druso)
785 2955 854 2978 om.
875 2955 892 2978 c
926 2965 960 2969 —
1000 2948 1052 2979 ⁶24.
1079 2957 1118 2978 ac
1143 2949 1215 2979 (lein
1240 2950 1309 2979 eius
1330 2948 1512 2986 familiaris
1535 2948 1686 2986 scipione
1710 2947 1844 2979 ambitio
1876 2947 2006 2978 Nonius

238 2989 350 3031 p.409
374 3000 401 3023 s.
421 3001 452 3023 v.
471 2995 573 3026 [risle.
611 2995 788 3027 Excidisse
814 2997 906 3037 apud
926 2998 1074 3029 Nonium
1101 2998 1202 3029 huius
1227 2996 1376 3037 exempli
1403 2998 1508 3027 tinem
1535 2999 1567 3027 et
1585 2998 1767 3037 sequentis
1786 3000 1817 3034 (e
1832 2997 2005 3035 Terentio)

239 3040 373 3071 initium
398 3043 621 3076 manifestum
649 3047 712 3075 estv
742 3061 775 3067 —
810 3046 862 3076 96.
890 3047 1166 3078 dissimulalorem
1193 3047 1395 3078 Lambinus.
1427 3063 1460 3069 -
1496 3047 1603 3077 ironia
1628 3048 1741 3086 qraeei
1765 3048 1908 3079 ABHb:
1935 3048 2007 3078 iro—

238 3090 320 3120 m'an
342 3093 454 3130 yraeci
479 3101 516 3131 a,
552 3095 641 3134 ψει-ἱ
664 3095 831 3126 mironian
856 3103 874 3127 c
913 3114 946 3119 —
984 3099 1200 3128 nominarunt
1223 3106 1293 3129 om.
1313 3105 1334 3136 p
1374 3113 1405 3117 —-
1449 3096 1500 3126 Ξῖ.
1526 3097 1667 3134 periclen
1693 3104 1744 3128 ac
1779 3116 1812 3120 —
1848 3098 1900 3128 28.
1927 3106 2006 3127 con-

238 3142 391 3178 sequacos
413 3141 473 3172 Ab
512 3159 545 3165 —
584 3144 776 3175 Annibalem
801 3152 819 3176 o
859 3164 892 3167 —
931 3146 983 3177 ⁵29.
1008 3148 1106 3187 facilc
1129 3148 1237 3187 facere
1261 3147 1368 3177 celare
1392 3146 1600 3177 dissimulare
1624 3154 1641 3177 c
1669 3163 1703 3168 —
1737 3146 1788 3178 30.
1812 3147 2008 3186 praeripere

241 3189 283 3220 C:
309 3191 502 3229 praecipere
526 3200 544 3223 ο
584 3209 617 3214 -
658 3194 873 3225 themisloclen
901 3196 925 3226 H
942 3204 959 3227 c
999 3215 1030 3218 —
1073 3198 1124 3228 3⁸.
1146 3198 1327 3236 pheraeum
1351 3197 1496 3226 saionem
1521 3196 1579 3227 Ab
1616 3213 1650 3217 —
1690 3195 1743 3226 32.
1769 3197 1839 3227 eius
1862 3197 1933 3226 uita
1960 3194 2002 3225 C:

239 3238 311 3268 vita
334 3240 402 3270 eius
426 3248 444 3271 ο
486 3259 517 3263 —
555 3251 620 3274 esse
642 3247 671 3274 et
695 3244 769 3281 Ab3
794 3245 878 3283 sorel
903 3249 931 3276 et
955 3254 973 3277 c
1010 3263 1045 3268 —
1086 3247 1137 3277 33.
1165 3256 1196 3277 se
1220 3255 1290 3277 om.
1309 3254 1330 3285 p
1368 3262 1402 3268 —
1443 3245 1493 3277 35.
1521 3246 1559 3278 de
1584 3246 1607 3277 C
1635 3245 1752 3286 (etiam
1770 3246 1819 3285 c):
1854 3254 1896 3276 ex
1920 3252 1940 3283 p
1970 3260 2004 3265 —

240 3286 294 3319 36.
322 3289 377 3329 qui
399 3290 469 3320 Ac:
497 3291 524 3323 si
548 3292 682 3325 Bllab
710 3311 744 3317 —
778 3294 830 3327 37.
857 3295 977 3334 syllam
1002 3296 1027 3328 H
1045 3296 1151 3335 abc,
1185 3296 1293 3327 sillam
1316 3295 1393 3326 ΑΒ.
