2249 3624
252 156 334 198 454
855 157 926 196 DE
956 155 1181 195 DEORUM
1212 156 1429 196 NATURA

251 277 422 317 quoque
453 287 506 292 —
537 264 595 303 ita
636 264 747 303 enim
785 262 952 302 dicebas
985 287 1037 293 —-
1069 274 1193 314 saepe
1230 261 1445 301 falluntur.
1497 261 1609 310 Quid
1640 263 1777 303 simile
1809 264 2029 313 medicina,

253 326 372 366 cuius
404 339 480 379 ego
511 326 712 365 rationem
735 325 876 374 video,
908 333 950 368 et
981 325 1204 371 divinatio,
1238 337 1346 376 quae
1368 323 1480 363 unde
1504 326 1663 365 oriatur
1685 339 1767 365 non
1796 326 2028 379 intellego?

253 389 316 428 Tu
346 394 483 428 autem
516 389 640 428 etiam
673 388 895 429 Deciorum
929 387 1224 429 devotionibus
1256 386 1444 438 placatos
1475 387 1576 427 deos
1607 401 1699 428 esse
1721 401 1879 428 censes.
1912 388 2029 437 Quae

252 449 332 490 fuit
362 464 506 490 eorum
539 456 652 490 tanta
684 451 902 503 iniquitas,
934 458 979 492 ut
1011 449 1165 504 placari
1197 448 1357 501 populo
1389 449 1577 489 Romano
1610 464 1694 490 non
1726 456 1917 503 possent,
1949 452 2029 491 nisi

219 513 330 555 aviri
363 513 466 552 tales
498 511 784 552 occidissent?
832 513 1061 554 Consilium
1100 511 1205 552 illud
1244 512 1559 564 imperatorium
1600 511 1696 560 fuit,
1741 513 1852 565 quod
1885 512 2029 553 Graeci

252 575 536 628 στρατήγημα
568 574 802 627 appellant,
834 577 905 616 sed
934 590 1077 616 eorum
1109 575 1429 627 imperatorum,
1460 574 1534 626 qui
1563 576 1722 628 patriae
1746 576 2030 624 consulerent,

253 638 361 677 vitae
394 651 476 676 non
509 643 752 689 parcerent3
787 639 986 679 rebantur
1018 639 1129 678 enim
1160 637 1248 676 fore
1279 642 1324 675 ut
1355 637 1562 676 exercitus
1593 638 1886 690 imperatorem
1919 651 2030 691 equo

251 699 424 739 incitato
458 712 500 738 se
532 700 573 738 in
606 699 770 740 hostem
802 702 1081 741 inmittentem
1111 705 1461 754 persequeretur,
1501 699 1543 738 id
1576 701 1688 753 quod
1721 702 1875 741 evenit.
1926 702 2029 741 Nam

251 762 383 800 Fauni
414 774 559 800 vocem
594 762 790 815 equidem
822 777 1046 817 numquam
1079 762 1245 803 audivi:
1277 761 1372 807 tibi,
1405 762 1439 800 si
1472 761 1686 802 audivisse
1718 769 1757 803 te
1781 763 1908 811 dicis,
1942 778 2032 804 cre-

201 837 237 866 40
253 823 368 870 dam,
402 823 477 863 etsi
508 824 676 864 Faunus
709 827 878 866 omnino
907 826 1006 879 quid
1041 826 1091 865 sit
1123 824 1278 864 nescio.
1338 825 1427 863 VII.
1458 825 1549 863 Non
1572 824 1698 877 igitur
1717 825 1865 873 adhuc,
1899 840 2031 878 quan-

251 890 339 925 tum
372 885 542 937 quidem
573 886 615 924 in
648 892 687 926 te
721 893 802 934 est,
844 889 990 936 Balbe,
1024 887 1223 939 intellego
1256 886 1358 925 deos
1390 899 1504 933 esse,
1536 899 1642 939 quos
1675 888 1871 940 equidem
1904 889 2029 928 credo

252 960 364 994 esse,
397 947 469 987 sed
502 946 603 988 nihil
637 949 790 990 docent
822 952 966 991 Stoici.
1020 948 1083 990 116.
1116 951 1218 989 Nam
1253 948 1498 995 Cleanthes,
1536 954 1582 987 ut
1614 948 1801 997 dicebas,
1834 957 2032 1003 quattuor

251 1008 387 1049 modis
426 1009 624 1050 formatas
667 1012 708 1050 in
746 1014 894 1053 animis
926 1014 1145 1053 hominum
1178 1017 1295 1064 putat
1327 1011 1500 1051 deorum
1532 1024 1623 1050 esse
1656 1012 1864 1052 notiones.
1915 1014 2030 1054 Unus

249 1073 284 1112 is
316 1072 466 1112 modus
498 1079 581 1120 est,
615 1073 665 1113 de
699 1088 783 1128 quo
815 1077 914 1115 satis
937 1077 1042 1122 dixi,
1073 1075 1143 1128 qui
1167 1080 1227 1113 est
1250 1079 1469 1126 susceptus
1493 1086 1543 1112 ex
1566 1074 1865 1126 praesensione
1887 1089 2029 1116 rerum

199 1135 508 1182 a5futurarum,
550 1136 655 1176 alter
695 1151 746 1176 ex
789 1138 1176 1191 perturbationibus
1215 1141 1508 1189 tempestatum
1552 1141 1593 1175 et
1624 1136 1800 1189 reliquis
1833 1139 2028 1186 motibus,

250 1198 395 1238 tertius
432 1211 485 1237 ex
516 1200 812 1240 commoditate
853 1214 1012 1248 rerum,
1057 1213 1162 1253 quas
1196 1198 1472 1251 percipimus,
1515 1203 1554 1238 et
1585 1199 1727 1251 copia,
1769 1206 1943 1253 quartus
1976 1215 2028 1241 ex

250 1266 459 1302 astrorum
491 1261 637 1301 ordine
670 1263 860 1316 caelique
893 1263 1140 1303 constantia.
1188 1262 1247 1301 De
1280 1261 1579 1314 praesensione
1611 1262 1809 1302 diximus.
1853 1263 1913 1302 De
1935 1277 2030 1316 per-

249 1322 554 1363 turbationibus
597 1324 849 1365 caelestibus
890 1332 931 1365 et
972 1324 1189 1365 maritimis
1223 1329 1263 1363 et
1301 1324 1478 1363 terrenis
1509 1337 1591 1363 non
1622 1338 1845 1377 possumus
1877 1325 2029 1374 dicere,

250 1399 345 1425 cum
386 1398 435 1424 ea
475 1385 595 1433 fiant,
635 1400 717 1427 non
755 1401 846 1427 esse
878 1388 1052 1434 multos,
1094 1387 1166 1440 qui
1196 1386 1268 1425 illa
1300 1390 1486 1425 metuant
1517 1391 1557 1425 et
1587 1400 1609 1426 a
1641 1387 1702 1426 dis
1735 1387 2029 1428 inmortalibus

198 1447 339 1489 20fieri
372 1448 643 1489 existument.
704 1447 769 1489 47.
803 1450 884 1490 Sed
917 1464 998 1489 non
1032 1449 1074 1488 id
1098 1449 1334 1502 quaeritur,
1367 1450 1505 1488 sintne
1527 1448 1684 1502 aliqui,
1717 1450 1790 1502 qui
1813 1449 1914 1490 deos
1938 1464 2029 1491 esse

249 1517 424 1566 putent:
457 1511 499 1550 di
532 1517 668 1551 utrum
702 1513 784 1552 sint
814 1526 946 1552 necne
979 1513 1061 1552 sint
1093 1512 1318 1564 quaeritur.
1367 1512 1471 1550 Nam
1503 1511 1692 1564 reliquae
1724 1525 1893 1559 causae,
1925 1526 2030 1566 quas

254 1573 475 1615 Cleanthes
507 1573 659 1621 adfert,
694 1588 869 1627 quarum
894 1589 975 1615 una
998 1582 1059 1614 est
1081 1574 1132 1613 de
1156 1573 1497 1619 commodorum,
1529 1587 1637 1627 quae
1662 1575 1861 1627 capimus,
1896 1576 2028 1629 copia,

249 1638 379 1678 altera
407 1636 458 1675 de
489 1641 725 1690 temporum
749 1638 894 1677 ordine
920 1638 1111 1690 caelique
1138 1637 1393 1683 constantia,
1427 1643 1513 1676 tum
1537 1637 1826 1676 tractabuntur
1849 1650 1872 1676 a
1894 1636 2028 1686 nobis,

251 1714 345 1740 cum
377 1699 684 1751 disputabimus
718 1699 768 1739 de
800 1701 1059 1753 providentia
1094 1700 1290 1745 deorum,
1332 1699 1382 1738 de
1415 1712 1498 1753 qua
1530 1699 1708 1752 plurima
1738 1712 1761 1738 a
1793 1705 1853 1746 te,
1887 1700 2028 1747 Balbe,

198 1761 362 1802 25dicta
394 1767 510 1809 sunt,
547 1758 608 1800 lS.
642 1761 878 1815 eodemque
911 1763 979 1801 illa
1004 1764 1127 1801 etiam
1152 1762 1410 1809 differemus,
1444 1761 1554 1814 quod
1583 1761 1862 1815 Chrysippum
1887 1762 2027 1803 dicere

249 1824 410 1870 aiebas,
454 1825 651 1876 quoniam
693 1831 805 1864 esset
843 1825 1002 1878 aliquid
1036 1826 1075 1863 in
1108 1838 1245 1863 rerum
1280 1830 1445 1872 natura,
1487 1825 1598 1877 quod
1631 1824 1681 1863 ab
1714 1824 1884 1864 homine
1917 1823 2024 1864 effici

248 1900 334 1926 non
365 1892 530 1940 posset,
563 1900 653 1926 esse
685 1887 844 1940 aliquid
877 1889 1043 1927 homine
1077 1887 1246 1933 melius,
1282 1900 1475 1939 quaeque
1507 1887 1549 1925 in
1581 1886 1704 1926 domo
1736 1885 1908 1939 pulchra
1933 1900 2026 1926 cum

248 1949 558 2003 pulchritudine
599 1950 741 1990 mundi
784 1950 1076 2003 comparabas,
1120 1956 1159 1989 ct
1200 1964 1291 1989 cum
1338 1949 1464 1988 totius
1504 1949 1649 1988 mundi
1690 1950 2026 1989 convenientiam

251 2025 589 2064 consensumque
620 2009 860 2058 adferebas,
903 2012 1168 2065 Zenonisque
1201 2012 1338 2051 brevis
1372 2017 1412 2051 et
1443 2012 1630 2051 acutulas
1663 2012 1952 2052 conclusiones
1984 2012 2027 2051 in

197 2080 235 2112 30
250 2088 341 2114 eam
374 2081 531 2127 partem
565 2075 786 2122 sermonis,
820 2088 944 2127 quam
977 2075 1102 2115 modo
1136 2075 1244 2121 dixi,
1279 2074 1539 2121 differemus,
1571 2074 1808 2128 eodemque
1839 2081 2027 2128 tempore

250 2137 321 2177 illa
354 2137 514 2184 omnia,
549 2150 657 2190 quae
690 2151 712 2176 a
744 2144 802 2185 te,
836 2138 1030 2190 physice,
1064 2137 1173 2177 dicta
1206 2143 1303 2176 sunt
1334 2137 1384 2177 de
1416 2137 1456 2176 vi
1488 2138 1610 2189 ignea
1642 2137 1779 2190 deque
1802 2150 1851 2176 eo
1875 2136 2027 2184 calore,

251 2213 303 2238 ex
335 2212 418 2252 quo
451 2200 591 2239 omnia
623 2201 810 2252 generari
845 2200 1036 2245 dicebas,
1081 2200 1175 2239 loco
1209 2212 1283 2238 suo
1316 2205 1588 2252 quaerentur,
1630 2200 1879 2253 omniaque,
1919 2213 2027 2252 quae

249 2275 272 2301 a
305 2267 345 2301 te
387 2261 538 2302 nudius
580 2262 725 2301 tertius
759 2262 865 2302 dicta
905 2268 1022 2309 sunt,
1065 2276 1158 2302 cum
1192 2261 1342 2301 docere
1377 2261 1505 2301 velles
1536 2261 1637 2301 deos
1669 2274 1783 2308 esse,
1826 2274 1954 2314 quare
1987 2267 2028 2301 et

250 2323 430 2363 mundus
464 2324 685 2363 universus
719 2331 759 2364 et
791 2325 854 2364 sol
887 2331 928 2364 et
958 2325 1055 2364 luna
1088 2331 1127 2364 et
1158 2325 1301 2364 stellae
1333 2338 1502 2364 sensum
1535 2338 1581 2363 ac
1605 2330 1786 2364 mentem
1808 2323 2026 2371 haberent,

197 2386 292 2426 35in
325 2386 434 2425 idem
467 2392 632 2439 tempus
664 2385 898 2426 reservabo.
961 2384 1025 2426 ²19.
1058 2389 1090 2426 A
1123 2393 1161 2427 te
1185 2393 1323 2426 autem
1344 2387 1453 2427 idem
1477 2387 1580 2426 illud
1604 2387 1727 2427 etiam
1750 2393 1876 2440 atque
1900 2387 2025 2427 etiam

250 2462 470 2502 quaeram,
504 2449 656 2501 quibus
688 2449 922 2489 rationibus
953 2450 1023 2489 tibi
1054 2449 1306 2502 persuadeas
1339 2449 1441 2489 deos
1473 2463 1577 2489 esse.

363 2512 470 2550 VIII.
505 2513 609 2551 Tum
640 2512 821 2552 Balbus:
853 2512 1059 2565 Equidem
1091 2512 1280 2551 attulisse
1311 2512 1493 2551 rationes
1524 2511 1625 2551 mihi
1657 2511 1821 2559 videor,
1853 2510 1927 2551 sed
1956 2524 2025 2551 eas

335 2686 366 2716 2.
393 2685 525 2716 orialur
556 2693 646 2715 corr.
675 2693 716 2715 ex
749 2684 903 2715 oriantur
935 2683 962 2714 V
990 2701 1023 2705 —
1058 2684 1087 2715 3.
1115 2684 1213 2715 etiam
1241 2693 1310 2715 om.
1339 2685 1362 2715 P
1391 2701 1425 2706 —
1463 2683 1492 2715 4.
1520 2687 1617 2714 tanta
1641 2692 1754 2714 eorum
1779 2684 1802 2714 C
1832 2699 1866 2705 —
1891 2684 2024 2723 placari

250 2736 274 2766 B
290 2735 428 2766 EPW:
452 2735 579 2773 placeri
604 2737 627 2765 A
645 2732 705 2764 W:
737 2734 869 2773 placere
894 2734 917 2764 C
946 2750 980 2754 —
1005 2734 1049 2772 pl.
1078 2743 1142 2764 non
1163 2737 1295 2773 possent
1315 2742 1348 2772 p.
1375 2742 1403 2764 r.
1429 2734 1491 2763 nisi
1517 2734 1540 2764 P
1568 2751 1601 2755 —
1629 2734 1659 2763 5.
1687 2734 1760 2765 illut
1783 2735 2025 2774 imperatorium

249 2786 275 2816 A
301 2803 342 2807 —-
368 2785 397 2816 6.
423 2788 622 2823 strategema
654 2782 682 2815 91
716 2800 750 2805 —
783 2784 814 2814 7.
840 2784 1078 2821 imperatorum
1112 2784 1135 2814 C
1170 2801 1204 2804 —
1239 2792 1344 2822 aequo
1375 2786 1398 2814 A
1416 2784 1442 2812 V
1472 2800 1505 2804 —
1540 2783 1570 2814 8.
1597 2784 1700 2814 hostes
1725 2785 1749 2815 O
1778 2802 1809 2806 -
1838 2785 1868 2816 9.
1895 2785 2026 2816 audiuit

252 2836 358 2874 Quam
381 2835 408 2864 si
433 2836 482 2873 (Q.
508 2837 538 2865 in
566 2842 631 2865 ras.
653 2836 686 2864 et
709 2830 754 2864 ud
778 2834 970 2874 superscr.)
998 2834 1040 2867 B;
1068 2833 1185 2863 audiui
1208 2833 1263 2863 Bis
1286 2842 1317 2864 se
1342 2834 1388 2864 E:
1417 2834 1557 2863 audiuit.
1585 2836 1619 2864 tu
1643 2834 1669 2864 si
1695 2835 1717 2865 P
1746 2851 1778 2855 —
1807 2835 1936 2865 audisse
1960 2836 2023 2866 ΡΟ

253 2901 288 2906 -
317 2884 367 2914 42.
394 2884 474 2914 vnihil
496 2884 583 2914 BV:
611 2884 708 2915 michi
734 2885 782 2921 (ῖς
808 2884 855 2914 nil
879 2884 981 2915 AEP
1010 2901 1042 2905 —
1070 2884 1210 2915 cleantes
1233 2886 1257 2914 A
1287 2901 1318 2904 -
1350 2883 1401 2914 213.
1429 2883 1565 2914 deorum
1590 2892 1659 2914 om.
1685 2885 1709 2914 P
1737 2901 1771 2906 —
1800 2883 1852 2915 44.
1878 2885 1905 2914 is
1930 2893 2021 2915 corr.

251 2942 292 2964 ex
315 2933 364 2963 his
389 2934 437 2968 V;
463 2942 505 2964 ea:
528 2934 577 2965 his
599 2934 622 2964 B
659 2951 693 2955 —
729 2935 780 2965 115.
806 2934 950 2972 reriquis
976 2932 1022 2963 Vs
1041 2951 1074 2955 —
1110 2934 1162 2964 46.
1185 2935 1394 2974 percepimus
1418 2935 1440 2965 P
1468 2951 1504 2956 —
1531 2935 1583 2965 25.
1603 2935 1801 2973 differemus,
1828 2943 1902 2965 cum
1918 2934 2023 2973 Chry-

247 2984 378 3022 sippum
395 2982 497 3014 Bake.
516 3000 549 3004 —
580 2984 629 3014 26.
649 2984 807 3021 quoniam
823 2988 901 3014 esset
918 2983 1045 3021 aliquid
1060 2984 1222 3014 hominem
1240 2985 1358 3023 aliquit
1377 2984 1409 3014 in
1426 2992 1539 3014 rerum
1564 2986 1653 3024 (post
1670 2985 1827 3023 quoniam
1842 2993 2020 3025 superscr.

249 3033 276 3064 si
293 3042 299 3069 ;
325 3033 485 3063 hominem
503 3035 554 3063 est
571 3032 726 3064 deletum
745 3035 779 3064 et
796 3033 915 3071 aliqum
939 3042 1028 3064 corr.
1049 3034 1081 3063 in
1100 3033 1235 3072 aliquid)
1257 3034 1298 3070 ss;
1327 3035 1483 3073 quoniam
1508 3035 1535 3064 si
1558 3037 1639 3065 esset
1655 3035 1790 3073 aliquod
1814 3035 1847 3064 in
1865 3043 1977 3065 rerum
1997 3035 2020 3065 E

253 3100 287 3104 —
306 3083 359 3113 ⁶27.
383 3083 509 3120 aliquid
530 3083 658 3113 homine
681 3085 707 3114 A
722 3084 744 3114 B
761 3084 784 3115 C
800 3083 865 3114 PV
890 3083 1028 3121 (homine
1053 3091 1143 3113 corr.
1171 3093 1212 3114 ex
1237 3084 1399 3115 hommem
1423 3085 1457 3122 B)
1477 3093 1482 3113 :
1510 3084 1646 3123 aliquod
1667 3084 1795 3115 homine
1821 3085 1867 3121 Ες
1893 3085 2022 3115 homine

249 3132 377 3170 aliquid
401 3131 424 3162 Ο
453 3149 486 3153 -
511 3132 652 3170 pulchra
677 3141 766 3163 corr.
796 3142 836 3164 ex
858 3133 1033 3171 pulchram
1060 3132 1083 3161 V
1112 3150 1146 3155 —-
1173 3133 1225 3164 3¹.
1253 3135 1365 3165 omnia
1389 3143 1458 3165 om.
1486 3136 1509 3166 P
1544 3152 1578 3155 —
1613 3134 1665 3165 32.
1693 3136 1868 3174 omniaque
1891 3143 1976 3173 quae
1998 3143 2020 3165 a

249 3185 279 3213 le
302 3179 401 3212 Bv22
435 3181 546 3211 omnia
570 3190 719 3220 quaeque
742 3191 762 3212 a
787 3185 816 3213 te
841 3182 888 3213 C:
916 3183 1027 3212 omnia
1052 3190 1136 3220 quae
1159 3191 1181 3212 a
1205 3186 1233 3214 le
1257 3185 1281 3214 A
1299 3185 1321 3214 P
1337 3182 1375 3213 Ψ
1393 3184 1437 3223 (in
1464 3187 1488 3215 A
1504 3183 1530 3213 V
1555 3185 1632 3224 post
1657 3192 1679 3214 a
1703 3192 1804 3215 erasa
1830 3185 1883 3215 est
1905 3182 2018 3214 littera

249 3232 303 3270 d);
331 3231 441 3261 omnia
464 3239 524 3269 que
548 3239 569 3260 a
592 3234 620 3261 te
644 3231 668 3261 E
696 3248 729 3252 —
757 3231 809 3262 33.
835 3232 943 3262 nudus
967 3234 1151 3272 (superscr.
1173 3233 1194 3270 i)
1220 3235 1246 3264 A
1261 3233 1287 3263 V
1313 3249 1346 3254 -
1376 3232 1428 3264 35.
1455 3242 1476 3263 α
1500 3233 1535 3264 in
1559 3241 1681 3264 rasura
1698 3235 1725 3264 A
1745 3251 1780 3256 —
1805 3236 1914 3264 autem
1936 3232 2019 3263 allud

249 3283 349 3313 eliam
372 3280 456 3312 idem
475 3283 574 3319 acque
596 3281 696 3312 etiam
721 3283 742 3313 P
770 3299 804 3303 —
831 3281 884 3314 37.
910 3282 988 3313 mihi
1010 3281 1155 3313 raciones
1178 3284 1215 3314 P.
