2249 3624
862 230 1198 272 FRAGMENTA.
1824 226 1905 267 977

160 335 309 387 quibus
336 333 387 374 ad
414 333 585 374 lanificia
613 340 792 372 utuntur.
862 335 976 382 Post,
1014 333 1164 384 quibus
1192 332 1243 372 ad
1271 333 1405 371 cibum
1444 334 1761 385 comparandum
1801 335 1907 372 vasis

159 399 214 437 uti
243 397 437 445 assolent,
467 395 844 443 constituebantur;
880 395 989 439 inde,
1019 408 1125 446 quae
1153 394 1203 433 ad
1232 395 1489 443 lavationem,
1519 408 1623 446 quae
1653 397 1702 435 ad
1733 409 1906 435 exorna-

159 461 321 508 tionem,
351 470 457 510 quae
485 457 536 497 ad
557 470 740 496 mensam
761 457 1002 496 cotidianam
1024 464 1146 508 atque
1175 457 1448 508 epulationem
1478 459 1694 509 pertinent,
1725 472 1908 510 expone—

157 523 319 562 bantur.
391 523 534 560 Postea
574 521 719 569 exiis,
756 520 906 571 quibus
946 520 1092 559 cotidie
1135 521 1297 568 utimur,
1340 520 1449 571 quod
1490 528 1741 560 menstruum
1784 529 1907 569 essct,

157 585 440 636 seposuimus,
483 595 661 622 annuum
700 595 864 634 quoquc
894 584 934 621 in
963 583 1066 621 duas
1102 589 1240 633 partes
1269 582 1493 622 divisimus.
1562 585 1659 622 Nam
1693 585 1750 622 sic
1781 586 1943 623 minus5

157 647 279 696 fallit,
309 647 376 697 qui
407 648 539 684 exitus
569 646 726 684 futurus
755 647 817 684 sit.
874 647 980 684 llaec
1018 652 1233 696 postquam
1263 647 1394 685 omnia
1424 648 1695 694 secrevimus,
1726 653 1808 684 tum
1838 660 1911 684 suo

159 721 349 761 quaeque
378 708 465 747 loeo
495 708 794 759 disposuimus:
839 707 1008 756 deinde,
1048 708 1197 758 quibus
1235 710 1381 746 cotidie
1411 708 1560 747 servuli
1592 715 1777 758 utuntur,
1808 722 1913 760 quae

113 811 116 814 Δ
160 772 211 811 ad
239 771 428 819 lanificia,
459 783 564 822 quae
594 769 644 809 ad
675 770 826 808 cibaria
855 768 1069 821 coquenda
1091 776 1130 808 et
1150 771 1400 810 conficienda
1429 773 1648 823 pertinent,
1680 772 1778 810 liaec
1800 773 1913 822 ipsis,

160 835 227 886 qui
258 835 319 873 his
348 836 404 872 uti
434 834 591 881 solent,
633 833 872 873 tradidimus
910 839 949 871 et
976 833 1042 871 ubi
1073 846 1119 871 ea
1148 840 1349 884 ponerent
1385 834 1755 873 demonstrauimus
1798 841 1837 872 et
1876 842 1917 873 ut

160 896 271 936 salva
301 902 442 935 essent
476 897 777 947 praecepimus.
847 895 1006 942 Quibus
1044 901 1179 934 autem
1210 895 1260 934 ad
1289 896 1377 934 dies
1407 897 1530 935 festos
1568 902 1608 934 et
1635 896 1684 935 ad
1715 897 1915 948 hospitum
1937 906 1967 933 10

159 958 380 999 adventum
409 959 559 997 utimur
587 964 625 996 et
654 957 704 997 ad
735 957 936 1008 quaedam
967 970 1055 996 rara
1086 959 1271 1007 negotia,
1309 959 1408 997 haec
1436 972 1577 1010 promo
1613 958 1851 998 tradidimus
1879 966 1918 997 et

162 1021 250 1061 loca
278 1022 456 1060 omnium
486 1020 857 1059 demonstravimus
886 1026 926 1058 ct
953 1021 1086 1059 omnia
1116 1019 1475 1059 adnumeravimus
1503 1027 1624 1072 atque
1653 1021 1917 1061 adnumerata

160 1085 237 1136 ipsi
267 1085 574 1135 exscripsimuS,
607 1096 783 1134 eumque
813 1083 1112 1131 admonuimus,
1144 1089 1199 1132 ut,
1230 1082 1519 1134 quodcumque
1549 1097 1651 1135 opus
1681 1091 1805 1132 esset,
1836 1086 1919 1122 sci—

161 1153 245 1197 ret,
274 1147 383 1185 unde
421 1146 556 1195 daret,
589 1153 628 1185 et
656 1147 910 1185 meminisset
946 1152 1068 1197 atque
1104 1146 1342 1196 adnotaret,
1383 1146 1481 1197 quid
1518 1153 1556 1185 et
1586 1147 1749 1198 quando
1788 1154 1828 1185 et
1855 1147 1918 1185 0111

161 1209 360 1259 dedisset,
391 1215 444 1257 et,
476 1221 566 1247 011111
596 1209 835 1260 recepisset,
866 1214 908 1247 ut
928 1209 1110 1260 quidque
1134 1221 1207 1247 suo
1239 1208 1326 1247 loco
1347 1216 1578 1259 reponeret.
1637 1209 1969 1259 (Columellam

160 1271 184 1310 l.
210 1273 291 1311 ΧΠ.
325 1284 357 1310 c.
383 1275 416 1311 3.
449 1274 483 1322 ξ.
511 1272 639 1320 1-4.)

263 1335 320 1373 11.
366 1335 419 1383 (X
439 1334 678 1385 enophon
709 1334 862 1373 Oecon.
893 1346 927 1371 0.
951 1336 985 1372 9.
1018 1334 1052 1384 §-
1080 1335 1158 1383 11.)
1217 1335 1259 1372 111
1288 1335 1429 1385 primis
1458 1335 1802 1374 considerandum
1832 1336 1917 1382 erit,

161 1410 211 1436 an
238 1410 259 1437 a
291 1398 396 1446 vino,
427 1396 478 1435 ab
508 1397 629 1445 escis,
660 1410 681 1435 a
710 1396 1087 1448 superstitionibus,
1117 1410 1137 1435 a
1175 1409 1340 1447 somne,
1375 1410 1396 1436 a
1427 1398 1521 1436 viris
1551 1399 1822 1436 remotissima
1852 1400 1918 1447 sit,

162 1466 202 1498 et
229 1466 273 1498 ut
300 1472 396 1498 cura
425 1472 514 1498 eam
543 1459 704 1508 subeat,
735 1458 834 1510 quid
862 1461 1112 1509 meminisse,
1140 1460 1238 1510 quid
1268 1462 1308 1498 in
1338 1467 1549 1512 posterum
1578 1462 1814 1513 prospicere
1844 1461 1919 1497 ‹lc-

162 1523 272 1571 beat,
303 1528 346 1560 ut
373 1522 456 1560 sere
485 1534 577 1560 eum
607 1534 759 1560 morem
789 1528 940 1571 servet,
969 1535 1090 1572 quem
1121 1522 1237 1560 vilico
1276 1524 1577 1574 praecepimus,
1607 1524 1798 1573 quoniam
1830 1522 1918 1574 ple-
1933 1541 1969 1568 -20

162 1597 290 1636 raque
320 1584 463 1623 similia
493 1596 584 1623 esse
614 1584 768 1622 debent
796 1585 834 1622 in
856 1585 941 1622 viro
970 1590 1093 1635 atque
1121 1585 1268 1623 semina
1297 1591 1337 1622 et
1364 1591 1445 1623 tam
1473 1585 1622 1624 malum
1643 1587 1769 1624 vitare
1799 1598 1918 1636 quam

164 1647 392 1699 praemium
422 1652 532 1685 recte
558 1647 754 1685 sactorum
783 1658 965 1697 sperare.
1023 1646 1325 1691 (Columella
1355 1647 1378 1684 l.
1402 1648 1483 1686 XIl.
1515 1660 1549 1685 c.
1576 1654 1604 1687 1.
1635 1650 1669 1694 §2
1690 1650 1747 1694 3.)

270 1710 325 1748 12.
369 1708 670 1759 (Xenophon
706 1709 857 1748 Oecon.
889 1721 923 1746 c.
952 1710 986 1747 9.
1020 1710 1054 1759 §-
1084 1710 1164 1758 14.)
1232 1711 1439 1748 Postremo
1477 1710 1538 1748 his
1574 1711 1698 1748 rebus
1730 1710 1919 1749 omnibus

166 1772 397 1810 constitutis
424 1770 521 1809 nihil
549 1770 652 1809 hanc
677 1770 852 1809 arbitror
879 1770 1208 1809 distributionem
1238 1771 1502 1822 profuturam,
1533 1773 1625 1820 nisi,
1657 1778 1699 1810 ut
1722 1774 1799 1811 iam
1821 1772 1917 1821 dixi,

164 1833 310 1872 vilicus
349 1834 516 1884 saepius
553 1839 594 1871 et
629 1832 848 1884 aliquando
887 1839 1021 1872 tamen
1055 1833 1244 1873 dominus
1281 1841 1350 1874 aut
1382 1841 1564 1874 matrona
1599 1835 1970 1879 consideraverit25

165 1896 597 1945 animadverteritque,
628 1900 672 1933 ut
700 1894 900 1933 ordinatio
929 1897 1111 1934 instituta
1140 1903 1419 1935 conservetur.
1475 1896 1592 1944 Quod
1613 1899 1732 1936 etiam
1755 1898 1792 1935 in
1814 1898 1918 1935 bene

168 1960 333 1998 moratis
355 1958 586 1997 civitatibus
607 1970 771 2009 semper
790 1964 853 1996 est
871 1958 1158 2007 observatum3
1190 1971 1361 2010 quarum
1389 1960 1638 2010 primoribus
1659 1966 1782 2011 atque
1811 1961 1919 2010 opti-

166 2022 343 2061 matibus
372 2034 452 2060 non
479 2022 578 2060 satis
607 2022 739 2059 visum
768 2027 830 2059 est
852 2021 983 2060 bonas
1004 2021 1116 2071 leges
1143 2022 1309 2072 habere,
1342 2025 1419 2062 nisi
1448 2022 1641 2062 custodes
1668 2035 1805 2061 earum
1825 2022 1919 2060 dili—

166 2085 428 2136 gentissimos
457 2085 569 2123 cives
598 2090 824 2133 creassent,
856 2096 958 2134 quos
989 2085 1130 2123 Graeci
1160 2091 1453 2137 vomu-sitmme
1486 2085 1706 2137 appellant.
1770 2087 1918 2123 llorum

167 2153 255 2186 erat
281 2147 457 2185 officium
486 2159 576 2196 eos,
607 2148 673 2198 qui
703 2146 863 2197 legibus
892 2153 1105 2198 parerent,
1137 2147 1326 2187 laudibus
1356 2150 1549 2200 prosequi
1579 2160 1654 2186 nec
1683 2149 1816 2186 minus
1844 2148 1918 2186 110-
1934 2162 1970 2190 30

166 2208 352 2258 neribus,
376 2221 446 2247 eos
466 2215 616 2259 autem,
648 2210 715 2260 qui
741 2222 821 2247 non
849 2215 1056 2260 parerent,
1086 2222 1218 2261 poena
1243 2210 1427 2249 multare.
1472 2210 1759 2259 (Columella
1789 2210 1813 2248 l.
1836 2211 1917 2248 ΧΠ.

168 2284 202 2310 0.
226 2272 260 2309 3.
293 2272 328 2322 §-
354 2273 398 2309 10
418 2274 503 2322 sq.)

268 2336 326 2373 13.
370 2333 679 2384 (Xenophon
707 2334 860 2372 Oecon.
894 2336 1009 2373 0.10.
1042 2336 1080 2384 ξ.
1110 2336 1191 2382 10.)
1244 2334 1429 2385 Denique
1464 2347 1543 2373 uno
1577 2335 1663 2373 loco
1693 2348 1814 2386 quam
1844 2336 1920 2373 mi—

170 2396 278 2434 nime
307 2396 514 2447 oportebit
542 2407 631 2434 eam
661 2397 906 2435 consistere:
938 2408 1072 2447 neque
1102 2398 1209 2435 enim
1237 2396 1467 2436 sedentaria
1490 2399 1577 2435 eius
1597 2403 1816 2449 operaest,
1848 2397 1921 2436 sed

170 2459 291 2498 modo
320 2458 372 2497 ad
402 2458 521 2496 telam
551 2457 721 2497 debebit
749 2458 947 2497 accedere
975 2471 1036 2508 ae,
1068 2460 1099 2498 si
1130 2458 1229 2509 quid
1256 2458 1402 2497 melius
1434 2461 1549 2509 sciat,
1580 2460 1748 2498 docere:
1781 2462 1814 2498 si
1845 2462 1972 2501 nii—:35

171 2533 271 2571 nus,
301 2519 516 2560 addiscere
546 2520 596 2559 ab
627 2532 689 2570 eo,
734 2521 801 2572 qui
831 2520 922 2571 plus
951 2521 1179 2571 intellegat,
1208 2521 1325 2559 modo
1364 2534 1455 2570 cos,
1486 2524 1552 2572 qui
1584 2522 1718 2560 cibum
1748 2523 1922 2561 familiae

172 2584 415 2633 conficiunt,
446 2584 645 2632 invisere,
684 2589 768 2622 tum
805 2584 926 2622 etiam
965 2583 1140 2622 culinam
1169 2590 1209 2621 et
1236 2583 1388 2622 bubilia
1426 2596 1501 2622 nec
1538 2585 1672 2622 minus
1707 2586 1921 2636 praesepia

172 2645 409 2685 mundanda
437 2658 605 2685 curare:
636 2645 931 2684 valetudinaria
960 2658 1124 2696 quoquc
1146 2645 1223 2695 vel,
1254 2647 1285 2683 si
1309 2652 1454 2684 vacent
1473 2646 1522 2685 ab
1546 2646 1774 2694 imbecillis,
1805 2647 1923 2685 iden-

173 2707 297 2747 tidem
327 2710 487 2759 aperire
515 2715 555 2747 et
582 2707 848 2746 immunditiis
877 2706 1069 2757 liberare,
1101 2713 1156 2756 ut,
1187 2721 1277 2745 cum
1299 2720 1365 2746 res
1386 2709 1581 2757 exegerit,
1612 2708 1717 2746 bene
1739 2708 1922 2747 ordinata

175 2772 235 2820 [et
261 2772 418 2819 ornata]
449 2776 489 2808 et
515 2770 695 2809 salubria
723 2769 1011 2820 languentibus
1039 2770 1336 2820 praebeantur:
1368 2771 1519 2820 promis
1548 2782 1711 2820 quoque
1740 2777 1779 2808 et
1798 2770 1974 2813 cella-40

175 2833 245 2871 riis
273 2832 427 2883 aliquid
454 2831 788 2884 appendentibus
808 2837 877 2870 aut
894 2832 1158 2870 metientibus
1177 2833 1438 2870 intervenire.
1487 2831 1770 2880 (Columella
1799 2833 1822 2871 l.
1842 2834 1922 2871 XII.

177 2907 211 2933 e.
235 2896 269 2933 3.
302 2896 337 2946 §-
360 2896 419 2944 8.)

279 2955 416 3010 [«Sane
446 2960 629 2995 sciendum
664 2957 928 3003 Xenophontem
964 2960 1149 3003 scripsisse
1185 2969 1295 2992 unum
1329 2958 1463 2993 librum
1497 2956 1787 3004 Oeconomicum,
1828 2962 1927 2995 cuius

176 3032 264 3066 pars
290 3023 421 3057 ultima
456 3022 719 3068 agriculturam
746 3021 920 3063 contina,-
960 3022 1001 3056 de
1028 3032 1100 3066 qua
1126 3026 1229 3065 parte
1258 3021 1371 3055 mulla
1397 3022 1445 3055 ad
1476 3016 1608 3071 [suum]
1641 3022 1704 3057 hoc
1732 3034 1818 3068 opus
1852 3023 1928 3058 Γίν-

179 3084 287 3129 9ilius
315 3085 518 3123 transtulit,
549 3086 639 3119 sicut
665 3085 773 3118 etiam
800 3083 842 3118 de
870 3081 1053 3129 Geor-qicis
1091 3083 1257 3128 Magonis
1287 3082 1383 3126 Afri,
1417 3082 1575 3131 Catonis,
1619 3083 1804 3128 Varronis,
1837 3084 1930 3120 Cice-
1944 3093 1978 3121 423

180 3148 280 3181 ranis
313 3157 450 3192 quoque
487 3147 581 3181 libro
615 3147 718 3181 tertio
756 3144 1093 3186 Oeconomicorum,
1124 3146 1187 3190 qui
1217 3146 1479 3190 ayriculluram
1508 3148 1673 3181 continet.
1729 3147 1823 3183 Nam
1849 3151 1930 3193 pri—

182 3219 260 3243 mus
283 3214 475 3255 praecepta
503 3210 626 3248 habel,
666 3208 965 3254 quemadmodum
1000 3209 1123 3243 debeat
1159 3209 1437 3252 materfamilias
1464 3209 1563 3243 donn·
1590 3220 1714 3254 ayere,·
1745 3211 1928 3250 secundus,

183 3272 484 3355 quemegd1moduTm
497 3272 588 3355 feris
599 3265 925 3320 paterfamilias».]
946 3268 993 3315 (S
1007 3280 1028 3306 e
1042 3280 1061 3306 r
1073 3268 1152 3306 viu
1163 3279 1182 3305 s
1198 3266 1250 3306 ad
1265 3268 1585 3367 Georg.1,4g.)T.
1596 3270 1631 3307 2.
1648 3282 1687 3320 p.
1709 3271 1788 3309 180.
1806 3271 1931 3319 Lion.)

317 3333 412 3355 [enno
467 3348 474 3355 .
494 3327 506 3355 1
538 3346 546 3355 .
1518 3330 1542 3367 ζ
