2249 3624
291 171 344 214 28
817 171 1244 215 ACADEMICORUM
1273 170 1512 212 PRIORUM

287 292 424 328 tamen
465 288 524 328 illi
555 287 743 328 versibus
778 287 994 339 increpant
1024 297 1167 325 eorum
1198 283 1482 334 adrogantiam
1514 282 1634 334 quasi
1663 282 1775 329 irati,
1817 281 1909 335 qui,
1952 296 2044 322 eum

289 350 385 390 sciri
419 350 523 390 nihil
553 350 704 404 possit,
736 348 919 389 audeant
948 360 992 387 se
1023 346 1127 386 scire
1159 345 1310 384 dicere.
1356 344 1407 383 Et
1436 344 1486 383 ab
1508 344 1558 383 iis
1580 344 1720 383 aiebas
1744 344 2045 383 removendum

289 412 489 453 Socraten
520 417 559 452 et
588 412 817 451 Platonem.
869 409 980 448 Cur‘?
1012 422 1065 448 an
1096 408 1146 447 de
1177 406 1275 446 ullis
1307 406 1458 445 certius
1486 419 1655 458 possum
1678 405 1847 446 dicere?
1877 406 2046 446 Vixisse

287 487 381 513 cum
420 474 470 513 iis
509 473 703 527 equidem
742 472 911 512 videor:
951 471 1010 510 ita
1040 469 1159 511 multi
1192 482 1404 508 sermones
1434 468 1654 521 perscripti
1685 474 1800 515 sunt,
1842 482 1863 508 e
1895 468 2046 522 quibus

255 535 466 575 5dubitari
511 549 597 575 non
641 534 774 588 possit
813 533 914 586 quin
957 531 1116 571 Socrati
1160 530 1264 570 nihil
1297 531 1350 570 sit
1380 530 1515 570 visum
1547 530 1643 570 sciri
1675 543 1811 583 posse.
1870 530 2048 582 Excepit

286 611 415 637 unum
455 602 615 637 tantum
656 596 792 635 «scire
824 608 867 633 se
908 594 1010 633 nihil
1043 607 1086 633 se
1118 593 1267 640 scirem
1310 592 1412 632 nihil
1442 592 1635 645 amplius.
1687 592 1799 640 Quid
1829 592 1964 632 dicam
1996 592 2046 632 de

285 659 488 699 Platone?
533 659 604 712 qui
648 662 756 698 certe
797 662 880 696 tam
920 655 1061 695 multis
1101 655 1219 694 libris
1255 655 1360 694 haec
1398 660 1639 708 persecutus
1672 668 1759 695 non
1790 660 1922 703 esset,
1966 655 2047 694 nisi

284 721 558 775 probavisset.
617 720 800 759 Ironiam
838 719 951 758 enim
990 718 1183 765 alterius,
1228 723 1473 770 perpetuam
1512 718 1778 772 praesertim,
1818 718 1932 757 nulla
1970 717 2050 757 fuit

285 783 387 823 ratio
418 782 627 835 persequi.

238 852 273 882 10
395 845 546 884 XXIV.
579 842 645 883 75.
676 842 888 883 Videorne
919 842 1017 890 tibi,
1059 855 1168 890 non,
1199 847 1246 883 ut
1277 843 1551 890 Saturninus,
1582 844 1798 883 nominare
1829 842 1955 882 modo
1986 842 2050 882 in-

284 908 434 947 lustres
465 905 676 953 homines‚
708 905 780 945 sed
812 905 965 945 imitari
996 918 1226 958 numquam
1257 905 1337 945 nisi
1361 905 1543 952 clarum,
1575 905 1656 945 nisi
1678 906 1890 945 nobilem?
1921 905 2049 959 Atqui

284 969 487 1009 habebam
519 968 719 1008 molestos
741 967 879 1015 vobis,
912 967 985 1008 sed
1018 968 1222 1014 minutos,
1256 968 1503 1021 Stilponem,
1536 967 1782 1015 Diodorum,
1813 968 2049 1015 Alexinum,

285 1045 462 1085 quorum
494 1035 590 1071 sunt
620 1035 810 1070 contorta
842 1035 884 1069 et
913 1030 1101 1070 aculeata
1132 1031 1338 1083 quaedam
1370 1030 1648 1084 sophismata;
1680 1031 1737 1070 sic
1770 1032 1879 1071 enim
1908 1031 2050 1084 appel-

283 1094 423 1133 lantur
465 1092 634 1133 fallaces
680 1092 1059 1132 conclusiunculae.
1121 1093 1200 1132 Sed
1243 1093 1343 1145 quid
1382 1106 1453 1133 eos
1495 1093 1705 1145 colligam,
1752 1106 1846 1132 cum
1875 1092 2052 1132 habeam

236 1161 271 1190 ⁴5
286 1156 586 1210 Chrysippum,
621 1155 694 1208 qui
724 1154 871 1194 fulcire
902 1160 1072 1207 putatur
1101 1155 1308 1208 porticum
1342 1156 1610 1195 Stoicorum?
1652 1155 1786 1203 Quam
1820 1155 1950 1194 multa
1981 1155 2052 1194 ille

285 1223 429 1258 contra
460 1231 630 1264 sensus,
663 1230 787 1271 quam
819 1217 949 1257 multa
981 1223 1123 1257 contra
1155 1218 1316 1263 omnia,
1350 1231 1458 1271 quae
1485 1218 1526 1256 in
1550 1218 1854 1257 consuetudine
1875 1217 2053 1271 proban-

283 1280 370 1320 tur!
416 1281 468 1319 At
498 1280 688 1319 dissolvit.
718 1279 843 1319 idem.
894 1279 993 1319 Mihi
1026 1280 1196 1333 quidem
1227 1294 1311 1320 non
1343 1278 1527 1319 videtur:
1565 1280 1639 1319 sed
1671 1279 1909 1320 dissolverit
1939 1293 2052 1320 sane.

287 1342 406 1382 Certe
438 1346 519 1382 tam
552 1341 681 1381 multa
711 1355 793 1381 non
825 1341 1082 1393 collegisset,
1116 1355 1222 1395 quae
1253 1355 1328 1381 nos
1355 1342 1549 1381 fallerent
1577 1342 1868 1394 probabilitate
1891 1355 2053 1396 magna,

285 1405 364 1445 nisi
397 1404 557 1444 videret
585 1404 636 1443 iis
665 1404 801 1444 resisti
834 1418 917 1444 non
948 1404 1070 1445 facile
1102 1418 1239 1457 posse.
1299 1403 1365 1444 76.
1399 1404 1510 1453 Quid
1555 1404 1800 1458 Cyrenaici?
1844 1402 2055 1458 [videntur

236 1467 455 1506 20minime
486 1468 714 1520 contempti
744 1467 1008 1521 philosophi,
1051 1464 1138 1520 qui]
1181 1472 1335 1519 negant
1365 1480 1455 1507 esse
1488 1467 1713 1520 quicquam
1749 1467 1863 1520 quod
1894 1467 2053 1520 percipi

285 1531 417 1583 possit
447 1530 730 1569 extrinsecus:
764 1543 812 1569 ea
845 1543 888 1569 se
920 1530 1007 1569 sola
1038 1530 1274 1582 percipere,
1307 1543 1413 1583 quae
1446 1536 1557 1570 tactu
1589 1531 1749 1570 intumo
1777 1530 1977 1576 sentiant,
2009 1534 2057 1568 ut

286 1592 491 1639 dolorem,
536 1598 582 1631 ut
627 1592 904 1645 voluptatem:
951 1605 1089 1646 neque
1136 1606 1179 1632 se
1213 1606 1297 1646 quo
1331 1593 1432 1646 quid
1476 1592 1617 1632 colore
1649 1599 1721 1632 aut
1751 1605 1834 1645 quo
1868 1605 1971 1632 sono
2003 1593 2057 1632 sit

287 1654 414 1701 scire,
446 1654 518 1693 sed
548 1659 709 1694 tantum
742 1656 896 1695 sentire
929 1652 1049 1694 adfici
1080 1669 1123 1694 se
1157 1655 1339 1707 quodam
1371 1655 1508 1695 mod0.
1560 1655 1667 1694 Satis
1690 1655 1820 1695 multa
1841 1655 1891 1695 de
1914 1659 2057 1694 aucto-

287 1716 415 1756 ribus.
467 1716 728 1770 Quamquam
763 1731 815 1757 ex
846 1731 911 1757 me
944 1718 1205 1771 quaesieras,
1246 1731 1384 1757 nonne
1426 1723 1614 1771 putarem
1642 1724 1737 1771 post
1768 1718 1862 1758 illos
1892 1723 2055 1759 veteres

238 1788 274 1817 25
288 1784 348 1819 tot
378 1779 554 1819 saeculis
586 1779 765 1819 inveniri
799 1794 943 1820 verum
974 1780 1185 1832 potuisse,
1219 1785 1279 1820 tot
1308 1781 1489 1833 ingeniis
1521 1781 1732 1833 tantisque
1754 1781 1903 1820 studiis
1927 1794 2056 1835 quae-

286 1841 488 1881 rentibus.
539 1841 650 1889 Quid
683 1843 897 1882 inventum
930 1843 982 1882 sit
1011 1842 1137 1895 paulo
1170 1848 1264 1895 post
1296 1843 1459 1890 videro,
1501 1848 1541 1883 te
1580 1844 1670 1896 ipso
1703 1843 1871 1897 quidem
1903 1843 2056 1882 iudice.

286 1904 503 1943 Arcesilan
531 1917 628 1944 vero
658 1918 742 1944 non
774 1906 1032 1945 obtrectandi
1055 1918 1179 1945 causa
1203 1920 1294 1945 cum
1318 1909 1483 1946 Zenone
1513 1906 1787 1958 pugnavisse,
1820 1905 1892 1945 sed
1915 1918 2056 1944 verum

287 1966 475 2006 invenire
506 1966 712 2014 voluisse,
744 1967 802 2007 sic
833 1968 1102 2020 intellegitur.
1170 1966 1236 2007 77.
1274 1970 1403 2008 Nemo
1440 1982 1641 2022 umquam
1679 1969 1938 2021 superiorum
1973 1981 2057 2007 non

288 2029 411 2069 modo
446 2035 722 2081 expresserat,
755 2029 827 2070 sed
859 2043 911 2069 ne
944 2031 1107 2070 dixerat
1138 2030 1306 2084 quidem
1339 2044 1463 2083 posse
1495 2030 1708 2070 hominem
1741 2030 1846 2070 nihil
1878 2030 2057 2083 opinari,

238 2100 365 2132 30nec
397 2092 533 2132 solum
563 2106 711 2145 posse,
743 2092 815 2132 sed
847 2092 904 2132 ita
935 2106 1108 2132 necesse
1141 2106 1232 2132 esse
1265 2094 1456 2146 sapienti.
1510 2093 1609 2132 Visa
1641 2098 1703 2132 est
1732 2092 1941 2132 Arcesilae
1965 2106 2058 2131 cum

288 2167 385 2194 vera
431 2155 657 2202 sententia,
705 2160 790 2194 tum
833 2154 1011 2194 honesta
1051 2159 1091 2194 et
1133 2154 1259 2207 digna
1299 2155 1500 2207 sapiente.
1553 2155 1772 2203 Quaesivit
1807 2155 1857 2194 de
1889 2158 2058 2195 Zenone

287 2216 484 2264 fortasse,
518 2217 620 2270 quid
649 2217 835 2257 futurum
868 2222 998 2263 esset,
1042 2217 1076 2256 si
1107 2230 1183 2256 nec
1215 2218 1427 2270 percipere
1461 2218 1686 2271 quicquam
1718 2222 1862 2269 posset
1893 2218 2058 2270 sapiens

288 2292 366 2319 nec
388 2280 551 2333 opinari
579 2280 777 2333 sapientis
800 2285 922 2319 esset.
961 2279 1059 2327 Ille,
1092 2280 1239 2327 credo,
1271 2280 1376 2320 nihil
1399 2280 1684 2333 opinaturum,
1716 2279 1913 2332 quoniam
1937 2285 2058 2333 esset,

378 2498 407 2528 4.
434 2496 481 2526 illi
505 2492 542 2527 13¹
558 2492 613 2533 Ψ,
640 2498 674 2525 ut
701 2494 851 2526 malebat
870 2496 925 2526 Or.
947 2495 979 2525 iu
1005 2494 1141 2525 adnot:
1167 2495 1230 2524 illis
1254 2496 1278 2525 Α
1294 2494 1331 2525 B2
1345 2492 1422 2524 ΨΟ
1443 2511 1476 2515 -
1504 2493 1652 2532 increpat
1675 2492 1713 2524 Β1
1738 2511 1773 2515 -
1800 2494 1831 2525 ⁶2.
1859 2493 1899 2525 ab
1924 2494 1963 2525 iis
1978 2495 2056 2526 AB:

290 2547 330 2579 ab
354 2547 402 2577 his
424 2546 490 2576 VO
515 2562 549 2566 —
579 2544 688 2575 aiebas
712 2544 852 2576 Laml).:
881 2544 989 2576 aiebat
1014 2545 1057 2583 C,
1085 2544 1215 2575 aiebant
1240 2544 1278 2574 3²
1301 2562 1334 2566 -
1362 2544 1392 2574 3.
1420 2544 1589 2574 Socratem
1616 2544 1640 2574 O
1663 2561 1694 2565 ——
1723 2544 1761 2574 de
1784 2544 1847 2574 illis
1870 2545 1908 2575 Β1
1931 2561 1962 2566 -
1986 2554 2060 2584 pos-

289 2605 399 2628 sumus
423 2595 498 2627 cod.
524 2595 634 2627 Ursini
663 2612 696 2616 —
731 2595 761 2626 4.
790 2595 828 2625 iis
853 2596 897 2625 C:
932 2595 979 2624 his
1004 2595 1028 2625 O
1057 2612 1091 2616 —
1124 2595 1154 2624 5.
1181 2594 1263 2624 seire
1286 2592 1324 2624 A¹
1354 2610 1387 2615 —
1417 2595 1446 2624 7.
1473 2594 1552 2624 haec
1577 2594 1622 2624 C:
1657 2593 1714 2623 hoc
1739 2591 1762 2623 O
1791 2611 1824 2614 —
1852 2593 1882 2624 8.
1909 2594 2060 2625 ironeam

291 2648 329 2679 C¹
359 2664 391 2668 —
419 2646 470 2676 ll.
497 2646 550 2676 sed
574 2646 619 2675 V:
646 2646 700 2675 secl
724 2645 823 2676 etiam
847 2646 911 2676 AB
941 2662 975 2667 —-
1003 2643 1157 2674 imitari?
1182 2653 1260 2674 num
1285 2653 1379 2682 quem
1403 2644 1592 2678 Manutius3
1620 2642 1745 2672 imitari
1770 2643 1929 2673 neminem
1954 2642 2061 2675 male-

290 2696 350 2728 bat
374 2695 518 2730 Davies;
546 2695 658 2734 possis
684 2695 789 2725 etiam
815 2695 940 2725 nultum
965 2692 1029 2733 (vel
1055 2693 1224 2731 neminem)
1251 2702 1425 2733 umquam,
1453 2692 1517 2724 sed
1542 2694 1637 2723 recte
1663 2692 1774 2723 sensit
1792 2693 1950 2723 Davisius
1967 2702 2061 2724 num-

291 2754 390 2785 quam
414 2745 469 2775 hic
493 2744 607 2775 minus
632 2746 752 2785 aptum
777 2744 899 2775 videri.
930 2761 961 2766 —
1003 2746 1101 2783 atque
1123 2744 1147 2774 B
1177 2761 1211 2765 —
1251 2744 1301 2774 42.
1329 2744 1506 2787 Stilponem
1535 2742 1742 2773 Lambinus:
1779 2741 1945 2772 silibonem
1970 2743 1994 2773 C
2023 2760 2058 2764 —-

291 2796 343 2827 43.
369 2798 483 2825 cantor
512 2798 540 2825 et
564 2794 601 2825 Β1
632 2811 663 2817 -—
706 2795 755 2825 45.
783 2795 879 2825 chris.
906 2794 950 2832 V,
981 2802 1066 2831 crys.
1093 2795 1138 2829 A;
1171 2791 1215 2822 ad
1244 2791 1361 2824 locum
1392 2793 1532 2832 respicit
1564 2792 1761 2823 Lactantius
1787 2791 1854 2822 div.
1883 2792 1961 2823 inst.
1989 2792 2058 2830 VII,

290 2846 342 2883 23,
369 2844 400 2876 3.
430 2862 464 2866 -
493 2844 543 2874 47.
571 2846 605 2874 at
629 2844 771 2873 dissolvit
795 2844 940 2875 Davies:
968 2842 1158 2873 addissoluit
1183 2840 1260 2879 BV,
1296 2842 1474 2873 “dissoluit
1499 2843 1523 2872 A
1543 2858 1578 2862 -—
1608 2841 1659 2871 49.
1686 2841 1720 2871 ni
1744 2841 1783 2878 V,
1810 2841 1869 2871 niti
1893 2839 1989 2872 B1—
2012 2841 2063 2872 ui-

290 2895 406 2926 der-etis
428 2902 490 2924 res.
510 2894 536 2924 A
550 2892 589 2930 V,
614 2893 763 2923 videritis
787 2903 848 2924 res.
876 2894 911 2924 B¹
934 2910 967 2914 —
993 2892 1128 2930 cyrenei
1144 2892 1186 2926 Α,
1214 2891 1343 2929 cyrenei
1367 2892 1390 2922 B
1407 2891 1445 2927 V,
1473 2890 1633 2928 Cyrenaei
1650 2890 1693 2927 O.
1721 2890 1814 2930 quod
1839 2890 1913 2931 ipse
1939 2892 2060 2931 postea

292 2942 501 2984 improbavit
532 2943 564 2973 in
594 2943 815 2974 Onomastico
845 2951 873 2974 s.
900 2951 932 2973 v.
959 2951 993 2982 p.
1020 2941 1095 2972 υ207.
1125 2958 1159 2962 -
1191 2941 1346 2971 uidentur
1375 2940 1506 2970 minime
1532 2940 1576 2970 C:
1607 2940 1800 2970 videnturne
1829 2940 1885 2970 tibi
1915 2939 2059 2975 Lamb.;

292 2992 402 3032 Quid?
431 2992 603 3031 Cyrenaici
630 2992 782 3022 videntur
804 2992 937 3022 minime
960 2990 1183 3021 contemnendi
1204 2990 1384 3030 philosophi
1409 2991 1552 3026 Dax'Ieffi
1583 2990 1734 3020 ridentur
1757 2991 1782 3021 Ο
1808 2999 1888 3021 cum
1914 2992 2061 3021 Grutero

292 3042 431 3075 delevit.
469 3042 575 3073 Nobis
599 3041 724 3079 verba,
752 3050 840 3082 quae
867 3040 1086 3075 inclusimus,
1113 3039 1228 3079 potius
1253 3038 1427 3078 glossema
1449 3039 1628 3070 videntur:
1656 3047 1736 3069 nam
1763 3048 1831 3072 non
1857 3042 1930 3072 sino
1955 3048 2061 3072 causa

294 3092 413 3125 Lami),
441 3093 473 3123 in
498 3100 574 3122 voc.
595 3092 650 3130 qui
675 3100 814 3131 quoque
842 3090 1001 3127 offendit,
1029 3089 1127 3120 cuius
1153 3087 1227 3118 loco
1253 3088 1373 3120 maluit
1395 3090 1425 3119 ln·
1447 3108 1480 3111 —
1501 3090 1552 3120 22.
1574 3089 1718 3119 (lotorem
1743 3093 1770 3119 et
1796 3090 1855 3120 rol.
1878 3091 1903 3121 G
1923 3107 1956 3112 —
1985 3090 2063 3128 quid

292 3145 318 3174 A
344 3151 419 3182 sup.
447 3141 505 3172 lin.
532 3150 578 3172 m.
605 3142 636 3171 2.
666 3158 699 3162 —
738 3150 849 3171 somno
874 3142 897 3171 B
932 3158 965 3162 —
1006 3140 1058 3171 ¹23.
1085 3147 1116 3169 se
1140 3141 1267 3168 tantum
1291 3139 1348 3173 A'.
1383 3140 1436 3169 sed
1467 3142 1573 3169 tamen
1599 3140 1622 3169 B
1658 3155 1692 3160 —
1733 3141 1850 3170 sentire
1874 3148 1943 3171 om.
1972 3140 1997 3169 G
2024 3157 2058 3160 —

291 3193 344 3224 26.
372 3192 500 3231 quidem
525 3192 568 3221 C:
601 3200 727 3229 quoque
751 3191 871 3222 Lami».
901 3193 931 3221 et
958 3189 1011 3221 alii
1047 3206 1081 3212 —-
1116 3190 1167 3221 ΞΤ.
1193 3190 1371 3220 arcessilun
1396 3190 1420 3220 B
1450 3207 1483 3212 —
1516 3188 1723 3219 obtractandi
1746 3189 1775 3218 V
1801 3207 1835 3212 —-
1869 3198 1947 3220 zeno
1971 3189 1995 3219 B
2025 3206 2059 3210 —

292 3242 346 3272 ⁶28.
372 3249 531 3280 umquam
554 3240 607 3271 A‘ss:
638 3241 775 3281 inquam
800 3242 823 3271 t]
840 3241 864 3271 0
886 3257 919 3262 -
950 3242 1000 3271 29.
1026 3242 1225 3280 ‹ar-posucrat
1246 3240 1335 3270 coni.
1355 3238 1480 3270 Davies
1497 3255 1539 3260 —-
1563 3239 1700 3270 disserat
1723 3239 1760 3270 Β1
1780 3256 1814 3261 —
1844 3239 1896 3270 31.
1923 3237 2063 3278 sapienti

295 3292 358 3323 AB
387 3308 420 3313 ——
448 3290 499 3322 32.
522 3299 616 3330 posse
641 3287 675 3321 Βι
703 3306 738 3312 -
766 3289 818 3321 33.
844 3290 1058 3329 opinaturum
1082 3289 1138 3321 ed.
1165 3290 1329 3321 Ascens.:
1360 3289 1517 3329 opinatur
1541 3289 1578 3319 C.
