2249 3624
387 187 471 229 386
991 186 1062 226 DE
1093 186 1319 226 DEORUM
1348 186 1565 226 NATURA

386 299 620 349 posteaque
651 289 916 339 Theodorus,
947 305 1088 331 nonne
1121 296 1264 344 aperte
1296 291 1469 331 deorum
1500 297 1690 332 naturam
1722 293 2016 334 sustulerunt?
2054 296 2158 336 Nam

385 356 605 396 Abderites
638 354 807 408 quidem
835 354 1102 407 Protagoras,
1134 354 1249 393 cuius
1271 367 1293 393 a
1315 359 1355 393 te
1380 353 1504 394 modo
1527 355 1682 395 mentio
1704 355 1814 395 facta
1835 361 1917 403 est,
1948 357 2158 410 sophistes

385 417 648 471 temporibus
679 415 762 455 illis
793 416 857 454 vel
890 416 1116 462 maximus,
1158 430 1252 455 cum
1284 417 1326 455 in
1363 416 1573 469 principio
1606 417 1701 457 libri
1733 418 1791 458 sic
1825 419 2056 471 posuisset,
2087 421 2158 460 De

385 480 521 520 divis
562 491 736 531 neque
773 483 825 518 ut
865 478 970 517 sint
1008 491 1176 531 neque
1215 483 1406 518 utnon
1445 479 1557 518 sint
1586 479 1754 520 babeo
1788 479 1999 529 dicere,
2031 481 2160 522 Athe-

349 542 590 582 sniensium
627 541 743 580 iussu
782 540 886 579 urbe
927 545 1053 593 atque
1085 553 1185 592 agro
1217 545 1278 580 est
1309 541 1613 581 exterminatus
1654 542 1834 596 librique
1865 543 1954 584 eius
1986 544 2030 583 in
2061 557 2160 584 con-

381 605 495 644 tione
526 603 731 643 conbusti.
781 603 843 641 Ex
875 615 957 655 quo
990 602 1187 654 equidem
1219 603 1416 642 existimo
1449 603 1655 644 tardiores
1687 605 1739 645 ad
1771 606 1876 645 hanc
1907 606 2157 647 sententiam

379 664 653 720 profitendam
686 664 839 704 multos
872 678 964 703 esse
995 663 1148 709 factos,
1179 664 1338 717 quippe
1360 679 1453 704 cum
1477 679 1655 718 poenam
1677 681 1730 707 ne
1755 666 1958 708 dubitatio
1981 668 2151 722 quidem

379 730 562 783 effugere
581 727 803 782 potuisset.
837 726 950 774 Quid
969 725 1020 766 de
1044 726 1271 779 sacrilegis,
1295 727 1397 779 quid
1421 727 1472 767 de
1495 729 1635 781 impiis
1656 730 1921 784 periurisque
1940 730 2158 770 dicemus?

1197 789 1428 830 Tubulus
1459 790 1501 830 si
1535 792 1728 832 Lucius
1759 806 2028 846 umquam,

328 867 363 895 ιο
659 852 710 892 Si
742 852 922 905 Lupus
953 856 1039 891 aut
1072 851 1261 898 Carbo,
1297 852 1524 905 Neptuni
1554 853 1734 902 filius,

376 921 423 957 ut
451 917 508 956 ait
537 915 740 962 Lucilius,
772 919 962 968 putasset
993 927 1084 954 esse
1107 914 1227 961 deos,
1259 919 1342 954 tam
1370 916 1562 968 periurus
1585 923 1656 956 aut
1678 922 1758 956 tam
1782 917 1959 970 inpurus
1979 916 2156 957 fuisset?

378 976 444 1018 64.
475 979 569 1017 Non
600 982 664 1017 est
693 977 821 1031 igitur
851 982 935 1017 tam
968 977 1186 1029 explorata
1217 977 1297 1016 ista
1327 978 1435 1018 ratio
1468 978 1518 1017 ad
1563 978 1624 1025 id,
1668 979 1784 1032 quod
1823 980 1971 1026 vultis,
2008 976 2158 1019 confir-

375 1040 596 1087 mandum,
639 1053 765 1093 quam
798 1040 975 1079 videtur.
1024 1039 1106 1079 Sed
1140 1039 1239 1093 quia
1270 1053 1490 1079 commune
1521 1040 1602 1080 hoc
1635 1046 1698 1080 est
1728 1046 2021 1093 argumentum
2051 1040 2157 1081 alio-

374 1117 465 1143 rum
489 1103 614 1143 etiam
636 1101 1007 1155 philosophorum,
1040 1104 1225 1142 omittam
1246 1101 1328 1141 hoc
1349 1107 1562 1154 tempore:
1594 1102 1645 1142 ad
1669 1109 1807 1143 vestra
1829 1103 1995 1156 propria
2014 1102 2156 1143 venire

324 1178 360 1206 45
375 1166 498 1207 malo.

487 1226 554 1267 65.
588 1227 782 1268 Concedo
815 1241 907 1267 esse
939 1228 1062 1273 deos;
1096 1227 1198 1267 doce
1228 1240 1293 1266 me
1327 1226 1472 1279 igitur,
1502 1226 1616 1267 unde
1638 1228 1742 1275 sint,
1775 1229 1847 1268 ubi
1871 1229 1976 1277 sint,
2009 1228 2156 1282 quales

375 1292 459 1332 sint
490 1304 685 1344 corpore,
718 1290 872 1337 animo,
906 1290 1013 1337 vita3
1046 1289 1149 1329 haec
1181 1290 1293 1329 enim
1326 1290 1431 1329 scire
1466 1289 1674 1330 desidero.
1720 1291 1912 1331 Abuteris
1940 1290 1992 1331 ad
2015 1291 2157 1331 omnia

373 1360 608 1394 atomorum
640 1366 770 1406 regno
803 1358 844 1393 et
874 1353 1062 1398 licentia;
1094 1352 1211 1399 hinc,
1246 1352 1546 1406 quodcumque
1578 1354 1620 1392 in
1647 1353 1781 1393 solum
1805 1354 1939 1401 venit,
1970 1358 2018 1394 ut
2046 1353 2152 1394 dici-

372 1422 459 1464 tur,
492 1414 656 1469 effingis
686 1422 813 1469 atque
845 1414 992 1455 efficis.
1041 1415 1157 1462 Quae
1190 1415 1369 1467 primum
1400 1415 1542 1454 nullae
1575 1421 1697 1464 sunt3
1732 1416 1837 1455 nihil
1876 1421 1939 1456 est
1965 1417 2076 1456 enim
2102 1414 2156 1437 ἦ*

322 1492 360 1522 20
374 1479 490 1534 quod
520 1484 637 1519 vacet
668 1492 865 1531 corpore:
910 1477 1154 1530 corporibus
1187 1484 1323 1517 autem
1356 1479 1492 1517 omnis
1527 1479 1744 1518 obsidetur
1783 1479 1923 1527 locus3
1967 1480 2025 1519 ita
2062 1479 2156 1519 nul-

372 1542 460 1582 lum
490 1543 632 1588 inane,
664 1539 766 1581 nihil
797 1554 888 1580 esse
920 1539 1182 1579 individuum
1206 1546 1356 1592 potest.
1411 1541 1561 1579 XXIV.
1584 1539 1651 1581 66.
1683 1542 1797 1582 Haec
1818 1555 1894 1595 ego
1916 1555 2028 1581 nunc
2049 1541 2156 1595 phy-

373 1606 555 1645 sicorum
597 1603 766 1644 oracula
805 1602 958 1650 fundo,
1002 1616 1099 1642 vera
1138 1616 1190 1642 an
1220 1602 1327 1642 falsa
1356 1603 1519 1650 nescio,
1552 1604 1624 1643 sed
1657 1605 1746 1644 veri
1777 1610 1919 1644 tamen
1950 1603 2153 1644 similiora

373 1681 499 1722 quam
530 1673 682 1707 vestra.
735 1667 819 1705 Ista
850 1665 961 1705 enim
993 1665 1149 1718 flagitia
1175 1666 1405 1705 Democriti
1429 1666 1515 1705 sive
1538 1667 1661 1706 etiam
1684 1673 1780 1707 ante
1803 1668 2026 1721 Leucippi,
2059 1680 2152 1707 esse

373 1729 621 1784 corpuscula
653 1728 858 1782 quaedam
892 1728 1020 1775 levia,
1053 1728 1135 1767 alia
1167 1741 1335 1781 aspera,
1375 1729 1559 1768 rutunda
1590 1729 1693 1776 alia,
1725 1730 1876 1783 partim
1908 1736 2048 1770 autem
2079 1741 2153 1769 an-

320 1806 358 1835 25
372 1793 533 1847 gulata,
573 1791 740 1831 hamata
772 1791 978 1845 quaedam
1012 1795 1051 1830 et
1082 1791 1203 1844 quasi
1235 1791 1418 1838 adunca,
1459 1805 1511 1831 ex
1541 1791 1606 1831 his
1639 1793 1831 1832 effectum
1865 1805 1957 1833 esse
1989 1790 2151 1832 caelum

371 1862 497 1909 atque
528 1860 679 1894 terram
711 1854 828 1894 nulla
860 1858 1034 1905 cogente
1066 1860 1236 1901 natura,
1269 1853 1342 1893 sed
1376 1867 1583 1893 concursu
1608 1855 1790 1907 quodam
1821 1854 2011 1902 fortuito,
2043 1855 2151 1894 hanc

371 1923 416 1958 tu
448 1917 709 1970 opinionem,
744 1917 785 1957 C.
820 1917 972 1962 Vellei,
1008 1929 1139 1969 usque
1171 1916 1224 1955 ad
1254 1916 1361 1956 hanc
1392 1921 1570 1956 aetatem
1595 1917 1856 1969 perduxisti,
1887 1918 2091 1971 priusque
2111 1922 2152 1957 te

372 1981 468 2034 quis
500 1979 551 2020 de
584 1980 696 2019 omni
728 1980 837 2019 vitae
869 1984 977 2018 statu
1012 1992 1138 2032 quam
1170 1978 1222 2018 de
1253 1979 1333 2017 ista
1365 1979 1613 2018 auctoritate
1645 1979 1855 2019 deiecerit.
1900 1981 2008 2019 Ante
2039 1979 2151 2019 enim

370 2040 563 2082 iudicasti
604 2042 859 2095 Epicureum
902 2046 940 2080 te
973 2055 1064 2081 esse
1097 2046 1289 2093 oportere
1322 2054 1447 2093 quam
1479 2041 1556 2079 ista
1589 2042 1834 2094 cognovisti.
1886 2043 1946 2082 lta
1976 2054 2150 2082 necesse

321 2119 358 2148 30
371 2104 449 2145 fuit
479 2110 552 2145 aut
581 2106 681 2144 haec
713 2104 866 2157 flagitia
899 2103 1123 2156 concipere
1155 2105 1295 2143 animo
1328 2109 1400 2142 aut
1431 2110 1650 2156 susceptae
1677 2104 1972 2157 philosophiae
1994 2117 2147 2144 nomen

371 2168 577 2208 amittere.
637 2164 704 2206 67.
739 2166 850 2214 Quid
884 2167 994 2206 enim
1016 2180 1197 2213 mereas,
1228 2172 1275 2206 ut
1295 2166 1527 2218 Epicureus
1551 2180 1642 2205 esse
1665 2166 1862 2206 desinas?
1895 2167 2008 2206 Nihil
2029 2166 2150 2220 equi-

371 2230 485 2279 dem,
517 2230 681 2283 inquis,
713 2235 759 2269 ut
790 2230 994 2269 rationem
1027 2230 1136 2268 vitae
1167 2229 1314 2268 beatae
1337 2229 1641 2282 veritatemque
1665 2228 1869 2268 deseram.
1917 2229 2000 2268 Ista
2021 2229 2149 2282 igitur

460 2417 490 2448 4.
512 2418 628 2455 postea
653 2423 736 2454 quae
753 2414 926 2445 theodorus
950 2422 1041 2445 corr.
1063 2415 1095 2445 in
1116 2418 1230 2453 postea
1249 2414 1328 2453 quid
1352 2414 1526 2444 theodorus
1550 2414 1591 2444 B:
1615 2417 1797 2453 posteaque
1821 2414 1901 2453 quid
1923 2415 2098 2446 theodorus
2121 2414 2146 2446 E

373 2485 408 2490 —
435 2475 496 2507 que
525 2467 559 2497 in
590 2473 712 2497 rasura
737 2467 763 2495 Α
791 2482 825 2485 -
863 2474 970 2495 ‘nonne
1000 2469 1112 2504 aperle
1146 2473 1235 2495 corr.
1265 2464 1343 2495 ead.
1372 2472 1418 2494 m.
1447 2473 1489 2494 ex
1521 2472 1583 2494 non
1609 2473 1648 2494 ea
1669 2468 1769 2503 pat-lc
1794 2464 1836 2499 B;
1875 2475 1984 2497 nonne
2007 2475 2029 2497 a
2049 2468 2148 2506 parte

367 2517 457 2552 AC3
483 2524 566 2546 none
589 2517 702 2554 aperte
725 2516 749 2546 E
778 2531 811 2536 —
839 2514 870 2544 2.
897 2516 1002 2554 sofisle
1027 2516 1050 2545 P
1074 2531 1116 2536 ——
1140 2514 1171 2545 3.
1199 2514 1274 2545 libri
1298 2514 1362 2545 AB
1380 2514 1403 2544 C
1422 2514 1461 2544 P:
1489 2514 1539 2544 sui
1564 2513 1638 2543 libri
1666 2514 1712 2549 E:
1740 2513 1815 2545 libri
1839 2516 1890 2546 sui
1916 2515 1939 2546 O
1959 2532 1994 2537 —
2022 2515 2052 2546 6.
2072 2518 2147 2547 tar-

366 2566 468 2598 dioris
491 2565 606 2597 A¹CP
634 2581 669 2585 —
702 2564 733 2595 8.
760 2563 849 2593 inter
869 2564 1027 2602 potuisset
1051 2566 1085 2595 et
1109 2565 1187 2603 quid
1210 2572 1390 2604 superscr.
1414 2565 1466 2594 est
1491 2564 1554 2594 Sed
1580 2564 1610 2594 in
1637 2564 1661 2594 B
1680 2581 1722 2586 --
1747 2563 1778 2594 9.
1807 2565 1888 2595 ante
1915 2564 2046 2596 tubulus
2068 2574 2142 2597 sec.

368 2626 415 2648 m.
443 2616 523 2647 add.
551 2616 586 2647 Si
617 2616 649 2646 in
680 2616 706 2646 A
745 2633 777 2636 —
818 2615 869 2645 40.
896 2614 992 2653 lupus
1021 2619 1057 2645 ut
1087 2615 1187 2646 carbo
1213 2615 1236 2645 C
1273 2631 1307 2635 ——
1347 2614 1489 2653 Neptuni
1514 2614 1580 2645 Ios.
1609 2612 1781 2653 Scaliger:
1809 2617 1868 2644 aut
1892 2615 2027 2653 neptuni
2051 2612 2081 2647 91
2106 2632 2142 2637 -

368 2667 420 2698 43.
447 2671 491 2698 est
514 2667 573 2696 hoc
597 2666 621 2696 Ο
649 2683 683 2687 -
712 2664 763 2696 44».
789 2665 924 2696 emitum
950 2666 973 2696 C
999 2683 1042 2687 -
1065 2669 1178 2696 uestra
1202 2666 1281 2695 ante
1310 2672 1378 2695 ras.
1398 2666 1424 2694 A
1447 2681 1489 2685 —
1514 2664 1565 2694 46.
1593 2664 1686 2694 doces
1711 2666 1733 2694 Α
1750 2664 1773 2694 Β
1789 2664 1812 2694 C
1830 2664 1853 2694 E
1871 2682 1914 2687 -—
1938 2664 2046 2703 qualis
2063 2665 2086 2695 P
2106 2681 2141 2686 —-

367 2717 420 2748 47.
448 2716 605 2747 desiderio
637 2717 659 2746 P
695 2733 729 2736 —
765 2714 817 2744 49.
845 2723 931 2752 quae
962 2715 994 2745 in
1027 2724 1095 2746 ras.
1124 2724 1169 2745 in.
1197 2723 1268 2745 sec.
1297 2716 1323 2745 A
1350 2730 1384 2735 —
1419 2714 1504 2744 enim
1529 2717 1573 2743 est
1600 2713 1623 2744 C
1652 2730 1687 2735 —
1717 2713 1816 2743 Hunc
1841 2712 1957 2744 locum
1983 2712 2142 2745 mutilum

366 2774 444 2798 esse
470 2766 603 2806 primus
621 2764 706 2795 vidit
732 2763 939 2803 Lambinus,
967 2765 1024 2804 qui
1051 2773 1132 2795 eun]
1160 2765 1201 2794 ila
1222 2762 1413 2803 supplevit:
1443 2771 1528 2800 quae
1541 2763 1689 2801 primum
1707 2763 1816 2794 nullae
1832 2765 1929 2800 sunt;
1954 2763 2035 2793 nihil
2057 2764 2142 2794 enim

365 2820 410 2847 est
434 2816 624 2846 minimum:
650 2815 763 2845 deinde
787 2824 848 2844 mn
876 2818 919 2845 est
945 2815 1062 2845 inane:
1089 2814 1167 2844 nihil
1190 2814 1276 2845 enim
1300 2816 1363 2850 esst«,
1391 2814 1478 2850 quod
1500 2815 1593 2843 racel
1618 2821 1764 2850 corpore.
1793 2812 2060 2845 Schoemannus
2078 2821 2141 2843 au-

363 2867 436 2897 tem
462 2864 552 2903 (coll,
572 2864 678 2895 Acad.
699 2866 788 2904 post.
808 2866 820 2895 Ι
846 2864 863 2903 g
890 2864 940 2903 27)
966 2865 1055 2895 haec
1080 2865 1152 2895 sere
1179 2873 1196 2894 a
1216 2864 1385 2894 Cicerone
1405 2863 1533 2902 scripta
1554 2862 1660 2893 fuisse
1679 2863 1858 2902 opinatur:
1887 2871 1975 2902 quae
1994 2862 2140 2902 primum

362 2916 474 2946 nullae
495 2917 588 2951 sunt;
613 2914 694 2944 nihil
717 2917 763 2945 est
785 2915 870 2945 enim
892 2915 929 2945 in
952 2923 1065 2945 rerum
1084 2918 1208 2945 natura
1224 2913 1408 2949 minimum,
1435 2912 1522 2951 qaod
1539 2912 1641 2942 dividi
1666 2915 1803 2950 nequeat
1816 2919 1827 2948 ,⁴
1852 2912 1978 2950 deinde,
2003 2913 2038 2941 ut
2059 2911 2135 2948 sint,

362 2965 487 2996 ‘moveri
514 2973 576 3003 per
599 2964 698 2995 inane
720 2974 785 2994 ozon
808 2967 960 3002 possunt,
987 2965 1147 3002 siquidem
1172 2964 1203 2994 id
1228 2963 1308 2993 dicis
1333 2963 1448 3000 inane,
1476 2962 1562 3000 quod
1586 2964 1677 2992 vacet
1701 2969 1852 3000 corpore.
1881 2979 1915 2982 —
1942 2960 1996 2990 22.
2023 2959 2138 2990 oracla

362 3016 386 3048 B
403 3016 426 3047 C
442 3016 467 3047 E
482 3016 504 3046 P
531 3031 566 3035 —
593 3015 646 3044 sed
669 3014 741 3044 ueri
764 3014 868 3044 simile
891 3016 1000 3044 tamen.
1023 3014 1186 3044 similiora
1211 3014 1246 3043 B¹
1262 3013 1308 3049 E;
1343 3013 1396 3043 sed
1420 3012 1492 3042 ueri
1516 3012 1621 3042 simile
1653 3014 1762 3041 tamen
1786 3011 1812 3041 si
1836 3010 1975 3041 meliora
2000 3008 2049 3046 C;
2082 3008 2138 3040 sed

361 3066 434 3097 ueri
457 3064 555 3095 simili
577 3067 687 3094 tamen
703 3064 864 3094 similiora
881 3063 920 3094 B2
934 3065 955 3094 P
978 3081 1010 3086 —
1030 3062 1082 3094 94.
1103 3064 1249 3093 νιιίαιι(1α
1268 3064 1306 3093 P:
1335 3063 1498 3093 rulunde'a.
1517 3064 1558 3098 Α;
1589 3062 1734 3092 rotunda
1757 3061 1781 3091 B
1798 3061 1820 3090 C
1837 3060 1862 3090 E
1877 3059 1913 3090 O.
1942 3057 1991 3090 Cf.
2010 3066 2044 3098 p.
2059 3057 2134 3096 22⁴,

362 3116 414 3147 49.
442 3132 477 3137 -
504 3115 557 3145 25.
584 3114 719 3144 hamata
744 3113 790 3144 E:
815 3114 976 3153 firamala
995 3114 1041 3149 A;
1067 3112 1237 3152 foramala
1255 3114 1300 3150 C;
1325 3114 1460 3153 firmata
1479 3113 1519 3142 P:
1546 3115 1690 3142 curuala
1707 3111 1731 3141 B
1747 3111 1783 3141 Ο.
1811 3108 1991 3150 (anqulaca
2012 3108 2133 3147 forma,

360 3165 500 3196 hamata
531 3163 667 3202 Madxig
699 3163 741 3193 ad
769 3163 839 3194 Cic.
866 3163 909 3194 de
944 3163 1037 3194 Finn.
1065 3171 1096 3203 p.
1126 3163 1212 3201 415.)
1240 3162 1312 3193 Cic.
1338 3162 1445 3194 Acad.
1473 3162 1501 3193 11
1525 3162 1543 3201 g
1571 3162 1650 3193 4³21:
1686 3161 1777 3191 docet
1800 3161 1913 3191 omnia
1935 3159 2050 3199 effecta
2072 3165 2136 3189 esse

359 3218 505 3252 natura,
537 3222 611 3250 nec,
644 3216 679 3243 ut
702 3213 766 3249 ille,
802 3214 857 3252 qui
881 3214 1008 3252 asperis
1031 3216 1059 3244 ct
1090 3212 1212 3243 levibus
1239 3216 1268 3243 ec
1299 3213 1480 3243 hamulis
1511 3212 1740 3251 ιιηοὶιιαίὶεᾳαθ
1765 3209 1959 3249 corporibus
1981 3210 2134 3240 concreta

358 3264 438 3296 haec
462 3271 526 3295 esse
549 3263 638 3293 dicat
661 3262 827 3293 interiecto
854 3263 956 3293 inani.
985 3261 1035 3293 Cf.
1064 3262 1218 3293 Lactant.
1240 3262 1295 3298 ΙΙΙ,
1315 3262 1366 3292 47.
1388 3278 1422 3283 —
1451 3269 1493 3292 ea:
1517 3261 1556 3291 iis
1580 3262 1605 3292 A
1621 3261 1644 3291 B
1661 3261 1685 3291 C
1701 3262 1724 3291 P
1751 3276 1785 3281 —
1813 3259 1866 3290 27.
1892 3258 2091 3298 uelteiusque
2106 3255 2131 3288 C

362 3329 398 3336 -
421 3311 582 3352 perduaeti
605 3312 644 3343 13¹
671 3329 705 3334 ——
732 3311 785 3343 30.
809 3313 873 3353 fuit
896 3314 940 3344 ad
962 3313 1041 3344 haec
1066 3312 1090 3344 C
1118 3329 1154 3334 —-
1180 3311 1233 3343 34.
1260 3319 1391 3343 merear
1415 3312 1439 3343 C
1469 3329 1503 3334 —
1529 3311 1682 3350 epicurus
1707 3311 1753 3350 (in
1776 3309 1914 3347 rasura)
1939 3309 1976 3340 B.
