2249 3624
201 173 282 215 636
974 173 1200 213 LAELIUS

200 288 285 322 tum
319 281 496 327 elevare,
528 285 613 319 tum
644 278 752 319 ferre
785 278 985 331 sapientis
1017 284 1089 318 est.
1140 278 1229 318 Una
1259 279 1328 318 illa
1362 279 1580 319 subeunda
1611 285 1674 319 est
1705 279 1970 328 offensio,·ut

202 350 242 384 et
272 344 430 383 utilitas
471 344 512 382 in
553 342 736 381 amicitia
777 348 817 380 et
855 339 956 380 fides
988 343 1246 388 retineatur;
1294 355 1387 381 nam
1422 348 1462 381 et
1493 342 1690 382 monendi
1721 343 1842 383 amici
1872 348 1969 384 sunt

201 421 326 460 saepe
368 412 407 445 et
448 405 722 457 obiurgandi,
768 410 809 443 et
847 404 952 444 haec
992 404 1237 457 accipienda
1274 405 1429 453 amice,
1473 419 1565 445 cum
1605 405 1810 445 benevole
1850 405 1969 445 fiunt.

200 467 268 508 89.
309 468 388 508 Sed
426 467 568 507 nescio
606 480 690 519 quo
729 465 852 506 modo
890 480 1032 507 verum
1072 472 1158 514 est,
1200 466 1314 520 quod
1348 468 1391 507 in
1422 467 1577 507 Andria
1606 467 1821 508 familiaris
1853 481 1969 508 meus

168 531 325 573 5dicit:

370 586 696 640 Obsequium
737 586 949 632 amicos,
998 586 1204 626 veritas
1246 586 1419 627 odium
1461 587 1618 641 parit.

197 656 374 697 Molesta
411 655 586 700 veritas,
628 655 662 694 si
705 654 874 708 quidem
915 667 967 693 ex
1010 667 1058 694 ea
1098 656 1283 695 nascitur
1321 655 1486 703 odium,
1525 655 1637 709 quod
1670 661 1732 696 est
1762 669 1970 696 venenum

198 718 417 764 amicitiae,
451 716 523 756 sed
556 717 807 770 obsequium
840 716 972 756 multo
1004 717 1243 764 molestius,
1267 717 1381 771 quod
1404 718 1584 770 peccatis
1607 717 1830 770 indulgens
1854 731 1972 771 prae-

199 781 366 833 cipitem
399 780 573 819 amicum
606 779 703 819 ferri
737 779 849 819 sinit.
900 780 1083 818 Maxima
1114 786 1252 819 autem
1285 781 1406 833 culpa
1436 781 1479 819 in
1503 794 1571 828 eo,
1595 780 1668 833 qui
1692 786 1732 820 et
1754 781 1970 820 veritatem

148 847 446 894 aoaspernatur
485 848 525 881 et
562 842 604 881 in
642 841 831 881 fraudem
873 842 1077 895 obsequio
1114 842 1341 894 inpellitur.
1414 842 1537 882 Omni
1574 843 1701 895 igitur
1738 843 1816 882 hac
1853 843 1897 882 in
1927 856 1972 883 re

196 903 390 944 habenda
431 905 537 943 ratio
579 910 619 944 et
651 904 870 957 diligentia
903 910 985 952 est,
1031 905 1212 957 primum
1244 911 1290 944 ut
1321 906 1494 944 monitio
1526 905 1774 953 acerbitate,
1817 905 1972 945 deinde

197 972 242 1005 ut
272 965 506 1019 obiurgatio
540 968 793 1007 contumelia
825 974 975 1006 careat.
1037 969 1083 1006 ln
1124 968 1329 1021 obsequio
1373 974 1537 1016 autem,
1580 969 1778 1020 quoniam
1816 970 1973 1008 Teren-

196 1030 310 1069 tiano
344 1030 468 1069 verbo
500 1030 694 1070 lubenter
727 1031 903 1078 utimur,
927 1030 1100 1070 comitas
1122 1031 1251 1077 adsit,
1274 1030 1529 1077 adsentatio,
1556 1031 1751 1070 vitiorum
1773 1031 1972 1078 adiutrix,

197 1092 343 1145 procul
375 1099 636 1136 amoveatur,
683 1107 790 1147 quae
822 1107 907 1133 non
940 1093 1063 1133 modo
1095 1093 1253 1140 amico,
1294 1093 1367 1131 sed
1399 1106 1450 1131 ne
1482 1093 1612 1133 libero
1645 1093 1814 1146 quidem
1846 1092 1973 1146 digna

147 1161 288 1203 mesu
323 1155 445 1195 aliter
476 1157 585 1196 enim
619 1171 712 1196 cum
744 1164 935 1210 tyranno,
967 1157 1089 1196 aliter
1121 1170 1214 1195 cum
1247 1156 1380 1194 amico
1415 1156 1579 1197 vivitur.
1639 1154 1705 1195 90.
1741 1155 1868 1195 Cuius
1900 1168 1972 1195 au-

196 1224 278 1258 tem
319 1231 441 1257 aures
483 1218 646 1259 clausae
688 1220 850 1259 veritati
894 1226 1011 1266 sunt,
1057 1225 1102 1258 ut
1142 1218 1193 1258 ab
1232 1219 1365 1258 amico
1407 1231 1554 1258 verum
1592 1218 1738 1258 audire
1770 1223 1971 1272 nequeat,

195 1280 319 1320 huius
358 1280 471 1320 salus
511 1281 773 1333 desperanda
806 1288 879 1321 est.
943 1282 1101 1321 Scitum
1134 1287 1196 1320 est
1227 1281 1336 1321 enim
1371 1281 1476 1320 illud
1511 1281 1704 1328 Catonis,
1744 1286 1788 1320 ut
1820 1279 1971 1320 multa:

197 1343 344 1383 melius
387 1344 438 1382 de
476 1344 728 1397 quibusdam
766 1345 941 1384 acerbos
972 1346 1166 1384 inimicos
1198 1343 1370 1389 mereri,
1413 1356 1536 1396 quam
1570 1356 1642 1383 eos
1673 1344 1855 1390 amicos,
1899 1342 1971 1395 qui

196 1408 339 1447 dulces
371 1408 611 1448 videantur:
644 1409 739 1448 illos
771 1422 913 1448 verum
947 1422 1071 1460 saepe
1105 1408 1265 1454 dicere,
1297 1406 1374 1445 bos
1407 1419 1648 1459 numquam.
1699 1407 1838 1458 Atque
1867 1404 1973 1444 illud

144 1483 181 1512 ρο
195 1469 437 1516 absurdum,
470 1471 582 1524 quod
614 1471 657 1518 ii,
691 1472 763 1524 qui
796 1477 1033 1517 monentur,
1067 1484 1156 1509 eam
1190 1469 1440 1515 molestiam,
1474 1483 1601 1522 quam
1633 1469 1787 1508 debent
1808 1481 1971 1521 capere,

193 1545 277 1572 non
310 1534 502 1584 capiunt,
541 1546 631 1573 eam
665 1535 855 1586 capiunt,
897 1547 979 1586 qua
1018 1533 1171 1573 debent
1209 1546 1367 1572 vacare.
1437 1534 1638 1572 Peccasse
1671 1530 1780 1571 enim
1813 1544 1856 1570 se
1888 1544 1972 1570 non

194 1601 424 1646 anguntur,
448 1596 659 1648 obiurgari
684 1596 859 1636 moleste
880 1595 1040 1636 ferunt:
1075 1595 1187 1649 quod
1210 1602 1353 1635 contra
1375 1596 1616 1649 oportebat,
1640 1594 1792 1634 delicto
1817 1592 1972 1640 dolere,

197 1658 455 1697 correctione
488 1659 683 1711 gaudere.

312 1721 443 1760 XXV.
482 1719 547 1760 91.
590 1722 639 1760 Ut
671 1722 796 1774 igitur
827 1726 866 1761 et
898 1735 1068 1761 monere
1100 1727 1141 1761 et
1173 1722 1330 1761 moneri
1369 1722 1587 1775 proprium
1621 1727 1684 1761 est
1714 1734 1837 1760 verae
1869 1719 1971 1759 ami-

144 1796 181 1825 25
198 1784 318 1822 citiae
361 1789 400 1822 et
437 1785 611 1823 alterum
652 1785 782 1824 libere
814 1784 967 1832 facere,
1000 1798 1082 1823 non
1114 1797 1283 1837 aspere,
1316 1785 1493 1823 alterum
1528 1784 1736 1835 patienter
1767 1783 1971 1834 accipere,

197 1859 280 1885 non
328 1853 637 1898 repugnanter,
683 1848 741 1886 sic
781 1847 1020 1886 habendum
1063 1854 1126 1885 est
1167 1847 1326 1886 nullam
1365 1847 1406 1885 in
1447 1847 1640 1886 amicitiis
1681 1853 1841 1899 pestem
1880 1856 1971 1884 esse

197 1909 396 1947 maiorem
430 1923 556 1962 quam
588 1910 891 1955 adulationem,
933 1909 1198 1955 blanditiam,
1233 1909 1590 1949 adsentationem:
1636 1908 1827 1962 quamvis
1859 1907 1970 1947 enim

199 1972 340 2010 multis
372 1973 612 2011 nominibus
645 1979 708 2011 est
739 1972 817 2011 hoc
851 1973 996 2012 vitium
1030 1972 1260 2010 notandum
1295 1972 1449 2010 levium
1482 1972 1696 2011 bominum
1737 1976 1863 2023 atque
1895 1969 1972 2008 fal-

198 2035 368 2080 lacium,
402 2034 452 2073 ad
486 2034 742 2073 voluntatem
778 2035 1042 2087 loquentium
1076 2035 1234 2081 omnia,
1267 2034 1371 2073 nihil
1405 2035 1455 2074 ad
1488 2035 1719 2074 veritatem.
1769 2031 1835 2072 9¹¹2.
1870 2032 1971 2072 Cum

145 2107 182 2137 30
198 2104 336 2137 autem
370 2098 554 2136 omnium
588 2111 724 2136 rerum
758 2098 969 2136 simulatio
1001 2098 1149 2137 vitiosa
1182 2103 1244 2136 est
1281 2120 1334 2126 —
1373 2098 1481 2137 tollit
1511 2098 1620 2137 enirn
1654 2097 1853 2136 iudicium
1885 2096 1972 2135 veri

198 2160 325 2212 idque
357 2159 565 2199 adulterat
595 2185 672 2207 -—,
713 2166 797 2199 tum
838 2161 1048 2199 amicitiae
1086 2166 1292 2212 repugnat
1324 2161 1532 2207 maxime3
1580 2160 1691 2200 delet
1722 2159 1833 2198 enim
1865 2159 1972 2199 veri-

197 2227 345 2269 tatem,
389 2222 479 2260 sine
523 2237 603 2275 qua
646 2236 799 2262 nomen
842 2223 1050 2262 amicitiae
1091 2223 1228 2262 valere
1268 2237 1348 2263 non
1391 2230 1542 2277 potest.
1611 2224 1713 2262 Nam
1746 2236 1838 2262 cum
1870 2221 1972 2261 ami-

197 2285 318 2324 citiae
350 2285 411 2323 vis
444 2286 495 2324 sit
528 2286 567 2323 in
602 2299 674 2332 eo,
710 2292 752 2324 ut
782 2299 890 2324 unus
924 2286 1043 2339 quasi
1076 2285 1240 2324 animus
1273 2284 1342 2325 liat
1373 2299 1427 2324 ex
1460 2285 1670 2338 pluribus,
1703 2286 1775 2338 qui
1808 2284 1850 2323 id
1881 2283 1971 2323 fieri

198 2348 360 2398 poterit,
394 2348 427 2386 si
460 2361 511 2386 ne
545 2349 584 2387 in
619 2362 699 2387 uno
733 2349 902 2401 quidem
935 2361 1104 2400 quoque
1136 2362 1246 2387 unus
1278 2349 1444 2388 animus
1473 2348 1551 2387 erit
1572 2348 1768 2400 idemque
1791 2360 1971 2400 semper,

144 2418 181 2447 35
198 2408 270 2448 sed
302 2410 462 2457 varius,
504 2411 834 2457 commutabilis,
877 2410 1132 2463 multiplex?
1193 2408 1259 2450 93.
1302 2411 1412 2459 Quid
1446 2411 1556 2450 enim
1587 2415 1724 2464 potest
1755 2422 1847 2449 esse
1886 2415 1969 2449 tam

284 2610 314 2639 4.
341 2612 409 2639 tum
432 2610 540 2640 eluere
564 2610 590 2639 Y
614 2627 655 2632 -
680 2609 847 2639 subeunda.
875 2609 1057 2640 Fac-violati
1082 2610 1116 2639 et
1141 2609 1277 2648 Madvig
1304 2610 1441 2649 (Opusc.
1463 2609 1610 2648 11,285):
1639 2610 1671 2640 in
1695 2604 1898 2639 sublevanda
1918 2608 1968 2646 (3¹,

196 2659 227 2689 in
253 2657 454 2689 subleuando
480 2660 552 2696 BS,
591 2660 734 2689 tollenda
758 2657 799 2689 ΥΞ
823 2660 855 2689 in
882 2668 1024 2696 rasura,
1062 2659 1265 2690 sublevanda
1295 2659 1437 2690 ΠΕΟ-Ὀ
1481 2677 1513 2681 -—
1555 2662 1602 2689 est
1625 2659 1758 2698 offensio
1785 2657 1968 2689 BEGSV:

196 2710 250 2747 0ss-
276 2712 320 2737 cst
351 2709 410 2738 ΒΟ
451 2727 483 2730 —
529 2710 556 2738 2.
587 2710 710 2739 utilitas
736 2710 779 2740 C:
815 2710 936 2740 ceritas
961 2709 985 2739 O
1026 2726 1055 2729 ——
1101 2710 1201 2739 amici
1225 2713 1299 2739 sun(
1323 2718 1418 2748 saepe
1442 2709 1489 2739 G:
1521 2712 1596 2738 sunl
1620 2717 1715 2747 saepe
1740 2709 1838 2738 amici
1865 2707 1968 2745 BSV,

195 2757 293 2786 amica·
317 2766 412 2795 saepe
435 2762 509 2787 suns
534 2758 629 2788 mit)
659 2776 692 2779 -
721 2758 751 2787 3.
779 2761 807 2788 e!
831 2766 925 2796 saepe
949 2759 1139 2797 accipienda
1165 2763 1239 2790 sunt
1264 2760 1368 2789 amice
1393 2759 1413 2788 S
1442 2776 1475 2780 —
1504 2758 1650 2788 beniuole
1674 2757 1808 2794 BGSV,
1836 2759 1873 2787 ut
1898 2757 1970 2788 sere

195 2815 338 2846 semper
375 2823 408 2827 -
448 2807 477 2836 Τ.
506 2808 645 2845 quidem]
672 2807 768 2845 quale
792 2807 825 2838 3¹
854 2825 886 2828 —-
923 2808 953 2837 9.
981 2809 1130 2838 animum
1155 2809 1181 2839 D
1212 2826 1238 2829 -
1270 2810 1343 2848 fieri
1366 2809 1441 2838 sinit
1466 2808 1575 2843 BGV,
1602 2808 1678 2838 sinit
1699 2808 1772 2847 fieri
1797 2808 1818 2838 S
1844 2824 1878 2828 —-
1915 2806 1966 2837 40.

195 2857 283 2885 omni
309 2857 355 2886 C:
383 2857 488 2886 omnis
511 2861 534 2885 (ι
570 2875 602 2878 --
640 2858 690 2887 Μ.
718 2857 917 2888 acerbitate.
938 2861 965 2888 el
991 2858 1178 2897 obiurgatio
1202 2859 1222 2888 S
1259 2875 1294 2879 —
1330 2859 1381 2888 42.
1409 2858 1596 2888 terenciano
1622 2858 1646 2887 G
1683 2872 1717 2879 —
1757 2857 1806 2887 43*
1836 2855 1971 2887 libenter

197 2906 286 2935 list*
307 2921 340 2925 —
369 2906 504 2936 emnilas
531 2907 565 2943 E,
592 2907 654 2938 sed
680 2916 757 2947 sup.
778 2906 850 2945 lin.‚
876 2916 980 2937 comes
1004 2908 1130 2938 ueritas
1148 2925 1195 2929 --
1212 2908 1292 2938 assit,
1316 2908 1378 2938 BG
1394 2908 1414 2937 S
1441 2924 1475 2928 —
1520 2907 1571 2937 Μ.
1598 2911 1773 2938 moueatur
1797 2908 1822 2936 G
1859 2924 1892 2928 -
1930 2914 1969 2936 ne

197 2955 220 2985 G
247 2963 322 2993 sup.
344 2953 400 2984 lin.
430 2972 462 2976 —
497 2957 542 2987 25.
570 2956 666 2996 enim]
693 2960 804 2988 autem
828 2958 848 2987 S
877 2975 909 2977 —
948 2957 1045 2987 aliler
1067 2966 1142 2987 cum
1166 2958 1490 2995 amit-o—-nequeal
1522 2964 1591 2986 om.
1621 2956 1647 2985 V
1683 2973 1717 2978 —-
1758 2955 1809 2986 46.
1835 2955 1969 2986 veritati

195 3004 329 3034 clausae
354 3006 377 3033 O
408 3021 439 3025 —
468 3007 585 3036 audire
608 3014 723 3036 uerum
751 3007 775 3036 l)
804 3023 836 3027 —
869 3007 918 3036 47.
945 3008 1072 3036 catonis
1096 3006 1196 3036 multo
1220 3007 1334 3034 melius
1360 3005 1449 3035 ssSV
1475 3022 1508 3026 ——
1541 3005 1589 3036 19.
1616 3013 1712 3043 saepe
1736 3013 1854 3035 uerum
1879 3005 1903 3035 E
1930 3020 1965 3026 —

196 3053 249 3084 20.
268 3053 300 3082 Ιιῐ
325 3054 488 3084 BDGSV
515 3071 547 3076 —
575 3059 751 3085 mouentur
775 3056 795 3085 S
825 3073 856 3076 —
885 3056 938 3086 ⁶2¹.
964 3065 1027 3085 non
1054 3063 1085 3084 se
1109 3057 1279 3091 armamur
1305 3054 1430 3085 BGSV
1457 3072 1492 3076 —
1525 3055 1577 3085 ⁶22.
1606 3063 1670 3095 quo
1696 3054 1723 3084 V
1750 3072 1784 3076 —
1813 3054 1866 3086 23.
1892 3062 1968 3085 cor-

195 3103 361 3143 riyalione
386 3103 408 3133 E
437 3120 470 3124 —
504 3104 556 3134 2-4..
583 3106 749 3135 amicitiae
773 3114 873 3134 uerae
898 3106 923 3132 G
951 3120 983 3123 —
1019 3104 1071 3133 25.
1097 3103 1266 3141 pacienter
1290 3105 1434 3142 accepire
1456 3105 1479 3134 G
1510 3121 1543 3125 ——
1572 3104 1624 3135 -26,
1645 3104 1772 3134 amiciis
1796 3104 1816 3134 S
1843 3120 1876 3125 —
1911 3103 1964 3134 27.

197 3154 356 3183 maiorem
380 3162 445 3183 esse
471 3154 557 3184 13st
587 3172 618 3176 —
647 3154 818 3183 bladt'liam
843 3154 880 3188 G,
906 3152 1090 3183 blandicias
1115 3153 1141 3182 V
1169 3171 1202 3175 —
1231 3154 1315 3183 enim
1339 3162 1408 3184 oin.
1431 3154 1453 3184 E
1483 3171 1516 3175 —
1550 3153 1602 3184 ⁶28.
1628 3154 1687 3184 hoc
1710 3153 1853 3192 officinm
1878 3153 1900 3183 B
1927 3167 1961 3173 —

196 3202 318 3233 leuium
341 3206 449 3233 tamen
476 3204 497 3231 Η
527 3219 559 3223 —
590 3203 755 3241 sullanum
783 3205 806 3233 (Vi
821 3202 845 3231 V
874 3220 907 3224 -
938 3202 987 3233 29.
1015 3203 1058 3232 ad
1083 3203 1286 3233 uoluntatem
1310 3204 1348 3233 S:
1377 3204 1420 3233 ad
1443 3204 1647 3242 'uoluplalem
1672 3202 1835 3234 BDEGV
1860 3218 1894 3223 -
1921 3201 1964 3232 ad

198 3252 372 3282 ucrilalem
395 3254 419 3281 (ἱ
447 3251 476 3281 in
499 3260 606 3287 marg.
628 3268 661 3272 —
690 3252 742 3282 30.
769 3255 814 3282 es!
839 3252 955 3283 vitiosa
979 3252 1003 3282 O
1032 3269 1066 3273 —
1094 3252 1146 3281 31.
1166 3252 1275 3293 idque]
1293 3257 1391 3291 alque
1416 3253 1439 3283 κ]
1468 3269 1502 3274 -
1530 3253 1582 3283 33.
1602 3253 1698 3293 quasi
1723 3253 1849 3283 amicus
1873 3251 1897 3282 G
1925 3267 1960 3273 —-

200 3301 255 3340 qui
278 3300 321 3341 id]
348 3301 425 3340 quid
450 3300 525 3338 GV,
552 3301 607 3341 qui
631 3301 687 3332 BS
714 3319 748 3323 —
776 3302 830 3333 34.
855 3303 906 3334 sin
930 3303 964 3333 in
987 3310 1052 3333 uno
1076 3301 1103 3331 V
1130 3317 1165 3323 -—-
1192 3302 1243 3333 35.
1263 3302 1328 3342 sed]
1345 3303 1386 3333 sib
1409 3302 1434 3334 E
1460 3302 1598 3342 (exsec).
