2249 3624
513 176 601 217 Lm.
634 176 681 216 ΙΙ.
722 175 1223 218 ΟΑΡ.’ΧΧ1Χ--ΧΧΧῙ.
1264 175 1323 230 §§
1356 175 1549 218 73—80.
1836 176 1916 218 4⁶23

148 285 198 326 ab
228 295 361 336 eaque
392 281 531 322 omnia
563 281 857 334 pulcherrume
889 286 998 334 geri,
1032 297 1115 336 quo
1146 284 1370 323 constituto
1403 285 1593 337 sequitur
1613 285 1664 324 ab
1693 286 1914 326 animanti-

146 348 222 387 bus
253 344 470 400 principiis
502 356 548 383 ea
581 357 673 382 esse
704 351 910 394 generata.
961 347 1123 384 'l‘ertius
1156 352 1217 384 est
1250 346 1386 393 locus,
1418 347 1490 400 qui
1521 346 1687 388 ducitur
1708 362 1759 388 ex
1782 349 1914 389 admi-

143 409 302 449 ratione
331 419 466 445 rerum
497 405 737 444 caelestium
771 411 896 456 atque
929 409 1196 447 terrestrium.

253 468 320 508 76,
352 469 532 508 Primum
566 469 693 520 igitur
722 475 790 507 aut
825 470 1058 518 n‹¹3.:·:1n‹l..m
1094 477 1155 510 est
1184 484 1273 510 esse
1297 471 1416 518 deos,
1450 472 1563 525 quod
1587 480 1625 512 et
1650 474 1911 513 Democritus

142 531 361 573 simulacra
392 536 432 569 et
462 531 666 582 Epicurus
698 531 900 581 imagines
935 531 1137 570 inducens
1170 533 1349 585 quodzun
1384 540 1506 586 pacto
1540 542 1681 584 negat,
1719 542 1806 583 aut,
1840 538 1940 589 quies

143 596 244 636 deos
275 607 367 634 esse
399 593 652 637 concedant,
696 592 744 631 iis
776 592 989 631 fatendum
1024 600 1085 632 est
1118 608 1188 633 cos
1223 595 1381 647 aliquid
1415 608 1537 647 agere
1570 598 1697 650 idque
1730 598 1913 650 praecla-

144 670 260 702 rum3
295 655 398 694 nihil
432 661 493 694 est
525 661 662 694 autem
696 655 947 707 praeclarius
980 657 1122 694 mundi
1155 656 1539 697 administratione:
1581 660 1753 699 deorum
1788 661 1915 711 igitur

142 718 318 759 consilio
359 716 686 756 administratur.
750 717 872 765 Quod
917 718 949 756 si
983 718 1103 756 aliter
1134 723 1217 763 est,
1249 719 1409 771 aliquid
1444 721 1625 772 profecto
1659 723 1707 761 sit
1742 735 1912 761 necesse

140 788 203 823 est
242 780 392 820 melius
434 786 476 819 et
517 780 673 820 maiore
717 781 754 819 vi
799 780 1030 833 praeditum
1065 792 1188 832 quam
1223 779 1347 825 deus,
1395 782 1519 833 quale
1552 783 1591 820 id
1626 797 1804 836 cumque
1836 790 1911 829 est,

141 845 227 885 sive
258 842 439 882 inanima
471 848 616 882 natura
649 843 736 882 sive
770 843 1015 886 necessitas,
1046 841 1084 879 vi
1119 854 1265 891 magna
1298 843 1467 882 incitata
1502 844 1601 883 liaec
1634 847 1958 899 pulcherrimam

140 918 267 959 opera
299 904 508 950 efficiens,
542 918 651 958 quae
684 906 885 944 videmus.
947 901 1014 942 77.
1048 904 1137 942 Non
1171 909 1229 942 est
1265 904 1389 956 igitur
1419 912 1563 946 natura
1588 908 1760 947 deorum
1794 921 1914 961 prae-

140 974 288 1023 potens
320 980 458 1021 neque
491 968 723 1013 excellens,
756 969 788 1007 si
822 967 991 1020 quidem
1026 979 1070 1004 ea
1104 966 1287 1005 subiecta
1321 973 1382 1007 est
1414 969 1450 1007 ei
1476 970 1539 1008 vel
1574 971 1811 1010 necessitati
1845 971 1909 1010 vel

140 1036 333 1077 naturae,
372 1043 453 1082 qua
485 1030 666 1075 caelum,
709 1030 854 1075 maria,
887 1035 1020 1068 terrae
1052 1035 1267 1080 regamur3
1310 1029 1410 1068 nihil
1444 1037 1505 1069 est
1537 1039 1673 1072 antem
1700 1040 1911 1086 praestan-

138 1093 221 1133 tius
253 1091 356 1131 deo:
395 1091 447 1131 ab
480 1106 528 1131 co
560 1093 686 1144 igitur
717 1092 918 1131 mundum
952 1104 1122 1131 necesse
1155 1097 1217 1131 est
1247 1092 1347 1144 regi.
1400 1093 1509 1132 Nulli
1541 1095 1666 1144 igitur
1697 1103 1759 1135 est
1791 1101 1911 1135 natu-

138 1168 205 1196 rae
236 1154 465 1194 oboediens
497 1161 568 1194 aut
598 1155 809 1194 subiectus
841 1155 968 1193 deus:
1002 1168 1166 1193 omnem
1201 1167 1298 1205 ergo
1323 1155 1429 1206 regit
1453 1155 1541 1208 ipse
1565 1165 1767 1198 naturam.
1813 1160 1961 1200 Ele-15

136 1218 219 1258 nim
249 1217 282 1256 si
305 1217 573 1257 concedimus
596 1218 887 1269 intellegentes
913 1230 1005 1256 esse
1028 1217 1148 1263 deos,
1181 1217 1454 1256 concedimus
1477 1218 1600 1258 etiam
1625 1221 1908 1273 providentes,

137 1285 178 1320 et
206 1293 343 1319 rerum
375 1281 544 1334 quidem
578 1293 879 1319 maxumarum.
931 1280 1041 1331 Ergo
1065 1285 1204 1318 utrum
1227 1280 1438 1332 ignorant,
1471 1294 1580 1334 quae
1603 1296 1667 1322 res
1690 1296 1910 1323 maxumae

136 1343 218 1383 sint
251 1355 422 1395 quoque
453 1355 526 1381 eae
559 1342 683 1381 modo
716 1341 955 1381 tractandae
988 1348 1026 1381 et
1058 1341 1259 1388 tuendae,
1299 1355 1350 1381 an
1384 1344 1461 1381 vim
1495 1356 1577 1383 non
1610 1345 1787 1393 habent,
1827 1359 1909 1399 qua

135 1409 270 1445 tantas
310 1417 375 1444 res
415 1405 649 1444 sustineant
689 1411 728 1444 et
769 1406 947 1456 gerant?
991 1406 1044 1444 At
1074 1411 1113 1445 et
1156 1405 1365 1456 ignoratio
1398 1419 1535 1445 rerum
1569 1406 1704 1446 aliena
1736 1413 1909 1448 naturae

135 1467 308 1507 deorum
339 1472 403 1506 est
433 1474 474 1508 et
498 1467 732 1507 sustinendi
757 1468 942 1506 muneris
964 1473 1135 1520 propter
1154 1467 1469 1507 inbecillitatem
1493 1468 1718 1510 difficultas
1741 1471 1909 1510 minime
1923 1477 1961 1507 20

137 1529 248 1570 cadit
277 1530 321 1568 in
351 1531 608 1570 maiestatem
641 1530 842 1570 deorum:
875 1543 927 1569 ex
958 1543 1040 1582 quo
1072 1530 1253 1570 eflicitur
1282 1530 1324 1569 id
1357 1531 1469 1583 quod
1493 1532 1703 1579 volumus,
1736 1532 1909 1574 deorum

137 1592 403 1647 providentia
446 1593 648 1632 mundum
687 1593 981 1632 administrari.
1044 1593 1198 1631 XXXI.
1230 1591 1297 1632 78.
1330 1593 1457 1646 Atqui
1489 1607 1661 1634 necesse
1693 1600 1776 1643 est,
1816 1608 1910 1636 cum

137 1656 221 1696 sint
250 1654 312 1702 di,
344 1656 378 1695 si
409 1656 533 1695 modo
565 1662 681 1703 sunt,
714 1661 758 1695 ut
789 1655 977 1708 profecto
1010 1661 1126 1702 sunt,
1157 1656 1382 1695 animantis
1405 1669 1516 1703 esse,
1549 1670 1625 1697 nec
1657 1658 1790 1697 solum
1823 1659 1912 1698 ani-

137 1717 309 1764 mantis,
340 1718 412 1758 sed
445 1718 570 1757 etiam
602 1719 776 1757 rationis
808 1723 1024 1770 compotes
1056 1719 1164 1757 inter
1184 1732 1315 1772 seque
1339 1720 1460 1773 quasi
1481 1720 1592 1760 civili
1615 1721 1912 1768 conciliatione

138 1786 179 1820 et
209 1781 409 1820 societate
441 1781 706 1827 coniunctos,
738 1794 868 1819 unum
900 1780 1101 1819 mundum
1133 1786 1178 1820 ut
1206 1795 1469 1821 communem
1502 1796 1587 1822 rem
1621 1783 1828 1836 publicam
1852 1789 1911 1824 at·
1926 1792 1963 1820 25

137 1855 218 1895 que
256 1842 401 1881 urbem
442 1842 626 1895 aliquam
667 1842 866 1895 regentis.
930 1841 995 1881 79.
1029 1843 1230 1895 Sequitur
1271 1849 1315 1883 ut
1357 1844 1500 1884 eadem
1539 1845 1592 1885 sit
1621 1847 1662 1885 in
1694 1846 1760 1894 iis,
1804 1859 1912 1900 quae

134 1905 320 1945 humano
350 1905 394 1943 in
425 1918 597 1957 genere,
629 1905 747 1952 ratio,
773 1906 918 1944 eadem
942 1906 1093 1944 veritas
1114 1906 1336 1959 utrobique
1360 1907 1411 1945 sit
1433 1906 1666 1961 eademque
1692 1909 1772 1956 lex,
1805 1922 1912 1963 quae

138 1974 201 2008 est
229 1966 330 2006 recti
371 1967 606 2020 praeceptio
643 1968 845 2021 pravique
878 1967 1085 2020 depulsio.
1136 1969 1199 2006 Ex
1231 1981 1315 2021 quo
1353 1968 1612 2021 intellegitur
1646 1971 1912 2024 prudentiam

138 2043 309 2084 quoque
351 2035 391 2069 et
432 2036 611 2069 mentem
644 2043 666 2069 a
700 2029 789 2069 deis
821 2030 871 2069 ad
917 2030 1110 2070 homines
1142 2031 1408 2083 pervenisse,
1452 2032 1504 2070 ob
1537 2045 1713 2086 eamque
1745 2046 1913 2074 causam

137 2094 343 2133 maiorum
374 2092 575 2132 institutis
609 2106 747 2139 mens,
780 2091 903 2139 fides,
935 2094 1084 2141 virtus,
1118 2094 1340 2133 concordia
1374 2100 1642 2134 consecratae
1674 2103 1714 2136 et
1745 2097 1913 2150 publice
1928 2103 1965 2132 3ο

138 2154 355 2195 dedicatae
387 2160 495 2194 sunt.
544 2155 664 2203 Quae
697 2156 767 2208 qui
800 2157 996 2196 convenit
1026 2170 1157 2209 penes
1190 2157 1291 2195 deos
1324 2170 1415 2195 esse
1448 2170 1619 2209 negare,
1652 2171 1744 2197 cum
1768 2172 1913 2198 eorum

139 2223 314 2271 augusta
345 2223 385 2258 et
416 2223 558 2256 sancta
589 2218 807 2257 simulacra
839 2220 1117 2258 veneremur?
1161 2219 1285 2267 Quod
1318 2221 1350 2259 si
1382 2220 1492 2259 inest
1524 2220 1566 2259 in
1599 2221 1813 2260 hominum
1846 2233 1915 2273 ge-

138 2293 238 2320 nere
270 2293 407 2327 mens,
439 2279 563 2326 fides,
596 2280 743 2326 virtus,
775 2282 1019 2328 concordia,
1052 2281 1163 2321 unde
1197 2282 1300 2321 haec
1334 2283 1375 2321 in
1398 2288 1550 2321 terram
1574 2283 1655 2322 nisi
1677 2283 1727 2321 ab
1751 2283 1915 2335 superis

139 2342 323 2382 defluere
360 2344 620 2395 potuerunt?
660 2356 839 2396 cumque
884 2344 966 2383 sint
1006 2345 1047 2383 in
1087 2345 1207 2383 nobis
1240 2345 1487 2391 consilium,
1527 2346 1646 2391 ratio,
1679 2345 1915 2397 prudentia,

139 2418 311 2446 necesse
344 2409 407 2445 est
436 2405 539 2444 deos
570 2405 675 2445 haec
704 2407 795 2458 ipsa
827 2406 982 2446 habere
1013 2407 1188 2453 maiora,
1222 2420 1297 2446 nec
1329 2407 1482 2446 habere
1510 2408 1664 2454 solum,
1697 2407 1769 2446 sed
1792 2408 1913 2447 etiam
1929 2416 1966 2444 35

138 2467 202 2507 his
241 2467 303 2507 uti
340 2467 383 2506 in
424 2469 632 2508 maxumis
665 2473 703 2508 et
734 2470 917 2522 optumis
949 2470 1089 2509 rebus.
1150 2468 1216 2508 80.
1249 2470 1361 2508 Nihil
1393 2475 1531 2509 autem
1564 2483 1640 2509 nec
1674 2470 1808 2509 maius
1838 2483 1916 2510 nec

228 2654 258 2685 ’1.
283 2653 492 2692 pulcher-mne
522 2655 567 2689 Az,
601 2654 795 2693 pulchrum
819 2655 846 2684 V
870 2673 912 2677 —
944 2663 1007 2694 qvo
1039 2664 1130 2686 corr.
1159 2664 1200 2686 ex
1233 2656 1318 2695 quod
1349 2657 1372 2686 A
1389 2655 1455 2685 BV
1483 2673 1516 2677 —
1552 2655 1581 2685 Ξ.
1608 2664 1645 2685 ca
1671 2664 1736 2687 esse
1757 2660 1918 2696 (fenenna

143 2702 318 2734 Bouhier:
343 2712 418 2733 eom
442 2712 507 2734 esse
530 2707 725 2744 [feneratam
749 2703 776 2736 ⁵21
805 2722 839 2726 —
867 2705 955 2735 locus
978 2708 1022 2736 est
1047 2706 1071 2735 O
1099 2722 1133 2726 -—
1161 2706 1282 2736 dicitnr
1305 2708 1327 2735 A
1346 2706 1369 2736 C
1386 2705 1412 2733 V
1440 2722 1472 2725 —
1508 2704 1539 2735 4.
1567 2708 1627 2735 aut
1649 2714 1738 2736 corr.
1766 2715 1805 2736 ex
1832 2709 1866 2736 al
1890 2708 1916 2738 A

144 2770 175 2776 —
205 2753 235 2784 6.
263 2753 303 2784 iis
326 2762 417 2784 corr.
445 2762 488 2784 ex
520 2754 546 2783 is
578 2754 622 2790 Υς
657 2753 685 2784 is
708 2757 754 2785 A:
791 2755 840 2784 his
871 2756 894 2785 C
912 2755 935 2785 13
963 2772 995 2776 —
1028 2755 1058 2786 8.
1087 2756 1127 2786 sit
1152 2764 1275 2785 necesse
1299 2758 1342 2785 es!
1366 2755 1482 2784 melius
1506 2756 1529 2784 A
1549 2755 1570 2785 B
1587 2756 1634 2786 C:
1661 2756 1702 2786 sit
1725 2765 1850 2787 necesse
1872 2759 1918 2787 est

140 2802 255 2834 melius
270 2812 336 2834 esse
352 2804 375 2834 E
392 2813 398 2837 ς
425 2803 468 2834 sit
484 2812 608 2835 neccsse
625 2807 668 2835 est
685 2813 750 2835 esse
768 2806 843 2844 (csse
860 2805 1052 2845 superscr.)
1070 2806 1185 2836 melius
1201 2806 1228 2835 V
1243 2815 1248 2838 :
1275 2813 1400 2835 neeesse
1417 2808 1461 2834 es!
1478 2813 1543 2835 esse
1560 2805 1674 2835 melius
1690 2805 1714 2835 O
1735 2823 1769 2827 —
1789 2805 1820 2836 9.
1840 2805 1919 2837 deus

142 2853 252 2893 (corr.
279 2862 322 2884 ex
345 2854 436 2891 deos)
469 2853 516 2883 B:
550 2853 625 2884 deos
655 2855 719 2885 ΑΒ
739 2855 842 2885 ΕΥΟ
871 2873 903 2876 -
933 2856 983 2886 10.
1012 2856 1161 2886 inanima
1188 2863 1267 2885 corr
1306 2863 1351 2885 m.
1379 2862 1451 2884 sce.
1481 2854 1512 2883 in
1544 2854 1730 2885 inanimata
1755 2855 1782 2884 V
1809 2873 1852 2878 —
1881 2855 1917 2886 ui

143 2910 232 2934 corr.
260 2911 301 2934 ex
324 2903 375 2934 sui
399 2902 426 2933 V
454 2920 488 2925 -—
524 2904 576 2934 tl.
603 2904 739 2935 deorum
771 2909 895 2935 natura
926 2905 950 2935 E
979 2922 1012 2926 —
1048 2906 1098 2935 13.
1126 2904 1207 2935 nihil
1233 2908 1277 2934 es!
1311 2903 1536 2942 praes-{antius
1566 2904 1644 2934 deo:
1677 2904 1719 2935 ab
1748 2913 1784 2936 eo
1813 2905 1917 2946 igitur

141 2953 299 2984 mundum
330 2953 401 2993 reqi
428 2961 555 2984 necesse
585 2956 640 2984 est.
676 2954 766 2984 Nulli
783 2972 828 2977 --
845 2956 913 2993 ipsc
942 2959 1101 2986 numeram
1133 2956 1330 2986 Lactantius
1357 2955 1436 2984 inst.
1464 2954 1495 2990 Ι,
1522 2954 1552 2985 5.
1583 2971 1616 2976 —
1645 2953 1697 2985 ⁴4.
1724 2963 1849 2986 necesse
1871 2958 1917 2986 esc

141 3003 300 3034 mundum
324 3003 349 3033 O
370 3019 404 3024 —
429 3003 658 3034 ntundunclum
682 3003 722 3033 V¹
742 3022 776 3026 —
807 3004 856 3035 ¹¹8.
884 3013 941 3035 eae
964 3007 1059 3036 modo
1084 3007 1107 3037 A
1126 3007 1147 3037 B
1167 3015 1173 3035 :
1199 3015 1257 3036 eac
1281 3006 1393 3035 emoclo
1412 3002 1470 3037 V¹;
1497 3012 1536 3034 ea
1559 3004 1654 3035 modo
1673 3004 1697 3035 C
1716 3013 1722 3041 3
1749 3004 1804 3035 hee
1819 3006 1915 3036 modo

143 3051 168 3083 E
195 3069 229 3074 —
257 3051 335 3092 qua]
361 3052 417 3090 qui
441 3054 467 3083 A
483 3053 506 3083 C
536 3069 568 3072 —
600 3052 650 3084 23.
676 3053 771 3083 modo
795 3057 868 3084 sunt
893 3054 971 3085 cod.
1000 3054 1259 3093 Glogaxiensis:
1296 3055 1390 3084 Ἰηισαο
1414 3055 1478 3084 sint
1502 3052 1530 3086 ⁵21
1558 3072 1590 3076 -
1615 3054 1764 3094 profecto
1787 3055 1850 3085 sinc
1875 3055 1915 3085 V¹

146 3116 181 3123 —
208 3100 261 3133 24.
287 3104 445 3140 competes
470 3101 509 3131 V¹
537 3118 571 3123 —
604 3102 657 3132 26.
685 3103 717 3132 in
741 3103 845 3141 iisque
870 3104 916 3138 Α;
944 3105 976 3134 in
1000 3105 1050 3135 his
1074 3114 1158 3144 quae
1183 3105 1210 3134 V
1238 3122 1271 3126 —
1306 3104 1357 3134 ⁴27.
1383 3103 1526 3134 humano
1550 3105 1583 3135 in
1607 3113 1724 3144 genere
1747 3105 1771 3135 A
1787 3104 1810 3135 B
1826 3105 1850 3135 C
1867 3104 1911 3134 V:

144 3149 179 3180 in
206 3150 349 3182 humano
379 3159 496 3191 ρεπεν-ε
524 3151 569 3188 Ε;
607 3152 641 3182 in
672 3160 788 3191 genere«
811 3152 955 3183 humano
979 3154 1003 3184 O
1031 3171 1065 3175 -—
1094 3155 1145 3185 Ξῖ.
1173 3155 1299 3185 ueritas
1323 3152 1372 3184 521:
1400 3154 1507 3184 uirtus
1530 3152 1595 3185 alii.
1624 3171 1658 3175 —
1686 3154 1738 3185 30.
1762 3153 1915 3194 publicae

144 3199 211 3231 AV
243 3218 277 3222 -—
309 3200 362 3233 33.
389 3205 495 3232 terras
519 3201 543 3232 Ο
574 3219 608 3223 -
642 3201 682 3232 ab
711 3203 838 3239 superis
867 3203 997 3234 ACV:
1030 3203 1071 3234 ab
1100 3204 1149 3235 his
1175 3205 1301 3243 superis
1328 3204 1376 3240 B;
1413 3212 1435 3234 a
1465 3204 1591 3243 superis
1621 3204 1684 3235 EO
1717 3222 1751 3227 —
1783 3203 1835 3235 36.
1866 3204 1915 3234 uti

146 3256 234 3281 corr.
262 3258 308 3281 m.
335 3259 407 3282 sec.
434 3260 477 3282 ex
499 3254 535 3282 αι
560 3245 585 3282 V
613 3269 647 3274 —
675 3251 812 3283 obtutnis
833 3254 879 3292 A,
913 3253 1039 3285 obtimis
1062 3254 1086 3285 B
1110 3271 1153 3276 —
1182 3257 1291 3285 aulem
1314 3254 1377 3285 ΑΒ
1393 3254 1416 3285 C
1433 3251 1532 3286 Ev¹:
1577 3258 1687 3287 aulem
1710 3258 1757 3287 esc
1783 3251 1837 3292 V²;
1871 3256 1917 3286 est

144 3302 252 3332 autem
275 3300 312 3332 Ο.
