2249 3624
600 179 714 218 PAR.
733 179 779 218 v.
811 177 838 231 5
861 175 913 217 37
930 200 983 207 —
1003 179 1115 218 PAR.
1139 179 1206 218 vl.
1239 177 1334 218 CAP.
1357 179 1386 217 1.
1419 177 1446 231 §
1469 175 1535 219 4⁶2.
1871 176 1952 218 755

197 286 360 325 servat?
419 284 621 337 Loquitur
661 284 712 323 ad
754 284 1032 331 voluntatem,
1076 283 1280 338 quidquid
1313 284 1602 324 denuntiatum
1635 290 1695 324 est
1727 284 1841 333 facit,
1883 286 1954 325 ad-

196 352 398 392 sectatur‚
439 346 621 392 adsidet,
662 353 913 386 muneratur.
985 346 1094 394 Quid
1136 348 1282 386 horum
1326 353 1387 386 est
1429 347 1578 387 liberi?
1629 347 1730 401 quid
1770 347 1952 402 denique

195 409 302 448 servi
337 422 416 447 non
449 409 622 447 inertis?
683 410 751 447 ΙΙΙ.
783 407 849 448 4κο.
884 409 1022 456 Quid?
1056 411 1133 448 iam
1166 409 1236 448 illa
1268 409 1494 462 cupiditas,
1528 423 1635 463 quae
1668 410 1830 451 videtur
1860 424 1952 451 esse

195 471 421 517 liberalior,
455 472 640 517 honoris,
674 471 851 524 imperii,
885 472 1207 523 provinciarum,
1241 485 1361 524 quain
1395 471 1495 511 dura
1528 478 1589 511 est
1621 471 1802 522 domina,
1826 487 1950 527 quam

194 533 438 586 imperiosa,
471 546 595 586 quam
630 534 873 573 vehemens!
917 533 1110 585 Cethego,
1144 533 1301 572 homini
1335 547 1417 573 non
1450 534 1767 586 probatissimo,
1797 538 1983 576 servire5

192 596 328 649 coegit
357 609 451 643 eos,
493 596 564 649 qui
596 595 674 635 sibi
707 608 798 634 esse
829 595 1074 648 amplissimi
1107 595 1375 643 videbantur,
1408 610 1580 636 munera
1613 598 1794 646 mittere,
1826 606 1951 639 noctu

192 660 333 699 venire
371 659 539 698 domum
580 658 631 697 ad
671 671 786 704 eum,
838 655 1028 711 precibus
1068 658 1253 711 denique
1294 659 1542 712 supplicare.
1615 659 1732 708 Quae
1773 662 1952 700 servitus

191 728 266 769 est,
302 721 334 761 si
367 721 469 760 haec
502 720 670 759 libertas
703 720 933 759 existimari
966 722 1136 772 potest?
1168 720 1308 768 Quid?
1341 735 1432 760 cum
1456 722 1693 775 cupiditatis
1717 723 1951 763 dominatus

192 784 373 824 excessit
405 789 444 822 et
475 782 579 822 alius
612 788 675 822 est
707 782 898 821 dominus
932 788 1101 821 exortus
1134 795 1186 821 ex
1219 784 1471 822 conscientia
1503 790 1782 837 peccatorum,
1814 787 1950 834 timor,

193 860 316 901 quam
349 851 411 886 est
441 845 510 885 illa
544 844 706 891 misera,
739 858 862 897 quam
895 844 997 884 dura
1029 845 1229 883 servitus!
1282 845 1630 886 Adulescentibus
1660 848 1785 900 paulo
1808 848 2002 902 loquax—⁴0

191 909 370 949 cioribus
410 914 471 947 est
512 906 805 953 serviendum,
850 919 1014 953 omnes,
1059 908 1130 960 qui
1163 907 1323 960 aliquid
1355 909 1459 948 scire
1491 909 1701 958 videntur,
1742 916 1951 964 tamquam

192 971 349 1010 domini
382 971 595 1009 timentur.
656 968 788 1008 Iudex
828 983 929 1008 vero
968 975 1171 1022 quantum
1207 969 1330 1010 habet
1370 971 1648 1019 dominatum,
1689 986 1772 1026 quo
1805 973 1951 1013 timore

190 1039 388 1073 nocentes
420 1030 580 1072 adficit!
642 1033 706 1070 An
745 1045 828 1070 non
872 1038 934 1071 est
975 1031 1109 1071 omnis
1148 1038 1282 1071 metus
1323 1034 1530 1073 servitus?
1590 1032 1656 1074 41.
1703 1034 1813 1083 Quid
1845 1035 1954 1074 valet

190 1096 316 1149 igitur
357 1095 429 1135 illa
471 1094 804 1147 eloquentissimi
838 1095 937 1141 viri,
984 1095 1028 1132 L.
1061 1094 1220 1141 Crassi,
1263 1095 1433 1148 copiosa
1466 1096 1596 1149 magis
1629 1110 1753 1151 quam
1785 1098 1951 1150 sapiens

190 1158 348 1198 oratio:
404 1157 595 1210 «Eripite
628 1169 704 1196 nos
737 1169 788 1195 ex
819 1157 1017 1196 servitute
1033 1157 1081 1194 n?
1142 1156 1259 1204 Quae
1301 1163 1363 1197 est
1400 1158 1479 1198 ista
1519 1160 1698 1199 servitus
1729 1166 1811 1199 tam
1843 1159 2002 1199 claron»

189 1220 349 1260 homini
382 1226 550 1272 tamque
582 1219 744 1259 nobili?
777 1218 922 1258 Omnis
955 1219 1082 1258 animi
1114 1218 1319 1259 debilitati
1351 1226 1391 1260 et
1420 1220 1591 1260 humilis
1623 1228 1664 1261 et
1692 1221 1809 1261 fracti
1843 1221 1952 1261 timi·-

193 1283 301 1323 ditas
334 1281 513 1323 servitus
546 1287 621 1321 est.
685 1281 844 1321 «Nolite
877 1282 1014 1321 sinere
1046 1295 1120 1321 nos
1152 1282 1348 1335 cuiquam
1381 1284 1575 1323 servire.»
1638 1285 1684 1324 In
1717 1284 1950 1324 libertatem

189 1344 392 1384 vindicari
425 1344 538 1383 volt?
599 1344 783 1383 Minime.
845 1344 956 1392 Quid
989 1345 1100 1383 enim
1132 1345 1351 1397 adiungit?
1413 1346 1527 1386 «Nisi
1557 1346 1673 1386 vobis
1705 1347 1948 1386 universis.»

189 1407 410 1446 Dominum
443 1412 626 1453 mutare,
668 1420 750 1445 non
785 1407 889 1446 liber
920 1420 1010 1446 esse
1041 1407 1141 1446 volt.
1207 1407 1401 1455 «Quibus
1434 1414 1474 1448 et
1505 1422 1724 1462 possumus
1757 1415 1797 1449 et
1827 1409 1952 1448 debe-

190 1484 319 1509 mus.»
364 1471 447 1509 Nos
479 1482 590 1516 vero,
621 1469 655 1508 si
688 1469 857 1521 quidem
889 1469 1028 1508 animo
1061 1470 1230 1510 excelso
1263 1476 1303 1510 et
1333 1471 1417 1511 alto
1450 1477 1491 1511 et
1520 1471 1742 1512 virtutibus
1774 1484 1950 1524 exagge-
1964 1476 2000 1506 20

189 1539 277 1572 rato
309 1545 473 1578 sumus,
505 1545 583 1571 nec
614 1531 815 1571 debemus
847 1544 922 1571 nec
954 1544 1188 1584 possumus.
1250 1533 1311 1572 Tu
1341 1547 1467 1586 posse
1498 1539 1537 1573 te
1569 1533 1719 1581 dicito,
1750 1534 1950 1586 quoniam

190 1594 361 1647 quidem
402 1599 542 1647 potes,
587 1593 740 1634 debere
781 1607 831 1632 ne
872 1593 1052 1641 dixeris,
1091 1594 1289 1647 quoniam
1329 1595 1435 1635 nihil
1465 1596 1689 1649 quisquam
1720 1595 1841 1635 debet
1870 1595 1950 1634 nisi

190 1656 305 1709 quod
337 1662 399 1696 est
429 1662 548 1709 turpe
580 1670 664 1696 non
696 1656 885 1696 reddere.
933 1657 1014 1696 Sed
1046 1656 1147 1696 haec
1179 1657 1393 1697 hactenus.
1440 1658 1515 1698 Ille
1538 1658 1698 1705 videat,
1721 1668 1803 1712 quo
1826 1656 1949 1696 modo

189 1718 417 1770 imperator
446 1732 538 1758 esse
569 1719 715 1772 possit,
748 1732 842 1759 cum
873 1732 968 1760 eum
1000 1732 1051 1759 ne
1082 1719 1258 1760 liberum
1290 1720 1458 1773 quidem
1490 1733 1581 1761 esse
1610 1721 1717 1761 ratio
1740 1726 1779 1760 et
1800 1719 1950 1759 veritas

189 1780 279 1833 ipsa
308 1781 538 1821 convincat.
1962 1786 1999 1816 25

938 1920 1204 1927 ———..

762 2043 1256 2087 PARADOXON
1314 2045 1389 2085 VI.

346 2149 448 2190 ‘'Ott
475 2148 606 2202 μόνος
637 2150 660 2190 ὁ
692 2150 832 2201 σος-[ὸς
864 2150 1076 2199 πλούσιος.

358 2215 498 2271 [Quod
529 2218 642 2259 solus
673 2219 839 2271 sapiens
870 2217 1019 2273 dives.]

301 2309 332 2348 1.
377 2307 444 2350 4⁶2.
492 2310 610 2359 Quae
650 2317 712 2352 est
750 2312 829 2351 ista
868 2313 910 2352 in
950 2311 1314 2352 commemoranda
1343 2311 1522 2365 pecunia
1552 2316 1623 2351 tua
1649 2316 1731 2351 tam
1762 2310 1948 2351 insolens

190 2372 440 2412 ostentatio?
502 2374 680 2414 Solusne
712 2379 756 2414 tu
788 2374 931 2415 dives?
991 2376 1066 2415 Pro
1109 2374 1150 2414 di
1190 2373 1465 2414 immortales!
1520 2386 1652 2425 egone
1683 2387 1748 2413 me
1779 2373 1947 2413 audisse
1962 2389 2000 2418 30

189 2434 349 2488 aliquid
389 2441 428 2475 et
469 2435 664 2476 didicisse
706 2450 790 2476 non
822 2437 1054 2489 gaudeam?
1107 2437 1284 2476 Solusne
1316 2435 1457 2475 dives?
1509 2435 1644 2483 Quid,
1683 2435 1717 2475 si
1749 2448 1800 2474 ne
1832 2435 1947 2474 dives

189 2496 387 2548 quidem?
431 2498 553 2551 quid,
586 2498 621 2537 si
652 2511 812 2551 pauper
844 2499 998 2538 etiam?
1059 2499 1194 2547 Quem
1227 2499 1336 2539 enim
1367 2497 1646 2550 intellegimus
1677 2497 1846 2537 divitem
1877 2503 1949 2537 aut

188 2557 269 2598 hoc
298 2558 469 2599 verbum
500 2560 542 2599 in
575 2573 659 2613 quo
690 2561 858 2600 homine
889 2562 1113 2614 ponimus?
1175 2561 1337 2613 Opinor
1367 2561 1410 2601 in
1441 2573 1516 2606 eo,
1559 2560 1657 2613 quoi
1699 2565 1813 2600 tanta
1854 2572 1950 2612 pos-

188 2619 318 2660 sessio
362 2626 451 2669 est,
495 2626 541 2661 ut
579 2622 631 2661 ad
671 2622 899 2662 liberaliter
939 2622 1164 2664 vivendum
1201 2623 1322 2663 facile
1364 2628 1587 2662 contentus
1619 2621 1699 2669 sit,
1745 2621 1815 2674 qui
1846 2620 1949 2660 nihil

189 2687 386 2734 quaerat,
427 2682 534 2722 nihil
564 2683 756 2737 adpetat,
799 2684 904 2724 nihil
935 2690 1050 2738 optet
1080 2685 1274 2739 amplius.
1343 2682 1410 2724 43.
1451 2684 1624 2724 Animus
1657 2688 1823 2736 oportet
1853 2687 1948 2723 tuus
1963 2700 1999 2729 35

276 2847 306 2878 4.
333 2847 489 2886 quicquid
513 2848 536 2879 B
563 2865 598 2870 —-
625 2852 670 2880 est
694 2849 831 2890 Madvig
856 2849 911 2888 (ad
929 2850 1001 2882 Cic.
1022 2850 1065 2881 de
1084 2850 1154 2882 Fin.
1175 2849 1209 2881 b.
1230 2852 1263 2881 et
1281 2858 1327 2881 m.
1346 2857 1424 2890 pag.
1441 2848 1536 2887 448):
1563 2848 1604 2879 sit
1628 2847 1688 2879 CO
1715 2864 1749 2870 -
1776 2847 1807 2878 ἓ.
1833 2856 1949 2879 mune-

188 2898 288 2926 ratur
310 2896 393 2927 AB:
421 2900 575 2928 munerat
599 2897 638 2927 V¹
653 2898 690 2934 Ο,
715 2902 870 2929 numerat
892 2899 935 2929 ΥΞ
961 2916 995 2922 -
1031 2900 1060 2931 3.
1087 2909 1153 2931 non
1177 2901 1262 2931 servi
1286 2901 1399 2931 inertis
1423 2899 1447 2929 O
1486 2915 1520 2920 ·-
1557 2896 1588 2929 4.
1608 2897 1860 2936 prouintiarum
1882 2898 1948 2928 AB

191 2961 226 2966 —
246 2946 278 2976 5.
296 2944 424 2985 cheteyo
447 2945 472 2976 B
500 2963 535 2968 —
562 2947 593 2978 7.
609 2947 760 2985 precibus
783 2947 924 2988 scripsi:
944 2949 1079 2988 praecio
1095 2949 1135 2987 V,
1156 2958 1253 2989 prece
1270 2949 1292 2979 B
1317 2947 1393 2988 (sed
1410 2956 1426 2978 e
1442 2947 1615 2987 posterior
1631 2946 1664 2977 in
1683 2948 1777 2985 ras),
1792 2953 1949 2985 praecw

188 2996 227 3032 A,
258 2993 381 3026 litteris
404 2998 484 3034 post
507 3004 524 3026 c
547 3004 691 3036 prorsus
716 2997 891 3033 evanidis;
922 2999 1067 3037 precari,
1094 2998 1229 3038 denique
1252 2998 1439 3037 suppticare
1463 2995 1559 3026 editt.
1599 3012 1634 3017 -
1674 2994 1706 3026 8.
1731 2995 1950 3034 cupiditatum

190 3043 215 3074 Ο
252 3059 287 3064 -
326 3044 379 3074 40.
405 3044 644 3084 loquatioribus
675 3046 698 3077 B
737 3062 771 3068 ——
813 3046 862 3078 44.
895 3047 954 3078 illa
985 3047 1065 3086 eloq.
1092 3048 1167 3079 A²B
1185 3049 1223 3078 V2
1256 3047 1336 3087 (sed
1362 3045 1496 3077 litterae
1521 3053 1565 3076 ae
1587 3045 1622 3076 in
1646 3044 1669 3075 B
1695 3044 1729 3074 in
1752 3044 1857 3083 ras.):
1895 3044 1950 3075 ille

188 3092 253 3131 loq.
277 3093 329 3130 Αἱ,
362 3092 420 3124 illa
450 3094 515 3134 loq.
547 3094 588 3125 V¹
628 3112 664 3117 —
707 3095 759 3126 46.
787 3095 945 3126 debilitati
975 3095 1025 3133 Αἱ,
1064 3098 1102 3126 ut
1131 3095 1290 3127 videtur:
1327 3094 1496 3126 debilitata
1524 3094 1626 3132 A²B‚
1663 3093 1811 3125 debilitas
1846 3094 1873 3124 V
1909 3110 1945 3116 —

187 3142 299 3182 fracta
324 3142 348 3174 C
376 3158 412 3166 ·—
440 3144 491 3176 ⁴8.
518 3145 690 3176 uindicare
713 3145 737 3176 B
775 3162 810 3167 —
848 3146 902 3177 Ἣ.
929 3149 964 3176 tu
986 3146 1013 3176 si
1032 3152 1177 3185 posnan
1202 3146 1312 3185 {possit
1336 3153 1411 3184 sup.
1432 3143 1489 3174 lin.
1516 3151 1564 3174 m.
1586 3143 1614 3182 ’2)
1639 3143 1754 3174 edicito
1778 3143 1805 3172 V
1831 3160 1864 3164 —
1893 3144 1944 3174 22.

184 3194 291 3229 potest
313 3191 341 3221 V
378 3207 413 3214 —
451 3193 503 3224 23.
530 3197 663 3225 actenus
685 3194 727 3225 V¹
765 3211 800 3216 —
839 3193 891 3225 ⁶24.
918 3195 1007 3227 liber'
1032 3196 1056 3227 Β
1095 3211 1129 3218 -
1168 3196 1220 3227 ΞΒ.
1249 3195 1341 3234 Quod
1365 3194 1451 3225 sotus
1474 3193 1604 3233 sapiens
1627 3194 1717 3225 diues
1741 3193 1785 3223 C:
1823 3192 1948 3232 [solum

189 3242 367 3280 sapientem
389 3250 454 3274 esse
475 3243 635 3284 diuitem]
660 3244 685 3276 O
713 3261 746 3266 —-
774 3244 826 3275 30.
853 3245 1015 3277 audivisse
1038 3246 1062 3277 O
1090 3262 1125 3268 —
1152 3245 1205 3277 32.
1232 3245 1318 3284 quod
1341 3244 1369 3274 si
1387 3251 1521 3283 pauper
1544 3243 1624 3274 A¹V
1651 3259 1686 3265 —
1720 3244 1779 3272 aut
1801 3242 1827 3272 V
1853 3249 1944 3273 corr.

191 3298 233 3322 ex
255 3291 305 3323 ait
329 3307 363 3314 —
391 3291 444 3324 33.
464 3294 652 3332 possesstost
674 3294 729 3333 B13
757 3292 876 3326 malim
895 3295 1052 3334 possessio
1075 3296 1117 3327 sit
1142 3310 1177 3316 —
1204 3294 1256 3325 35.
1283 3296 1417 3333 appetat
1439 3292 1496 3325 hie
1521 3292 1559 3325 C.
