2249 3624
308 130 389 173 596
1021 133 1160 173 CATO
1191 133 1363 173 MAIOR

308 239 464 280 levium
497 245 584 287 est,
626 253 709 280 non
741 239 941 279 omnium.
1000 236 1068 278 37.
1101 238 1309 286 Quattuor
1339 239 1532 279 robustos
1563 239 1694 287 filios,
1735 240 1921 294 quinque
1952 240 2069 292 filias,

308 308 465 342 tantam
497 303 689 349 domum,
731 308 866 341 tantas
907 301 1123 340 clientelas
1163 301 1325 353 Appius
1367 301 1538 353 regebat
1577 308 1616 342 et
1653 316 1799 343 caecus
1837 309 1877 343 et
1910 297 2068 355 senex3

308 366 517 405 intentum
557 365 668 403 enim
709 363 894 403 animum
935 368 1149 415 tamquam
1188 376 1328 402 arcum
1357 363 1538 403 habebat
1568 378 1645 404 nec
1675 365 1950 418 languescens
1981 380 2072 408 suc-

309 427 529 468 cumbebat
559 425 775 466 senectuti.
836 424 1023 463 Tenebat
1062 437 1145 464 non
1178 425 1302 464 modo
1334 426 1648 474 auctoritatem,
1681 428 1754 466 sed
1787 427 1912 467 etiam
1943 428 2073 482 impe-

277 492 413 530 5rium
443 491 485 529 in
517 502 641 536 suos3
674 487 915 527 metuebant
936 486 1064 533 servi,
1088 487 1337 526 verebantur
1357 487 1490 535 liberi,
1513 501 1652 528 carum
1677 502 1823 529 omnes
1844 487 2072 540 habebant3

307 553 473 606 vigebat
510 553 550 591 in
589 551 660 590 illa
699 550 823 589 domo
862 562 951 588 mos
983 549 1140 602 patrius
1172 555 1214 589 et
1244 549 1480 602 disciplina.
1543 548 1612 589 38.
1648 551 1708 591 Ita
1740 551 1850 590 enim
1881 558 2072 594 senectus

306 616 482 655 honesta
514 619 598 660 est,
640 613 672 652 si
705 625 749 651 se
780 611 870 665 ipsa
901 610 1110 657 defendit,
1143 612 1177 651 si
1209 612 1274 651 ius
1306 626 1427 652 suum
1457 613 1633 660 retinet,
1665 613 1700 653 si
1732 613 1887 652 nemini
1919 616 2074 655 manci-

306 684 400 731 pata
442 682 525 724 est,
566 676 600 715 si
642 688 774 727 usque
814 674 864 713 ad
906 673 1101 712 ultimum
1141 674 1335 726 spiritum
1368 673 1606 715 dominatur
1636 675 1678 714 in
1711 689 1822 715 suos.
1883 676 1934 715 Ut
1963 677 2072 716 enim

306 739 643 784 adulescentem,
675 736 718 775 in
750 750 833 789 quo
866 741 929 775 est
960 735 1092 775 senile
1124 735 1305 789 aliquid,
1337 736 1397 776 sic
1429 750 1594 784 senem,
1627 738 1669 777 in
1702 751 1787 790 quo
1819 743 1882 778 est
1911 737 2072 792 aliquid

256 812 293 842 40
306 801 607 847 adulescentis,
639 799 771 853 probo
791 812 799 837 ε
833 798 946 851 quod
969 798 1041 851 qui
1064 798 1252 849 sequitur
1274 812 1449 851 corpore
1472 813 1602 839 senex
1624 813 1716 839 esse
1738 801 1908 852 poterit,
1931 802 2070 841 animo

305 877 532 917 numquam
564 863 654 902 erit.
715 861 926 914 Septimus
969 860 1068 900 mihi
1107 860 1212 899 liber
1245 860 1465 913 Originum
1498 868 1561 901 est
1590 862 1633 901 in
1665 862 1886 911 manibus3
1931 863 2072 904 omnia

304 926 564 978 antiquitatis
596 930 868 965 monumenta
899 923 1079 975 collig03
1126 936 1347 962 causarum
1377 924 1640 970 inlustrium,
1683 937 1969 978 quascumque
2001 925 2071 966 de-

303 987 440 1035 fendi,
472 1001 583 1027 nunc
614 1001 708 1027 cum
741 986 919 1026 maxime
952 985 1128 1024 conficio
1160 987 1398 1033 orationes3
1441 986 1506 1025 ius
1537 999 1765 1039 augurum,
1797 985 2070 1039 pontificium,

304 1050 424 1090 civile
455 1056 614 1097 tracto;
646 1049 823 1089 multum
857 1047 981 1087 etiam
1004 1047 1173 1086 Graecis
1205 1047 1353 1087 litteris
1375 1053 1470 1087 utor
1491 1048 1934 1102 Pythagoreorumque
1957 1063 2070 1090 more

254 1112 562 1153 ⁴5exercendae
594 1111 818 1151 memoriae
850 1110 1003 1162 gratia,
1047 1108 1147 1163 quid
1181 1123 1350 1163 quoque
1383 1109 1450 1150 die
1483 1110 1684 1157 dixerim,
1717 1110 1943 1159 audierim,
1978 1125 2072 1165 ege·

301 1175 402 1222 rim,
435 1187 716 1214 commemoro
748 1173 924 1226 vesperi.
985 1172 1074 1211 Hae
1106 1178 1201 1211 sunt
1232 1172 1557 1212 exercitationes
1590 1172 1768 1225 ingenii,
1809 1173 1912 1213 haec
1943 1174 2072 1214 curri-

302 1238 395 1278 cula
426 1238 601 1284 mentis3
636 1236 676 1275 in
710 1236 774 1275 his
807 1235 1018 1275 desudans
1050 1240 1178 1287 atque
1211 1234 1430 1275 elaborans
1463 1235 1650 1288 corporis
1677 1236 1785 1275 vires
1811 1249 1897 1275 non
1919 1249 2070 1289 magno

301 1313 429 1353 opere
460 1299 667 1340 desidero.
716 1297 874 1337 Adsum
905 1296 1064 1343 amicis,
1096 1297 1218 1336 venio
1250 1297 1294 1335 in
1325 1303 1515 1337 senatum
1545 1296 1744 1351 frequens
1776 1298 1967 1353 ultroque
1998 1299 2070 1340 ad-

298 1361 388 1402 fero
421 1376 485 1402 res
517 1362 692 1401 multum
725 1367 766 1401 et
797 1360 869 1399 diu
901 1359 1104 1412 cogitatas
1138 1372 1292 1412 easque
1325 1366 1446 1399 tueor
1475 1359 1624 1406 animi,
1655 1372 1740 1399 non
1763 1362 1949 1414 corporis
1972 1362 2070 1402 viri-

249 1425 389 1466 20bus.
452 1425 564 1473 Quas
596 1425 629 1464 si
663 1423 817 1477 exequi
850 1423 1093 1476 nequirem,
1136 1426 1274 1461 tamen
1306 1435 1371 1461 me
1403 1422 1581 1462 lectulus
1612 1436 1731 1462 meus
1764 1423 1992 1464 oblectaret
2021 1437 2069 1465 ea

297 1489 389 1542 ipsa
420 1489 692 1541 cogitantem,
727 1499 834 1540 quae
866 1486 947 1525 iam
979 1497 1101 1537 agere
1133 1497 1217 1522 non
1250 1497 1438 1537 possem,
1478 1483 1551 1523 sed
1585 1489 1629 1523 ut
1660 1484 1815 1537 possim
1847 1485 1947 1525 facit
1977 1492 2067 1526 acta

298 1552 393 1592 vita.
455 1552 627 1604 Semper
663 1549 773 1589 enim
813 1549 855 1587 in
891 1547 957 1587 his
989 1546 1138 1586 studiis
1173 1546 1475 1599 laboribusque
1508 1546 1660 1586 viventi
1692 1559 1778 1586 non
1809 1547 2068 1601 intellegitur

297 1614 466 1667 quando
498 1613 670 1665 obrepat
700 1616 907 1651 senectus.
967 1611 1028 1649 lta
1059 1609 1216 1649 sensim
1248 1609 1338 1648 sine
1371 1622 1495 1648 sensu
1527 1614 1642 1649 aetas
1674 1609 1856 1649 senescit
1891 1623 1969 1650 nec
1999 1623 2067 1651 su-

294 1676 382 1716 bito
413 1675 636 1728 frangitur,
669 1675 742 1714 sed
774 1673 1047 1713 diuturnitate
1079 1672 1351 1724 extinguitur.

245 1748 282 1778 25
408 1739 501 1778 XII.
546 1735 611 1776 39.
657 1736 854 1790 Sequitur
893 1735 1014 1775 tertia
1053 1734 1304 1787 vituperatio
1349 1735 1603 1782 senectutis,
1651 1734 1762 1787 quod
1804 1748 1895 1775 eam
1927 1747 2066 1775 carere

296 1802 443 1841 dicunt
473 1793 771 1853 voluptatibus.
832 1798 865 1838 O
899 1797 1158 1851 praeclarum
1192 1810 1342 1837 munus
1375 1797 1547 1844 aetatis,
1591 1797 1624 1837 si
1656 1796 1826 1850 quidem
1858 1797 1901 1836 id
1931 1796 2067 1837 aufert

294 1878 318 1905 a
348 1864 480 1911 nobis,
512 1862 626 1916 quod
657 1867 720 1902 est
750 1863 792 1901 in
823 1860 1111 1901 adulescentia
1143 1859 1475 1899 vitiosissimum.
1534 1859 1723 1913 Accipite
1755 1859 1886 1905 enim,
1920 1859 2064 1912 optimi

294 1927 607 1973 adulescentes,
646 1931 827 1964 veterem
868 1923 1098 1963 orationem
1139 1922 1342 1976 Archytae
1375 1923 1611 1970 Tarentini,
1656 1923 1796 1975 magni
1836 1921 1879 1961 in
1920 1922 2064 1974 primis

294 1997 335 2031 et
366 1989 565 2044 praeclari
596 1987 696 2034 viri,
741 2000 848 2039 quae
880 1985 981 2025 mihi
1013 1985 1164 2024 tradita
1195 1990 1279 2032 est,
1320 1999 1416 2025 cum
1448 1998 1583 2025 essem
1615 1984 1862 2024 adulescens
1895 1984 2064 2024 Tarenti

244 2061 281 2091 30
295 2067 388 2093 cum
421 2052 470 2100 Q.
502 2051 697 2091 Maximo.
758 2048 922 2088 Nullam
954 2047 1241 2100 capitaliorem
1274 2053 1434 2100 pestem
1472 2060 1595 2100 quam
1628 2047 1885 2100 voluptatem
1918 2060 2064 2100 corpo-

292 2116 348 2155 ris
379 2113 620 2154 hominibus
651 2112 815 2152 dicebat
845 2124 868 2151 a
898 2116 1045 2150 natura
1076 2109 1237 2157 datam,
1279 2111 1398 2150 cuius
1430 2110 1659 2162 voluptatis
1690 2108 1838 2150 avidae
1870 2109 2062 2149 libidines

291 2183 447 2217 temere
490 2181 530 2216 et
568 2174 777 2215 ecfrenate
816 2174 868 2213 ad
900 2172 1147 2226 potiendum
1178 2172 1465 2212 incitarentur.
1537 2169 1603 2211 40.
1636 2172 1744 2211 Hinc
1777 2172 1936 2224 patriae
1969 2185 2062 2226 pro-

294 2239 497 2286 ditiones,
528 2239 626 2278 hinc
657 2251 793 2277 rerum
825 2236 1087 2289 publicarum
1120 2235 1382 2283 eversiones,
1421 2235 1518 2275 hinc
1550 2248 1642 2274 cum
1673 2234 1864 2274 hostibus
1895 2234 2061 2274 clande-

379 2377 408 2407 ⁴.
435 2379 579 2415 quatuor
604 2375 625 2405 B
642 2375 653 2405 1
668 2375 690 2405 P
705 2374 725 2404 S
760 2390 794 2395 —
829 2373 916 2413 filios
939 2375 1068 2403 tantum
1092 2373 1235 2412 quinque
1258 2372 1282 2403 B
1298 2373 1308 2403 1
1325 2374 1348 2404 P
1381 2389 1415 2394 —
1454 2372 1484 2403 3.
1510 2373 1671 2404 intentum
1687 2390 1704 2395 -
1722 2390 1740 2395 -
1755 2372 1909 2404 senectuti
1932 2371 2060 2402 Nonius

290 2436 323 2468 p.
343 2426 417 2464 329,
438 2426 477 2457 3⁴2
513 2443 547 2447 —
585 2425 745 2464 lanyuens
769 2422 872 2454 codd.
900 2422 999 2453 Nonii
1033 2438 1068 2444 —
1107 2422 1334 2453 subcumbebac
1358 2423 1382 2453 B
1421 2440 1456 2444 —
1494 2421 1525 2454 4.
1550 2426 1710 2454 senectute
1735 2423 1757 2453 P
1795 2439 1830 2444 -
1868 2423 1900 2453 5.
1925 2429 2058 2452 reuere-

290 2476 411 2507 baneur
434 2476 491 2507 ER
531 2493 562 2497 —
602 2475 632 2505 6.
651 2473 783 2504 uiuebat
808 2473 832 2503 R
861 2491 892 2494 —
931 2473 967 2503 in
991 2472 1049 2502 illa
1073 2473 1168 2504 domo
1191 2481 1261 2503 mos
1286 2473 1363 2504 ER:
1391 2472 1425 2503 in
1441 2472 1497 2503 illo
1514 2473 1645 2503 animus
1668 2472 1784 2504 BIPS
1818 2489 1852 2494 —
1883 2471 2014 2510 patrias
2037 2471 2060 2502 P

293 2544 325 2549 -
354 2530 383 2558 et
406 2535 475 2557 om.
496 2527 519 2557 P
552 2542 586 2546 —
620 2525 670 2555 Ila
694 2525 780 2555 enim
803 2526 947 2554 senectus
962 2539 1010 2545 -—
1027 2523 1218 2553 dominatur
1241 2522 1373 2554 Nonius
1399 2522 1472 2559 405,
1491 2522 1528 2552 47
1563 2540 1593 2544 —
1626 2522 1658 2553 7.
1685 2521 1809 2553 nemini
1832 2521 1853 2552 S
1878 2521 1912 2552 in
1936 2527 2057 2551 rasura

288 2575 412 2612 habet,
449 2576 547 2607 menti
579 2576 654 2611 ΒΡ,
691 2575 717 2605 si
740 2583 830 2604 mens
853 2576 1017 2612 occupata
1040 2577 1084 2604 est
1119 2574 1149 2608 1;
1194 2572 1316 2604 nemini
1339 2572 1551 2610 emancipata
1574 2574 1622 2603 esc
1657 2572 1788 2602 Nonius
1832 2588 1866 2592 —
1907 2569 1939 2601 8.
1964 2569 2060 2609 spiri-

287 2629 355 2657 tum
377 2627 528 2656 ultimum
553 2626 577 2657 R
606 2643 639 2648 —
667 2625 858 2655 dominatur
882 2624 911 2654 in
936 2623 1021 2662 suos]
1046 2623 1199 2654 uendit-at
1220 2623 1342 2653 iustam
1366 2623 1377 2652 1
1407 2639 1439 2644 —
1468 2621 1497 2652 9.
1525 2621 1642 2661 aliquit
1666 2621 1765 2652 senile
1788 2624 1833 2652 est
1857 2621 1891 2657 13
1918 2623 1963 2651 est
1986 2628 2056 2651 om.

288 2676 313 2706 Ο
342 2694 372 2697 -
409 2676 534 2714 aliquid
559 2677 655 2712 (ante
673 2674 776 2713 adul.)
803 2682 872 2705 om.
893 2674 917 2704 R
951 2690 984 2695 —
1022 2673 1073 2704 40.
1101 2674 1272 2704 adolescen
1296 2673 1336 2703 tis
1360 2672 1380 2703 S
1412 2680 1493 2703 cum
1523 2671 1647 2702 lacuna
1680 2671 1785 2702 trium
1814 2669 1994 2702 literarum
2021 2686 2055 2691 —

286 2729 439 2765 sequetur
461 2726 486 2757 R
515 2743 548 2747 —
585 2726 636 2755 Μ.
663 2724 743 2755 liber
767 2724 934 2764 oriqinum
959 2726 1004 2754 ese
1028 2723 1194 2754 EIPRS:
1222 2722 1303 2753 liber
1326 2725 1372 2753 est
1396 2722 1566 2761 oriyinztm
1589 2722 1634 2759 B,
1662 2721 1838 2761 Originum
1860 2720 1941 2752 liber
1964 2722 2010 2751 est
2032 2718 2056 2750 Ο

289 2792 324 2797 -·
352 2777 385 2806 in
410 2784 479 2806 om.
500 2775 554 2806 ΒΞ
582 2791 616 2796 -
646 2774 694 2804 1¹27..
723 2774 925 2804 monimenta
950 2773 1026 2804 BIS
1053 2789 1086 2793 —
1117 2772 1167 2803 43.
1194 2781 1281 2802 nunc
1305 2781 1406 2811 quam
1429 2772 1577 2802 mazime
1602 2772 1625 2802 C
1653 2771 1728 2809 (sed
1745 2771 1766 2800 S
1782 2779 1862 2801 nam
1879 2778 1941 2811 pro
1958 2778 2055 2807 nune,

285 2825 319 2856 in
344 2825 368 2856 F.
394 2827 447 2856 est
471 2833 570 2864 quam
595 2832 671 2864 sup.
689 2822 759 2862 lin.)
787 2840 821 2844 —
856 2824 1001 2854 rationes
1024 2823 1062 2859 S,
1091 2822 1232 2852 rationis
1256 2822 1279 2852 B
1309 2839 1342 2843 —-
1375 2830 1546 2862 augurum
1570 2822 1594 2852 B
1611 2821 1756 2852 EIPS:
1788 2820 1970 2860 augurium
1992 2817 2055 2850 ΒΟ

288 2890 323 2895 -
357 2875 547 2913 pontificum
572 2874 652 2904 BEI
687 2890 720 2894 -—
761 2872 812 2904 44.
839 2874 872 2903 in
896 2872 1002 2912 yrecis
1024 2872 1141 2902 litteris
1166 2872 1208 2909 E,
1243 2871 1361 2902 limeris
1382 2871 1488 2911 yrecis
1512 2871 1537 2902 R
1574 2888 1606 2893 -—
1639 2870 1985 2910 Pythaqoreorumque
2007 2883 2055 2890 —-

283 2924 409 2963 uesperi
433 2924 563 2954 Nonius
588 2923 640 2961 91,
662 2923 700 2954 40
735 2940 769 2944 »-
810 2924 860 2953 «15.
887 2930 1016 2961 quoque
1040 2922 1180 2952 BEPS:
1210 2929 1273 2959 qno
1298 2922 1344 2957 R,
1370 2929 1439 2951 una
1463 2928 1592 2960 quoque
1616 2920 1627 2950 l
1662 2937 1696 2941 —
1732 2919 1784 2950 46.
1810 2927 1943 2958 uespere
1966 2917 1990 2949 E
2017 2933 2050 2939 —

282 2974 360 3005 heae
383 2974 407 3004 B
445 2991 478 2994 —
516 2974 570 3004 hec
593 2975 669 3003 sunt
691 2981 784 3007 eurr,
808 2973 833 3003 B
868 2989 902 2993 —
945 2972 996 3002 47.
1023 2978 1223 3010 magnopere
1251 2970 1274 3001 C
1311 2987 1346 2992 -
1385 2970 1437 3002 48.
1464 2971 1552 3001 ultro
1578 2971 1616 3001 R¹
1647 2987 1683 2992 —
1721 2969 1774 3000 20.
1802 2977 1884 3008 quas
1907 2967 2048 2999 BIPS:

283 3031 369 3062 quae
392 3023 484 3054 ERO
511 3040 545 3044 —
572 3031 622 3054 me
646 3024 725 3062 post
748 3031 838 3052 meus
861 3020 967 3051 habet
993 3021 1016 3055 Ι,
1043 3023 1122 3061 post
1146 3020 1257 3052 oblecc.
1287 3021 1324 3058 R,
1351 3021 1414 3051 sed
1441 3021 1489 3052 sic
1516 3029 1581 3060 sup
1614 3019 1671 3051 lin.
1702 3037 1735 3041 -
1763 3027 1854 3049 meus
1877 3017 1988 3048 oblect.
2007 3016 2050 3047 C:

282 3072 393 3103 oblect.
411 3081 500 3102 meus
523 3073 547 3102 O
576 3090 609 3093 —
643 3072 696 3103 24.
723 3081 786 3102 non
807 3080 940 3110 possum
962 3070 1022 3102 BE
1051 3088 1084 3092 —
1118 3071 1170 3100 Ὦ.
1197 3072 1284 3101 enim
1309 3079 1378 3101 om.
1401 3071 1424 3102 E
1449 3089 1491 3093 —
1525 3070 1578 3101 23.
1606 3069 1742 3108 obrepat
1766 3070 1789 3100 P
1814 3076 1906 3099 corr.
1933 3075 1973 3098 ex
1996 3065 2053 3097 ob·-

280 3123 390 3160 reptat
419 3139 448 3142 —
484 3121 535 3151 25.
563 3124 720 3158 sequatur
746 3119 812 3151 138¹
838 3138 871 3142 —
907 3120 961 3150 27.
988 3129 1010 3150 a
1034 3118 1124 3149 nobis
1147 3119 1282 3151 BIPS:
1310 3119 1400 3150 nobis
1425 3119 1518 3150 ERO
1557 3137 1592 3141 —
1625 3119 1678 3150 28.
1706 3118 1922 3149 adolescentes
1943 3114 2054 3155 oplimi

282 3171 418 3210 (optumi
434 3170 465 3208 S)
491 3171 545 3200 BS
575 3188 606 3191 -
635 3170 758 3200 arc-hire
784 3171 828 3201 IP
856 3187 890 3192 -—
918 3169 970 3199 30.
998 3168 1146 3207 corporis
1169 3168 1371 3207 voluptatem
1395 3170 1420 3200 O
1447 3186 1481 3190 —-
1510 3169 1563 3200 31.
1590 3169 1776 3208 uoluptates
1799 3168 1823 3199 E
1852 3186 1885 3191 -
1913 3164 2053 3197 libidinis

280 3220 318 3251 Ει
346 3238 379 3242 -
407 3220 528 3250 auidae
545 3236 591 3241 -—
608 3219 829 3250 incilarentur
853 3219 1031 3251 Charisius
1055 3218 1192 3258 p.1t98,
1212 3218 1251 3249 30
1277 3218 1314 3250 Κ.
1345 3236 1376 3242 -
1415 3218 1467 3250 3-2.
1492 3219 1688 3259 potiundam
1711 3218 1758 3249 10
1792 3233 1826 3239 —
1867 3215 1918 3247 33.
1939 3213 2052 3255 pupli-

280 3277 397 3300 carum
419 3269 447 3301 R
474 3286 508 3292 -
534 3269 743 3310 glandestina
766 3271 814 3301 P¹.
