2249 3624
305 114 358 156 84
687 113 756 154 DE
787 111 995 153 FINIBUS
1026 110 1288 152 BONORUM
1317 111 1387 152 ET
1416 111 1683 153 MALORUM

306 231 418 270 tione
456 241 594 282 neque
631 225 936 279 disputatione,
974 237 1097 278 quam
1129 225 1181 264 ob
1217 238 1303 264 rem
1333 225 1527 278 voluptas
1559 224 1812 278 expetenda,
1841 222 2065 277 fugiendus

306 294 427 333 dolor
457 293 522 333 sit.
573 290 728 331 Sentiri
757 289 861 328 haec
899 292 1034 341 putat,
1073 293 1118 327 ut
1149 287 1282 327 calere
1313 288 1471 340 ignem,
1501 289 1641 330 nivem
1672 302 1763 329 0550
1795 286 1953 334 albam,
1985 285 2066 327 mel

306 356 441 403 dulce,
468 367 645 408 quorum
666 351 772 391 nihil
795 357 988 404 oportere
1012 350 1229 403 exquisitis
1252 351 1483 391 rationibus
1507 350 1764 398 confirmare,
1796 354 1956 391 tantum
1974 361 2066 389 esse

304 419 403 459 satis
440 417 687 462 admonere3
727 415 931 454 interesse
962 413 1073 452 enim
1110 413 1219 452 inter
1251 419 1541 466 argumentum
1573 414 1971 466 conclusionemque
2002 424 2068 452 ra-

271 482 427 521 5tionis
459 485 500 520 et
528 480 636 519 inter
666 476 918 516 mediocrem
950 475 1358 516 animadversionem
1387 482 1512 531 atque
1544 476 1898 525 admonitionem3
1939 475 2069 515 altera

303 543 467 584 occulta
497 541 701 596 quaedam
732 544 774 579 et
804 539 924 592 quasi
955 539 1143 578 involuta
1171 539 1345 591 aperiri,
1384 539 1514 579 altera
1543 544 1733 594 prompta
1763 543 1803 578 et
1833 543 1977 591 aperta
2006 537 2070 577 iu-

301 605 444 646 dicari.
501 603 668 644 Etenim
708 602 906 657 quoniam
943 601 1138 641 detractis
1170 601 1221 641 de
1252 601 1422 641 homine
1453 603 1645 642 sensibus
1676 602 1827 655 reliqui
1856 601 1961 640 nihil
1993 606 2068 650 est,

300 682 472 709 necesse
503 672 588 715 est,
620 665 721 719 quid
751 670 823 705 aut
852 664 905 704 ad
935 668 1127 703 naturam
1157 668 1228 703 aut
1258 669 1403 704 contra
1434 665 1500 712 sit,
1534 678 1557 704 a
1578 670 1726 705 natura
1755 664 1847 717 ipsa
1876 664 2067 704 iudicari.

298 733 359 772 Ea
398 731 499 784 quid
543 729 719 784 percipit
764 732 836 767 aut
874 726 974 780 quid
1012 726 1189 773 iudicat,
1229 740 1311 781 quo
1352 732 1422 767 aut
1461 732 1577 780 petat
1616 732 1688 767 aut
1724 726 1857 780 fugiat
1896 727 2068 780 aliquid,

249 798 462 847 10praeter
491 793 749 845 voluptatem
781 788 1072 835 etdolorem‘?
1133 786 1197 828 31.
1232 790 1338 829 Sunt
1367 795 1503 830 autem
1536 790 1706 844 quidam
1737 804 1758 829 e
1786 789 1965 837 nostris,
1997 790 2068 842 qui

296 858 401 897 haec
439 855 635 896 subtilius
674 854 805 895 velint
844 855 1007 893 tradere
1047 857 1086 891 et
1124 857 1280 904 negent
1310 853 1409 892 satis
1441 865 1558 900 esse,
1597 852 1696 905 quid
1726 852 1884 892 bonum
1916 852 1969 892 sit
1999 857 2070 892 aut

297 920 395 975 quid
426 919 594 967 malum,
626 930 753 958 sensu
784 916 980 962 iudicari,
1012 915 1086 955 sed
1118 915 1257 954 animo
1290 916 1416 954 etiam
1447 928 1494 955 ac
1516 915 1678 954 ratione
1709 914 1898 967 intellegi
1928 928 2068 968 posse,

298 988 339 1023 et
369 982 628 1035 voluptatem
666 980 802 1032 ipsam
842 992 917 1031 per
952 991 996 1018 se
1028 991 1119 1017 esse
1152 978 1431 1031 expetendam
1463 983 1504 1017 et
1534 978 1719 1017 dolorem
1750 979 1888 1031 ipsum
1919 992 1994 1031 per
2024 991 2068 1018 se

297 1060 389 1087 esse
429 1043 689 1098 fugiendum.
748 1043 891 1096 Itaque
930 1042 1048 1081 aiunt
1086 1041 1195 1080 hanc
1234 1040 1354 1093 quasi
1391 1040 1625 1080 naturalem
1664 1045 1788 1094 atque
1827 1040 1995 1081 insitam
2025 1041 2068 1080 in

249 1109 446 1150 15311111115
485 1107 641 1147 nostris
676 1105 816 1144 inesse
855 1104 1092 1150 notionem,
1134 1108 1179 1142 ut
1218 1102 1392 1142 alterum
1424 1116 1517 1142 esse
1549 1102 1854 1156 appetendum,
1892 1104 2069 1143 alterum

297 1171 606 1226 aspernandum
638 1168 880 1209 sentiamus.
940 1167 1021 1206 Alii
1054 1170 1211 1212 autem,
1245 1165 1396 1218 quibus
1429 1178 1505 1217 ego
1537 1165 1763 1213 assentior,
1799 1179 1891 1205 cum
1925 1178 1949 1204 a
1978 1165 2071 1218 phi-

296 1234 486 1288 losophis
526 1231 810 1285 compluribus
853 1229 1061 1282 permulta
1101 1227 1311 1275 dicantur,
1353 1241 1426 1267 cur
1455 1241 1533 1267 nec
1565 1227 1758 1280 voluptas
1788 1228 1830 1268 in
1861 1227 1984 1268 bonis
2016 1227 2072 1267 sit

295 1295 555 1337 numeranda
592 1308 670 1334 nec
708 1293 752 1332 in
790 1292 912 1332 malis
950 1291 1087 1338 dolor,
1134 1304 1218 1330 11011
1261 1290 1501 1330 existimant
1540 1295 1733 1343 oportere
1776 1290 1953 1330 nimium
1993 1303 2069 1329 nos

297 1373 449 1401 causae
481 1356 712 1404 confidere,
745 1355 817 1395 sed
851 1360 891 1394 et
921 1352 1295 1406 argumentandum
1329 1358 1367 1392 et
1399 1358 1589 1392 accurate
1613 1350 1903 1393 disserendum
1934 1356 1976 1392 et
2005 1365 2070 1392 ra-

246 1424 481 1464 2011011111115
512 1419 762 1474 conquisitis
794 1417 846 1457 (10
878 1417 1092 1469 voluptate
1125 1421 1166 1455 et
1197 1415 1340 1455 dolore
1372 1415 1669 1468 disputandum
1700 1420 1862 1469 putant.

408 1487 461 1526 X.
488 1482 558 1524 32.
589 1482 672 1523 Sed
702 1486 747 1521 ut
779 1479 1055 1533 perspiciatis‚
1086 1478 1198 1517 unde
1231 1479 1365 1518 omnis
1396 1477 1475 1517 iste
1507 1484 1628 1518 natus
1660 1492 1776 1518 error
1807 1479 1860 1519 sit
1880 1478 2070 1532 volupta-

295 1556 380 1591 tem
421 1546 708 1589 accusantium
753 1543 1030 1594 doloremque
1072 1541 1355 1588 laudantium,
1401 1546 1526 1580 totam
1569 1555 1658 1581 rem
1704 1542 1890 1595 aperiam
1935 1555 2070 1595 eaque

295 1614 404 1666 ipsa,
447 1622 554 1664 quae
594 1608 644 1648 ab
685 1607 758 1646 illo
799 1606 1020 1646 inventore
1060 1604 1247 1644 veritatis
1288 1609 1327 1643 et
1369 1604 1489 1657 quasi
1524 1604 1752 1645 architecto
1783 1605 1929 1644 beatae
1960 1604 2069 1644 vitae

297 1675 407 1715 dicta
438 1678 558 1720 sunt,
591 1669 824 1724 explicabo.
874 1670 1004 1707 Nemo
1038 1666 1148 1707 enim
1180 1666 1313 1719 ipsam
1345 1666 1629 1718 voluptatem,
1662 1667 1761 1720 quia
1782 1667 1975 1720 voluptas
2002 1666 2070 1713 sit,

245 1744 282 1773 25
297 1740 544 1791 aspernatur
583 1738 655 1773 aut
687 1731 774 1772 odit
805 1734 876 1770 aut
904 1729 1030 1782 fugit,
1070 1729 1143 1768 sed
1175 1730 1273 1782 quia
1304 1734 1584 1769 consecuntur
1613 1730 1752 1782 magni
1784 1729 1949 1770 dolores
1982 1743 2069 1776 eos,

296 1800 367 1854 qui
405 1798 566 1838 ratione
605 1795 864 1847 voluptatem
903 1793 1022 1845 sequi
1061 1792 1278 1839 nesciunt3
1320 1804 1460 1844 neque
1491 1804 1617 1843 porro
1650 1792 1872 1845 quisquam
1903 1796 1967 1832 est
1997 1791 2071 1845 qui

297 1862 483 1903 dolorem
514 1860 676 1913 ipsum,
718 1857 816 1910 quia
847 1856 967 1895 dolor
1004 1855 1079 1902 sit,
1119 1859 1249 1901 amet,
1293 1858 1580 1901 consectetur,
1626 1853 1802 1906 adipisci
1832 1854 1956 1902 velit,
1997 1852 2071 1893 sed

297 1926 398 1979 quia
441 1936 527 1963 non
566 1932 798 1974 numquam
838 1919 928 1958 01115
971 1917 1083 1957 modi
1126 1922 1315 1969 tempora
1344 1915 1557 1963 incidunt,
1603 1922 1650 1956 ut
1679 1917 1822 1957 labore
1854 1922 1895 1958 et
1925 1916 2070 1957 dolore

297 1999 490 2041 magnam
521 1984 707 2038 aliquam
740 1985 913 2036 quaerat
942 1981 1213 2033 voluptatem.
1261 1980 1312 2019 Ut
1343 1979 1455 2019 enim
1486 1980 1537 2018 ad
1564 1980 1734 2020 minima
1755 1980 1940 2028 veniam,
1976 1979 2071 2032 quis

246 2056 283 2086 30
298 2056 488 2091 nostrum
529 2045 872 2087 exercitationem
902 2044 1031 2083 ullam
1063 2043 1252 2095 corporis
1284 2042 1460 2094 suscipit
1490 2041 1767 2090 laboriosam,
1808 2042 1891 2083 nisi
1921 2047 1967 2082 ut
1997 2041 2072 2081 ali-

298 2112 398 2167 quid
438 2125 490 2152 ex
527 2123 575 2150 ea
614 2107 821 2149 commodi
853 2107 1164 2159 consequatur?
1207 2105 1300 2158 quis
1332 2109 1470 2144 autem
1500 2105 1566 2144 vel
1598 2118 1693 2144 eum
1723 2105 1813 2144 iure
1844 2103 2070 2158 reprehen-

298 2176 428 2223 derit,
460 2174 532 2228 qui
562 2174 605 2213 in
637 2185 684 2212 ea
715 2170 927 2223 voluptate
959 2169 1060 2209 velit
1090 2181 1204 2215 esse,
1237 2180 1363 2220 quam
1393 2167 1499 2206 nihil
1531 2167 1744 2207 molestiae
1771 2170 2068 2220 consequatur,

296 2239 365 2279 vel
394 2237 534 2284 illum,
567 2235 640 2290 qui
673 2233 862 2274 dolorem
894 2245 990 2271 eum
1019 2231 1171 2284 fugiat,
1204 2243 1287 2283 quo
1311 2230 1503 2282 voluptas
1533 2230 1648 2269 nulla
1673 2229 1884 2283 pariatur?
1929 2227 1995 2269 33.
2017 2230 2070 2269 At

298 2314 397 2341 vero
431 2313 503 2340 eos
535 2303 576 2338 et
607 2309 851 2338 accusamus
883 2300 924 2334 et
954 2295 1063 2334 iusto
1096 2294 1193 2333 odio
1226 2292 1491 2345 dignissimos
1515 2291 1727 2339 ducimus,
1760 2291 1833 2345 qui
1853 2291 2069 2332 blanditiis

248 2370 284 2398 35
299 2361 581 2417 praesentium
621 2360 883 2412 voluptatum
925 2356 1095 2396 deleniti
1133 2361 1259 2409 atque
1302 2354 1507 2406 corrupti,
1553 2368 1658 2407 quos
1695 2353 1862 2394 dolores
1893 2359 1935 2395 et
1965 2367 2069 2409 quas

300 2425 514 2465 molestias
547 2422 765 2475 excepturi
795 2421 897 2467 sint,
939 2419 1151 2459 obcaecati
1184 2417 1413 2470 cupiditate
1444 2430 1529 2457 non
1568 2416 1814 2470 provident,
1854 2417 2069 2471 similique

300 2492 396 2527 sunt
440 2486 484 2525 in
525 2485 668 2537 culpa,
714 2483 786 2537 qui
829 2481 968 2521 officia
1008 2480 1206 2520 deserunt
1236 2479 1413 2519 mollitia
1444 2478 1595 2526 animi,
1640 2477 1683 2518 id
1715 2483 1777 2518 est
1806 2479 1997 2519 laborum
2029 2483 2071 2519 et

300 2549 495 2589 dolorum
524 2547 638 2600 fuga.
689 2547 741 2585 Et
772 2545 922 2584 harum
945 2542 1114 2596 quidem
1146 2555 1284 2582 rerum
1314 2541 1448 2581 facilis
1471 2547 1531 2580 est
1553 2546 1594 2581 et
1615 2541 1815 2594 expedita
1836 2541 2069 2588 distinctim

300 2625 394 2652 nam
425 2611 558 2651 libero
589 2616 799 2663 tempore,
831 2621 925 2648 cum
957 2606 1093 2646 soluta
1123 2605 1245 2644 nobis
1277 2609 1339 2644 est
1369 2604 1551 2656 eligendi
1582 2603 1719 2655 optio,
1755 2616 1935 2657 cumque
1965 2602 2070 2642 nihil

250 2673 496 2728 40impedit,
538 2686 621 2727 quo
653 2672 792 2712 minus
823 2671 887 2718 id,
919 2669 1034 2723 quod
1064 2667 1245 2708 maxime
1275 2667 1454 2720 placeat,
1494 2665 1632 2705 facere
1662 2665 1896 2719 possimus,
1935 2664 2068 2706 omnis

388 2847 419 2878 2.
438 2846 517 2877 hacc
532 2846 575 2876 A:
602 2845 661 2875 hoc
684 2844 784 2875 BMO
803 2861 837 2865 —
856 2842 919 2874 mel
934 2842 1026 2873 dulce
1042 2842 1087 2873 A:
1114 2841 1206 2872 dulce
1222 2840 1283 2871 mel
1299 2840 1322 2871 B
1335 2840 1398 2871 ΜΟ
1419 2857 1451 2862 -
1473 2839 1502 2871 3.
1522 2842 1672 2879 oportere
1688 2837 1795 2871 Aldus
1812 2846 1943 2881 nepos:
1968 2847 2069 2880 opor-

301 2900 380 2929 101·οι
404 2896 506 2927 codd.
528 2913 563 2917 ——
590 2898 717 2926 tantum
741 2903 810 2926 om.
830 2894 854 2925 B
883 2911 918 2916 -—
945 2901 1009 2924 05εο
1032 2891 1111 2922 salis
1134 2893 1179 2922 A:
1206 2890 1287 2920 salis
1309 2898 1374 2921 0550
1397 2890 1496 2920 BMO
1524 2906 1558 2912 -—
1586 2889 1617 2921 4.
1644 2890 1730 2920 inter
1754 2898 1822 2921 om.
1850 2890 1874 2921 B
1900 2907 1935 2912 —
1962 2898 2069 2930 argu-

300 2950 507 2985 mentumque
529 2947 571 2983 133
603 2948 851 2985 auqmcnlalum
875 2945 901 2975 A
920 2960 954 2965 ——
981 2943 1013 2974 5.
1040 2941 1312 2972 ammonicionem
1335 2941 1358 2971 B
1374 2941 1397 2971 E
1416 2958 1458 2963 —-
1482 2941 1513 2971 6.
1540 2939 1682 2970 11(ᾱὲοανὶ
1705 2939 1786 2970 AB:
1814 2939 1959 2970 indicari
1984 2939 2009 2969 O
2028 2955 2063 2960 -

300 2998 331 3028 7.
352 2995 518 3036 quoniam]
537 3004 600 3035 quo
617 2996 641 3025 B
662 3012 695 3015 —
723 2996 753 3025 8.
774 2995 851 3033 quid
875 2993 919 3024 acl
943 2995 1099 3023 naturam
1118 2991 1197 3031 (om.
1217 2990 1284 3028 aul)
1305 2991 1345 3027 B;
1373 2990 1451 3029 quid
1471 2993 1584 3029 aptum
1601 2990 1645 3020 acl
1661 2992 1821 3020 naturam
1839 2989 2008 3019 Graserus
2028 3005 2063 3009 —

300 3047 332 3077 9.
351 3047 403 3077 Ea
426 3046 505 3084 quid
529 3046 611 3076 AC:
644 3045 683 3074 Εἰ
707 3044 785 3083 quid
810 3045 848 3079 133
883 3042 1011 3082 Ecquid
1041 3042 1065 3072 Ο
1093 3058 1128 3062 -
1161 3044 1218 3070 aza!
1241 3040 1320 3079 ([11ὶά
1343 3041 1367 3070 A
1387 3040 1432 3069 13:
1471 3040 1585 3079 ecquid
1608 3041 1634 3071 O
1668 3057 1703 3062 ——
1742 3039 1793 3071 43.
1819 3039 1927 3078 ipsum
1950 3046 2012 3077 pet·
2034 3046 2066 3068 sc

297 3096 405 3135 ipsum
433 3103 498 3126 csse
523 3095 546 3125 B
580 3111 614 3115 -
649 3094 701 3125 15.
726 3093 836 3133 inesse]
862 3101 927 3123 csse
951 3093 974 3122 Β
1003 3108 1038 3113 -
1067 3091 1116 3121 17.
1142 3098 1243 3128 quarn
1261 3089 1412 3128 pluribus
1434 3090 1458 3120 B
1486 3107 1521 3112 —-<
1548 3090 1659 3120 (1100111
1683 3090 1705 3121 Β
1733 3106 1768 3111 -e-
1795 3097 1853 3120 ‘nec
1877 3096 1947 3119 om.
1974 3087 1998 3118 E
2029 3105 2064 3110 —

301 3147 353 3178 48.
380 3155 437 3177 nec
460 3145 504 3185 in]
537 3153 576 3176 ac
604 3144 637 3174 1η
661 3144 684 3174 B
713 3161 748 3164 -
775 3144 826 3173 49.
853 3144 908 3173 scd
931 3151 999 3173 (1111.
1027 3142 1050 3172 B
1077 3158 1111 3162 —
1138 3141 1191 3170 ⁶21.
1218 3148 1312 3170 orror
1334 3140 1374 3170 sit
1398 3142 1442 3170 A:
1468 3141 1495 3170 si
1518 3149 1613 3171 error
1636 3141 1680 3177 133
1707 3140 1748 3171 sit
1770 3146 1867 3170 error
1890 3137 2000 3169 EMO
2026 3153 2061 3158 —-

300 3197 352 3227 28.
379 3196 490 3226 dolore
518 3197 546 3225 01
573 3194 686 3224 labore
712 3194 735 3223 B
769 3210 802 3214 —
842 3193 893 3224 30.
920 3192 1057 3231 suscepit
1088 3190 1152 3221 ΒΕ
1180 3206 1214 3211 -
1248 3190 1300 3221 32.
1327 3189 1407 3229 quia
1435 3198 1508 3219 mea
1540 3190 1563 3220 Ε
1596 3206 1630 3211 --
1664 3189 1716 3221 33.
1743 3188 1820 3229 quo]
1852 3187 1931 3227 quid
1959 3183 1998 3217 Α1
2026 3202 2062 3207 —-

301 3244 352 3278 34.
379 3243 555 3285 blanditiis]
576 3243 802 3284 pet-blanditus
826 3243 882 3275 ΒΕ
903 3260 937 3265 -r-
965 3242 1017 3275 35.
1043 3240 1166 3273 delinili
1190 3240 1248 3271 BE
1270 3257 1304 3261 —
1333 3238 1385 3272 4-0.
1407 3238 1538 3279 placeat
1561 3239 1708 3273 maxime
1730 3238 1754 3272 B
1773 3254 1809 3263 -·
1831 3244 2003 3279 possumus
2026 3235 2065 3266 B.
