<?xml version="1.0" encoding="UTF-8"?>
<!DOCTYPE html PUBLIC "-//W3C//DTD XHTML 1.0 Transitional//EN"
    "http://www.w3.org/TR/xhtml1/DTD/xhtml1-transitional.dtd">
<html xmlns="http://www.w3.org/1999/xhtml" xml:lang="en" lang="en">
 <head>
  <title>
</title>
<meta http-equiv="Content-Type" content="text/html;charset=utf-8" />
  <meta name='ocr-system' content='tesseract 3.04.00' />
  <meta name='ocr-capabilities' content='ocr_page ocr_carea ocr_par ocr_line ocrx_word'/>
</head>
<body>
  <div class='ocr_page' id='page_1' title='image "./operaquaesupersu04ciceuoft_1144.png"; bbox 0 0 2249 3624; ppageno 0'>
   <div class='ocr_carea' id='block_1_1' title="bbox 287 195 1302 239">
    <p class='ocr_par' dir='ltr' id='par_1_1' title="bbox 287 195 1302 239">
     <span class='ocr_line' id='line_1_1' title="bbox 287 195 1302 239; baseline -0.002 0"><span class='ocrx_word' id='word_1_1' title='bbox 287 195 394 239; x_wconf 73' lang='lat'>4048</span> <span class='ocrx_word' id='word_1_2' title='bbox 1022 196 1302 238; x_wconf 88' lang='lat' dir='ltr'>CICERONIS</span> 
     </span>
    </p>
   </div>
   <div class='ocr_carea' id='block_1_2' title="bbox 233 300 2039 667">
    <p class='ocr_par' dir='ltr' id='par_1_2' title="bbox 233 300 2039 667">
     <span class='ocr_line' id='line_1_2' title="bbox 384 300 1824 354; baseline -0.001 -12"><span class='ocrx_word' id='word_1_3' title='bbox 384 305 451 342; x_wconf 91' lang='lat' dir='ltr'>Tu</span> <span class='ocrx_word' id='word_1_4' title='bbox 478 314 699 354; x_wconf 89' lang='lat' dir='ltr'>quoque,</span> <span class='ocrx_word' id='word_1_5' title='bbox 730 302 812 353; x_wconf 89' lang='lat' dir='ltr'>qui</span> <span class='ocrx_word' id='word_1_6' title='bbox 840 301 1042 341; x_wconf 87' lang='lat' dir='ltr'>Latium</span> <span class='ocrx_word' id='word_1_7' title='bbox 1070 300 1208 339; x_wconf 89' lang='lat' dir='ltr'>lecto</span> <span class='ocrx_word' id='word_1_8' title='bbox 1238 311 1502 351; x_wconf 85' lang='lat' dir='ltr'>sermone,</span> <span class='ocrx_word' id='word_1_9' title='bbox 1533 301 1739 340; x_wconf 86' lang='lat' dir='ltr'>Terenti</span> <span class='ocrx_word' id='word_1_10' title='bbox 1777 323 1824 330; x_wconf 97' lang='lat'><strong>—</strong></span> 
     </span>
     <span class='ocr_line' id='line_1_3' title="bbox 383 363 1488 417; baseline -0.004 -12"><span class='ocrx_word' id='word_1_11' title='bbox 383 367 442 404; x_wconf 92' lang='lat' dir='ltr'>Tu</span> <span class='ocrx_word' id='word_1_12' title='bbox 471 377 657 417; x_wconf 87' lang='lat' dir='ltr'>quoque,</span> <span class='ocrx_word' id='word_1_13' title='bbox 688 366 754 416; x_wconf 89' lang='lat' dir='ltr'>qui</span> <span class='ocrx_word' id='word_1_14' title='bbox 783 364 893 403; x_wconf 90' lang='lat' dir='ltr'>solus</span> <span class='ocrx_word' id='word_1_15' title='bbox 922 363 1026 403; x_wconf 89' lang='lat' dir='ltr'>lecto</span> <span class='ocrx_word' id='word_1_16' title='bbox 1055 375 1270 412; x_wconf 78' lang='lat' dir='ltr'>sermone,</span> <span class='ocrx_word' id='word_1_17' title='bbox 1299 363 1488 413; x_wconf 78' lang='lat' dir='ltr'>Terenti,</span> 
     </span>
     <span class='ocr_line' id='line_1_4' title="bbox 285 425 1480 479; baseline -0.003 -12"><span class='ocrx_word' id='word_1_18' title='bbox 285 430 535 468; x_wconf 76' lang='lat' dir='ltr'>Conversum</span> <span class='ocrx_word' id='word_1_19' title='bbox 564 440 892 479; x_wconf 85' lang='lat' dir='ltr'>expressumque</span> <span class='ocrx_word' id='word_1_20' title='bbox 919 428 1058 466; x_wconf 89' lang='lat' dir='ltr'>Latina</span> <span class='ocrx_word' id='word_1_21' title='bbox 1086 438 1186 464; x_wconf 81' lang='lat' dir='ltr'>voce</span> <span class='ocrx_word' id='word_1_22' title='bbox 1214 425 1480 465; x_wconf 83' lang='lat' dir='ltr'>Menandrum</span> 
     </span>
     <span class='ocr_line' id='line_1_5' title="bbox 282 489 1205 542; baseline -0.003 -12"><span class='ocrx_word' id='word_1_23' title='bbox 282 494 326 530; x_wconf 88' lang='lat' dir='ltr'>In</span> <span class='ocrx_word' id='word_1_24' title='bbox 355 490 488 530; x_wconf 89' lang='lat' dir='ltr'>medio</span> <span class='ocrx_word' id='word_1_25' title='bbox 517 490 653 542; x_wconf 91' lang='lat' dir='ltr'>populi</span> <span class='ocrx_word' id='word_1_26' title='bbox 682 489 834 529; x_wconf 88' lang='lat' dir='ltr'>sedatis</span> <span class='ocrx_word' id='word_1_27' title='bbox 862 489 1032 529; x_wconf 85' lang='lat' dir='ltr'>vocibus</span> <span class='ocrx_word' id='word_1_28' title='bbox 1061 489 1205 537; x_wconf 75' lang='lat' dir='ltr'>effers,</span> 
     </span>
     <span class='ocr_line' id='line_1_6' title="bbox 233 549 1491 605; baseline -0.002 -14"><span class='ocrx_word' id='word_1_29' title='bbox 233 563 251 591; x_wconf 84' lang='lat'>5</span> <span class='ocrx_word' id='word_1_30' title='bbox 284 552 489 605; x_wconf 84' lang='lat' dir='ltr'>Quidquid</span> <span class='ocrx_word' id='word_1_31' title='bbox 517 565 631 592; x_wconf 90' lang='lat' dir='ltr'>come</span> <span class='ocrx_word' id='word_1_32' title='bbox 657 551 832 603; x_wconf 90' lang='lat' dir='ltr'>loquens</span> <span class='ocrx_word' id='word_1_33' title='bbox 860 557 982 603; x_wconf 89' lang='lat' dir='ltr'>atque</span> <span class='ocrx_word' id='word_1_34' title='bbox 1011 551 1143 590; x_wconf 83' lang='lat' dir='ltr'>onmia</span> <span class='ocrx_word' id='word_1_35' title='bbox 1172 549 1304 590; x_wconf 90' lang='lat' dir='ltr'>dulcia</span> <span class='ocrx_word' id='word_1_36' title='bbox 1335 549 1491 590; x_wconf 89' lang='lat' dir='ltr'>dicens.</span> 
     </span>
     <span class='ocr_line' id='line_1_7' title="bbox 383 613 2039 667; baseline -0.001 -12"><span class='ocrx_word' id='word_1_37' title='bbox 383 616 679 665; x_wconf 84' lang='lat' dir='ltr'>(Suetonius</span> <span class='ocrx_word' id='word_1_38' title='bbox 706 615 786 654; x_wconf 87' lang='lat' dir='ltr'>vita</span> <span class='ocrx_word' id='word_1_39' title='bbox 815 616 975 653; x_wconf 82' lang='lat' dir='ltr'>Terent.</span> <span class='ocrx_word' id='word_1_40' title='bbox 1008 627 1041 653; x_wconf 92' lang='lat' dir='ltr'>c.</span> <span class='ocrx_word' id='word_1_41' title='bbox 1074 615 1110 654; x_wconf 88' lang='lat'>5.</span> <span class='ocrx_word' id='word_1_42' title='bbox 1139 615 1394 652; x_wconf 82' lang='lat' dir='ltr'>Burmann</span> <span class='ocrx_word' id='word_1_43' title='bbox 1413 613 1575 653; x_wconf 90' lang='lat' dir='ltr'>Anthol.</span> <span class='ocrx_word' id='word_1_44' title='bbox 1596 615 1680 654; x_wconf 90' lang='lat' dir='ltr'>Lat.</span> <span class='ocrx_word' id='word_1_45' title='bbox 1707 615 1749 654; x_wconf 87' lang='lat' dir='ltr'>L.</span> <span class='ocrx_word' id='word_1_46' title='bbox 1771 616 1816 654; x_wconf 92' lang='lat'>11.</span> <span class='ocrx_word' id='word_1_47' title='bbox 1838 615 1911 667; x_wconf 92' lang='lat' dir='ltr'>Ep.</span> <span class='ocrx_word' id='word_1_48' title='bbox 1932 615 2039 666; x_wconf 87' lang='grc'>222.)</span> 
     </span>
    </p>
   </div>
   <div class='ocr_carea' id='block_1_3' title="bbox 929 739 1397 880">
    <p class='ocr_par' dir='ltr' id='par_1_3' title="bbox 929 739 1397 880">
     <span class='ocr_line' id='line_1_8' title="bbox 981 739 1346 783; baseline -0.005 -1"><span class='ocrx_word' id='word_1_49' title='bbox 981 739 1079 783; x_wconf 88' lang='lat' dir='ltr'><strong>VIII.</strong></span> <span class='ocrx_word' id='word_1_50' title='bbox 1140 739 1346 782; x_wconf 81' lang='lat' dir='ltr'>MARIUS.</span> 
     </span>
     <span class='ocr_line' id='line_1_9' title="bbox 929 847 1397 880; baseline -0.002 -1"><span class='ocrx_word' id='word_1_51' title='bbox 929 847 1397 880; x_wconf 59' lang='lat' dir='ltr'>ARGUMENTULINOBBH.</span> 
     </span>
    </p>
   </div>
   <div class='ocr_carea' id='block_1_4' title="bbox 228 938 2040 2182">
    <p class='ocr_par' dir='ltr' id='par_1_4' title="bbox 228 938 2040 2182">
     <span class='ocr_line' id='line_1_10' title="bbox 379 938 2040 991; baseline -0.001 -9"><span class='ocrx_word' id='word_1_52' title='bbox 379 942 546 982; x_wconf 90' lang='lat' dir='ltr'>Marium</span> <span class='ocrx_word' id='word_1_53' title='bbox 585 938 871 991; x_wconf 78' lang='lat' dir='ltr'>municipalem</span> <span class='ocrx_word' id='word_1_54' title='bbox 913 950 1031 977; x_wconf 91' lang='lat' dir='ltr'>suum</span> <span class='ocrx_word' id='word_1_55' title='bbox 1075 938 1218 977; x_wconf 89' lang='lat' dir='ltr'>Cicero</span> <span class='ocrx_word' id='word_1_56' title='bbox 1260 938 1407 977; x_wconf 79' lang='lat' dir='ltr'>cecinit</span> <span class='ocrx_word' id='word_1_57' title='bbox 1453 938 1614 978; x_wconf 85' lang='lat' dir='ltr'>vivente</span> <span class='ocrx_word' id='word_1_58' title='bbox 1659 938 1792 979; x_wconf 88' lang='lat' dir='ltr'>adhuc</span> <span class='ocrx_word' id='word_1_59' title='bbox 1828 942 1874 988; x_wconf 92' lang='lat' dir='ltr'>Q.</span> <span class='ocrx_word' id='word_1_60' title='bbox 1913 941 2040 980; x_wconf 91' lang='lat' dir='ltr'>Mucio</span> 
     </span>
     <span class='ocr_line' id='line_1_11' title="bbox 231 1000 2036 1053; baseline -0.001 -10"><span class='ocrx_word' id='word_1_61' title='bbox 231 1013 267 1043; x_wconf 73' lang='lat' dir='ltr'>to</span> <span class='ocrx_word' id='word_1_62' title='bbox 281 1005 498 1052; x_wconf 84' lang='lat' dir='ltr'>Scaevola,</span> <span class='ocrx_word' id='word_1_63' title='bbox 527 1004 718 1044; x_wconf 85' lang='lat' dir='ltr'>Pontifice</span> <span class='ocrx_word' id='word_1_64' title='bbox 746 1004 922 1042; x_wconf 76' lang='lat' dir='ltr'>maximo</span> <span class='ocrx_word' id='word_1_65' title='bbox 952 1003 1022 1051; x_wconf 88' lang='lat' dir='ltr'>(cf.</span> <span class='ocrx_word' id='word_1_66' title='bbox 1054 1000 1104 1040; x_wconf 90' lang='lat' dir='ltr'>de</span> <span class='ocrx_word' id='word_1_67' title='bbox 1132 1002 1253 1052; x_wconf 82' lang='lat' dir='ltr'>Legg.</span> <span class='ocrx_word' id='word_1_68' title='bbox 1286 1004 1314 1050; x_wconf 91' lang='lat'>1,</span> <span class='ocrx_word' id='word_1_69' title='bbox 1346 1003 1417 1051; x_wconf 90' lang='lat'>1.),</span> <span class='ocrx_word' id='word_1_70' title='bbox 1449 1005 1516 1053; x_wconf 90' lang='lat' dir='ltr'>qui</span> <span class='ocrx_word' id='word_1_71' title='bbox 1546 1002 1735 1042; x_wconf 89' lang='lat' dir='ltr'>Carbone</span> <span class='ocrx_word' id='word_1_72' title='bbox 1763 1004 1825 1042; x_wconf 93' lang='grc' dir='ltr'><strong>ΙΙΙ.</strong></span> <span class='ocrx_word' id='word_1_73' title='bbox 1856 1008 1896 1042; x_wconf 90' lang='lat' dir='ltr'>et</span> <span class='ocrx_word' id='word_1_74' title='bbox 1915 1004 2036 1042; x_wconf 88' lang='lat' dir='ltr'>Mario</span> 
     </span>
     <span class='ocr_line' id='line_1_12' title="bbox 279 1064 2040 1116; baseline -0.001 -9"><span class='ocrx_word' id='word_1_75' title='bbox 279 1081 385 1107; x_wconf 91' lang='lat' dir='ltr'>coss.</span> <span class='ocrx_word' id='word_1_76' title='bbox 426 1081 457 1107; x_wconf 92' lang='lat' dir='ltr'>s.</span> <span class='ocrx_word' id='word_1_77' title='bbox 488 1080 593 1106; x_wconf 88' lang='lat' dir='ltr'>anno</span> <span class='ocrx_word' id='word_1_78' title='bbox 622 1079 647 1105; x_wconf 91' lang='lat' dir='ltr'>u</span> <span class='ocrx_word' id='word_1_79' title='bbox 692 1067 776 1105; x_wconf 87' lang='grc'>672.</span> <span class='ocrx_word' id='word_1_80' title='bbox 808 1078 829 1104; x_wconf 92' lang='lat' dir='ltr'>a</span> <span class='ocrx_word' id='word_1_81' title='bbox 867 1065 1115 1116; x_wconf 87' lang='lat' dir='ltr'>Damasippo</span> <span class='ocrx_word' id='word_1_82' title='bbox 1155 1070 1346 1115; x_wconf 85' lang='lat' dir='ltr'>praetore</span> <span class='ocrx_word' id='word_1_83' title='bbox 1374 1064 1415 1103; x_wconf 92' lang='lat' dir='ltr'>in</span> <span class='ocrx_word' id='word_1_84' title='bbox 1451 1065 1563 1104; x_wconf 88' lang='lat' dir='ltr'>curia</span> <span class='ocrx_word' id='word_1_85' title='bbox 1595 1065 1762 1104; x_wconf 90' lang='lat' dir='ltr'>Hostilia</span> <span class='ocrx_word' id='word_1_86' title='bbox 1802 1066 2040 1105; x_wconf 80' lang='lat' dir='ltr'>interfectus</span> 
     </span>
     <span class='ocr_line' id='line_1_13' title="bbox 280 1126 2039 1181; baseline -0.002 -10"><span class='ocrx_word' id='word_1_87' title='bbox 280 1138 353 1171; x_wconf 89' lang='lat' dir='ltr'>est.</span> <span class='ocrx_word' id='word_1_88' title='bbox 412 1130 532 1181; x_wconf 85' lang='lat' dir='ltr'>(Vell.</span> <span class='ocrx_word' id='word_1_89' title='bbox 561 1132 716 1169; x_wconf 82' lang='lat' dir='ltr'>Patere.</span> <span class='ocrx_word' id='word_1_90' title='bbox 748 1128 770 1167; x_wconf 93' lang='lat' dir='ltr'>l.</span> <span class='ocrx_word' id='word_1_91' title='bbox 802 1129 846 1167; x_wconf 95' lang='grc' dir='ltr'>ΙΙ.</span> <span class='ocrx_word' id='word_1_92' title='bbox 879 1140 911 1166; x_wconf 87' lang='lat' dir='ltr'>c.</span> <span class='ocrx_word' id='word_1_93' title='bbox 943 1129 1026 1175; x_wconf 83' lang='lat'>26.)</span> <span class='ocrx_word' id='word_1_94' title='bbox 1080 1126 1249 1166; x_wconf 91' lang='lat' dir='ltr'>Duobus</span> <span class='ocrx_word' id='word_1_95' title='bbox 1278 1128 1366 1166; x_wconf 85' lang='lat' dir='ltr'>eius</span> <span class='ocrx_word' id='word_1_96' title='bbox 1398 1128 1612 1178; x_wconf 87' lang='lat' dir='ltr'>carminis,</span> <span class='ocrx_word' id='word_1_97' title='bbox 1644 1140 1749 1179; x_wconf 89' lang='lat' dir='ltr'>quae</span> <span class='ocrx_word' id='word_1_98' title='bbox 1777 1128 1887 1180; x_wconf 88' lang='lat' dir='ltr'>apud</span> <span class='ocrx_word' id='word_1_99' title='bbox 1905 1129 2039 1180; x_wconf 87' lang='lat' dir='ltr'>ipsum</span> 
     </span>
     <span class='ocr_line' id='line_1_14' title="bbox 280 1189 2039 1243; baseline -0.002 -10"><span class='ocrx_word' id='word_1_100' title='bbox 280 1195 516 1234; x_wconf 82' lang='lat' dir='ltr'>Ciceronem</span> <span class='ocrx_word' id='word_1_101' title='bbox 559 1192 769 1243; x_wconf 89' lang='lat' dir='ltr'>leguntur,</span> <span class='ocrx_word' id='word_1_102' title='bbox 811 1190 1047 1241; x_wconf 79' lang='lat' dir='ltr'>fragmentis</span> <span class='ocrx_word' id='word_1_103' title='bbox 1088 1189 1273 1228; x_wconf 81' lang='lat' dir='ltr'>Olivetus</span> <span class='ocrx_word' id='word_1_104' title='bbox 1316 1190 1478 1229; x_wconf 88' lang='lat' dir='ltr'>tertium</span> <span class='ocrx_word' id='word_1_105' title='bbox 1505 1189 1605 1230; x_wconf 92' lang='lat' dir='ltr'>illud</span> <span class='ocrx_word' id='word_1_106' title='bbox 1631 1190 1778 1230; x_wconf 91' lang='lat' dir='ltr'>Isidori</span> <span class='ocrx_word' id='word_1_107' title='bbox 1805 1190 2039 1242; x_wconf 85' lang='lat' dir='ltr'>adscripsit,</span> 
     </span>
     <span class='ocr_line' id='line_1_15' title="bbox 279 1253 1070 1308; baseline -0.006 -12"><span class='ocrx_word' id='word_1_108' title='bbox 279 1257 330 1296; x_wconf 90' lang='lat' dir='ltr'>de</span> <span class='ocrx_word' id='word_1_109' title='bbox 359 1269 439 1308; x_wconf 89' lang='lat' dir='ltr'>quo</span> <span class='ocrx_word' id='word_1_110' title='bbox 465 1256 513 1295; x_wconf 86' lang='lat' dir='ltr'>cf.</span> <span class='ocrx_word' id='word_1_111' title='bbox 542 1255 649 1294; x_wconf 88' lang='lat' dir='ltr'>Marii</span> <span class='ocrx_word' id='word_1_112' title='bbox 680 1253 907 1293; x_wconf 86' lang='lat' dir='ltr'>Plutarchei</span> <span class='ocrx_word' id='word_1_113' title='bbox 937 1266 975 1291; x_wconf 91' lang='lat' dir='ltr'>c.</span> <span class='ocrx_word' id='word_1_114' title='bbox 1009 1253 1070 1291; x_wconf 83' lang='lat'>40.</span> 
     </span>
     <span class='ocr_line' id='line_1_16' title="bbox 230 1313 1377 1365; baseline -0.005 -6"><span class='ocrx_word' id='word_1_115' title='bbox 230 1325 266 1356; x_wconf 72' lang='lat'>⁴5</span> <span class='ocrx_word' id='word_1_116' title='bbox 381 1322 414 1359; x_wconf 91' lang='lat'>1.</span> <span class='ocrx_word' id='word_1_117' title='bbox 444 1319 588 1358; x_wconf 86' lang='lat' dir='ltr'>Nuntia</span> <span class='ocrx_word' id='word_1_118' title='bbox 616 1316 721 1356; x_wconf 82' lang='lat' dir='ltr'>fulva</span> <span class='ocrx_word' id='word_1_119' title='bbox 750 1317 878 1365; x_wconf 76' lang='lat' dir='ltr'>Iovis,</span> <span class='ocrx_word' id='word_1_120' title='bbox 908 1313 1092 1353; x_wconf 90' lang='lat' dir='ltr'>miranda</span> <span class='ocrx_word' id='word_1_121' title='bbox 1119 1314 1205 1352; x_wconf 90' lang='lat' dir='ltr'>visa</span> <span class='ocrx_word' id='word_1_122' title='bbox 1235 1314 1377 1364; x_wconf 89' lang='lat' dir='ltr'>figura.</span> 
     </span>
     <span class='ocr_line' id='line_1_17' title="bbox 737 1375 1576 1427; baseline -0.004 -10"><span class='ocrx_word' id='word_1_123' title='bbox 737 1379 943 1427; x_wconf 89' lang='lat' dir='ltr'>(Cicero</span> <span class='ocrx_word' id='word_1_124' title='bbox 973 1377 1024 1416; x_wconf 90' lang='lat' dir='ltr'>de</span> <span class='ocrx_word' id='word_1_125' title='bbox 1052 1379 1172 1427; x_wconf 88' lang='lat' dir='ltr'>Legg.</span> <span class='ocrx_word' id='word_1_126' title='bbox 1203 1375 1228 1415; x_wconf 95' lang='lat' dir='ltr'>l.</span> <span class='ocrx_word' id='word_1_127' title='bbox 1259 1377 1286 1415; x_wconf 93' lang='lat' dir='ltr'>l.</span> <span class='ocrx_word' id='word_1_128' title='bbox 1318 1388 1352 1415; x_wconf 89' lang='lat' dir='ltr'>c.</span> <span class='ocrx_word' id='word_1_129' title='bbox 1385 1378 1419 1416; x_wconf 79' lang='grc'>1.</span> <span class='ocrx_word' id='word_1_130' title='bbox 1453 1377 1488 1427; x_wconf 66' lang='lat'>§-</span> <span class='ocrx_word' id='word_1_131' title='bbox 1519 1377 1576 1425; x_wconf 82' lang='lat'>2.)</span> 
     </span>
     <span class='ocr_line' id='line_1_18' title="bbox 377 1438 1389 1492; baseline -0.004 -10"><span class='ocrx_word' id='word_1_132' title='bbox 377 1444 414 1483; x_wconf 89' lang='grc'>2.</span> <span class='ocrx_word' id='word_1_133' title='bbox 443 1443 514 1482; x_wconf 90' lang='lat' dir='ltr'>Hic</span> <span class='ocrx_word' id='word_1_134' title='bbox 540 1442 646 1480; x_wconf 85' lang='lat' dir='ltr'>Iovis</span> <span class='ocrx_word' id='word_1_135' title='bbox 676 1441 834 1480; x_wconf 90' lang='lat' dir='ltr'>altisoni</span> <span class='ocrx_word' id='word_1_136' title='bbox 865 1439 1000 1479; x_wconf 90' lang='lat' dir='ltr'>subito</span> <span class='ocrx_word' id='word_1_137' title='bbox 1028 1440 1193 1492; x_wconf 88' lang='lat' dir='ltr'>pinnata</span> <span class='ocrx_word' id='word_1_138' title='bbox 1223 1438 1389 1478; x_wconf 84' lang='lat' dir='ltr'>satelles</span> 
     </span>
     <span class='ocr_line' id='line_1_19' title="bbox 277 1502 1231 1554; baseline -0.007 -8"><span class='ocrx_word' id='word_1_139' title='bbox 277 1506 446 1546; x_wconf 89' lang='lat' dir='ltr'>Arboris</span> <span class='ocrx_word' id='word_1_140' title='bbox 475 1518 495 1544; x_wconf 89' lang='lat' dir='ltr'>e</span> <span class='ocrx_word' id='word_1_141' title='bbox 524 1510 666 1543; x_wconf 90' lang='lat' dir='ltr'>trunco</span> <span class='ocrx_word' id='word_1_142' title='bbox 694 1505 898 1554; x_wconf 88' lang='lat' dir='ltr'>serpentis</span> <span class='ocrx_word' id='word_1_143' title='bbox 926 1502 1064 1541; x_wconf 86' lang='lat' dir='ltr'>saucia</span> <span class='ocrx_word' id='word_1_144' title='bbox 1092 1513 1231 1540; x_wconf 87' lang='lat' dir='ltr'>morsu</span> 
     </span>
     <span class='ocr_line' id='line_1_20' title="bbox 279 1564 1455 1620; baseline -0.005 -12"><span class='ocrx_word' id='word_1_145' title='bbox 279 1569 477 1620; x_wconf 80' lang='lat' dir='ltr'>Subrigit,</span> <span class='ocrx_word' id='word_1_146' title='bbox 506 1569 596 1620; x_wconf 88' lang='lat' dir='ltr'>ipsa</span> <span class='ocrx_word' id='word_1_147' title='bbox 621 1567 717 1606; x_wconf 84' lang='lat' dir='ltr'>feris</span> <span class='ocrx_word' id='word_1_148' title='bbox 745 1565 991 1616; x_wconf 84' lang='lat' dir='ltr'>transfigens</span> <span class='ocrx_word' id='word_1_149' title='bbox 1020 1564 1249 1615; x_wconf 89' lang='lat' dir='ltr'>unguibus,</span> <span class='ocrx_word' id='word_1_150' title='bbox 1281 1576 1455 1614; x_wconf 86' lang='lat' dir='ltr'>anguem</span> 
     </span>
     <span class='ocr_line' id='line_1_21' title="bbox 228 1628 1436 1679; baseline -0.006 -7"><span class='ocrx_word' id='word_1_151' title='bbox 228 1639 264 1667; x_wconf 72' lang='lat'>90</span> <span class='ocrx_word' id='word_1_152' title='bbox 279 1632 569 1672; x_wconf 89' lang='lat' dir='ltr'>Semianimum</span> <span class='ocrx_word' id='word_1_153' title='bbox 599 1636 640 1669; x_wconf 91' lang='lat' dir='ltr'>et</span> <span class='ocrx_word' id='word_1_154' title='bbox 666 1630 777 1668; x_wconf 86' lang='lat' dir='ltr'>varia</span> <span class='ocrx_word' id='word_1_155' title='bbox 805 1629 982 1679; x_wconf 82' lang='lat' dir='ltr'>graviter</span> <span class='ocrx_word' id='word_1_156' title='bbox 1009 1629 1170 1666; x_wconf 86' lang='lat' dir='ltr'>cervice</span> <span class='ocrx_word' id='word_1_157' title='bbox 1195 1628 1436 1677; x_wconf 83' lang='lat' dir='ltr'>micantem,</span> 
     </span>
     <span class='ocr_line' id='line_1_22' title="bbox 278 1691 1519 1744; baseline -0.005 -10"><span class='ocrx_word' id='word_1_158' title='bbox 278 1698 406 1744; x_wconf 88' lang='lat' dir='ltr'>Quem</span> <span class='ocrx_word' id='word_1_159' title='bbox 436 1707 479 1733; x_wconf 91' lang='lat' dir='ltr'>se</span> <span class='ocrx_word' id='word_1_160' title='bbox 507 1694 809 1744; x_wconf 88' lang='lat' dir='ltr'>intorquentem</span> <span class='ocrx_word' id='word_1_161' title='bbox 836 1691 995 1730; x_wconf 87' lang='lat' dir='ltr'>lanians</span> <span class='ocrx_word' id='word_1_162' title='bbox 1022 1696 1238 1742; x_wconf 87' lang='lat' dir='ltr'>rostroque</span> <span class='ocrx_word' id='word_1_163' title='bbox 1274 1695 1519 1738; x_wconf 89' lang='lat' dir='ltr'>cruentans,</span> 
     </span>
     <span class='ocr_line' id='line_1_23' title="bbox 275 1752 1340 1805; baseline -0.005 -9"><span class='ocrx_word' id='word_1_164' title='bbox 275 1760 361 1798; x_wconf 91' lang='lat' dir='ltr'>Iam</span> <span class='ocrx_word' id='word_1_165' title='bbox 391 1758 532 1797; x_wconf 89' lang='lat' dir='ltr'>satiata</span> <span class='ocrx_word' id='word_1_166' title='bbox 563 1757 744 1805; x_wconf 88' lang='lat' dir='ltr'>animos,</span> <span class='ocrx_word' id='word_1_167' title='bbox 772 1755 850 1794; x_wconf 88' lang='lat' dir='ltr'>iam</span> <span class='ocrx_word' id='word_1_168' title='bbox 881 1753 1006 1793; x_wconf 90' lang='lat' dir='ltr'>duros</span> <span class='ocrx_word' id='word_1_169' title='bbox 1034 1753 1117 1792; x_wconf 91' lang='lat' dir='ltr'>ulta</span> <span class='ocrx_word' id='word_1_170' title='bbox 1156 1752 1340 1800; x_wconf 90' lang='lat' dir='ltr'>dolores,</span> 
     </span>
     <span class='ocr_line' id='line_1_24' title="bbox 276 1814 1405 1865; baseline -0.005 -6"><span class='ocrx_word' id='word_1_171' title='bbox 276 1820 436 1860; x_wconf 86' lang='lat' dir='ltr'>Abiecit</span> <span class='ocrx_word' id='word_1_172' title='bbox 461 1820 675 1858; x_wconf 88' lang='lat' dir='ltr'>ecflantem</span> <span class='ocrx_word' id='word_1_173' title='bbox 703 1823 743 1856; x_wconf 92' lang='lat' dir='ltr'>et</span> <span class='ocrx_word' id='word_1_174' title='bbox 769 1817 991 1857; x_wconf 91' lang='lat' dir='ltr'>laceratum</span> <span class='ocrx_word' id='word_1_175' title='bbox 1020 1816 1174 1865; x_wconf 87' lang='lat' dir='ltr'>adfligit</span> <span class='ocrx_word' id='word_1_176' title='bbox 1199 1816 1239 1854; x_wconf 87' lang='lat' dir='ltr'>in</span> <span class='ocrx_word' id='word_1_177' title='bbox 1267 1814 1376 1854; x_wconf 88' lang='lat' dir='ltr'>unda</span> <span class='ocrx_word' id='word_1_178' title='bbox 1397 1846 1405 1862; x_wconf 87' lang='lat'>,</span> 
     </span>
     <span class='ocr_line' id='line_1_25' title="bbox 278 1878 1429 1935; baseline -0.006 -13"><span class='ocrx_word' id='word_1_179' title='bbox 278 1884 414 1935; x_wconf 87' lang='lat' dir='ltr'>Seque</span> <span class='ocrx_word' id='word_1_180' title='bbox 443 1883 556 1921; x_wconf 88' lang='lat' dir='ltr'>obitu</span> <span class='ocrx_word' id='word_1_181' title='bbox 583 1895 603 1921; x_wconf 91' lang='lat' dir='ltr'>a</span> <span class='ocrx_word' id='word_1_182' title='bbox 632 1881 729 1921; x_wconf 90' lang='lat' dir='ltr'>solis</span> <span class='ocrx_word' id='word_1_183' title='bbox 756 1879 906 1919; x_wconf 91' lang='lat' dir='ltr'>nitidos</span> <span class='ocrx_word' id='word_1_184' title='bbox 936 1880 1136 1918; x_wconf 86' lang='lat' dir='ltr'>convertit</span> <span class='ocrx_word' id='word_1_185' title='bbox 1162 1878 1213 1918; x_wconf 88' lang='lat' dir='ltr'>ad</span> <span class='ocrx_word' id='word_1_186' title='bbox 1248 1884 1375 1917; x_wconf 90' lang='lat' dir='ltr'>ortus.</span> <span class='ocrx_word' id='word_1_187' title='bbox 1427 1903 1429 1905; x_wconf 82' lang='lat'>·</span> 
     </span>
     <span class='ocr_line' id='line_1_26' title="bbox 228 1940 1406 1997; baseline -0.003 -14"><span class='ocrx_word' id='word_1_188' title='bbox 228 1955 264 1985; x_wconf 78' lang='lat'>25</span> <span class='ocrx_word' id='word_1_189' title='bbox 276 1946 388 1985; x_wconf 90' lang='lat' dir='ltr'>Hanc</span> <span class='ocrx_word' id='word_1_190' title='bbox 415 1945 483 1984; x_wconf 91' lang='lat' dir='ltr'>ubi</span> <span class='ocrx_word' id='word_1_191' title='bbox 512 1944 778 1997; x_wconf 81' lang='lat' dir='ltr'>praepetibus</span> <span class='ocrx_word' id='word_1_192' title='bbox 806 1943 940 1995; x_wconf 87' lang='lat' dir='ltr'>pinnis</span> <span class='ocrx_word' id='word_1_193' title='bbox 968 1942 1169 1993; x_wconf 85' lang='lat' dir='ltr'>lapsuque</span> <span class='ocrx_word' id='word_1_194' title='bbox 1201 1940 1406 1981; x_wconf 73' lang='lat' dir='ltr'>volantem</span> 
     </span>
     <span class='ocr_line' id='line_1_27' title="bbox 278 2005 1242 2059; baseline -0.005 -12"><span class='ocrx_word' id='word_1_195' title='bbox 278 2008 501 2059; x_wconf 80' lang='lat' dir='ltr'>Conspexit</span> <span class='ocrx_word' id='word_1_196' title='bbox 527 2006 694 2055; x_wconf 85' lang='lat' dir='ltr'>Marius,</span> <span class='ocrx_word' id='word_1_197' title='bbox 726 2005 848 2044; x_wconf 78' lang='lat' dir='ltr'>divini</span> <span class='ocrx_word' id='word_1_198' title='bbox 877 2005 1054 2044; x_wconf 89' lang='lat' dir='ltr'>numinis</span> <span class='ocrx_word' id='word_1_199' title='bbox 1087 2017 1242 2055; x_wconf 88' lang='lat' dir='ltr'>augur,</span> 
     </span>
     <span class='ocr_line' id='line_1_28' title="bbox 275 2066 1406 2121; baseline -0.004 -12"><span class='ocrx_word' id='word_1_200' title='bbox 275 2071 506 2121; x_wconf 85' lang='lat' dir='ltr'>Faustaque</span> <span class='ocrx_word' id='word_1_201' title='bbox 534 2070 646 2120; x_wconf 90' lang='lat' dir='ltr'>signa</span> <span class='ocrx_word' id='word_1_202' title='bbox 675 2081 774 2108; x_wconf 90' lang='lat' dir='ltr'>suae</span> <span class='ocrx_word' id='word_1_203' title='bbox 802 2067 934 2107; x_wconf 87' lang='lat' dir='ltr'>laudis</span> <span class='ocrx_word' id='word_1_204' title='bbox 963 2067 1204 2118; x_wconf 85' lang='lat' dir='ltr'>reditusque</span> <span class='ocrx_word' id='word_1_205' title='bbox 1232 2066 1406 2115; x_wconf 76' lang='lat' dir='ltr'>notavit,</span> 
     </span>
     <span class='ocr_line' id='line_1_29' title="bbox 276 2129 1272 2182; baseline -0.005 -10"><span class='ocrx_word' id='word_1_206' title='bbox 276 2132 463 2173; x_wconf 88' lang='lat' dir='ltr'>Partibus</span> <span class='ocrx_word' id='word_1_207' title='bbox 491 2132 664 2171; x_wconf 88' lang='lat' dir='ltr'>intonuit</span> <span class='ocrx_word' id='word_1_208' title='bbox 693 2130 792 2170; x_wconf 88' lang='lat' dir='ltr'>caeli</span> <span class='ocrx_word' id='word_1_209' title='bbox 821 2135 939 2182; x_wconf 86' lang='lat' dir='ltr'>pater</span> <span class='ocrx_word' id='word_1_210' title='bbox 966 2131 1056 2181; x_wconf 90' lang='lat' dir='ltr'>ipse</span> <span class='ocrx_word' id='word_1_211' title='bbox 1085 2129 1272 2168; x_wconf 86' lang='lat' dir='ltr'>sinistris.</span> 
     </span>
    </p>
   </div>
   <div class='ocr_carea' id='block_1_5' title="bbox 231 2193 1627 2305">
    <p class='ocr_par' dir='ltr' id='par_1_5' title="bbox 231 2193 1627 2305">
     <span class='ocr_line' id='line_1_30' title="bbox 277 2193 1293 2246; baseline -0.005 -12"><span class='ocrx_word' id='word_1_212' title='bbox 277 2195 344 2235; x_wconf 90' lang='lat' dir='ltr'>Sic</span> <span class='ocrx_word' id='word_1_213' title='bbox 372 2194 531 2246; x_wconf 88' lang='lat' dir='ltr'>aquilae</span> <span class='ocrx_word' id='word_1_214' title='bbox 559 2193 713 2233; x_wconf 88' lang='lat' dir='ltr'>clarum</span> <span class='ocrx_word' id='word_1_215' title='bbox 742 2193 917 2231; x_wconf 81' lang='lat' dir='ltr'>firmavit</span> <span class='ocrx_word' id='word_1_216' title='bbox 942 2193 1123 2243; x_wconf 87' lang='lat' dir='ltr'>Iuppiter</span> <span class='ocrx_word' id='word_1_217' title='bbox 1160 2203 1293 2229; x_wconf 87' lang='lat' dir='ltr'>omen.</span> 
     </span>
     <span class='ocr_line' id='line_1_31' title="bbox 231 2252 1627 2305; baseline -0.007 -6"><span class='ocrx_word' id='word_1_218' title='bbox 231 2269 268 2299; x_wconf 82' lang='lat'>:30</span> <span class='ocrx_word' id='word_1_219' title='bbox 676 2255 872 2305; x_wconf 91' lang='lat' dir='ltr'>(Cicero</span> <span class='ocrx_word' id='word_1_220' title='bbox 901 2253 951 2293; x_wconf 94' lang='lat' dir='ltr'>de</span> <span class='ocrx_word' id='word_1_221' title='bbox 980 2255 1150 2293; x_wconf 90' lang='lat' dir='ltr'>Divinat.</span> <span class='ocrx_word' id='word_1_222' title='bbox 1183 2253 1207 2292; x_wconf 90' lang='lat' dir='ltr'>l.</span> <span class='ocrx_word' id='word_1_223' title='bbox 1237 2255 1269 2291; x_wconf 92' lang='lat' dir='ltr'>I.</span> <span class='ocrx_word' id='word_1_224' title='bbox 1301 2265 1335 2291; x_wconf 91' lang='lat' dir='ltr'>c.</span> <span class='ocrx_word' id='word_1_225' title='bbox 1367 2254 1426 2291; x_wconf 80' lang='lat'>47.</span> <span class='ocrx_word' id='word_1_226' title='bbox 1460 2254 1494 2303; x_wconf 64' lang='lat' dir='ltr'>g.</span> <span class='ocrx_word' id='word_1_227' title='bbox 1523 2252 1627 2301; x_wconf 85' lang='lat'>106.)</span> 
     </span>
    </p>
   </div>
   <div class='ocr_carea' id='block_1_6' title="bbox 376 2315 1527 2431">
    <p class='ocr_par' dir='ltr' id='par_1_6' title="bbox 376 2315 1527 2431">
     <span class='ocr_line' id='line_1_32' title="bbox 376 2315 1475 2369; baseline -0.005 -11"><span class='ocrx_word' id='word_1_228' title='bbox 376 2321 410 2358; x_wconf 88' lang='grc'>3.</span> <span class='ocrx_word' id='word_1_229' title='bbox 441 2320 554 2358; x_wconf 91' lang='lat' dir='ltr'>Tunc</span> <span class='ocrx_word' id='word_1_230' title='bbox 581 2331 625 2358; x_wconf 90' lang='lat' dir='ltr'>se</span> <span class='ocrx_word' id='word_1_231' title='bbox 652 2318 865 2369; x_wconf 88' lang='lat' dir='ltr'>fluctigero</span> <span class='ocrx_word' id='word_1_232' title='bbox 893 2317 1015 2356; x_wconf 85' lang='lat' dir='ltr'>tradit</span> <span class='ocrx_word' id='word_1_233' title='bbox 1042 2315 1291 2368; x_wconf 88' lang='lat' dir='ltr'>mandatque</span> <span class='ocrx_word' id='word_1_234' title='bbox 1319 2315 1475 2367; x_wconf 89' lang='lat' dir='ltr'>paroni.</span> 
     </span>
     <span class='ocr_line' id='line_1_33' title="bbox 778 2378 1527 2431; baseline -0.003 -13"><span class='ocrx_word' id='word_1_235' title='bbox 778 2381 1032 2431; x_wconf 90' lang='lat' dir='ltr'>(Isidorus</span> <span class='ocrx_word' id='word_1_236' title='bbox 1063 2380 1171 2430; x_wconf 87' lang='lat' dir='ltr'>Orig.</span> <span class='ocrx_word' id='word_1_237' title='bbox 1203 2379 1227 2418; x_wconf 94' lang='lat' dir='ltr'>l.</span> <span class='ocrx_word' id='word_1_238' title='bbox 1259 2380 1366 2417; x_wconf 86' lang='lat' dir='ltr'><strong>XIX.</strong></span> <span class='ocrx_word' id='word_1_239' title='bbox 1398 2390 1432 2417; x_wconf 91' lang='lat' dir='ltr'>c.</span> <span class='ocrx_word' id='word_1_240' title='bbox 1471 2378 1527 2425; x_wconf 83' lang='lat'>1.)</span> 
     </span>
    </p>
   </div>
   <div class='ocr_carea' id='block_1_7' title="bbox 808 2504 1502 2644">
    <p class='ocr_par' dir='ltr' id='par_1_7' title="bbox 808 2504 1502 2644">
     <span class='ocr_line' id='line_1_34' title="bbox 808 2504 1502 2548; baseline -0.004 -1"><span class='ocrx_word' id='word_1_241' title='bbox 808 2506 877 2548; x_wconf 84' lang='lat' dir='ltr'>IX.</span> <span class='ocrx_word' id='word_1_242' title='bbox 940 2506 1007 2547; x_wconf 90' lang='lat' dir='ltr'>DE</span> <span class='ocrx_word' id='word_1_243' title='bbox 1041 2505 1144 2548; x_wconf 88' lang='lat' dir='ltr'>SUO</span> <span class='ocrx_word' id='word_1_244' title='bbox 1178 2504 1502 2547; x_wconf 85' lang='lat' dir='ltr'>CONSULATU.</span> 
     </span>
     <span class='ocr_line' id='line_1_35' title="bbox 962 2593 1281 2644; baseline -0.006 0"><span class='ocrx_word' id='word_1_245' title='bbox 962 2593 965 2597; x_wconf 75' lang='grc'><strong>’</strong></span> <span class='ocrx_word' id='word_1_246' title='bbox 1026 2612 1281 2644; x_wconf 73' lang='lat' dir='ltr'>ADNOTATIO.</span> 
     </span>
    </p>
   </div>
   <div class='ocr_carea' id='block_1_8' title="bbox 227 2698 2035 3006">
    <p class='ocr_par' dir='ltr' id='par_1_8' title="bbox 227 2698 2035 3006">
     <span class='ocr_line' id='line_1_36' title="bbox 227 2698 2035 2753; baseline -0.004 -8"><span class='ocrx_word' id='word_1_247' title='bbox 227 2721 263 2750; x_wconf 86' lang='lat'>35</span> <span class='ocrx_word' id='word_1_248' title='bbox 376 2705 517 2745; x_wconf 87' lang='lat' dir='ltr'>Cicero</span> <span class='ocrx_word' id='word_1_249' title='bbox 554 2705 604 2743; x_wconf 91' lang='lat' dir='ltr'>de</span> <span class='ocrx_word' id='word_1_250' title='bbox 634 2703 847 2743; x_wconf 87' lang='lat' dir='ltr'>consulatu</span> <span class='ocrx_word' id='word_1_251' title='bbox 875 2716 948 2743; x_wconf 90' lang='lat' dir='ltr'>suo</span> <span class='ocrx_word' id='word_1_252' title='bbox 977 2715 1010 2741; x_wconf 94' lang='lat' dir='ltr'>s.</span> <span class='ocrx_word' id='word_1_253' title='bbox 1041 2702 1092 2741; x_wconf 90' lang='lat' dir='ltr'>de</span> <span class='ocrx_word' id='word_1_254' title='bbox 1122 2702 1266 2752; x_wconf 89' lang='lat' dir='ltr'>rebus,</span> <span class='ocrx_word' id='word_1_255' title='bbox 1311 2714 1413 2753; x_wconf 88' lang='lat' dir='ltr'>quas</span> <span class='ocrx_word' id='word_1_256' title='bbox 1441 2700 1582 2739; x_wconf 89' lang='lat' dir='ltr'>consul</span> <span class='ocrx_word' id='word_1_257' title='bbox 1609 2713 1714 2739; x_wconf 91' lang='lat' dir='ltr'>anno</span> <span class='ocrx_word' id='word_1_258' title='bbox 1741 2712 1782 2738; x_wconf 93' lang='lat' dir='ltr'>u.</span> <span class='ocrx_word' id='word_1_259' title='bbox 1821 2698 1907 2739; x_wconf 86' lang='lat'>691.</span> <span class='ocrx_word' id='word_1_260' title='bbox 1939 2711 2035 2749; x_wconf 87' lang='lat' dir='ltr'>ges-</span> 
     </span>
     <span class='ocr_line' id='line_1_37' title="bbox 277 2762 2034 2820; baseline -0.005 -13"><span class='ocrx_word' id='word_1_261' title='bbox 277 2774 399 2817; x_wconf 86' lang='lat' dir='ltr'>serat,</span> <span class='ocrx_word' id='word_1_262' title='bbox 443 2769 531 2820; x_wconf 87' lang='lat' dir='ltr'>ipse</span> <span class='ocrx_word' id='word_1_263' title='bbox 570 2769 743 2819; x_wconf 87' lang='lat' dir='ltr'>primum</span> <span class='ocrx_word' id='word_1_264' title='bbox 787 2768 941 2806; x_wconf 84' lang='lat' dir='ltr'>Graece</span> <span class='ocrx_word' id='word_1_265' title='bbox 983 2766 1146 2817; x_wconf 88' lang='lat' dir='ltr'>scripsit</span> <span class='ocrx_word' id='word_1_266' title='bbox 1188 2766 1521 2804; x_wconf 86' lang='lat' dir='ltr'>commentarium</span> <span class='ocrx_word' id='word_1_267' title='bbox 1551 2769 1642 2802; x_wconf 87' lang='lat' dir='ltr'>ante</span> <span class='ocrx_word' id='word_1_268' title='bbox 1675 2774 1858 2801; x_wconf 87' lang='lat' dir='ltr'>mensem</span> <span class='ocrx_word' id='word_1_269' title='bbox 1879 2762 2034 2799; x_wconf 87' lang='lat' dir='ltr'>Iunium</span> 
     </span>
     <span class='ocr_line' id='line_1_38' title="bbox 276 2823 2033 2880; baseline -0.004 -12"><span class='ocrx_word' id='word_1_270' title='bbox 276 2831 367 2868; x_wconf 90' lang='lat' dir='ltr'>anni</span> <span class='ocrx_word' id='word_1_271' title='bbox 396 2831 479 2868; x_wconf 70' lang='lat'>694.</span> <span class='ocrx_word' id='word_1_272' title='bbox 511 2831 578 2880; x_wconf 80' lang='lat' dir='ltr'>(cs.</span> <span class='ocrx_word' id='word_1_273' title='bbox 611 2831 660 2869; x_wconf 88' lang='lat' dir='ltr'>ad</span> <span class='ocrx_word' id='word_1_274' title='bbox 689 2832 768 2869; x_wconf 84' lang='lat' dir='ltr'>Att.</span> <span class='ocrx_word' id='word_1_275' title='bbox 797 2829 824 2868; x_wconf 87' lang='grc' dir='ltr'>Ι.</span> <span class='ocrx_word' id='word_1_276' title='bbox 853 2831 897 2869; x_wconf 91' lang='grc' dir='ltr'>ΙΙ.</span> <span class='ocrx_word' id='word_1_277' title='bbox 929 2841 993 2880; x_wconf 90' lang='lat' dir='ltr'>ep.</span> <span class='ocrx_word' id='word_1_278' title='bbox 1025 2829 1058 2868; x_wconf 86' lang='lat'>1.</span> <span class='ocrx_word' id='word_1_279' title='bbox 1089 2828 1225 2877; x_wconf 85' lang='lat' dir='ltr'>init.);</span> <span class='ocrx_word' id='word_1_280' title='bbox 1257 2841 1350 2867; x_wconf 83' lang='lat' dir='ltr'>mox</span> <span class='ocrx_word' id='word_1_281' title='bbox 1378 2828 1562 2866; x_wconf 88' lang='lat' dir='ltr'>Latinum</span> <span class='ocrx_word' id='word_1_282' title='bbox 1585 2837 1764 2873; x_wconf 86' lang='lat' dir='ltr'>carmen,</span> <span class='ocrx_word' id='word_1_283' title='bbox 1795 2830 1839 2862; x_wconf 90' lang='lat' dir='ltr'>ut</span> <span class='ocrx_word' id='word_1_284' title='bbox 1858 2823 2033 2873; x_wconf 79' lang='lat' dir='ltr'>videtur,</span> 
     </span>
     <span class='ocr_line' id='line_1_39' title="bbox 276 2885 2031 2943; baseline -0.005 -12"><span class='ocrx_word' id='word_1_285' title='bbox 276 2892 518 2943; x_wconf 80' lang='lat' dir='ltr'>tripartitum</span> <span class='ocrx_word' id='word_1_286' title='bbox 563 2892 653 2943; x_wconf 90' lang='lat' dir='ltr'>(vid.</span> <span class='ocrx_word' id='word_1_287' title='bbox 699 2892 751 2931; x_wconf 92' lang='lat' dir='ltr'>ad</span> <span class='ocrx_word' id='word_1_288' title='bbox 786 2893 867 2931; x_wconf 89' lang='lat' dir='ltr'>Att.</span> <span class='ocrx_word' id='word_1_289' title='bbox 901 2891 925 2929; x_wconf 88' lang='lat' dir='ltr'>l.</span> <span class='ocrx_word' id='word_1_290' title='bbox 965 2893 995 2927; x_wconf 92' lang='grc' dir='ltr'>Ι.</span> <span class='ocrx_word' id='word_1_291' title='bbox 1028 2903 1091 2941; x_wconf 86' lang='lat' dir='ltr'>ep.</span> <span class='ocrx_word' id='word_1_292' title='bbox 1127 2891 1183 2929; x_wconf 84' lang='grc'>19.</span> <span class='ocrx_word' id='word_1_293' title='bbox 1216 2891 1249 2941; x_wconf 67' lang='grc' dir='ltr'>ξ.</span> <span class='ocrx_word' id='word_1_294' title='bbox 1282 2892 1362 2938; x_wconf 90' lang='grc'>10.)</span> <span class='ocrx_word' id='word_1_295' title='bbox 1391 2890 1548 2928; x_wconf 86' lang='lat' dir='ltr'>cecinit.</span> <span class='ocrx_word' id='word_1_296' title='bbox 1606 2887 1777 2938; x_wconf 82' lang='lat' dir='ltr'>Scripsit</span> <span class='ocrx_word' id='word_1_297' title='bbox 1804 2885 1949 2924; x_wconf 76' lang='lat' dir='ltr'>iisdem</span> <span class='ocrx_word' id='word_1_298' title='bbox 1980 2886 2031 2924; x_wconf 91' lang='lat' dir='ltr'>de</span> 
     </span>
     <span class='ocr_line' id='line_1_40' title="bbox 275 2946 2034 3006; baseline -0.005 -12"><span class='ocrx_word' id='word_1_299' title='bbox 275 2953 401 2994; x_wconf 87' lang='lat' dir='ltr'>rebus</span> <span class='ocrx_word' id='word_1_300' title='bbox 435 2955 553 2994; x_wconf 88' lang='lat' dir='ltr'>etiam</span> <span class='ocrx_word' id='word_1_301' title='bbox 595 2954 807 3006; x_wconf 89' lang='lat' dir='ltr'>epistolam</span> <span class='ocrx_word' id='word_1_302' title='bbox 849 2953 901 2993; x_wconf 90' lang='lat' dir='ltr'>ad</span> <span class='ocrx_word' id='word_1_303' title='bbox 937 2954 1197 3004; x_wconf 88' lang='lat' dir='ltr'>Pompeium,</span> <span class='ocrx_word' id='word_1_304' title='bbox 1227 2965 1349 3003; x_wconf 90' lang='lat' dir='ltr'>quam</span> <span class='ocrx_word' id='word_1_305' title='bbox 1377 2957 1495 2990; x_wconf 75' lang='lat' dir='ltr'>vetus</span> <span class='ocrx_word' id='word_1_306' title='bbox 1524 2949 1761 2990; x_wconf 89' lang='lat' dir='ltr'>scholiastes</span> <span class='ocrx_word' id='word_1_307' title='bbox 1790 2946 1954 2999; x_wconf 90' lang='lat' dir='ltr'>quidam</span> <span class='ocrx_word' id='word_1_308' title='bbox 1983 2946 2034 2986; x_wconf 89' lang='lat' dir='ltr'>ad</span> 
     </span>
    </p>
   </div>
   <div class='ocr_carea' id='block_1_9' title="bbox 284 3086 546 3091">
    <p class='ocr_par' dir='ltr' id='par_1_9' title="bbox 284 3086 546 3091">
     <span class='ocr_line' id='line_1_41' title="bbox 284 3086 546 3091; baseline 0 0"><span class='ocrx_word' id='word_1_309' title='bbox 284 3086 546 3091; x_wconf 95' lang='lat' dir='ltr'> </span> 
     </span>
    </p>
   </div>
   <div class='ocr_carea' id='block_1_10' title="bbox 274 3166 2032 3312">
    <p class='ocr_par' dir='ltr' id='par_1_10' title="bbox 274 3166 2032 3312">
     <span class='ocr_line' id='line_1_42' title="bbox 362 3166 2029 3206; baseline -0.004 -3"><span class='ocrx_word' id='word_1_310' title='bbox 362 3172 393 3204; x_wconf 76' lang='lat'>4.</span> <span class='ocrx_word' id='word_1_311' title='bbox 419 3172 455 3203; x_wconf 82' lang='lat' dir='ltr'>In</span> <span class='ocrx_word' id='word_1_312' title='bbox 478 3172 619 3203; x_wconf 82' lang='lat' dir='ltr'>medium</span> <span class='ocrx_word' id='word_1_313' title='bbox 644 3171 728 3203; x_wconf 90' lang='lat' dir='ltr'>Cod.</span> <span class='ocrx_word' id='word_1_314' title='bbox 755 3170 887 3203; x_wconf 83' lang='lat' dir='ltr'>Daniel.</span> <span class='ocrx_word' id='word_1_315' title='bbox 916 3188 950 3193; x_wconf 94' lang='lat'>—</span> <span class='ocrx_word' id='word_1_316' title='bbox 987 3170 1126 3201; x_wconf 77' lang='lat' dir='ltr'>molibus</span> <span class='ocrx_word' id='word_1_317' title='bbox 1150 3170 1320 3201; x_wconf 73' lang='lat' dir='ltr'>Bai-thius.</span> <span class='ocrx_word' id='word_1_318' title='bbox 1350 3187 1385 3192; x_wconf 97' lang='lat'><strong>—</strong></span> <span class='ocrx_word' id='word_1_319' title='bbox 1412 3169 1444 3200; x_wconf 77' lang='lat'>5.</span> <span class='ocrx_word' id='word_1_320' title='bbox 1470 3168 1580 3199; x_wconf 77' lang='lat' dir='ltr'>dulcia</span> <span class='ocrx_word' id='word_1_321' title='bbox 1599 3175 1753 3206; x_wconf 79' lang='lat' dir='ltr'>promens</span> <span class='ocrx_word' id='word_1_322' title='bbox 1776 3166 1964 3197; x_wconf 86' lang='lat' dir='ltr'>Burmann.</span> <span class='ocrx_word' id='word_1_323' title='bbox 1995 3182 2029 3187; x_wconf 91' lang='lat'><strong>—</strong></span> 
     </span>
     <span class='ocr_line' id='line_1_43' title="bbox 274 3213 2032 3263; baseline -0.005 -9"><span class='ocrx_word' id='word_1_324' title='bbox 274 3222 326 3254; x_wconf 77' lang='lat'>3⁴.</span> <span class='ocrx_word' id='word_1_325' title='bbox 365 3223 531 3263; x_wconf 73' lang='lat' dir='ltr'>fluctiseco</span> <span class='ocrx_word' id='word_1_326' title='bbox 556 3222 789 3253; x_wconf 87' lang='lat' dir='ltr'>Hermannus.</span> <span class='ocrx_word' id='word_1_327' title='bbox 837 3220 1019 3260; x_wconf 86' lang='lat' dir='ltr'>Subiungit</span> <span class='ocrx_word' id='word_1_328' title='bbox 1044 3219 1214 3251; x_wconf 83' lang='lat' dir='ltr'>Isidorus:</span> <span class='ocrx_word' id='word_1_329' title='bbox 1249 3220 1317 3250; x_wconf 84' lang='lat' dir='ltr'>«Et</span> <span class='ocrx_word' id='word_1_330' title='bbox 1340 3218 1439 3250; x_wconf 86' lang='lat' dir='ltr'>alibi:</span> <span class='ocrx_word' id='word_1_331' title='bbox 1465 3217 1660 3249; x_wconf 80' lang='lat' dir='ltr'>Parunculis</span> <span class='ocrx_word' id='word_1_332' title='bbox 1684 3216 1727 3247; x_wconf 83' lang='lat' dir='ltr'>ad</span> <span class='ocrx_word' id='word_1_333' title='bbox 1750 3216 1827 3247; x_wconf 78' lang='lat' dir='ltr'>litus</span> <span class='ocrx_word' id='word_1_334' title='bbox 1848 3215 1930 3246; x_wconf 73' lang='lat' dir='ltr'>ludit</span> <span class='ocrx_word' id='word_1_335' title='bbox 1949 3213 2032 3245; x_wconf 79' lang='lat' dir='ltr'>cele-</span> 
     </span>
     <span class='ocr_line' id='line_1_44' title="bbox 274 3269 1324 3312; baseline -0.002 -10"><span class='ocrx_word' id='word_1_336' title='bbox 274 3271 409 3309; x_wconf 71' lang='lat' dir='ltr'>ribus3n</span> <span class='ocrx_word' id='word_1_337' title='bbox 436 3279 524 3312; x_wconf 88' lang='lat' dir='ltr'>quae</span> <span class='ocrx_word' id='word_1_338' title='bbox 550 3279 612 3312; x_wconf 91' lang='lat' dir='ltr'>pro</span> <span class='ocrx_word' id='word_1_339' title='bbox 638 3271 875 3303; x_wconf 84' lang='lat' dir='ltr'>Ciceronianis</span> <span class='ocrx_word' id='word_1_340' title='bbox 900 3271 983 3302; x_wconf 87' lang='lat' dir='ltr'>item</span> <span class='ocrx_word' id='word_1_341' title='bbox 1008 3269 1127 3301; x_wconf 82' lang='lat' dir='ltr'>habuit</span> <span class='ocrx_word' id='word_1_342' title='bbox 1155 3269 1324 3300; x_wconf 82' lang='lat' dir='ltr'>Lemaire.</span> 
     </span>
    </p>
   </div>
   <div class='ocr_carea' id='block_1_11' title="bbox 2174 0 2225 1037">
    <p class='ocr_par' dir='ltr' id='par_1_11' title="bbox 2174 0 2225 1037">
     <span class='ocr_line' id='line_1_45' title="bbox 2174 0 2225 1037; baseline 0 0"><span class='ocrx_word' id='word_1_343' title='bbox 2174 0 2225 1037; x_wconf 95' lang='lat' dir='ltr'> </span> 
     </span>
    </p>
   </div>
   <div class='ocr_carea' id='block_1_12' title="bbox 2204 1061 2227 1385">
    <p class='ocr_par' dir='ltr' id='par_1_12' title="bbox 2204 1061 2227 1385">
     <span class='ocr_line' id='line_1_46' title="bbox 2204 1061 2227 1385; textangle 90"><span class='ocrx_word' id='word_1_344' title='bbox 2212 1327 2227 1385; x_wconf 31' lang='lat' dir='ltr'>*j*</span> <span class='ocrx_word' id='word_1_345' title='bbox 2212 1302 2213 1307; x_wconf 31' lang='grc' dir='ltr'><em>Α</em></span> <span class='ocrx_word' id='word_1_346' title='bbox 2209 1150 2225 1282; x_wconf 50' lang='grc' dir='ltr'><strong><em>.-ἶ.-»-</em></strong></span> <span class='ocrx_word' id='word_1_347' title='bbox 2214 1119 2216 1121; x_wconf 94' lang='grc'><em>·</em></span> <span class='ocrx_word' id='word_1_348' title='bbox 2204 1061 2214 1086; x_wconf 59' lang='lat'>³⁴</span> 
     </span>
    </p>
   </div>
  </div>
 </body>
</html>
