<?xml version="1.0" encoding="UTF-8"?>
<!DOCTYPE html PUBLIC "-//W3C//DTD XHTML 1.0 Transitional//EN"
    "http://www.w3.org/TR/xhtml1/DTD/xhtml1-transitional.dtd">
<html xmlns="http://www.w3.org/1999/xhtml" xml:lang="en" lang="en">
 <head>
  <title>
</title>
<meta http-equiv="Content-Type" content="text/html;charset=utf-8" />
  <meta name='ocr-system' content='tesseract 3.04.00' />
  <meta name='ocr-capabilities' content='ocr_page ocr_carea ocr_par ocr_line ocrx_word'/>
</head>
<body>
  <div class='ocr_page' id='page_1' title='image "./operaquaesupersu04ciceuoft_0485.png"; bbox 0 0 2249 3624; ppageno 0'>
   <div class='ocr_carea' id='block_1_1' title="bbox 556 157 1940 213">
    <p class='ocr_par' dir='ltr' id='par_1_1' title="bbox 556 157 1940 213">
     <span class='ocr_line' id='line_1_1' title="bbox 556 157 1940 213; baseline -0.002 -12"><span class='ocrx_word' id='word_1_1' title='bbox 556 163 644 202; x_wconf 83' lang='lat' dir='ltr'><strong>Lm.</strong></span> <span class='ocrx_word' id='word_1_2' title='bbox 676 162 726 200; x_wconf 93' lang='grc' dir='ltr'><strong>ΙΙ.</strong></span> <span class='ocrx_word' id='word_1_3' title='bbox 767 160 866 201; x_wconf 72' lang='grc' dir='ltr'><strong>ΟΑΡ.</strong></span> <span class='ocrx_word' id='word_1_4' title='bbox 898 160 1195 200; x_wconf 86' lang='lat' dir='ltr'><strong>XLI—XLII.</strong></span> <span class='ocrx_word' id='word_1_5' title='bbox 1231 159 1291 213; x_wconf 77' lang='lat'><strong>§§</strong></span> <span class='ocrx_word' id='word_1_6' title='bbox 1326 157 1573 200; x_wconf 69' lang='grc'><strong>103-110,</strong></span> <span class='ocrx_word' id='word_1_7' title='bbox 1867 157 1940 198; x_wconf 61' lang='lat'><strong>4321</strong></span> 
     </span>
    </p>
   </div>
   <div class='ocr_carea' id='block_1_2' title="bbox 170 266 1996 2308">
    <p class='ocr_par' dir='ltr' id='par_1_2' title="bbox 170 266 1996 2308">
     <span class='ocr_line' id='line_1_2' title="bbox 348 266 1795 320; baseline -0.003 -11"><span class='ocrx_word' id='word_1_8' title='bbox 348 271 538 310; x_wconf 86' lang='lat' dir='ltr'>Torvus</span> <span class='ocrx_word' id='word_1_9' title='bbox 568 268 728 307; x_wconf 85' lang='lat' dir='ltr'>Draco</span> <span class='ocrx_word' id='word_1_10' title='bbox 762 267 923 320; x_wconf 88' lang='lat' dir='ltr'><strong>serpit</strong></span> <span class='ocrx_word' id='word_1_11' title='bbox 957 273 1139 319; x_wconf 80' lang='lat' dir='ltr'><strong>supter</strong></span> <span class='ocrx_word' id='word_1_12' title='bbox 1170 280 1477 320; x_wconf 84' lang='lat' dir='ltr'><strong>superaque</strong></span> <span class='ocrx_word' id='word_1_13' title='bbox 1511 266 1795 305; x_wconf 88' lang='lat' dir='ltr'><strong>revolvens</strong></span> 
     </span>
     <span class='ocr_line' id='line_1_3' title="bbox 350 328 1634 382; baseline -0.003 -11"><span class='ocrx_word' id='word_1_14' title='bbox 350 333 475 371; x_wconf 90' lang='lat' dir='ltr'><strong>Sese</strong></span> <span class='ocrx_word' id='word_1_15' title='bbox 507 330 924 382; x_wconf 80' lang='lat' dir='ltr'><strong>conficiensque</strong></span> <span class='ocrx_word' id='word_1_16' title='bbox 958 329 1101 368; x_wconf 76' lang='lat' dir='ltr'><strong>sinus</strong></span> <span class='ocrx_word' id='word_1_17' title='bbox 1134 342 1155 367; x_wconf 84' lang='lat' dir='ltr'><strong>e</strong></span> <span class='ocrx_word' id='word_1_18' title='bbox 1187 342 1412 381; x_wconf 74' lang='lat' dir='ltr'><strong>corpore</strong></span> <span class='ocrx_word' id='word_1_19' title='bbox 1445 328 1634 367; x_wconf 81' lang='lat' dir='ltr'><strong>flexos.</strong></span> 
     </span>
     <span class='ocr_line' id='line_1_4' title="bbox 181 388 1947 444; baseline -0.002 -11"><span class='ocrx_word' id='word_1_20' title='bbox 181 391 274 433; x_wconf 70' lang='grc'><strong>407.</strong></span> <span class='ocrx_word' id='word_1_21' title='bbox 306 394 403 433; x_wconf 89' lang='lat' dir='ltr'><strong>Eius</strong></span> <span class='ocrx_word' id='word_1_22' title='bbox 435 406 527 432; x_wconf 84' lang='lat' dir='ltr'><strong>cuin</strong></span> <span class='ocrx_word' id='word_1_23' title='bbox 560 392 688 431; x_wconf 87' lang='lat' dir='ltr'><strong>totius</strong></span> <span class='ocrx_word' id='word_1_24' title='bbox 719 393 769 430; x_wconf 88' lang='lat' dir='ltr'><strong>sit</strong></span> <span class='ocrx_word' id='word_1_25' title='bbox 798 392 1008 444; x_wconf 76' lang='lat' dir='ltr'><strong>praeclara</strong></span> <span class='ocrx_word' id='word_1_26' title='bbox 1031 392 1209 444; x_wconf 74' lang='lat' dir='ltr'><strong>species,</strong></span> <span class='ocrx_word' id='word_1_27' title='bbox 1244 392 1451 444; x_wconf 85' lang='lat' dir='ltr'><strong>inprimis</strong></span> <span class='ocrx_word' id='word_1_28' title='bbox 1472 390 1711 444; x_wconf 84' lang='lat' dir='ltr'><strong>aspicienda</strong></span> <span class='ocrx_word' id='word_1_29' title='bbox 1734 395 1797 430; x_wconf 84' lang='lat' dir='ltr'><strong>est</strong></span> <span class='ocrx_word' id='word_1_30' title='bbox 1818 388 1947 443; x_wconf 77' lang='lat' dir='ltr'><strong>figura</strong></span> 
     </span>
     <span class='ocr_line' id='line_1_5' title="bbox 179 453 902 509; baseline -0.007 -14"><span class='ocrx_word' id='word_1_31' title='bbox 179 456 326 509; x_wconf 87' lang='lat' dir='ltr'><strong>capitis</strong></span> <span class='ocrx_word' id='word_1_32' title='bbox 357 461 481 508; x_wconf 86' lang='lat' dir='ltr'><strong>atque</strong></span> <span class='ocrx_word' id='word_1_33' title='bbox 512 454 636 494; x_wconf 89' lang='lat' dir='ltr'><strong>ardor</strong></span> <span class='ocrx_word' id='word_1_34' title='bbox 669 453 902 492; x_wconf 85' lang='lat' dir='ltr'><strong>oculorum.</strong></span> 
     </span>
     <span class='ocr_line' id='line_1_6' title="bbox 348 516 1979 567; baseline -0.001 -11"><span class='ocrx_word' id='word_1_35' title='bbox 348 518 475 556; x_wconf 84' lang='lat' dir='ltr'>Huic</span> <span class='ocrx_word' id='word_1_36' title='bbox 507 530 602 556; x_wconf 90' lang='lat' dir='ltr'><strong>non</strong></span> <span class='ocrx_word' id='word_1_37' title='bbox 636 530 730 555; x_wconf 85' lang='lat' dir='ltr'><strong>una</strong></span> <span class='ocrx_word' id='word_1_38' title='bbox 766 516 908 554; x_wconf 82' lang='lat' dir='ltr'><strong>modo</strong></span> <span class='ocrx_word' id='word_1_39' title='bbox 940 528 989 554; x_wconf 82' lang='lat' dir='ltr'><strong>ca</strong></span> <span class='ocrx_word' id='word_1_40' title='bbox 1007 522 1091 567; x_wconf 85' lang='lat' dir='ltr'><strong>put</strong></span> <span class='ocrx_word' id='word_1_41' title='bbox 1125 529 1318 554; x_wconf 86' lang='lat' dir='ltr'><strong>ornans</strong></span> <span class='ocrx_word' id='word_1_42' title='bbox 1351 516 1505 555; x_wconf 81' lang='lat' dir='ltr'><strong>stella</strong></span> <span class='ocrx_word' id='word_1_43' title='bbox 1537 516 1765 562; x_wconf 76' lang='lat' dir='ltr'><strong>relucet,</strong></span> <span class='ocrx_word' id='word_1_44' title='bbox 1960 520 1979 548; x_wconf 79' lang='grc'><strong>5</strong></span> 
     </span>
     <span class='ocr_line' id='line_1_7' title="bbox 346 577 1652 630; baseline -0.001 -11"><span class='ocrx_word' id='word_1_45' title='bbox 346 581 523 619; x_wconf 87' lang='lat' dir='ltr'><strong>Verum</strong></span> <span class='ocrx_word' id='word_1_46' title='bbox 557 584 788 630; x_wconf 82' lang='lat' dir='ltr'><strong>tempora</strong></span> <span class='ocrx_word' id='word_1_47' title='bbox 821 583 939 615; x_wconf 85' lang='lat' dir='ltr'><strong>sunt</strong></span> <span class='ocrx_word' id='word_1_48' title='bbox 973 577 1168 629; x_wconf 75' lang='lat' dir='ltr'><strong>duplici</strong></span> <span class='ocrx_word' id='word_1_49' title='bbox 1204 578 1417 629; x_wconf 81' lang='lat' dir='ltr'><strong>fulgore</strong></span> <span class='ocrx_word' id='word_1_50' title='bbox 1451 584 1652 624; x_wconf 82' lang='lat' dir='ltr'><strong>notata,</strong></span> 
     </span>
     <span class='ocr_line' id='line_1_8' title="bbox 344 639 1844 693; baseline -0.001 -12"><span class='ocrx_word' id='word_1_51' title='bbox 344 642 376 681; x_wconf 90' lang='lat' dir='ltr'>E</span> <span class='ocrx_word' id='word_1_52' title='bbox 410 642 758 693; x_wconf 85' lang='lat' dir='ltr'><strong>trucibusque</strong></span> <span class='ocrx_word' id='word_1_53' title='bbox 791 640 964 678; x_wconf 75' lang='lat' dir='ltr'><strong>oculis</strong></span> <span class='ocrx_word' id='word_1_54' title='bbox 999 639 1095 677; x_wconf 85' lang='lat' dir='ltr'><strong>duo</strong></span> <span class='ocrx_word' id='word_1_55' title='bbox 1127 640 1337 679; x_wconf 82' lang='lat' dir='ltr'><strong>fervida</strong></span> <span class='ocrx_word' id='word_1_56' title='bbox 1370 640 1567 680; x_wconf 84' lang='lat' dir='ltr'><strong>lumina</strong></span> <span class='ocrx_word' id='word_1_57' title='bbox 1598 641 1844 692; x_wconf 83' lang='lat' dir='ltr'><strong>flagrant,</strong></span> 
     </span>
     <span class='ocr_line' id='line_1_9' title="bbox 343 701 1590 757; baseline -0.001 -14"><span class='ocrx_word' id='word_1_58' title='bbox 343 704 516 757; x_wconf 82' lang='lat' dir='ltr'><strong>Atque</strong></span> <span class='ocrx_word' id='word_1_59' title='bbox 548 716 650 743; x_wconf 92' lang='lat' dir='ltr'><strong>nno</strong></span> <span class='ocrx_word' id='word_1_60' title='bbox 684 708 913 741; x_wconf 88' lang='lat' dir='ltr'><strong>mentum</strong></span> <span class='ocrx_word' id='word_1_61' title='bbox 947 702 1182 740; x_wconf 75' lang='lat' dir='ltr'>radianti</span> <span class='ocrx_word' id='word_1_62' title='bbox 1216 701 1393 741; x_wconf 83' lang='lat' dir='ltr'><strong>sidere</strong></span> <span class='ocrx_word' id='word_1_63' title='bbox 1426 703 1590 742; x_wconf 75' lang='lat' dir='ltr'><strong>lucet:</strong></span> 
     </span>
     <span class='ocr_line' id='line_1_10' title="bbox 346 764 1623 819; baseline 0.001 -15"><span class='ocrx_word' id='word_1_64' title='bbox 346 765 619 819; x_wconf 85' lang='lat' dir='ltr'><strong>Opstipum</strong></span> <span class='ocrx_word' id='word_1_65' title='bbox 651 771 809 817; x_wconf 86' lang='lat' dir='ltr'><strong>caput</strong></span> <span class='ocrx_word' id='word_1_66' title='bbox 840 769 888 803; x_wconf 83' lang='lat' dir='ltr'><strong>at</strong></span> <span class='ocrx_word' id='word_1_67' title='bbox 920 764 1084 802; x_wconf 83' lang='lat' dir='ltr'><strong>tereti</strong></span> <span class='ocrx_word' id='word_1_68' title='bbox 1117 766 1330 803; x_wconf 75' lang='lat' dir='ltr'><strong>cervice</strong></span> <span class='ocrx_word' id='word_1_69' title='bbox 1364 765 1623 805; x_wconf 82' lang='lat' dir='ltr'><strong>reflexum</strong></span> 
     </span>
     <span class='ocr_line' id='line_1_11' title="bbox 345 826 1996 882; baseline 0.001 -16"><span class='ocrx_word' id='word_1_70' title='bbox 345 828 589 882; x_wconf 80' lang='lat' dir='ltr'><strong>Optutuin</strong></span> <span class='ocrx_word' id='word_1_71' title='bbox 623 828 670 866; x_wconf 92' lang='lat' dir='ltr'><strong>in</strong></span> <span class='ocrx_word' id='word_1_72' title='bbox 703 826 862 866; x_wconf 79' lang='lat' dir='ltr'><strong>cauda</strong></span> <span class='ocrx_word' id='word_1_73' title='bbox 897 826 1114 865; x_wconf 84' lang='lat' dir='ltr'><strong>maioris</strong></span> <span class='ocrx_word' id='word_1_74' title='bbox 1146 826 1318 877; x_wconf 83' lang='lat' dir='ltr'><strong>figere</strong></span> <span class='ocrx_word' id='word_1_75' title='bbox 1352 828 1508 867; x_wconf 84' lang='lat' dir='ltr'><strong>dicas.</strong></span> <span class='ocrx_word' id='word_1_76' title='bbox 1962 832 1996 861; x_wconf 75' lang='grc'><strong>10</strong></span> 
     </span>
     <span class='ocr_line' id='line_1_12' title="bbox 178 888 1828 944; baseline 0 -15"><span class='ocrx_word' id='word_1_77' title='bbox 178 888 270 929; x_wconf 71' lang='lat'><strong>408.</strong></span> <span class='ocrx_word' id='word_1_78' title='bbox 300 889 352 928; x_wconf 88' lang='lat' dir='ltr'><strong>Et</strong></span> <span class='ocrx_word' id='word_1_79' title='bbox 383 891 591 944; x_wconf 88' lang='lat' dir='ltr'><strong>reliquum</strong></span> <span class='ocrx_word' id='word_1_80' title='bbox 623 889 790 942; x_wconf 90' lang='lat' dir='ltr'><strong>quidem</strong></span> <span class='ocrx_word' id='word_1_81' title='bbox 823 901 976 940; x_wconf 83' lang='lat' dir='ltr'><strong>corpus</strong></span> <span class='ocrx_word' id='word_1_82' title='bbox 1010 888 1201 927; x_wconf 74' lang='lat' dir='ltr'><strong>draconis</strong></span> <span class='ocrx_word' id='word_1_83' title='bbox 1240 890 1337 928; x_wconf 84' lang='lat' dir='ltr'><strong>totis</strong></span> <span class='ocrx_word' id='word_1_84' title='bbox 1369 891 1562 929; x_wconf 75' lang='lat' dir='ltr'><strong>noi-tibus</strong></span> <span class='ocrx_word' id='word_1_85' title='bbox 1594 891 1828 939; x_wconf 74' lang='lat' dir='ltr'><strong>cernimus3</strong></span> 
     </span>
     <span class='ocr_line' id='line_1_13' title="bbox 343 951 1821 1005; baseline 0.001 -15"><span class='ocrx_word' id='word_1_86' title='bbox 343 952 450 992; x_wconf 90' lang='lat' dir='ltr'><strong>Hoc</strong></span> <span class='ocrx_word' id='word_1_87' title='bbox 481 958 637 1005; x_wconf 87' lang='lat' dir='ltr'><strong>eaput</strong></span> <span class='ocrx_word' id='word_1_88' title='bbox 669 952 749 990; x_wconf 91' lang='lat' dir='ltr'><strong>hic</strong></span> <span class='ocrx_word' id='word_1_89' title='bbox 780 951 984 1004; x_wconf 80' lang='lat' dir='ltr'><strong>paulum</strong></span> <span class='ocrx_word' id='word_1_90' title='bbox 1017 964 1132 990; x_wconf 88' lang='lat' dir='ltr'><strong>sese</strong></span> <span class='ocrx_word' id='word_1_91' title='bbox 1164 951 1331 990; x_wconf 90' lang='lat' dir='ltr'><strong>subito</strong></span> <span class='ocrx_word' id='word_1_92' title='bbox 1363 965 1593 1004; x_wconf 86' lang='lat' dir='ltr'><strong>aequore</strong></span> <span class='ocrx_word' id='word_1_93' title='bbox 1626 953 1821 1001; x_wconf 82' lang='lat' dir='ltr'><strong>condit,</strong></span> 
     </span>
     <span class='ocr_line' id='line_1_14' title="bbox 345 1013 1916 1066; baseline 0.001 -13"><span class='ocrx_word' id='word_1_94' title='bbox 345 1015 501 1054; x_wconf 82' lang='lat' dir='ltr'><strong>Ortus</strong></span> <span class='ocrx_word' id='word_1_95' title='bbox 534 1015 620 1054; x_wconf 91' lang='lat' dir='ltr'><strong>ubi</strong></span> <span class='ocrx_word' id='word_1_96' title='bbox 653 1020 812 1066; x_wconf 89' lang='lat' dir='ltr'><strong>atque</strong></span> <span class='ocrx_word' id='word_1_97' title='bbox 844 1013 1024 1053; x_wconf 86' lang='lat' dir='ltr'><strong>obitus</strong></span> <span class='ocrx_word' id='word_1_98' title='bbox 1057 1019 1256 1066; x_wconf 84' lang='lat' dir='ltr'><strong>partein</strong></span> <span class='ocrx_word' id='word_1_99' title='bbox 1288 1014 1640 1054; x_wconf 75' lang='lat' dir='ltr'><strong>admiscentur</strong></span> <span class='ocrx_word' id='word_1_100' title='bbox 1672 1017 1720 1055; x_wconf 93' lang='lat' dir='ltr'><strong>in</strong></span> <span class='ocrx_word' id='word_1_101' title='bbox 1753 1029 1916 1056; x_wconf 88' lang='lat' dir='ltr'><strong>unam.</strong></span> 
     </span>
     <span class='ocr_line' id='line_1_15' title="bbox 176 1077 546 1130; baseline -0.005 -12"><span class='ocrx_word' id='word_1_102' title='bbox 176 1077 220 1118; x_wconf 95' lang='lat' dir='ltr'><strong>ld</strong></span> <span class='ocrx_word' id='word_1_103' title='bbox 252 1082 389 1117; x_wconf 81' lang='lat' dir='ltr'><strong>autem</strong></span> <span class='ocrx_word' id='word_1_104' title='bbox 423 1082 546 1130; x_wconf 89' lang='lat' dir='ltr'><strong>caput</strong></span> 
     </span>
     <span class='ocr_line' id='line_1_16' title="bbox 342 1138 1994 1192; baseline 0.001 -14"><span class='ocrx_word' id='word_1_105' title='bbox 342 1140 623 1192; x_wconf 86' lang='lat' dir='ltr'><strong>Attingens</strong></span> <span class='ocrx_word' id='word_1_106' title='bbox 657 1138 863 1179; x_wconf 86' lang='lat' dir='ltr'><strong>defessa</strong></span> <span class='ocrx_word' id='word_1_107' title='bbox 890 1139 1034 1178; x_wconf 90' lang='lat' dir='ltr'><strong>velut</strong></span> <span class='ocrx_word' id='word_1_108' title='bbox 1065 1139 1346 1179; x_wconf 88' lang='lat' dir='ltr'><strong>maerentis</strong></span> <span class='ocrx_word' id='word_1_109' title='bbox 1379 1139 1549 1192; x_wconf 80' lang='lat' dir='ltr'>imago</span> <span class='ocrx_word' id='word_1_110' title='bbox 1958 1145 1994 1174; x_wconf 71' lang='lat'><strong>⁴5</strong></span> 
     </span>
     <span class='ocr_line' id='line_1_17' title="bbox 341 1203 604 1250; baseline 0.004 -9"><span class='ocrx_word' id='word_1_111' title='bbox 341 1203 604 1250; x_wconf 85' lang='lat' dir='ltr'><strong>Vertitur,</strong></span> 
     </span>
     <span class='ocr_line' id='line_1_18' title="bbox 174 1265 679 1318; baseline 0 -13"><span class='ocrx_word' id='word_1_112' title='bbox 174 1277 299 1318; x_wconf 88' lang='lat' dir='ltr'><strong>quam</strong></span> <span class='ocrx_word' id='word_1_113' title='bbox 331 1265 500 1318; x_wconf 91' lang='lat' dir='ltr'><strong>quidem</strong></span> <span class='ocrx_word' id='word_1_114' title='bbox 533 1265 679 1305; x_wconf 87' lang='lat' dir='ltr'><strong>Graeci</strong></span> 
     </span>
     <span class='ocr_line' id='line_1_19' title="bbox 338 1325 1766 1391; baseline 0 -24"><span class='ocrx_word' id='word_1_115' title='bbox 338 1328 647 1381; x_wconf 83' lang='lat' dir='ltr'><strong>Engonasin</strong></span> <span class='ocrx_word' id='word_1_116' title='bbox 680 1327 952 1391; x_wconf 67' lang='lat' dir='ltr'><strong>vpcitant,</strong></span> <span class='ocrx_word' id='word_1_117' title='bbox 985 1326 1213 1380; x_wconf 85' lang='lat' dir='ltr'><strong>genibus</strong></span> <span class='ocrx_word' id='word_1_118' title='bbox 1246 1327 1368 1380; x_wconf 87' lang='lat' dir='ltr'><strong>quia</strong></span> <span class='ocrx_word' id='word_1_119' title='bbox 1399 1325 1518 1366; x_wconf 80' lang='lat' dir='ltr'><strong>nixa</strong></span> <span class='ocrx_word' id='word_1_120' title='bbox 1548 1326 1766 1367; x_wconf 87' lang='lat' dir='ltr'><strong>feratur.</strong></span> 
     </span>
     <span class='ocr_line' id='line_1_20' title="bbox 340 1388 1593 1442; baseline -0.001 -12"><span class='ocrx_word' id='word_1_121' title='bbox 340 1389 436 1430; x_wconf 88' lang='lat' dir='ltr'><strong>Hic</strong></span> <span class='ocrx_word' id='word_1_122' title='bbox 466 1390 560 1430; x_wconf 89' lang='lat' dir='ltr'><strong>illa</strong></span> <span class='ocrx_word' id='word_1_123' title='bbox 592 1389 788 1429; x_wconf 86' lang='lat' dir='ltr'><strong>eximio</strong></span> <span class='ocrx_word' id='word_1_124' title='bbox 821 1389 994 1442; x_wconf 86' lang='lat' dir='ltr'><strong>posita</strong></span> <span class='ocrx_word' id='word_1_125' title='bbox 1026 1394 1102 1428; x_wconf 90' lang='lat' dir='ltr'><strong>est</strong></span> <span class='ocrx_word' id='word_1_126' title='bbox 1132 1388 1342 1442; x_wconf 81' lang='lat' dir='ltr'><strong>fulgore</strong></span> <span class='ocrx_word' id='word_1_127' title='bbox 1375 1391 1593 1430; x_wconf 84' lang='lat' dir='ltr'><strong>Corona.</strong></span> 
     </span>
     <span class='ocr_line' id='line_1_21' title="bbox 173 1452 1994 1506; baseline 0.001 -14"><span class='ocrx_word' id='word_1_128' title='bbox 173 1453 310 1506; x_wconf 85' lang='lat' dir='ltr'><strong>Atque</strong></span> <span class='ocrx_word' id='word_1_129' title='bbox 339 1452 445 1492; x_wconf 86' lang='lat' dir='ltr'><strong>haec</strong></span> <span class='ocrx_word' id='word_1_130' title='bbox 477 1453 650 1506; x_wconf 90' lang='lat' dir='ltr'><strong>quidem</strong></span> <span class='ocrx_word' id='word_1_131' title='bbox 681 1465 703 1492; x_wconf 88' lang='lat' dir='ltr'><strong>a</strong></span> <span class='ocrx_word' id='word_1_132' title='bbox 735 1458 870 1504; x_wconf 82' lang='lat' dir='ltr'><strong>terge,</strong></span> <span class='ocrx_word' id='word_1_133' title='bbox 904 1456 1073 1505; x_wconf 88' lang='lat' dir='ltr'><strong>propter</strong></span> <span class='ocrx_word' id='word_1_134' title='bbox 1103 1458 1225 1504; x_wconf 86' lang='lat' dir='ltr'><strong>caput</strong></span> <span class='ocrx_word' id='word_1_135' title='bbox 1255 1459 1392 1492; x_wconf 83' lang='lat' dir='ltr'><strong>autem</strong></span> <span class='ocrx_word' id='word_1_136' title='bbox 1425 1453 1739 1505; x_wconf 86' lang='lat' dir='ltr'><strong>Anguitenens:</strong></span> <span class='ocrx_word' id='word_1_137' title='bbox 1956 1456 1994 1486; x_wconf 77' lang='lat'><strong>20</strong></span> 
     </span>
     <span class='ocr_line' id='line_1_22' title="bbox 210 1514 1800 1568; baseline 0.001 -13"><span class='ocrx_word' id='word_1_138' title='bbox 210 1514 302 1555; x_wconf 70' lang='lat'>409.</span> <span class='ocrx_word' id='word_1_139' title='bbox 345 1515 504 1564; x_wconf 86' lang='lat' dir='ltr'><strong>Quem</strong></span> <span class='ocrx_word' id='word_1_140' title='bbox 539 1516 681 1555; x_wconf 87' lang='lat' dir='ltr'><strong>claro</strong></span> <span class='ocrx_word' id='word_1_141' title='bbox 715 1514 1001 1568; x_wconf 84' lang='lat' dir='ltr'><strong>perhibent</strong></span> <span class='ocrx_word' id='word_1_142' title='bbox 1033 1514 1372 1567; x_wconf 87' lang='lat' dir='ltr'><strong>Ophiuchum</strong></span> <span class='ocrx_word' id='word_1_143' title='bbox 1405 1515 1612 1555; x_wconf 89' lang='lat' dir='ltr'><strong>nomine</strong></span> <span class='ocrx_word' id='word_1_144' title='bbox 1646 1516 1800 1558; x_wconf 82' lang='lat' dir='ltr'><strong>Graii.</strong></span> 
     </span>
     <span class='ocr_line' id='line_1_23' title="bbox 339 1577 1757 1632; baseline -0.001 -13"><span class='ocrx_word' id='word_1_145' title='bbox 339 1579 433 1619; x_wconf 87' lang='lat' dir='ltr'><strong>Hic</strong></span> <span class='ocrx_word' id='word_1_146' title='bbox 464 1592 646 1632; x_wconf 89' lang='lat' dir='ltr'><strong>pressu</strong></span> <span class='ocrx_word' id='word_1_147' title='bbox 679 1577 884 1630; x_wconf 89' lang='lat' dir='ltr'><strong>duplici</strong></span> <span class='ocrx_word' id='word_1_148' title='bbox 919 1577 1199 1630; x_wconf 85' lang='lat' dir='ltr'><strong>palmarum</strong></span> <span class='ocrx_word' id='word_1_149' title='bbox 1234 1578 1470 1617; x_wconf 89' lang='lat' dir='ltr'><strong>continet</strong></span> <span class='ocrx_word' id='word_1_150' title='bbox 1499 1580 1757 1631; x_wconf 87' lang='lat' dir='ltr'><strong>Anguem,</strong></span> 
     </span>
     <span class='ocr_line' id='line_1_24' title="bbox 339 1640 1759 1695; baseline 0 -13"><span class='ocrx_word' id='word_1_151' title='bbox 339 1643 506 1695; x_wconf 86' lang='lat' dir='ltr'><strong>Atque</strong></span> <span class='ocrx_word' id='word_1_152' title='bbox 540 1642 660 1681; x_wconf 91' lang='lat' dir='ltr'><strong>eius</strong></span> <span class='ocrx_word' id='word_1_153' title='bbox 691 1641 807 1693; x_wconf 90' lang='lat' dir='ltr'><strong>ipse</strong></span> <span class='ocrx_word' id='word_1_154' title='bbox 840 1646 1011 1680; x_wconf 87' lang='lat' dir='ltr'><strong>manet</strong></span> <span class='ocrx_word' id='word_1_155' title='bbox 1040 1640 1306 1691; x_wconf 85' lang='lat' dir='ltr'><strong>religatus</strong></span> <span class='ocrx_word' id='word_1_156' title='bbox 1339 1654 1552 1694; x_wconf 88' lang='lat' dir='ltr'><strong>corpore</strong></span> <span class='ocrx_word' id='word_1_157' title='bbox 1584 1647 1759 1682; x_wconf 84' lang='lat' dir='ltr'><strong>torto:</strong></span> 
     </span>
     <span class='ocr_line' id='line_1_25' title="bbox 338 1703 1871 1759; baseline 0.001 -15"><span class='ocrx_word' id='word_1_158' title='bbox 338 1706 571 1758; x_wconf 86' lang='lat' dir='ltr'><strong>Namque</strong></span> <span class='ocrx_word' id='word_1_159' title='bbox 603 1704 765 1743; x_wconf 87' lang='lat' dir='ltr'><strong>virum</strong></span> <span class='ocrx_word' id='word_1_160' title='bbox 797 1703 1021 1742; x_wconf 85' lang='lat' dir='ltr'><strong>medium</strong></span> <span class='ocrx_word' id='word_1_161' title='bbox 1053 1715 1275 1756; x_wconf 87' lang='lat' dir='ltr'><strong>serpens</strong></span> <span class='ocrx_word' id='word_1_162' title='bbox 1308 1703 1401 1742; x_wconf 91' lang='lat' dir='ltr'><strong>sub</strong></span> <span class='ocrx_word' id='word_1_163' title='bbox 1433 1709 1651 1755; x_wconf 84' lang='lat' dir='ltr'><strong>pectora</strong></span> <span class='ocrx_word' id='word_1_164' title='bbox 1682 1704 1871 1759; x_wconf 85' lang='lat' dir='ltr'><strong>cingit.</strong></span> 
     </span>
     <span class='ocr_line' id='line_1_26' title="bbox 339 1765 1990 1819; baseline 0 -13"><span class='ocrx_word' id='word_1_165' title='bbox 339 1766 437 1806; x_wconf 89' lang='lat' dir='ltr'><strong>Ille</strong></span> <span class='ocrx_word' id='word_1_166' title='bbox 470 1773 637 1807; x_wconf 88' lang='lat' dir='ltr'><strong>tamen</strong></span> <span class='ocrx_word' id='word_1_167' title='bbox 669 1766 848 1806; x_wconf 90' lang='lat' dir='ltr'><strong>nitens</strong></span> <span class='ocrx_word' id='word_1_168' title='bbox 880 1765 1118 1818; x_wconf 85' lang='lat' dir='ltr'><strong>graviter</strong></span> <span class='ocrx_word' id='word_1_169' title='bbox 1147 1765 1380 1818; x_wconf 86' lang='lat' dir='ltr'><strong>vestigia</strong></span> <span class='ocrx_word' id='word_1_170' title='bbox 1410 1767 1561 1819; x_wconf 88' lang='lat' dir='ltr'><strong>ponit</strong></span> <span class='ocrx_word' id='word_1_171' title='bbox 1953 1768 1990 1799; x_wconf 76' lang='lat'><strong>25</strong></span> 
     </span>
     <span class='ocr_line' id='line_1_27' title="bbox 336 1827 1736 1883; baseline 0.001 -14"><span class='ocrx_word' id='word_1_172' title='bbox 336 1830 505 1883; x_wconf 90' lang='lat' dir='ltr'><strong>Atque</strong></span> <span class='ocrx_word' id='word_1_173' title='bbox 537 1828 723 1869; x_wconf 85' lang='lat' dir='ltr'><strong>oculos</strong></span> <span class='ocrx_word' id='word_1_174' title='bbox 753 1833 943 1881; x_wconf 85' lang='lat' dir='ltr'><strong>urguet</strong></span> <span class='ocrx_word' id='word_1_175' title='bbox 975 1827 1201 1881; x_wconf 91' lang='lat' dir='ltr'><strong>pedibus</strong></span> <span class='ocrx_word' id='word_1_176' title='bbox 1233 1835 1525 1882; x_wconf 87' lang='lat' dir='ltr'><strong>pectusque</strong></span> <span class='ocrx_word' id='word_1_177' title='bbox 1559 1830 1736 1883; x_wconf 88' lang='lat' dir='ltr'><strong>Nepai.</strong></span> 
     </span>
     <span class='ocr_line' id='line_1_28' title="bbox 172 1891 880 1946; baseline -0.003 -14"><span class='ocrx_word' id='word_1_178' title='bbox 172 1892 486 1946; x_wconf 87' lang='lat' dir='ltr'><strong>Septentriones</strong></span> <span class='ocrx_word' id='word_1_179' title='bbox 519 1898 657 1932; x_wconf 87' lang='lat' dir='ltr'><strong>autem</strong></span> <span class='ocrx_word' id='word_1_180' title='bbox 691 1891 880 1944; x_wconf 86' lang='lat' dir='ltr'><strong>sequitur</strong></span> 
     </span>
     <span class='ocr_line' id='line_1_29' title="bbox 339 1953 1677 2008; baseline 0.001 -14"><span class='ocrx_word' id='word_1_181' title='bbox 339 1954 731 2008; x_wconf 78' lang='lat' dir='ltr'><strong>Arctophylax,</strong></span> <span class='ocrx_word' id='word_1_182' title='bbox 763 1953 923 2006; x_wconf 88' lang='lat' dir='ltr'><strong>vulgo</strong></span> <span class='ocrx_word' id='word_1_183' title='bbox 957 1954 1043 2008; x_wconf 91' lang='lat' dir='ltr'><strong>qui</strong></span> <span class='ocrx_word' id='word_1_184' title='bbox 1078 1953 1277 1993; x_wconf 90' lang='lat' dir='ltr'><strong>dicitur</strong></span> <span class='ocrx_word' id='word_1_185' title='bbox 1308 1967 1425 1994; x_wconf 91' lang='lat' dir='ltr'><strong>esse</strong></span> <span class='ocrx_word' id='word_1_186' title='bbox 1457 1956 1677 2005; x_wconf 88' lang='lat' dir='ltr'><strong>Bootes,</strong></span> 
     </span>
     <span class='ocr_line' id='line_1_30' title="bbox 340 2017 1939 2071; baseline 0.003 -15"><span class='ocrx_word' id='word_1_187' title='bbox 340 2017 487 2065; x_wconf 93' lang='lat' dir='ltr'><strong>Quod</strong></span> <span class='ocrx_word' id='word_1_188' title='bbox 520 2017 665 2070; x_wconf 84' lang='lat' dir='ltr'><strong>quasi</strong></span> <span class='ocrx_word' id='word_1_189' title='bbox 696 2017 896 2056; x_wconf 87' lang='lat' dir='ltr'><strong>temoni</strong></span> <span class='ocrx_word' id='word_1_190' title='bbox 930 2017 1237 2056; x_wconf 87' lang='lat' dir='ltr'><strong>adiunctam</strong></span> <span class='ocrx_word' id='word_1_191' title='bbox 1270 2030 1395 2070; x_wconf 87' lang='lat' dir='ltr'><strong>prae</strong></span> <span class='ocrx_word' id='word_1_192' title='bbox 1428 2031 1482 2057; x_wconf 91' lang='lat' dir='ltr'><strong>se</strong></span> <span class='ocrx_word' id='word_1_193' title='bbox 1513 2019 1686 2071; x_wconf 86' lang='lat' dir='ltr'><strong>quatit</strong></span> <span class='ocrx_word' id='word_1_194' title='bbox 1715 2019 1939 2061; x_wconf 90' lang='lat' dir='ltr'><strong>Arctum.</strong></span> 
     </span>
     <span class='ocr_line' id='line_1_31' title="bbox 172 2077 1990 2133; baseline -0.001 -14"><span class='ocrx_word' id='word_1_195' title='bbox 172 2077 264 2120; x_wconf 79' lang='grc' dir='ltr'><strong>ΗΟ.</strong></span> <span class='ocrx_word' id='word_1_196' title='bbox 296 2081 398 2120; x_wconf 89' lang='lat' dir='ltr'><strong>Dein</strong></span> <span class='ocrx_word' id='word_1_197' title='bbox 432 2093 539 2133; x_wconf 87' lang='lat' dir='ltr'><strong>quae</strong></span> <span class='ocrx_word' id='word_1_198' title='bbox 571 2084 826 2133; x_wconf 89' lang='lat' dir='ltr'><strong>sequuntur;</strong></span> <span class='ocrx_word' id='word_1_199' title='bbox 857 2079 955 2118; x_wconf 88' lang='lat' dir='ltr'><strong>huic</strong></span> <span class='ocrx_word' id='word_1_200' title='bbox 986 2080 1095 2119; x_wconf 90' lang='lat' dir='ltr'><strong>enim</strong></span> <span class='ocrx_word' id='word_1_201' title='bbox 1127 2080 1245 2119; x_wconf 88' lang='lat' dir='ltr'><strong>Booti</strong></span> <span class='ocrx_word' id='word_1_202' title='bbox 1952 2081 1990 2112; x_wconf 79' lang='lat'><strong>30</strong></span> 
     </span>
     <span class='ocr_line' id='line_1_32' title="bbox 590 2141 1504 2195; baseline 0.001 -14"><span class='ocrx_word' id='word_1_203' title='bbox 590 2142 766 2181; x_wconf 90' lang='lat' dir='ltr'><strong>subter</strong></span> <span class='ocrx_word' id='word_1_204' title='bbox 796 2142 1118 2195; x_wconf 88' lang='lat' dir='ltr'><strong>praecordia</strong></span> <span class='ocrx_word' id='word_1_205' title='bbox 1148 2141 1258 2182; x_wconf 84' lang='lat' dir='ltr'><strong>fixa</strong></span> <span class='ocrx_word' id='word_1_206' title='bbox 1290 2142 1504 2183; x_wconf 90' lang='lat' dir='ltr'><strong>videtur</strong></span> 
     </span>
     <span class='ocr_line' id='line_1_33' title="bbox 340 2204 1689 2252; baseline 0.001 -7"><span class='ocrx_word' id='word_1_207' title='bbox 340 2204 510 2245; x_wconf 83' lang='lat' dir='ltr'><strong>Stella</strong></span> <span class='ocrx_word' id='word_1_208' title='bbox 541 2205 735 2244; x_wconf 88' lang='lat' dir='ltr'><strong>micans</strong></span> <span class='ocrx_word' id='word_1_209' title='bbox 768 2204 961 2252; x_wconf 88' lang='lat' dir='ltr'><strong>radiis,</strong></span> <span class='ocrx_word' id='word_1_210' title='bbox 994 2206 1259 2245; x_wconf 86' lang='lat' dir='ltr'><strong>Arcturus</strong></span> <span class='ocrx_word' id='word_1_211' title='bbox 1291 2208 1497 2246; x_wconf 88' lang='lat' dir='ltr'><strong>nomine</strong></span> <span class='ocrx_word' id='word_1_212' title='bbox 1529 2207 1689 2247; x_wconf 87' lang='lat' dir='ltr'><strong>claro:</strong></span> 
     </span>
     <span class='ocr_line' id='line_1_34' title="bbox 170 2266 616 2308; baseline -0.004 0"><span class='ocrx_word' id='word_1_213' title='bbox 170 2268 236 2308; x_wconf 92' lang='lat' dir='ltr'><strong>cui</strong></span> <span class='ocrx_word' id='word_1_214' title='bbox 267 2268 456 2308; x_wconf 81' lang='lat' dir='ltr'><strong>subiecta</strong></span> <span class='ocrx_word' id='word_1_215' title='bbox 487 2266 616 2306; x_wconf 82' lang='lat' dir='ltr'><strong>fertur</strong></span> 
     </span>
    </p>
   </div>
   <div class='ocr_carea' id='block_1_3' title="bbox 339 2330 1825 2387">
    <p class='ocr_par' dir='ltr' id='par_1_3' title="bbox 339 2330 1825 2387">
     <span class='ocr_line' id='line_1_35' title="bbox 339 2330 1825 2387; baseline 0.001 -15"><span class='ocrx_word' id='word_1_216' title='bbox 339 2331 543 2385; x_wconf 90' lang='lat' dir='ltr'><strong>Spicum</strong></span> <span class='ocrx_word' id='word_1_217' title='bbox 575 2330 805 2371; x_wconf 88' lang='lat' dir='ltr'><strong>inlustre</strong></span> <span class='ocrx_word' id='word_1_218' title='bbox 837 2335 1018 2370; x_wconf 86' lang='lat' dir='ltr'><strong>tenens</strong></span> <span class='ocrx_word' id='word_1_219' title='bbox 1051 2330 1363 2384; x_wconf 88' lang='lat' dir='ltr'><strong>splendenti</strong></span> <span class='ocrx_word' id='word_1_220' title='bbox 1394 2345 1620 2386; x_wconf 88' lang='lat' dir='ltr'><strong>corpore</strong></span> <span class='ocrx_word' id='word_1_221' title='bbox 1651 2334 1825 2387; x_wconf 88' lang='lat' dir='ltr'><strong>Virgo.</strong></span> 
     </span>
    </p>
   </div>
   <div class='ocr_carea' id='block_1_4' title="bbox 169 2586 1942 3325">
    <p class='ocr_par' dir='ltr' id='par_1_4' title="bbox 169 2586 1942 3325">
     <span class='ocr_line' id='line_1_36' title="bbox 259 2586 1938 2629; baseline 0.001 -10"><span class='ocrx_word' id='word_1_222' title='bbox 259 2588 288 2619; x_wconf 75' lang='lat' dir='ltr'><strong>l.</strong></span> <span class='ocrx_word' id='word_1_223' title='bbox 318 2587 585 2619; x_wconf 74' lang='lat' dir='ltr'><strong>Torvus--sese</strong></span> <span class='ocrx_word' id='word_1_224' title='bbox 619 2586 815 2617; x_wconf 78' lang='lat' dir='ltr'><strong>Priscianus</strong></span> <span class='ocrx_word' id='word_1_225' title='bbox 846 2586 932 2625; x_wconf 71' lang='lat' dir='ltr'><strong>XIV,</strong></span> <span class='ocrx_word' id='word_1_226' title='bbox 960 2587 991 2624; x_wconf 85' lang='lat'><strong>6,</strong></span> <span class='ocrx_word' id='word_1_227' title='bbox 1017 2588 1069 2618; x_wconf 74' lang='lat'><strong>52.</strong></span> <span class='ocrx_word' id='word_1_228' title='bbox 1106 2605 1136 2610; x_wconf 91' lang='lat'>—</span> <span class='ocrx_word' id='word_1_229' title='bbox 1178 2595 1364 2627; x_wconf 70' lang='lat' dir='ltr'><strong>superaque</strong></span> <span class='ocrx_word' id='word_1_230' title='bbox 1393 2587 1610 2620; x_wconf 78' lang='lat' dir='ltr'><strong>Priscianus:</strong></span> <span class='ocrx_word' id='word_1_231' title='bbox 1648 2597 1817 2629; x_wconf 82' lang='lat' dir='ltr'><strong>supraque</strong></span> <span class='ocrx_word' id='word_1_232' title='bbox 1847 2588 1877 2623; x_wconf 70' lang='grc' dir='ltr'>Ἡ</span> <span class='ocrx_word' id='word_1_233' title='bbox 1903 2608 1938 2614; x_wconf 91' lang='grc'>-</span> 
     </span>
     <span class='ocr_line' id='line_1_37' title="bbox 169 2637 1942 2680; baseline 0.002 -11"><span class='ocrx_word' id='word_1_234' title='bbox 169 2641 364 2678; x_wconf 76' lang='lat' dir='ltr'><strong>retorquens</strong></span> <span class='ocrx_word' id='word_1_235' title='bbox 388 2637 595 2668; x_wconf 82' lang='lat' dir='ltr'><strong>Priscianus.</strong></span> <span class='ocrx_word' id='word_1_236' title='bbox 625 2653 660 2658; x_wconf 90' lang='lat'>—</span> <span class='ocrx_word' id='word_1_237' title='bbox 693 2637 723 2668; x_wconf 74' lang='lat'><strong>2.</strong></span> <span class='ocrx_word' id='word_1_238' title='bbox 749 2638 836 2677; x_wconf 63' lang='lat' dir='ltr'><strong>flexo</strong></span> <span class='ocrx_word' id='word_1_239' title='bbox 861 2638 1010 2668; x_wconf 78' lang='lat' dir='ltr'><strong>Grotius.</strong></span> <span class='ocrx_word' id='word_1_240' title='bbox 1040 2654 1075 2659; x_wconf 86' lang='lat'><strong>—</strong></span> <span class='ocrx_word' id='word_1_241' title='bbox 1103 2637 1132 2669; x_wconf 77' lang='grc'><strong>3.</strong></span> <span class='ocrx_word' id='word_1_242' title='bbox 1160 2638 1202 2669; x_wconf 72' lang='lat' dir='ltr'><strong>sit</strong></span> <span class='ocrx_word' id='word_1_243' title='bbox 1225 2638 1515 2670; x_wconf 70' lang='lat' dir='ltr'><strong>Scboemannus:</strong></span> <span class='ocrx_word' id='word_1_244' title='bbox 1545 2642 1590 2669; x_wconf 74' lang='lat' dir='ltr'><strong>est</strong></span> <span class='ocrx_word' id='word_1_245' title='bbox 1614 2637 1681 2670; x_wconf 70' lang='lat'><strong>⁵210</strong></span> <span class='ocrx_word' id='word_1_246' title='bbox 1705 2657 1747 2662; x_wconf 91' lang='lat'>—</span> <span class='ocrx_word' id='word_1_247' title='bbox 1770 2641 1804 2671; x_wconf 81' lang='lat' dir='ltr'><strong>in</strong></span> <span class='ocrx_word' id='word_1_248' title='bbox 1822 2641 1942 2680; x_wconf 74' lang='lat' dir='ltr'><strong>primis</strong></span> 
     </span>
     <span class='ocr_line' id='line_1_38' title="bbox 171 2685 1937 2729; baseline 0.001 -10"><span class='ocrx_word' id='word_1_249' title='bbox 171 2685 218 2719; x_wconf 65' lang='lat'><strong>³21:</strong></span> <span class='ocrx_word' id='word_1_250' title='bbox 244 2691 312 2718; x_wconf 78' lang='lat' dir='ltr'><strong>tum</strong></span> <span class='ocrx_word' id='word_1_251' title='bbox 330 2687 362 2717; x_wconf 79' lang='lat' dir='ltr'><strong>in</strong></span> <span class='ocrx_word' id='word_1_252' title='bbox 376 2687 495 2726; x_wconf 79' lang='lat' dir='ltr'><strong>primis</strong></span> <span class='ocrx_word' id='word_1_253' title='bbox 512 2686 696 2723; x_wconf 79' lang='lat' dir='ltr'><strong>Manutius,</strong></span> <span class='ocrx_word' id='word_1_254' title='bbox 717 2686 742 2716; x_wconf 93' lang='lat' dir='ltr'>O</span> <span class='ocrx_word' id='word_1_255' title='bbox 769 2703 802 2707; x_wconf 81' lang='lat'><strong>—-</strong></span> <span class='ocrx_word' id='word_1_256' title='bbox 829 2688 1036 2726; x_wconf 69' lang='lat' dir='ltr'><strong>suSpwl&#39;erida</strong></span> <span class='ocrx_word' id='word_1_257' title='bbox 1053 2687 1131 2718; x_wconf 54' lang='grc' dir='ltr'><strong>ΨΟ</strong></span> <span class='ocrx_word' id='word_1_258' title='bbox 1153 2703 1186 2709; x_wconf 94' lang='grc'>-</span> <span class='ocrx_word' id='word_1_259' title='bbox 1215 2688 1245 2718; x_wconf 73' lang='grc'><strong>6.</strong></span> <span class='ocrx_word' id='word_1_260' title='bbox 1270 2688 1420 2728; x_wconf 69' lang='lat' dir='ltr'><strong>solymae</strong></span> <span class='ocrx_word' id='word_1_261' title='bbox 1445 2689 1559 2728; x_wconf 85' lang='lat' dir='ltr'><strong>(priori</strong></span> <span class='ocrx_word' id='word_1_262' title='bbox 1578 2698 1595 2719; x_wconf 93' lang='grc' dir='ltr'><strong>ο</strong></span> <span class='ocrx_word' id='word_1_263' title='bbox 1612 2697 1789 2729; x_wconf 87' lang='lat' dir='ltr'><strong>superscr.</strong></span> <span class='ocrx_word' id='word_1_264' title='bbox 1808 2690 1840 2729; x_wconf 83' lang='lat' dir='ltr'><strong>u)</strong></span> <span class='ocrx_word' id='word_1_265' title='bbox 1854 2691 1881 2721; x_wconf 90' lang='lat' dir='ltr'><strong>A</strong></span> <span class='ocrx_word' id='word_1_266' title='bbox 1902 2705 1937 2712; x_wconf 89' lang='lat'><strong>—</strong></span> 
     </span>
     <span class='ocr_line' id='line_1_39' title="bbox 170 2736 1938 2778; baseline 0.001 -9"><span class='ocrx_word' id='word_1_267' title='bbox 170 2738 200 2769; x_wconf 82' lang='lat'><strong>9.</strong></span> <span class='ocrx_word' id='word_1_268' title='bbox 227 2736 387 2776; x_wconf 77' lang='lat' dir='ltr'><strong>obstipum</strong></span> <span class='ocrx_word' id='word_1_269' title='bbox 411 2744 500 2767; x_wconf 84' lang='lat' dir='ltr'><strong>corr.</strong></span> <span class='ocrx_word' id='word_1_270' title='bbox 528 2736 561 2766; x_wconf 89' lang='lat' dir='ltr'><strong>in</strong></span> <span class='ocrx_word' id='word_1_271' title='bbox 593 2738 642 2765; x_wconf 85' lang='lat' dir='ltr'><strong>as!</strong></span> <span class='ocrx_word' id='word_1_272' title='bbox 672 2736 779 2774; x_wconf 71' lang='lat' dir='ltr'><strong>ipsum</strong></span> <span class='ocrx_word' id='word_1_273' title='bbox 803 2736 827 2766; x_wconf 91' lang='lat' dir='ltr'>B</span> <span class='ocrx_word' id='word_1_274' title='bbox 856 2753 890 2757; x_wconf 94' lang='lat'>—</span> <span class='ocrx_word' id='word_1_275' title='bbox 923 2739 959 2767; x_wconf 78' lang='lat' dir='ltr'><strong>at</strong></span> <span class='ocrx_word' id='word_1_276' title='bbox 985 2738 1076 2768; x_wconf 76' lang='lat' dir='ltr'><strong>lereti</strong></span> <span class='ocrx_word' id='word_1_277' title='bbox 1101 2736 1314 2777; x_wconf 60' lang='lat' dir='ltr'><strong>Madvigius:</strong></span> <span class='ocrx_word' id='word_1_278' title='bbox 1342 2747 1364 2768; x_wconf 76' lang='lat' dir='ltr'><strong><em>a</em></strong></span> <span class='ocrx_word' id='word_1_279' title='bbox 1389 2739 1481 2769; x_wconf 71' lang='lat' dir='ltr'><strong>tereti</strong></span> <span class='ocrx_word' id='word_1_280' title='bbox 1506 2736 1557 2774; x_wconf 66' lang='lat'><strong>&lt;213</strong></span> <span class='ocrx_word' id='word_1_281' title='bbox 1590 2747 1630 2769; x_wconf 87' lang='lat' dir='ltr'><strong>ac</strong></span> <span class='ocrx_word' id='word_1_282' title='bbox 1652 2739 1745 2769; x_wconf 68' lang='lat' dir='ltr'><strong>terete·</strong></span> <span class='ocrx_word' id='word_1_283' title='bbox 1768 2738 1938 2778; x_wconf 84' lang='lat' dir='ltr'><strong>Klotzius;</strong></span> 
     </span>
     <span class='ocr_line' id='line_1_40' title="bbox 170 2785 1939 2828; baseline 0.002 -9"><span class='ocrx_word' id='word_1_284' title='bbox 170 2792 199 2819; x_wconf 73' lang='lat' dir='ltr'><strong>et</strong></span> <span class='ocrx_word' id='word_1_285' title='bbox 228 2788 319 2819; x_wconf 73' lang='lat' dir='ltr'><strong>tereti</strong></span> <span class='ocrx_word' id='word_1_286' title='bbox 344 2787 369 2817; x_wconf 92' lang='lat' dir='ltr'>O</span> <span class='ocrx_word' id='word_1_287' title='bbox 402 2803 437 2808; x_wconf 94' lang='lat'><strong>—</strong></span> <span class='ocrx_word' id='word_1_288' title='bbox 474 2785 525 2816; x_wconf 79' lang='lat'><strong>40.</strong></span> <span class='ocrx_word' id='word_1_289' title='bbox 550 2786 651 2825; x_wconf 65' lang='grc' dir='ltr'><strong>ᾔρει-6</strong></span> <span class='ocrx_word' id='word_1_290' title='bbox 681 2794 770 2816; x_wconf 74' lang='lat' dir='ltr'><strong>corr.</strong></span> <span class='ocrx_word' id='word_1_291' title='bbox 799 2794 840 2816; x_wconf 80' lang='lat' dir='ltr'><strong>ex</strong></span> <span class='ocrx_word' id='word_1_292' title='bbox 861 2786 968 2826; x_wconf 63' lang='lat' dir='ltr'><strong>figure</strong></span> <span class='ocrx_word' id='word_1_293' title='bbox 993 2787 1019 2817; x_wconf 77' lang='lat' dir='ltr'>V</span> <span class='ocrx_word' id='word_1_294' title='bbox 1054 2804 1088 2809; x_wconf 90' lang='grc'>-</span> <span class='ocrx_word' id='word_1_295' title='bbox 1129 2788 1179 2819; x_wconf 74' lang='grc'><strong>42.</strong></span> <span class='ocrx_word' id='word_1_296' title='bbox 1208 2788 1302 2826; x_wconf 68' lang='lat' dir='ltr'><strong>Quod</strong></span> <span class='ocrx_word' id='word_1_297' title='bbox 1331 2788 1541 2826; x_wconf 75' lang='lat' dir='ltr'><strong>capuc--in</strong></span> <span class='ocrx_word' id='word_1_298' title='bbox 1569 2797 1639 2819; x_wconf 75' lang='lat' dir='ltr'><strong>‘una</strong></span> <span class='ocrx_word' id='word_1_299' title='bbox 1663 2788 1818 2828; x_wconf 78' lang='lat' dir='ltr'><strong>Hyginus</strong></span> <span class='ocrx_word' id='word_1_300' title='bbox 1842 2791 1939 2822; x_wconf 88' lang='lat' dir='ltr'><strong>Poet.</strong></span> 
     </span>
     <span class='ocr_line' id='line_1_41' title="bbox 169 2835 1941 2877; baseline 0.001 -9"><span class='ocrx_word' id='word_1_301' title='bbox 169 2839 308 2869; x_wconf 79' lang='lat' dir='ltr'><strong>Astron.</strong></span> <span class='ocrx_word' id='word_1_302' title='bbox 333 2837 388 2874; x_wconf 78' lang='lat' dir='ltr'><strong>lv,</strong></span> <span class='ocrx_word' id='word_1_303' title='bbox 415 2835 446 2866; x_wconf 88' lang='grc'><strong>3.</strong></span> <span class='ocrx_word' id='word_1_304' title='bbox 476 2852 511 2857; x_wconf 85' lang='lat'>—</span> <span class='ocrx_word' id='word_1_305' title='bbox 543 2835 647 2866; x_wconf 77' lang='lat' dir='ltr'><strong>subito</strong></span> <span class='ocrx_word' id='word_1_306' title='bbox 676 2844 819 2873; x_wconf 78' lang='lat' dir='ltr'><strong>aequore</strong></span> <span class='ocrx_word' id='word_1_307' title='bbox 850 2837 959 2866; x_wconf 79' lang='lat' dir='ltr'><strong>condit</strong></span> <span class='ocrx_word' id='word_1_308' title='bbox 991 2837 1149 2868; x_wconf 85' lang='lat' dir='ltr'><strong>Grotius:</strong></span> <span class='ocrx_word' id='word_1_309' title='bbox 1180 2837 1349 2876; x_wconf 70' lang='lat' dir='ltr'><strong>subiloque</strong></span> <span class='ocrx_word' id='word_1_310' title='bbox 1371 2837 1518 2868; x_wconf 71' lang='lat' dir='ltr'><strong>recondit</strong></span> <span class='ocrx_word' id='word_1_311' title='bbox 1541 2836 1608 2869; x_wconf 56' lang='lat'><strong>2¹10</strong></span> <span class='ocrx_word' id='word_1_312' title='bbox 1637 2854 1671 2858; x_wconf 97' lang='lat'><strong>—</strong></span> <span class='ocrx_word' id='word_1_313' title='bbox 1699 2838 1751 2868; x_wconf 74' lang='lat'><strong>43.</strong></span> <span class='ocrx_word' id='word_1_314' title='bbox 1775 2842 1941 2877; x_wconf 83' lang='lat' dir='ltr'><strong>partem-</strong></span> 
     </span>
     <span class='ocr_line' id='line_1_42' title="bbox 169 2884 1940 2926; baseline 0.001 -8"><span class='ocrx_word' id='word_1_315' title='bbox 169 2886 201 2918; x_wconf 76' lang='lat' dir='ltr'><strong>in</strong></span> <span class='ocrx_word' id='word_1_316' title='bbox 226 2895 329 2918; x_wconf 74' lang='lat' dir='ltr'><strong>unam</strong></span> <span class='ocrx_word' id='word_1_317' title='bbox 352 2884 564 2916; x_wconf 83' lang='lat' dir='ltr'><strong>Lambinus:</strong></span> <span class='ocrx_word' id='word_1_318' title='bbox 585 2886 714 2924; x_wconf 80' lang='lat' dir='ltr'><strong>parlim</strong></span> <span class='ocrx_word' id='word_1_319' title='bbox 730 2885 797 2915; x_wconf 82' lang='lat' dir='ltr'><strong>-in</strong></span> <span class='ocrx_word' id='word_1_320' title='bbox 820 2894 888 2916; x_wconf 79' lang='lat' dir='ltr'><strong>una</strong></span> <span class='ocrx_word' id='word_1_321' title='bbox 913 2884 940 2917; x_wconf 65' lang='grc' dir='ltr'>Ἦ</span> <span class='ocrx_word' id='word_1_322' title='bbox 957 2895 963 2922; x_wconf 87' lang='grc'>;</span> <span class='ocrx_word' id='word_1_323' title='bbox 986 2890 1085 2925; x_wconf 72' lang='lat' dir='ltr'><strong>parte</strong></span> <span class='ocrx_word' id='word_1_324' title='bbox 1101 2903 1118 2908; x_wconf 90' lang='lat'><em>-</em></span> <span class='ocrx_word' id='word_1_325' title='bbox 1134 2887 1168 2917; x_wconf 75' lang='lat' dir='ltr'><strong>in</strong></span> <span class='ocrx_word' id='word_1_326' title='bbox 1191 2896 1260 2917; x_wconf 78' lang='lat' dir='ltr'><strong>una</strong></span> <span class='ocrx_word' id='word_1_327' title='bbox 1285 2887 1452 2926; x_wconf 74' lang='lat' dir='ltr'><strong>Hyginus,</strong></span> <span class='ocrx_word' id='word_1_328' title='bbox 1472 2888 1496 2918; x_wconf 94' lang='grc' dir='ltr'><strong>Ο</strong></span> <span class='ocrx_word' id='word_1_329' title='bbox 1516 2904 1551 2908; x_wconf 87' lang='lat'><em>—</em></span> <span class='ocrx_word' id='word_1_330' title='bbox 1571 2888 1771 2918; x_wconf 77' lang='lat' dir='ltr'><strong>admiscetur</strong></span> <span class='ocrx_word' id='word_1_331' title='bbox 1793 2889 1817 2919; x_wconf 92' lang='lat' dir='ltr'>B</span> <span class='ocrx_word' id='word_1_332' title='bbox 1833 2889 1857 2920; x_wconf 97' lang='lat' dir='ltr'>C</span> <span class='ocrx_word' id='word_1_333' title='bbox 1873 2889 1898 2920; x_wconf 91' lang='lat' dir='ltr'>E</span> <span class='ocrx_word' id='word_1_334' title='bbox 1916 2889 1940 2920; x_wconf 97' lang='lat' dir='ltr'>V</span> 
     </span>
     <span class='ocr_line' id='line_1_43' title="bbox 171 2935 1941 2979; baseline 0.001 -11"><span class='ocrx_word' id='word_1_335' title='bbox 171 2938 222 2968; x_wconf 69' lang='lat'><strong>45.</strong></span> <span class='ocrx_word' id='word_1_336' title='bbox 249 2936 402 2968; x_wconf 81' lang='lat' dir='ltr'><strong>merentis</strong></span> <span class='ocrx_word' id='word_1_337' title='bbox 423 2935 488 2966; x_wconf 87' lang='lat' dir='ltr'><strong>AB</strong></span> <span class='ocrx_word' id='word_1_338' title='bbox 504 2936 527 2966; x_wconf 79' lang='lat' dir='ltr'><em>C</em></span> <span class='ocrx_word' id='word_1_339' title='bbox 543 2935 569 2965; x_wconf 83' lang='lat' dir='ltr'>V</span> <span class='ocrx_word' id='word_1_340' title='bbox 590 2952 624 2957; x_wconf 93' lang='lat'><strong>—-</strong></span> <span class='ocrx_word' id='word_1_341' title='bbox 653 2935 703 2966; x_wconf 76' lang='lat'><strong>48.</strong></span> <span class='ocrx_word' id='word_1_342' title='bbox 730 2935 943 2975; x_wconf 71' lang='lat' dir='ltr'><strong>enyonasiam</strong></span> <span class='ocrx_word' id='word_1_343' title='bbox 967 2937 993 2966; x_wconf 77' lang='lat' dir='ltr'><strong>A</strong></span> <span class='ocrx_word' id='word_1_344' title='bbox 1010 2936 1033 2966; x_wconf 82' lang='lat' dir='ltr'>C</span> <span class='ocrx_word' id='word_1_345' title='bbox 1050 2937 1073 2967; x_wconf 83' lang='lat' dir='ltr'>E</span> <span class='ocrx_word' id='word_1_346' title='bbox 1089 2937 1136 2973; x_wconf 87' lang='lat' dir='ltr'><strong>V;</strong></span> <span class='ocrx_word' id='word_1_347' title='bbox 1164 2937 1354 2977; x_wconf 69' lang='lat' dir='ltr'><strong>enynosiam</strong></span> <span class='ocrx_word' id='word_1_348' title='bbox 1378 2937 1402 2966; x_wconf 71' lang='grc' dir='ltr'><strong>Β</strong></span> <span class='ocrx_word' id='word_1_349' title='bbox 1424 2954 1457 2957; x_wconf 87' lang='lat'><strong>—-</strong></span> <span class='ocrx_word' id='word_1_350' title='bbox 1484 2940 1605 2967; x_wconf 75' lang='lat' dir='ltr'><strong>uocant</strong></span> <span class='ocrx_word' id='word_1_351' title='bbox 1630 2935 1706 2968; x_wconf 84' lang='lat' dir='ltr'><strong>C¹E</strong></span> <span class='ocrx_word' id='word_1_352' title='bbox 1733 2955 1767 2960; x_wconf 88' lang='lat'>—</span> <span class='ocrx_word' id='word_1_353' title='bbox 1795 2939 1847 2969; x_wconf 78' lang='grc'><strong>49.</strong></span> <span class='ocrx_word' id='word_1_354' title='bbox 1871 2939 1941 2979; x_wconf 81' lang='lat' dir='ltr'><strong>ful—</strong></span> 
     </span>
     <span class='ocr_line' id='line_1_44' title="bbox 169 2984 1936 3027; baseline 0.002 -10"><span class='ocrx_word' id='word_1_355' title='bbox 169 2995 254 3027; x_wconf 69' lang='lat' dir='ltr'><strong>gora</strong></span> <span class='ocrx_word' id='word_1_356' title='bbox 278 2988 439 3017; x_wconf 79' lang='lat' dir='ltr'><strong>coronata</strong></span> <span class='ocrx_word' id='word_1_357' title='bbox 464 2984 488 3015; x_wconf 94' lang='lat' dir='ltr'>C</span> <span class='ocrx_word' id='word_1_358' title='bbox 514 3002 554 3006; x_wconf 90' lang='lat'>—</span> <span class='ocrx_word' id='word_1_359' title='bbox 579 2984 632 3015; x_wconf 65' lang='grc' dir='ltr'><strong>ΞΟ.</strong></span> <span class='ocrx_word' id='word_1_360' title='bbox 658 2986 873 3024; x_wconf 72' lang='grc' dir='ltr'><em>αηῃαίῐεησηε</em></span> <span class='ocrx_word' id='word_1_361' title='bbox 897 2993 988 3016; x_wconf 84' lang='lat' dir='ltr'><strong>corr.</strong></span> <span class='ocrx_word' id='word_1_362' title='bbox 1008 2993 1052 3016; x_wconf 88' lang='lat' dir='ltr'><strong>m.</strong></span> <span class='ocrx_word' id='word_1_363' title='bbox 1074 2994 1146 3017; x_wconf 82' lang='lat' dir='ltr'><strong>ree.</strong></span> <span class='ocrx_word' id='word_1_364' title='bbox 1166 2986 1198 3017; x_wconf 89' lang='lat' dir='ltr'><strong>in</strong></span> <span class='ocrx_word' id='word_1_365' title='bbox 1223 2986 1446 3027; x_wconf 66' lang='lat' dir='ltr'><strong>anqzcitenenti</strong></span> <span class='ocrx_word' id='word_1_366' title='bbox 1463 2988 1508 3024; x_wconf 70' lang='lat' dir='ltr'><strong>A,</strong></span> <span class='ocrx_word' id='word_1_367' title='bbox 1535 2987 1568 3017; x_wconf 92' lang='lat' dir='ltr'><strong>in</strong></span> <span class='ocrx_word' id='word_1_368' title='bbox 1592 2988 1833 3026; x_wconf 70' lang='lat' dir='ltr'><strong>avzyuitenentis</strong></span> <span class='ocrx_word' id='word_1_369' title='bbox 1855 2989 1879 3020; x_wconf 92' lang='lat' dir='ltr'>B</span> <span class='ocrx_word' id='word_1_370' title='bbox 1901 3006 1936 3011; x_wconf 96' lang='lat'>—</span> 
     </span>
     <span class='ocr_line' id='line_1_45' title="bbox 170 3034 1936 3077; baseline 0.001 -9"><span class='ocrx_word' id='word_1_371' title='bbox 170 3037 223 3069; x_wconf 73' lang='lat'><strong>24.</strong></span> <span class='ocrx_word' id='word_1_372' title='bbox 249 3037 326 3076; x_wconf 75' lang='lat' dir='ltr'><strong>yrai</strong></span> <span class='ocrx_word' id='word_1_373' title='bbox 351 3036 375 3067; x_wconf 87' lang='lat' dir='ltr'>E</span> <span class='ocrx_word' id='word_1_374' title='bbox 402 3051 436 3057; x_wconf 93' lang='lat'>—</span> <span class='ocrx_word' id='word_1_375' title='bbox 464 3034 517 3065; x_wconf 68' lang='lat'><strong>23.</strong></span> <span class='ocrx_word' id='word_1_376' title='bbox 544 3038 643 3074; x_wconf 78' lang='lat' dir='ltr'><strong>alque</strong></span> <span class='ocrx_word' id='word_1_377' title='bbox 665 3035 734 3064; x_wconf 79' lang='lat' dir='ltr'><strong>eius</strong></span> <span class='ocrx_word' id='word_1_378' title='bbox 759 3044 848 3065; x_wconf 88' lang='lat' dir='ltr'><strong>eorr.</strong></span> <span class='ocrx_word' id='word_1_379' title='bbox 876 3035 908 3065; x_wconf 92' lang='lat' dir='ltr'><strong>in</strong></span> <span class='ocrx_word' id='word_1_380' title='bbox 934 3035 1001 3065; x_wconf 74' lang='lat' dir='ltr'><strong>eius</strong></span> <span class='ocrx_word' id='word_1_381' title='bbox 1023 3039 1052 3065; x_wconf 71' lang='lat' dir='ltr'><strong>et</strong></span> <span class='ocrx_word' id='word_1_382' title='bbox 1077 3036 1099 3066; x_wconf 84' lang='lat' dir='ltr'>B</span> <span class='ocrx_word' id='word_1_383' title='bbox 1129 3053 1162 3058; x_wconf 86' lang='lat'><strong>—-</strong></span> <span class='ocrx_word' id='word_1_384' title='bbox 1191 3037 1243 3067; x_wconf 64' lang='lat'><strong>²26.</strong></span> <span class='ocrx_word' id='word_1_385' title='bbox 1270 3037 1367 3075; x_wconf 71' lang='lat' dir='ltr'><strong>nepai</strong></span> <span class='ocrx_word' id='word_1_386' title='bbox 1393 3036 1438 3066; x_wconf 67' lang='lat'><strong>13:</strong></span> <span class='ocrx_word' id='word_1_387' title='bbox 1466 3044 1543 3075; x_wconf 69' lang='lat' dir='ltr'><strong>nepe</strong></span> <span class='ocrx_word' id='word_1_388' title='bbox 1568 3036 1756 3077; x_wconf 88' lang='lat' dir='ltr'><strong>(superser.</strong></span> <span class='ocrx_word' id='word_1_389' title='bbox 1783 3039 1826 3077; x_wconf 84' lang='lat' dir='ltr'><strong>ai)</strong></span> <span class='ocrx_word' id='word_1_390' title='bbox 1851 3039 1936 3076; x_wconf 84' lang='lat' dir='ltr'><strong>AB;</strong></span> 
     </span>
     <span class='ocr_line' id='line_1_46' title="bbox 170 3084 1936 3126; baseline 0.001 -9"><span class='ocrx_word' id='word_1_391' title='bbox 170 3094 276 3125; x_wconf 74' lang='lat' dir='ltr'><strong>nepar</strong></span> <span class='ocrx_word' id='word_1_392' title='bbox 293 3087 322 3125; x_wconf 78' lang='lat' dir='ltr'><strong>(r</strong></span> <span class='ocrx_word' id='word_1_393' title='bbox 338 3094 429 3116; x_wconf 84' lang='lat' dir='ltr'><strong>corr.</strong></span> <span class='ocrx_word' id='word_1_394' title='bbox 449 3086 482 3115; x_wconf 92' lang='lat' dir='ltr'><strong>in</strong></span> <span class='ocrx_word' id='word_1_395' title='bbox 500 3084 524 3122; x_wconf 79' lang='lat' dir='ltr'><strong>i)</strong></span> <span class='ocrx_word' id='word_1_396' title='bbox 550 3084 571 3114; x_wconf 85' lang='lat' dir='ltr'>B</span> <span class='ocrx_word' id='word_1_397' title='bbox 590 3094 596 3120; x_wconf 83' lang='lat'>;</span> <span class='ocrx_word' id='word_1_398' title='bbox 622 3085 709 3123; x_wconf 70' lang='lat' dir='ltr'><strong>nepti</strong></span> <span class='ocrx_word' id='word_1_399' title='bbox 727 3085 751 3115; x_wconf 93' lang='lat' dir='ltr'>C</span> <span class='ocrx_word' id='word_1_400' title='bbox 773 3102 805 3106; x_wconf 92' lang='lat'>—</span> <span class='ocrx_word' id='word_1_401' title='bbox 834 3085 885 3115; x_wconf 68' lang='lat'><strong>27.</strong></span> <span class='ocrx_word' id='word_1_402' title='bbox 905 3085 1137 3124; x_wconf 72' lang='lat' dir='ltr'><strong>seplentrc‘ones</strong></span> <span class='ocrx_word' id='word_1_403' title='bbox 1160 3090 1271 3117; x_wconf 75' lang='lat' dir='ltr'><strong>autem</strong></span> <span class='ocrx_word' id='word_1_404' title='bbox 1287 3088 1313 3116; x_wconf 75' lang='lat' dir='ltr'><strong>A</strong></span> <span class='ocrx_word' id='word_1_405' title='bbox 1327 3086 1351 3116; x_wconf 80' lang='lat' dir='ltr'>B</span> <span class='ocrx_word' id='word_1_406' title='bbox 1367 3086 1393 3115; x_wconf 72' lang='lat' dir='ltr'>V</span> <span class='ocrx_word' id='word_1_407' title='bbox 1410 3095 1416 3115; x_wconf 89' lang='lat'><strong>:</strong></span> <span class='ocrx_word' id='word_1_408' title='bbox 1443 3089 1562 3125; x_wconf 78' lang='lat' dir='ltr'><strong>septem</strong></span> <span class='ocrx_word' id='word_1_409' title='bbox 1585 3087 1706 3117; x_wconf 74' lang='lat' dir='ltr'><strong>triones</strong></span> <span class='ocrx_word' id='word_1_410' title='bbox 1720 3091 1831 3119; x_wconf 83' lang='lat' dir='ltr'><strong>autem</strong></span> <span class='ocrx_word' id='word_1_411' title='bbox 1849 3089 1872 3119; x_wconf 95' lang='lat' dir='ltr'>C</span> <span class='ocrx_word' id='word_1_412' title='bbox 1888 3088 1912 3119; x_wconf 84' lang='lat' dir='ltr'>E</span> <span class='ocrx_word' id='word_1_413' title='bbox 1928 3097 1936 3126; x_wconf 79' lang='lat'><em>3</em></span> 
     </span>
     <span class='ocr_line' id='line_1_47' title="bbox 171 3134 1938 3175; baseline 0.001 -9"><span class='ocrx_word' id='word_1_414' title='bbox 171 3136 300 3175; x_wconf 76' lang='lat' dir='ltr'><strong>Septem</strong></span> <span class='ocrx_word' id='word_1_415' title='bbox 323 3138 434 3166; x_wconf 80' lang='lat' dir='ltr'><strong>aulem</strong></span> <span class='ocrx_word' id='word_1_416' title='bbox 457 3135 578 3165; x_wconf 76' lang='lat' dir='ltr'><strong>triones</strong></span> <span class='ocrx_word' id='word_1_417' title='bbox 600 3134 625 3165; x_wconf 93' lang='lat' dir='ltr'>O</span> <span class='ocrx_word' id='word_1_418' title='bbox 652 3150 687 3156; x_wconf 90' lang='lat'><strong>—</strong></span> <span class='ocrx_word' id='word_1_419' title='bbox 720 3134 772 3164; x_wconf 69' lang='lat'><strong>⁶29.</strong></span> <span class='ocrx_word' id='word_1_420' title='bbox 799 3135 917 3165; x_wconf 73' lang='lat' dir='ltr'><strong>temoni</strong></span> <span class='ocrx_word' id='word_1_421' title='bbox 940 3134 1153 3173; x_wconf 71' lang='lat' dir='ltr'><strong>Madvigius:</strong></span> <span class='ocrx_word' id='word_1_422' title='bbox 1186 3139 1309 3166; x_wconf 79' lang='lat' dir='ltr'><strong>temone</strong></span> <span class='ocrx_word' id='word_1_423' title='bbox 1333 3134 1362 3167; x_wconf 63' lang='lat'><strong>221</strong></span> <span class='ocrx_word' id='word_1_424' title='bbox 1388 3135 1468 3174; x_wconf 74' lang='lat' dir='ltr'><strong>(sed</strong></span> <span class='ocrx_word' id='word_1_425' title='bbox 1493 3136 1526 3167; x_wconf 89' lang='lat' dir='ltr'><strong>in</strong></span> <span class='ocrx_word' id='word_1_426' title='bbox 1551 3136 1575 3167; x_wconf 89' lang='lat' dir='ltr'>C</span> <span class='ocrx_word' id='word_1_427' title='bbox 1600 3135 1736 3168; x_wconf 80' lang='lat' dir='ltr'><strong>litterae</strong></span> <span class='ocrx_word' id='word_1_428' title='bbox 1761 3136 1853 3168; x_wconf 83' lang='lat' dir='ltr'><strong>finali</strong></span> <span class='ocrx_word' id='word_1_429' title='bbox 1877 3145 1938 3168; x_wconf 90' lang='lat' dir='ltr'><strong>su-</strong></span> 
     </span>
     <span class='ocr_line' id='line_1_48' title="bbox 172 3183 1934 3226; baseline 0 -9"><span class='ocrx_word' id='word_1_430' title='bbox 172 3193 306 3226; x_wconf 88' lang='lat' dir='ltr'><strong>perser.</strong></span> <span class='ocrx_word' id='word_1_431' title='bbox 333 3185 359 3223; x_wconf 78' lang='lat' dir='ltr'><strong>i)</strong></span> <span class='ocrx_word' id='word_1_432' title='bbox 385 3184 410 3215; x_wconf 93' lang='grc' dir='ltr'>Ο</span> <span class='ocrx_word' id='word_1_433' title='bbox 435 3201 477 3207; x_wconf 94' lang='grc'>-</span> <span class='ocrx_word' id='word_1_434' title='bbox 508 3184 561 3215; x_wconf 77' lang='grc'><strong>31.</strong></span> <span class='ocrx_word' id='word_1_435' title='bbox 587 3183 644 3214; x_wconf 84' lang='lat' dir='ltr'><strong>sub</strong></span> <span class='ocrx_word' id='word_1_436' title='bbox 675 3186 785 3214; x_wconf 80' lang='lat' dir='ltr'><strong>terrae</strong></span> <span class='ocrx_word' id='word_1_437' title='bbox 808 3184 923 3214; x_wconf 79' lang='lat' dir='ltr'><strong>cordia</strong></span> <span class='ocrx_word' id='word_1_438' title='bbox 946 3185 971 3215; x_wconf 69' lang='lat' dir='ltr'><strong>A</strong></span> <span class='ocrx_word' id='word_1_439' title='bbox 1006 3201 1040 3206; x_wconf 91' lang='lat'><strong>—-</strong></span> <span class='ocrx_word' id='word_1_440' title='bbox 1073 3185 1125 3216; x_wconf 74' lang='lat'><strong>33.</strong></span> <span class='ocrx_word' id='word_1_441' title='bbox 1152 3186 1205 3215; x_wconf 80' lang='lat' dir='ltr'><strong>cui</strong></span> <span class='ocrx_word' id='word_1_442' title='bbox 1235 3186 1336 3224; x_wconf 78' lang='lat' dir='ltr'><strong>(corr.</strong></span> <span class='ocrx_word' id='word_1_443' title='bbox 1365 3194 1405 3216; x_wconf 87' lang='lat' dir='ltr'><strong>ex</strong></span> <span class='ocrx_word' id='word_1_444' title='bbox 1436 3186 1539 3223; x_wconf 81' lang='lat' dir='ltr'><strong>cuius)</strong></span> <span class='ocrx_word' id='word_1_445' title='bbox 1563 3186 1610 3216; x_wconf 90' lang='lat' dir='ltr'><strong>B:</strong></span> <span class='ocrx_word' id='word_1_446' title='bbox 1643 3187 1738 3217; x_wconf 81' lang='lat' dir='ltr'><strong>cuius</strong></span> <span class='ocrx_word' id='word_1_447' title='bbox 1766 3187 1870 3217; x_wconf 82' lang='lat' dir='ltr'><strong>ACE</strong></span> <span class='ocrx_word' id='word_1_448' title='bbox 1887 3186 1934 3222; x_wconf 89' lang='lat' dir='ltr'><strong>V;</strong></span> 
     </span>
     <span class='ocr_line' id='line_1_49' title="bbox 172 3233 1938 3277; baseline 0.001 -12"><span class='ocrx_word' id='word_1_449' title='bbox 172 3235 265 3265; x_wconf 72' lang='lat' dir='ltr'><strong>cuius</strong></span> <span class='ocrx_word' id='word_1_450' title='bbox 293 3234 428 3274; x_wconf 73' lang='lat' dir='ltr'><strong>pedibus</strong></span> <span class='ocrx_word' id='word_1_451' title='bbox 455 3234 614 3265; x_wconf 72' lang='lat' dir='ltr'><strong>Davisius</strong></span> <span class='ocrx_word' id='word_1_452' title='bbox 647 3233 723 3265; x_wconf 84' lang='lat' dir='ltr'><strong>coll.</strong></span> <span class='ocrx_word' id='word_1_453' title='bbox 750 3234 842 3264; x_wconf 73' lang='lat' dir='ltr'><strong>Arati</strong></span> <span class='ocrx_word' id='word_1_454' title='bbox 867 3243 898 3264; x_wconf 68' lang='lat' dir='ltr'><strong>v.</strong></span> <span class='ocrx_word' id='word_1_455' title='bbox 918 3234 958 3265; x_wconf 81' lang='lat'><strong>96</strong></span> <span class='ocrx_word' id='word_1_456' title='bbox 989 3236 1023 3265; x_wconf 88' lang='lat' dir='ltr'><strong>et</strong></span> <span class='ocrx_word' id='word_1_457' title='bbox 1053 3235 1187 3274; x_wconf 74' lang='lat' dir='ltr'><strong>Hygino</strong></span> <span class='ocrx_word' id='word_1_458' title='bbox 1212 3235 1267 3272; x_wconf 86' lang='lat' dir='ltr'><strong>lll,</strong></span> <span class='ocrx_word' id='word_1_459' title='bbox 1294 3234 1346 3266; x_wconf 68' lang='lat'><strong>24.</strong></span> <span class='ocrx_word' id='word_1_460' title='bbox 1376 3253 1411 3257; x_wconf 97' lang='lat'><strong>—</strong></span> <span class='ocrx_word' id='word_1_461' title='bbox 1443 3234 1496 3267; x_wconf 81' lang='lat'><strong>34.</strong></span> <span class='ocrx_word' id='word_1_462' title='bbox 1522 3235 1655 3274; x_wconf 76' lang='lat' dir='ltr'><strong>Spicum</strong></span> <span class='ocrx_word' id='word_1_463' title='bbox 1683 3236 1811 3268; x_wconf 72' lang='lat' dir='ltr'><strong>illustre</strong></span> <span class='ocrx_word' id='word_1_464' title='bbox 1831 3236 1938 3277; x_wconf 84' lang='lat' dir='ltr'><strong>ferens</strong></span> 
     </span>
     <span class='ocr_line' id='line_1_50' title="bbox 173 3282 1254 3325; baseline -0.002 -8"><span class='ocrx_word' id='word_1_465' title='bbox 173 3284 294 3325; x_wconf 72' lang='lat' dir='ltr'><strong>insiqni</strong></span> <span class='ocrx_word' id='word_1_466' title='bbox 316 3292 453 3324; x_wconf 81' lang='lat' dir='ltr'><strong>corpore</strong></span> <span class='ocrx_word' id='word_1_467' title='bbox 475 3284 570 3324; x_wconf 70' lang='lat' dir='ltr'><strong>virqo</strong></span> <span class='ocrx_word' id='word_1_468' title='bbox 594 3284 734 3316; x_wconf 65' lang='lat' dir='ltr'><strong>Servius</strong></span> <span class='ocrx_word' id='word_1_469' title='bbox 757 3283 799 3314; x_wconf 82' lang='lat' dir='ltr'><strong>ad</strong></span> <span class='ocrx_word' id='word_1_470' title='bbox 826 3282 951 3324; x_wconf 82' lang='lat' dir='ltr'><strong>Vergil.</strong></span> <span class='ocrx_word' id='word_1_471' title='bbox 979 3285 1103 3325; x_wconf 81' lang='lat' dir='ltr'><strong>Georg.</strong></span> <span class='ocrx_word' id='word_1_472' title='bbox 1128 3285 1153 3324; x_wconf 76' lang='lat'><strong>1,</strong></span> <span class='ocrx_word' id='word_1_473' title='bbox 1180 3284 1254 3315; x_wconf 47' lang='lat'>4114.</span> 
     </span>
    </p>
   </div>
  </div>
 </body>
</html>
