2249 3624
256 192 337 234 852
930 191 1000 231 DE
1031 191 1099 231 RE
1130 191 1356 232 PUBLICA

257 313 282 340 a
312 313 356 340 se
388 302 598 339 movetur:
642 297 686 337 id
717 300 854 337 autem
885 309 963 336 nec
994 297 1108 337 nasci
1138 302 1278 350 potest
1307 310 1383 338 nec
1415 297 1544 337 mori:
1584 297 1651 338 vel
1682 296 1876 339 concidat
1906 311 2030 340 omne

259 362 419 402 caelum
451 361 675 414 omnisque
706 364 854 398 natura
885 360 1088 399 consistat
1117 373 1291 401 necesse
1329 365 1393 400 est
1428 374 1507 401 nec
1547 360 1629 400 vim
1662 360 1790 401 ullam
1820 361 2033 402 nancisca-

259 431 347 473 tur,
379 438 462 477 qua
492 437 515 464 a
545 424 680 477 primo
712 422 879 475 inpulsa
910 427 1139 462 moveatur.

372 487 523 526 XXVI.
568 482 666 538 (IX.)
708 481 776 523 28.
823 484 922 524 Cum
961 490 1103 538 pateat
1143 485 1273 538 igitur
1309 491 1525 526 aeternum
1556 486 1599 526 id
1632 499 1748 533 esse,
1788 486 1902 541 quod
1933 500 1957 527 a
1987 500 2032 527 se

224 550 351 603 5ipso
383 553 622 594 moveatur,
656 547 752 600 quis
785 552 848 586 est
878 546 949 599 qui
982 548 1091 587 hanc
1122 553 1314 588 naturam
1345 550 1494 589 animis
1526 563 1618 590 esse
1649 548 1848 589 tributam
1878 551 2032 603 neget?

259 612 492 652 Inanimum
537 615 600 650 est
639 610 750 649 enim
796 623 945 657 omne,
986 609 1099 664 quod
1129 611 1257 662 pulsu
1288 612 1468 664 agitatur
1499 617 1696 652 externo:
1746 611 1860 665 quod
1891 616 2033 651 autem

260 681 322 715 est
352 673 530 721 animal,
570 672 611 712 id
644 678 758 711 motu
792 673 927 712 cietur
958 672 1159 712 interiore
1192 678 1232 712 et
1261 687 1363 721 suo;
1404 687 1500 713 nam
1531 675 1636 714 haec
1668 678 1731 713 est
1760 673 1932 727 propria
1962 686 2034 713 na-

258 743 352 777 tura
381 735 508 776 animi
540 740 666 788 atque
697 735 770 774 vis.
834 735 951 783 Quae
983 735 1018 774 si
1049 739 1112 774 est
1142 748 1223 775 uua
1254 749 1306 775 ex
1338 736 1552 783 omnibus,
1593 749 1701 790 quae
1733 748 1825 775 sese
1856 740 2034 784 moveat,

258 814 395 853 neque
436 804 533 839 nata
573 802 684 836 certe
726 802 789 836 est
830 803 870 837 et
909 802 1078 836 aeterna
1120 802 1197 838 est.
1272 796 1340 838 29.
1384 799 1500 838 Hanc
1530 803 1575 838 tu
1607 811 1757 838 exerce
1788 798 1960 851 optimis
1991 799 2035 838 in

208 867 244 895 ¹¹0
258 863 405 903 rebus:
447 866 542 900 sunt
572 865 712 899 autem
744 860 926 912 optimae
958 872 1081 899 curae
1114 860 1165 899 de
1197 860 1330 900 salute
1362 861 1544 914 patriae,
1586 861 1743 915 quibus
1786 861 1964 914 agitatus
1995 865 2037 901 et

259 925 510 965 exercitatus
553 922 717 962 animus
760 922 945 962 velocius
977 922 1019 961 in
1051 921 1158 961 hanc
1190 923 1333 962 sedem
1365 929 1405 963 et
1437 924 1608 963 domum
1640 937 1757 963 suam
1788 923 2034 976 pervolabit.

258 988 391 1040 quue
423 986 540 1025 ocius
572 985 717 1031 faciet,
751 985 784 1024 si
817 985 898 1024 iam
930 990 1041 1032 tum,
1073 997 1166 1024 cum
1199 986 1276 1024 erit
1307 986 1495 1026 inclusus
1527 987 1570 1025 in
1603 998 1802 1039 corpore,
1834 984 2035 1025 eminebit

257 1050 368 1090 foras
401 1053 442 1088 et
473 1060 543 1096 ea,
576 1061 685 1101 quae
719 1053 837 1087 extra
869 1052 1011 1095 erunt,
1043 1047 1330 1100 contemplans
1361 1061 1483 1103 quam
1518 1048 1699 1088 maxime
1731 1061 1775 1088 se
1806 1061 1831 1088 a
1860 1061 2034 1101 corpore

258 1112 483 1153 abstrahet.
544 1112 732 1164 Namque
765 1124 908 1150 eorum
939 1111 1091 1157 animi,
1132 1110 1203 1163 qui
1245 1124 1288 1150 se
1326 1111 1515 1163 corporis
1547 1110 1828 1163 voluptatibus
1860 1109 2034 1150 dedide-

210 1179 354 1216 t5runt
391 1188 620 1227 earumque
665 1187 709 1213 se
751 1172 871 1227 quasi
911 1173 1128 1213 ministros
1174 1172 1461 1226 praebuerunt
1506 1172 1765 1226 inpulsuque
1810 1171 2032 1212 libidinum

257 1238 540 1292 voluptatibus
572 1236 888 1276 oboedientium
920 1235 1094 1275 deorum
1127 1239 1168 1274 et
1196 1234 1415 1275 hominum
1447 1235 1539 1275 iura
1569 1235 1853 1283 violaverunt,
1886 1247 2034 1288 corpo-

256 1302 371 1341 ribus
411 1300 542 1352 elapsi
583 1299 738 1339 circum
781 1304 934 1338 terram
972 1298 1106 1350 ipsam
1146 1297 1390 1337 volutantur
1428 1311 1506 1337 nec
1547 1298 1660 1338 hunc
1700 1297 1743 1337 in
1781 1297 1919 1337 locum
1950 1296 2032 1337 nisi

258 1364 398 1404 multis
440 1362 639 1415 exagitati
682 1361 861 1401 saeculis
900 1365 1180 1401 revertuntur.
1249 1360 1324 1399 Ille
1365 1360 1580 1408 discessit,
1624 1373 1702 1414 ego
1741 1373 1889 1400 somno
1920 1359 2033 1400 solu-

257 1432 326 1467 tus
357 1440 462 1466 sum.

398 1675 678 1752 Librorum
722 1674 789 1751 de
828 1702 889 1750 re
927 1674 1150 1779 publica
1190 1677 1516 1750 incertorum
1557 1675 1884 1776 fragmenta.

208 1877 246 1906 20
373 1862 411 1904 sl.
442 1865 498 1906 M.
522 1866 675 1904 Tullius
704 1864 748 1904 de
778 1877 820 1903 re
845 1864 1026 1916 publica:
1073 1863 1203 1917 idque
1235 1864 1327 1916 ipsa
1356 1868 1507 1904 natura
1537 1877 1621 1903 non
1652 1863 1849 1905 invitaret
1879 1863 2030 1912 solum,

261 1929 335 1970 sed
367 1929 488 1968 etiam
522 1933 702 1980 cogeret.
764 1924 972 1978 (Nonius
1004 1940 1040 1966 v.
1072 1927 1243 1966 incitare
1272 1941 1311 1980 p.
1327 1923 1437 1978 321)

372 1989 410 2030 ⁶2.
456 1991 544 2031 lton
582 1991 683 2030 nulli
718 1996 890 2030 celerum
931 1991 1050 2029 etiam
1088 1991 1215 2028 actico
1255 2001 1364 2028 more
1401 1996 1551 2041 tempus
1585 1989 1770 2040 futurum
1797 1989 2030 2040 imperativo

259 2055 372 2094 modo
409 2067 458 2093 ωε
496 2054 623 2093 verbis
663 2067 811 2105 quoque
841 2053 1027 2104 passivae
1062 2052 1338 2091 declinationis
1366 2057 1684 2103 usurpaverunt,
1730 2057 1773 2091 ut
1806 2052 1959 2091 Tullius
1989 2053 2033 2092 in

259 2118 430 2169 dialogis
459 2117 503 2156 de
533 2129 574 2155 re
600 2116 761 2167 publica
797 2116 940 2162 nitito,
983 2128 1072 2155 cum
1100 2116 1210 2154 nitor
1239 2115 1290 2155 sic
1312 2115 1464 2166 positio
1494 2115 1613 2155 verbi.
1692 2113 1816 2167 (Dio
1834 2128 1874 2154 m
1893 2114 1955 2155 ed
1974 2127 2032 2155 es

210 2191 300 2233 25p.
323 2178 404 2218 330
436 2180 506 2226 P.‚
548 2176 628 2217 339
660 2179 725 2218 ed.
748 2176 868 2230 Keil.)

374 2242 412 2282 3.
445 2242 615 2282 Eoecello
647 2242 811 2294 leyimus
842 2242 976 2282 crebro
1006 2242 1111 2294 apud
1138 2247 1297 2288 veteres,
1328 2247 1372 2281 uc
1398 2242 1533 2282 Cicero
1563 2241 1608 2280 de
1637 2253 1680 2280 re
1700 2240 1863 2293 publica
1893 2239 2034 2281 excel-

260 2307 365 2346 lunt.
427 2304 738 2358 (Diomedes
769 2319 809 2358 p.
832 2302 999 2353 371Ρ.,
1030 2302 1112 2344 374
1134 2302 1198 2356 Κ.)

692 2429 711 2447 α

350 2462 379 2491 t.
406 2469 427 2491 a
450 2468 481 2490 sc
505 2462 655 2490 mouetur
677 2468 719 2490 ev
743 2467 774 2489 sc
798 2461 969 2498 aequetur.
995 2459 1031 2489 Id
1055 2459 1080 2490 R
1107 2476 1142 2480 —
1168 2467 1226 2489 nec
1242 2459 1368 2489 moueri
1394 2455 1430 2488 F¹
1457 2474 1491 2479 —
1519 2456 1550 2487 2.
1569 2459 1695 2487 natura
1710 2459 1739 2488 et
1754 2457 1909 2488 consistat
1926 2455 2030 2489 codd.

263 2512 296 2542 et
318 2511 374 2541 hic
399 2512 433 2542 et
458 2509 549 2550 apud
575 2508 728 2540 Macrob.
755 2508 775 2539 l.
803 2518 833 2540 c.
873 2526 906 2530 —
947 2509 977 2540 3.
999 2508 1099 2548 pulsa
1124 2509 1156 2542 F,
1182 2509 1315 2545 inpulsu
1341 2506 1405 2546 (vel
1430 2506 1522 2546 imp.)
1549 2506 1651 2537 ERT
1676 2507 1710 2537 et
1734 2506 1756 2537 F
1781 2515 1872 2538 corr.
1899 2515 1993 2538 man.
2011 2506 2032 2538 2

262 2560 403 2599 (inpulsa
426 2559 505 2590 libri
529 2558 687 2599 plerique
713 2559 830 2598 Macr.)
858 2575 892 2580 —
920 2558 1119 2589 mouebatur
1142 2558 1167 2589 R
1205 2574 1240 2579 —
1279 2557 1310 2589 lt..
1337 2558 1371 2588 id
1394 2565 1464 2588 om.
1485 2557 1509 2587 T
1536 2574 1571 2579 —
1607 2557 1694 2597 quod
1717 2557 1825 2597 ipsum
1847 2565 1880 2588 se
1901 2558 2034 2588 moueat

264 2611 368 2642 Macr.
410 2627 443 2632 —
480 2610 510 2640 5.
537 2611 605 2647 ipso
630 2618 699 2639 om.
722 2609 741 2639 F
780 2626 813 2630 —
854 2609 973 2639 animis
996 2608 1192 2640 attributam
1223 2609 1247 2639 T
1283 2626 1318 2631 -
1357 2607 1567 2639 tribuendam
1591 2608 1615 2638 P
1655 2624 1688 2629 —-
1727 2607 1757 2638 6.
1784 2606 1970 2637 inanimam
1993 2608 2031 2646 P,

260 2659 409 2689 inanimo
434 2657 471 2689 R¹
499 2676 532 2681 —
560 2662 669 2689 autem
696 2667 765 2689 om.
787 2659 822 2689 R'
851 2675 884 2679 —
913 2658 944 2688 7.
970 2662 1015 2689 cst
1039 2660 1153 2689 anima
1178 2659 1200 2689 P
1227 2660 1261 2689 et
1284 2667 1348 2699 per
1372 2665 1532 2689 rasuram
1551 2665 1593 2688 ex
1609 2656 1736 2688 animal
1752 2656 1788 2693 E,
1807 2656 1891 2686 item
1909 2656 2030 2695 Maon,

262 2709 389 2739 animat
412 2712 456 2739 est
480 2709 504 2739 O
544 2727 579 2730 —
617 2709 737 2738 scietur
762 2709 786 2739 R
825 2725 860 2730 —
901 2711 946 2738 est
970 2716 1038 2739 om.
1059 2709 1083 2739 R
1122 2724 1157 2729 -
1195 2707 1226 2738 8.
1253 2716 1339 2746 quae
1361 2716 1393 2737 se
1416 2707 1490 2745 ipsa
1514 2706 1636 2743 Macr„
1669 2704 1746 2736 fort.
1775 2713 1860 2744 quae
1881 2713 1970 2745 sepse
1994 2720 2030 2726 —

262 2758 292 2789 9.
320 2767 424 2796 neque
446 2758 557 2789 striata
582 2759 616 2789 F¹
655 2776 688 2780 —
727 2761 772 2789 est
796 2761 881 2788 certe
904 2757 929 2788 E
969 2776 1001 2780 --
1040 2758 1133 2788 Hanc
1151 2761 1428 2789 --retfcrtuntur
1453 2756 1496 2795 (v.
1514 2755 1566 2794 48)
1591 2756 1697 2787 Macr.
1724 2755 1764 2793 11,
1791 2754 1844 2793 ⁴7,
1870 2755 1889 2786 2
1916 2771 1952 2777 —-
1980 2753 2034 2787 ⁴2.

262 2826 325 2857 crit
348 2826 372 2856 E
398 2828 477 2866 post
499 2835 588 2865 corp.
619 2844 652 2848 —
680 2825 847 2857 emanabit
872 2826 941 2857 ΕΡ]
978 2843 1011 2848 —-
1052 2825 1102 2856 43.
1129 2834 1266 2865 corpore
1283 2798 1637 2857 *³*****‘e⁶}}trataet
1660 2823 1686 2854 R
1713 2839 1748 2845 —
1784 2823 1836 2854 ⁴6.
1863 2822 2035 2855 oboedien-

262 2875 344 2905 tium
370 2876 389 2905 ΙΓ
401 2875 424 2905 R
436 2876 477 2906 T:
505 2875 596 2906 obed.
624 2876 684 2906 EO
713 2892 747 2897 —
776 2876 947 2907 uiolarunt
972 2877 994 2907 P
1022 2894 1057 2897 —
1085 2876 1136 2906 47.
1163 2876 1196 2906 in
1213 2876 1298 2906 hunc
1322 2876 1343 2906 F
1371 2893 1405 2897 —
1434 2876 1485 2907 ⁴8.
1512 2874 1589 2906 sort.
1616 2872 1726 2903 multis
1749 2873 1876 2903 exactis
1897 2872 2036 2904 saeculis

265 2941 299 2945 —
327 2924 444 2954 seculis
468 2925 502 2962 F,
529 2925 591 2955 sed
618 2934 695 2965 sup.
715 2925 772 2956 lin.
797 2926 954 2964 periculis
981 2942 1014 2947 —
1054 2924 1106 2955 49.
1132 2934 1206 2956 sum
1229 2933 1299 2955 om.
1320 2925 1345 2955 T
1371 2942 1405 2946 —
1432 2932 1587 2957 ΕᾸΡιισιῑ
1610 2930 1760 2954 somnum!
1784 2923 1821 2954 R.

359 2979 411 3008 ⁵20.
449 2980 632 3012 Noxissimi
664 2991 805 3022 quoque
839 2982 993 3013 editores
1026 2982 1105 3012 ante
1137 2982 1203 3012 hoc
1237 2981 1472 3021 fragmentum
1505 2979 1598 3012 aliud
1628 2978 1762 3009 habent
1791 2987 1834 3010 ex
1864 2978 2034 3010 Arusiano

263 3028 388 3059 Messio
413 3030 568 3067 1³33?ssss
596 3031 751 3063 Lindem.
781 3032 902 3062 «vicem
926 3032 1053 3071 layco».
1102 3033 1144 3062 At
1174 3030 1269 3070 quod
1299 3030 1346 3060 ibi
1379 3030 1412 3061 in
1445 3030 1527 3061 edit.
1559 3028 1859 3059 Lindemanniana
1889 3026 2031 3067 legitur:

265 3077 349 3107 «Cic.
376 3076 414 3106 dc
437 3077 531 3106 (tomo
555 3081 584 3108 et
607 3088 676 3117 rep.
709 3080 813 3111 I'icem
836 3081 967 3120 lugeo»,
993 3081 1061 3111 iam
1086 3080 1220 3110 dudum
1249 3079 1320 3110 Van
1345 3078 1410 3110 der
1434 3079 1578 3110 Hoeven
1604 3078 1636 3108 in
1663 3078 1854 3108 comment.
1881 3075 1925 3107 de
1949 3079 2034 3107 Aru-

261 3128 358 3159 siano
386 3127 510 3157 Messio
537 3135 612 3166 pag,
630 3127 669 3158 43
696 3129 880 3167 [Anisterd.
899 3128 994 3165 4845)
1020 3130 1222 3168 corruptum
1249 3137 1328 3160 esse
1354 3128 1490 3164 docuit3
1518 3129 1630 3159 exstat
1655 3127 1748 3164 enim
1772 3127 1806 3157 in
1831 3125 1935 3157 codd.
1954 3126 2034 3156 Lei-

262 3176 361 3207 dens.
391 3175 474 3206 «Cic.
504 3176 542 3206 dc
566 3178 678 3207 domo:
711 3182 739 3208 et
764 3179 811 3208 rei
834 3178 985 3217 publicae
1008 3179 1112 3209 vicem
1135 3178 1262 3216 bizaco».
1312 3179 1399 3210 Cum
1430 3179 1519 3210 haec
1551 3176 1659 3209 verba
1685 3177 1718 3207 in
1742 3177 1830 3207 orat.
1857 3175 1900 3207 de
1925 3175 2032 3207 domo

262 3233 330 3255 non
356 3223 531 3263 legantur,
565 3226 596 3255 in
630 3227 770 3257 incertis
804 3228 1007 3267 fragmentis
1032 3226 1236 3259 collocanda
1262 3230 1361 3264 sunt;
1399 3227 1538 3258 videtur
1562 3228 1682 3257 autem
1705 3227 1764 3256 aut
1787 3224 1897 3263 locus,
1924 3232 2032 3264 quem

261 3274 452 3305 Arusianus
478 3282 517 3305 ex
545 3283 595 3306 or.
622 3275 665 3306 de
692 3276 797 3307 domo
823 3278 1077 3318 exscripserat,
1108 3276 1330 3308 intercidisse
1356 3278 1416 3308 aut
1439 3276 1693 3317 grammaticus
1717 3273 1889 3306 memoria
1912 3272 2030 3314 lapsus

263 3332 352 3356 esse.
