2249 3624
229 157 312 201 746
787 160 1079 202 PARADOXA
1110 160 1435 203 STOICORUM.

229 281 485 308 summorum
523 267 708 307 virorum
750 264 868 320 [haec
899 280 1005 320 quae
1035 266 1174 308 verbis
1206 268 1399 308 subtilius
1432 281 1557 322 quam
1588 270 1687 310 satis
1719 274 1803 319 est,
1844 271 1988 327 dispu-

228 330 304 370 tari
334 327 558 383 videntur].
619 329 784 378 Quaero
817 330 927 369 enim
958 342 981 369 a
1011 330 1142 378 vobis,
1173 344 1274 371 num
1307 331 1434 371 ullam
1466 332 1759 384 cogitationem
1790 332 1988 376 habuisse

227 392 449 433 videantur
478 393 519 440 ii,
551 391 624 445 qui
654 391 762 431 hanc
793 405 879 432 rem
911 391 1117 444 publicam
1149 397 1232 432 tam
1263 394 1474 447 praeclare
1504 395 1720 436 fundatam
1751 397 1870 437 nobis
1892 397 1990 439 reli-

229 460 421 509 querunt,
452 461 523 495 aut
553 454 713 507 argenti
745 455 797 494 ad
828 454 1041 495 avaritiam
1075 460 1147 494 aut
1176 456 1477 496 amoenitatum
1503 457 1554 497 ad
1577 457 1899 500 delectationem
1921 465 1992 501 aut

196 517 501 571 5supellectilis
542 517 593 556 ad
638 516 809 557 delicias
849 522 921 557 aut
952 516 1169 569 epularum
1202 517 1255 558 ad
1287 519 1553 572 voluptates?
1613 517 1679 560 ll.
1717 523 1863 563 Ponite
1894 529 1991 564 ante

229 579 375 620 oculos
406 592 535 619 unum
568 592 779 632 quemque
813 577 1004 632 [regum].
1066 579 1198 620 Voltis
1229 593 1252 620 a
1282 582 1490 622 Romulo?
1535 582 1659 623 voltis
1691 590 1787 637 post
1817 585 1993 626 liberam

229 641 437 681 civitatem
468 640 519 680 ab
551 641 602 681 iis
632 641 759 693 ipsis,
793 641 866 695 qui
899 642 1211 683 liberaverunt?
1273 642 1437 691 Quibus
1469 644 1639 684 tandem
1669 647 1869 688 Romulus
1901 661 1994 700 gra-

229 703 350 743 dibus
389 703 577 744 ascendit
617 704 661 743 in
701 704 897 744 caelum?
944 706 1070 755 iisne,
1104 720 1212 760 quae
1253 708 1321 747 isti
1353 708 1463 748 bona
1494 709 1729 763 appellant,
1774 723 1827 750 an
1867 711 1992 750 rebus

227 767 355 819 gestis
393 771 517 820 atque
556 766 809 806 virtutibus?
870 766 1009 815 Quid?
1055 783 1078 809 a
1109 771 1244 810 Numa
1275 771 1479 824 Pompilio
1521 773 1713 813 minusne
1754 778 1889 826 gratas
1929 773 1993 815 dis

178 829 519 871 minmortalibus
552 828 781 882 capudines
818 843 866 869 ac
897 828 1042 871 fictiles
1077 832 1246 872 urnulas
1277 833 1409 873 fuisse
1442 848 1567 888 quam
1597 835 1784 876 felicatas
1816 836 1993 877 aliorum

227 897 392 946 pateras
424 892 703 932 arbitramur?
763 891 921 933 Omitto
953 895 1164 947 reliqu0s;
1206 901 1303 936 sunt
1334 896 1444 935 enim
1477 910 1621 937 omnes
1653 911 1773 951 pares
1810 899 1918 939 inter
1948 911 1994 939 se

226 961 391 1009 praeter
421 955 669 1008 Superbum.
730 952 796 995 112.
828 957 1000 996 Brutum
1034 959 1066 996 si
1099 958 1170 1011 qui
1202 963 1331 1011 roget,
1365 959 1466 1012 quid
1499 961 1630 1012 egerit
1660 962 1702 1000 in
1733 961 1866 1014 patria
1890 961 1994 1001 libe-

226 1017 379 1065 randa,
411 1018 446 1057 si
478 1018 575 1070 quis
606 1017 705 1057 item
736 1017 922 1071 reliquos
955 1018 1144 1059 eiusdem
1177 1021 1341 1060 consilii
1373 1022 1535 1069 socios,
1569 1023 1669 1076 quid
1702 1024 1994 1076 spectaverint,

227 1080 326 1133 quid
359 1081 492 1120 secuti
523 1080 628 1119 sint:
660 1093 761 1119 num
794 1080 889 1133 quis
921 1081 1094 1128 existat,
1128 1082 1193 1121 cui
1226 1083 1433 1136 voluptas,
1464 1085 1531 1124 cui
1564 1085 1747 1132 divitiae,
1780 1085 1846 1125 oui
1878 1085 1995 1125 deni-

179 1153 310 1196 15que
348 1148 515 1196 praeter
553 1140 737 1181 officium
777 1142 896 1182 fortis
944 1148 984 1182 et
1025 1143 1162 1196 magni
1208 1145 1281 1184 viri
1324 1146 1551 1200 quicquam
1583 1148 1698 1188 aliud
1729 1148 1994 1201 propositum

225 1205 356 1246 fuisse
386 1206 603 1246 videatur?
664 1204 781 1252 Quae
813 1218 879 1244 res
910 1205 962 1244 ad
994 1218 1139 1244 necem
1170 1207 1407 1247 Porsennae
1442 1208 1482 1248 C.
1505 1211 1692 1251 Mucium
1723 1211 1875 1265 inpulit
1904 1211 1995 1251 sine

225 1267 311 1308 ulla
342 1281 416 1321 spe
447 1268 593 1308 salutis
625 1271 755 1308 suae?
816 1269 933 1317 Quae
965 1269 1026 1309 vis
1058 1269 1254 1309 Coclitem
1288 1275 1431 1310 contra
1463 1285 1608 1312 omnes
1639 1273 1823 1313 hostium
1854 1274 1996 1327 copias

226 1331 362 1371 tenuit
400 1331 443 1370 in
480 1335 608 1383 ponte
650 1332 813 1371 solum?
857 1345 964 1384 quae
995 1336 1156 1384 patrem
1189 1332 1382 1379 Decium,
1426 1347 1535 1387 quae
1564 1334 1695 1375 filium
1727 1336 1880 1376 devota
1909 1336 1997 1377 vita

226 1393 386 1434 inmisit
415 1394 458 1433 in
489 1399 664 1434 armatas
695 1394 880 1434 hostium
914 1395 1086 1448 copias?
1148 1394 1258 1442 Quid
1291 1395 1549 1437 continentia
1582 1398 1624 1437 C.
1651 1398 1851 1445 Fabricii,
1893 1399 1993 1452 quid

177 1457 408 1497 20tenuitas
440 1457 574 1496 victus
605 1458 670 1497 Μ’.
695 1457 805 1497 Curii
838 1458 1123 1511 sequebatur?
1177 1458 1288 1506 Quid
1323 1459 1405 1498 duo
1438 1461 1758 1512 propugnacula
1786 1460 1886 1500 belli
1917 1462 1996 1501 Pu-

226 1519 331 1566 nici,
365 1519 436 1558 Cn.
460 1524 500 1558 et
521 1520 563 1558 P.
583 1520 826 1574 Scipiones,
850 1521 920 1574 qui
945 1520 1348 1573 Carthaginiensium
1382 1522 1605 1563 adventum
1638 1523 1886 1576 corporibus
1908 1524 1995 1563 suis

227 1582 593 1622 intercludendum
626 1586 907 1636 putaverunt?
954 1583 1055 1636 quid
1088 1583 1307 1623 Africanus
1348 1585 1507 1624 maior?
1554 1586 1655 1639 quid
1696 1586 1806 1626 inter
1844 1587 1995 1626 horum

228 1649 385 1685 aetates
424 1645 666 1685 interiectus
700 1646 830 1686 Cato?
878 1647 980 1699 quid
1023 1646 1349 1687 innumerabiles
1380 1647 1482 1687 alii?
1528 1670 1581 1678 —
1626 1662 1722 1689 nam
1754 1649 1996 1690 domesticis

230 1707 434 1761 exemplis
459 1707 720 1748 abundamus
741 1723 819 1748 —:
852 1710 1114 1761 cogitassene
1147 1710 1372 1764 quicquam
1404 1711 1445 1750 in
1469 1712 1553 1752 vita
1582 1712 1659 1752 sibi
1683 1725 1774 1752 esse
1796 1716 1997 1765 expeten-

321 1870 352 1901 4.
377 1869 512 1901 haec„
529 1870 695 1909 disputari
710 1871 865 1901 videntur
889 1879 952 1901 uos
978 1869 1183 1902 inclusimus
1208 1872 1245 1902 ut
1261 1880 1301 1902 ex
1320 1870 1528 1911 glossemate
1548 1872 1702 1910 adiecta3
1726 1880 1806 1903 nam
1831 1873 1866 1904 et
1889 1872 1998 1904 otiosa

233 1919 315 1950 sunt
338 1921 419 1960 post
442 1919 496 1951 illa
522 1921 596 1951 «scd
619 1921 697 1951 haec
719 1920 822 1951 videri
840 1923 978 1960 possunt
1002 1922 1091 1952 etc.»
1125 1923 1158 1951 et
1183 1920 1259 1951 loco
1285 1921 1402 1961 inepto
1429 1920 1614 1960 collocata,
1648 1924 1684 1953 ut
1708 1922 1789 1953 nihil
1814 1923 1929 1954 dicam
1955 1923 1998 1954 de

232 1968 288 1999 illo
312 1978 413 2008 quam
435 1970 515 2000 satis
537 1973 599 2007 est,
634 1969 728 2009 quod
753 1970 836 2010 quid
862 1971 894 2001 b.
922 1969 942 2000 l.
969 1969 1082 2001 valeat
1107 1969 1246 2001 difficile
1272 1972 1325 2001 est
1349 1970 1456 2002 dictu.
1504 1971 1692 2002 Adnotavit
1716 1972 1784 2003 iam
1809 1974 1996 2004 Gruterus.

234 2020 420 2060 «Suspicor
444 2019 525 2051 illud
556 2020 619 2050 Sed
642 2020 720 2051 haec
742 2021 847 2051 videri
868 2024 1003 2059 possunt
1027 2020 1240 2057 obscuriora,
1266 2029 1340 2050 cum
1363 2020 1481 2051 lentius
1504 2022 1716 2060 disputantur
1740 2024 1851 2054 totum
1876 2031 1953 2054 esse
1980 2032 1998 2054 e

233 2068 360 2109 glossa,
387 2070 446 2100 aut
470 2078 554 2100 vero
579 2068 804 2109 subsequens
828 2070 938 2101 istud:
970 2070 1049 2100 haec
1074 2078 1158 2109 quae
1180 2068 1287 2100 verbis
1310 2070 1460 2100 sublilius
1484 2079 1514 2110 q.
1541 2080 1565 2101 s.
1593 2080 1619 2102 e.
1646 2072 1811 2111 disputari
1833 2073 1997 2103 videntur.

232 2119 299 2151 Sed
332 2120 428 2161 prius
460 2120 570 2159 magis
602 2119 805 2150 membrum
837 2119 1073 2151 resecandum
1107 2128 1212 2160 quam
1244 2120 1476 2151 secundum.»
1526 2121 1654 2152 Contra
1685 2121 1861 2153 Bentleius
1890 2121 2000 2153 deleri

230 2170 329 2202 iussit
351 2169 460 2201 verba
484 2178 558 2200 cum
582 2170 699 2201 lentius
723 2170 936 2209 dispulanlur
961 2172 994 2200 et
1018 2178 1221 2200 summorum
1238 2169 1390 2200 virorum
1406 2170 1496 2201 haec.
1519 2187 1552 2192 --
1581 2171 1732 2210 suptilius
1748 2170 1790 2202 V‘2
1808 2189 1842 2195 -
1870 2173 1899 2203 2.
1920 2180 2001 2204 num

229 2220 334 2250 ullam
358 2220 380 2251 B
406 2221 605 2250 correctum
624 2228 665 2250 ex
690 2219 834 2250 nullam:
861 2220 1034 2250 iiuinillam
1057 2220 1123 2251 AV
1151 2236 1185 2242 —
1214 2220 1242 2251 3.
1270 2220 1303 2250 hi
1328 2221 1383 2259 qui
1409 2221 1447 2258 C,
1474 2221 1536 2252 sed
1561 2219 1602 2251 V¹
1625 2222 1650 2253 ii
1673 2239 1715 2244 —
1734 2220 1903 2261 publicam
1926 2230 1998 2253 om.

230 2269 278 2307 V;
306 2270 339 2300 in
363 2270 388 2300 A
411 2278 444 2308 p.
473 2271 552 2309 post
575 2278 644 2300 rem
668 2270 947 2310 superscriptum
974 2273 1027 2302 est
1051 2279 1157 2301 manu
1182 2271 1337 2310 antiqua,
1365 2270 1512 2302 sortasse
1536 2272 1650 2312 prima
1676 2288 1711 2293 —
1738 2271 1769 2303 4.
1796 2274 1854 2302 aut
1870 2271 2001 2311 argenti

232 2320 275 2350 C:
303 2323 360 2349 aut
385 2320 463 2350 auri
487 2323 516 2350 et
540 2319 670 2359 arqenli
694 2320 718 2350 O
755 2336 789 2340 —
829 2321 1060 2352 aiiwenilatem
1085 2319 1121 2351 B¹
1161 2338 1195 2342 —
1233 2321 1263 2351 5.
1291 2321 1519 2359 suppellectilis
1544 2320 1613 2352 AV¹
1639 2338 1673 2343 -—
1709 2325 1768 2352 aul
1791 2321 1924 2352 delicias
1947 2318 1997 2359 13¹,

232 2370 266 2399 et
291 2368 417 2399 deinde
442 2372 500 2399 aut
523 2368 709 2407 uoluptates
744 2385 778 2389 —
822 2369 949 2399 delitias
972 2371 997 2400 A
1041 2386 1074 2391 —
1119 2369 1148 2399 6.
1175 2378 1290 2410 reyum
1322 2379 1362 2401 ex
1397 2371 1569 2402 sententia
1596 2370 1756 2410 Madvigii
1781 2370 1998 2409 inclusimus,

233 2419 290 2459 qui
315 2419 404 2450 haec
429 2419 624 2450 adnotavit:
668 2419 784 2456 «Quae
810 2421 1024 2458 sequuntur:
1070 2419 1169 2450 Vultis
1198 2428 1218 2449 a
1251 2420 1415 2450 Romulo?
1457 2421 1557 2451 vultis
1578 2424 1649 2460 post
1671 2420 1810 2452 liberam
1835 2421 2001 2452 civilatem

233 2471 299 2499 etc.
326 2470 408 2500 satis
433 2469 637 2506 ostendunt,
663 2477 731 2499 non
757 2468 800 2499 de
826 2468 968 2508 regibus
993 2469 1059 2499 hoc
1084 2469 1162 2506 dici,
1191 2469 1253 2500 sed
1278 2469 1320 2500 de
1347 2469 1523 2507 omnibus,
1552 2471 1609 2510 qui
1634 2470 1792 2511 proxime
1818 2469 2001 2510 significati

233 2521 313 2549 sunt
345 2519 386 2557 (ii
411 2520 467 2557 qui
489 2519 573 2549 hanc
597 2527 665 2549 rcm
684 2527 719 2557 p.
747 2522 815 2549 tam
833 2519 960 2557 praecl.
986 2518 1163 2557 fundatam
1187 2528 1219 2548 η.
1246 2519 1288 2557 r.)
1342 2520 1462 2558 ltaque
1487 2528 1603 2558 reglum
1627 2519 1821 2551 tollendum
1847 2521 1933 2551 est.»
1962 2537 1998 2542 —-

232 2569 328 2599 uoltis
354 2569 467 2609 priore
493 2568 569 2599 loco
595 2569 633 2606 V,
661 2570 811 2608 utroque
839 2570 861 2599 Β
889 2586 923 2589 -
950 2568 1051 2599 uultis
1074 2577 1095 2599 a
1121 2568 1255 2599 [tomulo
1279 2569 1422 2608 incipere
1446 2570 1547 2609 pauci
1573 2569 1768 2601 deteriores
1793 2568 2000 2610 interpolate

236 2634 271 2640 -
298 2617 328 2647 7.
356 2617 396 2647 ab
420 2619 446 2647 is
469 2619 507 2656 A,
535 2618 576 2648 ab
599 2618 647 2648 his
673 2616 712 2647 V2
737 2635 769 2639 —
799 2617 1021 2648 liberaverunt
1047 2617 1142 2658 [eam]
1169 2618 1193 2649 O
1230 2635 1263 2639 —-
1301 2619 1460 2658 gyraclioiis
1485 2620 1639 2649 Romulus
1662 2620 1687 2649 Ο
1726 2637 1760 2640 --
1798 2620 1829 2651 8.
1857 2619 2002 2650 ascendit

234 2666 322 2698 VA22
350 2669 488 2699 escendit
512 2666 551 2698 A¹
567 2666 601 2698 13¹
617 2668 658 2704 Ο,
685 2668 806 2698 scendit
830 2666 868 2698 13²
895 2684 926 2689 —
967 2668 1035 2698 isne
1061 2666 1097 2698 B¹
1136 2685 1168 2688 —
1209 2668 1239 2697 9,
1266 2668 1396 2699 Numae
1412 2668 1562 2707 Pompilii
1587 2669 1625 2700 H.
1646 2667 1792 2700 Wolfius
1818 2669 1852 2699 et
1877 2667 1998 2700 Lamb.

235 2726 314 2748 cum
341 2718 443 2748 codd.
470 2718 600 2757 aliquot
624 2717 729 2754 dett.;
762 2718 874 2748 Numa
891 2717 1067 2756 Pompilius
1092 2715 1144 2747 vol
1171 2720 1281 2747 aulem
1297 2718 1409 2748 Numa
1425 2718 1602 2757 Pompilius
1626 2717 1728 2749 codd.
1749 2717 1822 2755 alii;
1849 2727 1870 2749 α
1890 2719 2002 2749 Numa

233 2768 415 2806 Pompilio?
439 2769 587 2799 minusne
611 2768 765 2799 distinxit
789 2769 813 2799 Ο
842 2786 874 2791 -
903 2769 964 2799 diis
989 2769 1010 2799 B
1027 2769 1051 2798 O
1080 2785 1112 2789 —
1151 2768 1202 2798 40.
1229 2768 1408 2806 capudines
1431 2764 1519 2798 AV2:
1547 2768 1748 2806 cappudines
1772 2768 1808 2806 B,
1835 2768 2003 2807 cupidines

235 2815 274 2846 Ψ
301 2817 479 2856 (cupedines
503 2820 592 2849 teste
617 2818 854 2857 Detlefsenio),
881 2819 1052 2857 capedines
1076 2818 1100 2847 O
1133 2834 1167 2838 —-
1203 2817 1343 2847 urnulas
1368 2817 1411 2848 C:
1437 2817 1587 2847 hirnulas
1611 2818 1636 2847 O
1661 2825 1742 2848 cum
1768 2817 1870 2849 codd.
1898 2818 2001 2848 Lam-

235 2865 306 2897 bini
333 2883 366 2887 —
391 2867 541 2906 felicatas
565 2868 602 2899 A¹
619 2866 673 2898 V2:
698 2869 841 2908 filicalas
866 2866 1048 2904 V¹A²ss²o,
1073 2867 1212 2906 felicitas
1237 2864 1292 2903 13¹3
1321 2866 1362 2897 cs.
1384 2867 1420 2897 O.
1438 2866 1645 2898 Muellerum
1671 2866 1715 2897 ad
1734 2868 1873 2899 Festum
1900 2867 1998 2908 p.86.

237 2932 271 2937 —
299 2917 454 2957 aliorum]
478 2919 616 2948 istorum
641 2917 846 2950 Lambinus:
874 2917 951 2948 fort.
971 2917 1151 2947 Saliorum.
1178 2917 1270 2947 Bur.
1311 2933 1345 2938 -—
1386 2917 1436 2947 Μ.
1459 2920 1573 2955 patres
1596 2917 1633 2947 B¹
1660 2932 1695 2939 —
1736 2917 1786 2948 ⁴2.
1813 2917 1839 2947 si
1864 2916 1936 2955 quis
1959 2914 2002 2946 V‘-'

237 2981 273 2987 —
303 2965 352 2995 43.
379 2968 625 3005 expectaucrint
648 2968 687 2999 Α1
702 2967 727 2997 V
752 2985 794 2990 -
824 2966 875 2998 lli.
902 2967 1022 2999 eaeistal
1045 2967 1071 2997 A
1088 2967 1128 2996 1³:
1156 2967 1293 2996 exsistat
1317 2966 1359 3001 0;
1386 2966 1475 2996 Num
1499 2966 1577 3005 quid
1599 2967 1659 2998 isle
1683 2968 1770 3007 (sup.
1790 2965 1847 2997 lin.
1873 2965 1998 3004 επὶ-εἰεί)

235 3015 400 3053 uoluptas.
438 3016 525 3046 Num
549 3018 627 3056 quid
651 3016 789 3048 diuitiae
812 3017 865 3047 cui
889 3017 1026 3054 denique
1051 3017 1117 3046 cte.
1146 3015 1172 3044 V
1210 3033 1243 3037 —
1282 3016 1334 3046 cui
1358 3017 1438 3046 ante
1462 3016 1616 3054 uoluptas
1639 3018 1665 3047 A
1690 3024 1765 3056 sup.
1786 3014 1846 3046 lin.
1877 3032 1910 3037 —
1946 3014 1998 3045 46.

234 3072 417 3103 presentiae
439 3065 479 3094 V¹
507 3081 540 3087 —
576 3068 625 3097 48.
653 3068 771 3098 deuota
794 3067 866 3098 uita
889 3067 912 3097 B
940 3065 1014 3106 (sed
1038 3075 1054 3096 c
1079 3065 1264 3106 posteriori
1288 3068 1324 3095 ta
1347 3065 1614 3106 superscripta):
1641 3065 1809 3096 deuolauil
1832 3065 1873 3104 V,
1899 3065 2000 3096 deuo—

324 3115 359 3134 ar.

238 3146 324 3176 tauic
368 3146 411 3182 A3
439 3146 600 3177 denotavit
624 3146 743 3187 [atque]
770 3148 812 3185 03
842 3147 884 3178 cs.
912 3147 1071 3186 Madvigii
1097 3145 1176 3176 adn.
1203 3146 1245 3175 ad
1272 3146 1342 3177 Cic.
1370 3145 1413 3177 de
1439 3145 1498 3177 sin.
1524 3155 1558 3186 p.
1573 3146 1648 3177 ⁶25⁴.
1683 3162 1718 3167 —
1756 3145 1809 3176 20.
1834 3146 1880 3176 Μ.
1909 3144 1933 3176 C
1961 3162 1996 3167 —

238 3195 290 3226 24.
310 3195 602 3235 carlaqiniensium
619 3196 669 3233 V¹,
696 3196 997 3236 cariliaqinensiami
1013 3199 1050 3234 Α,
1070 3196 1383 3235 cleartayinicnsium
1402 3197 1424 3226 B
1453 3214 1487 3218 -
1514 3196 1566 3226 ⁶22.
1587 3195 1665 3234 quid
1676 3194 1852 3234 Africanus
1866 3194 1999 3225 maior?

240 3244 318 3283 quid
339 3244 471 3274 minor?
496 3245 573 3283 quid
597 3245 681 3276 imcr
704 3248 770 3277 etc.
805 3247 917 3277 (jiirist
943 3245 1135 3277 admodum
1162 3245 1392 3285 probabiliter
1426 3263 1469 3268 —
1502 3245 1555 3276 23.
1582 3246 1765 3276 interiectos
1789 3243 1829 3275 V¹
1855 3262 1886 3266 —
1917 3243 2000 3275 alii?

240 3303 322 3326 nos:
349 3295 409 3326 alii
431 3294 456 3326 Ο
483 3311 517 3317 -
544 3294 596 3327 24.
615 3297 813 3336 cogitassene
831 3296 889 3328 V¹:
914 3298 1151 3337 cogitassemus
1175 3294 1215 3326 V²
1237 3304 1314 3336 sup.
1334 3295 1407 3336 lin.,
1433 3296 1591 3338 cogitasse
1606 3295 1699 3328 ABO
1728 3312 1760 3319 —
1792 3302 1858 3328 esse
1874 3302 1944 3327 om.
1959 3294 1995 3326 Ο.
