2249 3624
566 163 654 203 Lm.
686 163 715 202 Ι.
755 163 850 204 Car.
883 164 1273 205 XXVIII—XXX.
1314 166 1373 220 §§
1406 167 1602 208 537-62.
1888 171 1960 212 501

210 272 338 326 patria
370 270 407 309 vi
439 269 603 323 pulsum
635 282 726 309 esse
760 269 963 317 dixisses,
997 272 1270 324 prehendisse
1302 286 1394 312 eum
1428 273 1615 314 dextram
1650 282 1759 315 tuam
1787 283 1825 317 et
1858 279 1968 318 bono

207 334 344 374 animo
377 338 415 372 te
445 332 615 371 iussisse
648 346 739 372 esse
771 332 991 386 lictorique
1024 347 1232 387 proxumo
1265 335 1500 383 tradidisse,
1534 344 1578 377 ut
1600 344 1638 377 te
1661 339 1701 377 in
1727 353 1969 379 monumen-

208 401 294 436 tum
325 407 444 434 suum
477 394 730 442 deduceret,
776 402 816 435 et
855 396 1011 435 dixisse
1055 398 1094 436 in
1135 411 1184 436 eo
1229 398 1301 437 tibi
1343 399 1517 439 salutem
1555 400 1655 440 fore.
1715 402 1819 441 Tum
1853 408 1893 441 et
1924 416 1967 441 se

207 458 461 500 exclamasse
487 457 708 497 Sallustius
742 464 893 503 narrat,
926 459 1102 498 reditum
1136 460 1207 499 tibi
1241 461 1415 500 celerem
1449 468 1488 501 et
1519 462 1746 514 gloriosum
1777 471 1968 516 paratum

207 527 247 562 et
276 526 316 560 te
348 520 481 574 ipsum
514 521 644 559 visum
678 521 840 559 somnio
873 521 1084 561 delectari.
1129 524 1229 562 Nam
1265 523 1366 562 illud
1402 524 1498 563 mihi
1533 526 1608 578 ipsi
1641 527 1831 565 celeriter
1863 529 1996 566 nun-5

206 585 350 624 tiatum
383 588 463 628 est,
495 589 540 622 ut
572 583 802 622 audivisses
834 583 874 621 in
909 591 1178 623 monumento
1213 586 1313 624 Mari
1348 585 1397 624 de
1431 593 1499 625 tuo
1532 588 1666 627 reditu
1700 588 1968 641 magnificen-

207 647 425 686 tissumum
460 645 561 684 illud
594 651 761 685 senatus
794 646 1031 685 consultum
1066 660 1156 685 esse
1189 647 1358 693 sactum,
1391 649 1597 689 referente
1632 656 1801 703 optumo
1825 658 1863 691 et
1885 652 1969 691 cla-

203 708 368 748 rissimo
400 708 486 746 viro
518 708 718 754 consule,
763 708 890 761 idque
932 708 1275 761 frequentissimo
1319 711 1479 750 theatro
1523 714 1756 752 incwedibili
1790 714 1967 753 clamore

204 776 245 812 et
275 770 420 824 plausu
454 771 790 824 comprobatum,
832 770 990 810 dixisse
1035 777 1071 809 te
1106 772 1207 810 nihil
1241 772 1310 812 illo
1343 774 1496 813 Atinati
1529 776 1690 815 somnio
1724 775 1810 815 lieri
1845 790 1967 830 posse

204 833 398 873 divinius.
1980 847 2013 876 4ο

317 896 468 936 XXlX.
508 894 573 935 60.
606 898 657 935 At
690 897 817 935 multa
849 896 975 936 salsa:
1015 897 1139 935 inimo
1173 897 1347 937 obscura
1381 897 1556 939 fortasse
1588 901 1721 942 nobis.
1774 903 1853 941 Sed
1886 903 1969 942 sint

201 958 305 999 falsa
336 959 570 1010 quaedam;
611 965 753 998 contra
785 973 882 999 vera
915 959 1015 1012 quid
1050 959 1260 999 dicimus?
1313 962 1429 1008 Quae
1469 961 1635 1014 quidem
1677 965 1807 1004 inulto
1850 966 1968 1019 plura

203 1021 442 1067 evenirent,
475 1022 508 1060 si
541 1021 592 1060 ad
625 1022 807 1075 quietem
841 1022 990 1073 integri
1023 1022 1204 1061 iremus:
1238 1036 1347 1061 nunc
1382 1026 1521 1064 onusti
1554 1025 1644 1064 cibo
1678 1033 1716 1066 et
1749 1028 1842 1067 vino
1875 1040 1968 1080 per-

201 1084 363 1124 turbata
404 1090 443 1123 et
483 1084 657 1123 conl'usa
698 1084 920 1123 cernimus.
994 1084 1096 1123 Vide
1137 1084 1237 1137 quid
1281 1086 1471 1125 Socrates
1515 1087 1555 1126 in
1596 1088 1779 1129 Platonis
1820 1090 1967 1129 Politia

202 1147 411 1200 loquatur.
460 1147 566 1186 llicit
597 1147 734 1186 enim:
779 1148 895 1186 Cum
931 1147 1326 1187 'dormientibus
1366 1162 1421 1188 ea
1465 1163 1577 1201 pars
1618 1152 1799 1199 animi,
1840 1158 2018 1205 quae15

202 1209 391 1249 mentis
442 1215 491 1249 et
540 1210 765 1249 rationis
817 1210 884 1249 sit
935 1212 1235 1263 particeps,
1295 1212 1477 1264 sopita
1530 1212 1808 1266 langueat,
1871 1214 1968 1253 illa

202 1277 390 1318 autem,
435 1271 485 1310 in
528 1285 627 1325 qua
667 1272 857 1312 feritas
901 1273 1158 1326 quaedam
1203 1273 1268 1313 sit
1310 1279 1468 1327 atque
1500 1276 1716 1327 agrestis
1749 1276 1968 1316 inmani-

201 1340 305 1382 tas,
349 1348 459 1374 cum
506 1335 575 1374 sit
620 1335 956 1375 inmoderato
1002 1335 1359 1376 extumesacta
1405 1343 1533 1390 potu
1579 1343 1740 1392 atque
1787 1344 1967 1392 pastu,

202 1397 471 1438 exsultare
524 1410 623 1437 eam
676 1399 723 1437 in
770 1411 945 1437 somno
998 1399 1441 1452 inmoderateque
1495 1400 1720 1440 iactari:
1781 1402 1967 1455 itaque

202 1458 323 1500 huic
367 1460 540 1499 omnia
583 1460 693 1499 visa
733 1460 1046 1499 obiciuntur
1085 1474 1107 1499 a
1148 1467 1318 1501 mente
1358 1475 1410 1502 ac
1451 1464 1661 1503 ratione
1694 1476 1877 1511 vacua,
1920 1469 2019 1504 ut²0

201 1528 289 1563 aut
334 1536 442 1562 cum
490 1528 647 1562 matre
694 1536 886 1576 corpus
933 1523 1155 1562 miscere
1204 1524 1453 1564 videatur
1492 1531 1582 1565 aut
1622 1539 1731 1566 cum
1776 1526 1968 1581 quovis

201 1584 309 1625 alio
349 1585 429 1625 vel
471 1584 676 1624 homine
719 1585 801 1624 vel
842 1585 967 1633 deo,
1012 1599 1171 1638 saepe
1203 1587 1388 1634 belua,
1429 1595 1587 1641 atque
1621 1588 1776 1629 etiam
1810 1589 1969 1629 truci-

203 1648 329 1688 dare
371 1648 608 1702 aliquem
652 1653 699 1687 et
739 1648 893 1701 impie
933 1649 1202 1688 cruentari
1245 1650 1530 1704 multaque
1569 1650 1736 1691 facere
1775 1652 1969 1704 inpure

202 1716 363 1764 atque
414 1716 588 1750 taetre
640 1724 749 1750 cum
803 1711 1106 1751 temeritate
1159 1718 1203 1752 et
1254 1713 1579 1765 inpudentia.
1667 1710 1734 1752 61.
1783 1715 1843 1753 At
1887 1713 1970 1766 qui

203 1774 401 1814 salubri
433 1779 482 1813 et
514 1773 786 1813 moderato
820 1774 966 1813 cultu
1007 1779 1164 1826 atque
1197 1775 1339 1814 victu
1373 1776 1542 1829 quieti
1575 1789 1628 1816 se
1661 1776 2021 1824 tradiderit,25

203 1849 261 1876 ea
303 1842 454 1888 parte
495 1836 685 1883 animi,
733 1849 871 1890 quae
914 1837 1102 1876 mentis
1148 1844 1196 1877 et
1239 1839 1470 1878 consilii
1515 1844 1620 1886 est,
1667 1839 1876 1891 agitata
1922 1844 1972 1879 et

203 1904 376 1939 erecta
427 1904 764 1951 saturataque
815 1899 1059 1939 honarum
1111 1901 1495 1953 cogitationum
1547 1901 1749 1955 epulis,
1802 1914 1970 1955 eaque

202 1968 343 2015 parte
384 1962 538 2001 animi
583 1976 718 2015 quae
757 1962 1027 2015 voluptate
1067 1963 1255 2011 alitur,
1297 1977 1390 2003 nec
1431 1964 1609 2018 inopia
1648 1969 1838 2004 enecta
1877 1977 1972 2003 nec

202 2024 457 2065 satietate
496 2023 718 2064 afluenti
756 2048 799 2051 —
835 2038 1048 2078 quorum
1080 2031 1359 2080 utrumque
1392 2027 1785 2079 praestringere
1816 2027 1970 2066 aciem

201 2087 396 2126 mentis
437 2087 603 2134 solet,
650 2088 762 2127 sive
806 2087 957 2127 deest
997 2094 1217 2128 na‘turae
1260 2089 1542 2143 quippiam
1585 2090 1694 2129 sive
1735 2090 2022 2130 abundatsso

204 2155 364 2202 atque
396 2149 553 2190 afluit
583 2175 636 2180 -—
668 2150 759 2190 illa
790 2151 938 2190 etiam
971 2152 1132 2191 tertia
1164 2159 1317 2203 parte
1348 2152 1538 2200 animi,
1580 2153 1628 2191 in
1662 2165 1756 2205 qua
1786 2153 1971 2192 irarum

203 2212 395 2252 existit
435 2212 611 2260 ardor,
655 2212 839 2252 sedata
878 2219 1031 2267 atque
1062 2215 1358 2261 restincta,
1392 2220 1496 2254 tum
1530 2216 1742 2255 eveniet
1773 2215 1971 2255 duabus

203 2275 357 2315 animi
405 2275 694 2315 temerariis
740 2276 978 2328 partibus
1025 2277 1369 2329 compressis,
1415 2283 1470 2317 ut
1510 2278 1607 2317 illa
1645 2277 1811 2317 tertia
1852 2290 1972 2330 pars

203 2338 424 2378 rationis
471 2343 517 2377 et
558 2339 750 2378 mentis
794 2339 1001 2379 eluceat
1047 2345 1094 2379 et
1138 2353 1187 2378 se
1231 2346 1460 2392 vegetam
1502 2340 1559 2380 ad
1605 2340 1971 2380 somniandum

204 2414 485 2454 acremque
529 2399 804 2454 praebeat,
856 2407 954 2441 tum
1001 2402 1046 2442 ei
1094 2403 1202 2442 visa
1251 2403 1443 2456 quietis
1493 2409 1781 2443 occurrent
1826 2407 2022 2443 tran-35

205 2462 376 2515 quilla
418 2468 566 2516 atque
608 2464 839 2504 veracia.
901 2465 1013 2504 Haec
1044 2465 1169 2504 verba
1200 2465 1291 2517 ipsa
1321 2466 1504 2505 Platonis
1537 2466 1738 2519 expressi.

315 2525 451 2566 XXX.
495 2524 561 2565 62.
602 2525 828 2580 Epicurum
865 2527 993 2580 igitur
1029 2528 1246 2568 audiemus
1283 2528 1456 2581 potius?
1503 2530 1689 2582 Namque
1721 2528 1972 2576 Carneades,

291 2700 320 2730 4.
347 2700 519 2730 dexteram
537 2700 599 2730 llo
628 2717 660 2721 —
689 2700 719 2730 Ξ.
744 2709 908 2738 proxume
926 2701 952 2731 ΙΙ
971 2718 1011 2722 -
1035 2701 1174 2732 lradisse
1192 2702 1213 2732 B
1241 2719 1274 2722 —
1303 2701 1332 2733 4.
1353 2701 1520 2732 sallustius
1536 2699 1589 2731 v¹z
1618 2702 1773 2733 salustius
1790 2703 1970 2736 ABHV2O

208 2767 241 2771 —
268 2750 430 2781 redditum
453 2749 513 2780 sibi
539 2750 564 2780 ll
593 2767 625 2770 —
656 2751 686 2780 5.
712 2750 785 2780 illut
810 2749 847 2780 A¹
876 2767 905 2771 —
939 2751 968 2781 ss.
996 2752 1085 2781 mari
1110 2750 1200 2782 Bw:
1233 2752 1324 2782 mani
1350 2752 1395 2789 ll,
1421 2752 1522 2781 marii
1546 2753 1571 2782 Α
1584 2752 1674 2790 WO,
1708 2752 1771 2784 sed
1797 2754 1829 2784 in
1854 2756 1880 2785 A
1906 2763 1971 2795 po-

205 2800 331 2831 sterius
356 2800 366 2829 i
390 2799 422 2830 in
449 2808 516 2830 ras.
547 2817 580 2820 —
609 2799 646 2829 de
669 2804 723 2829 luo
749 2802 773 2830 Α
800 2800 832 2830 in
858 2809 925 2831 ras.
955 2818 988 2821 —
1018 2801 1046 2831 9⁴
1076 2804 1110 2831 ιιι
1134 2801 1231 2831 [inuti
1258 2803 1295 2837 11,
1324 2802 1468 2832 (intincti
1486 2802 1512 2831 V
1542 2819 1572 2823 —
1603 2803 1654 2832 41.
1682 2804 1720 2834 At
1743 2805 1769 2835 A
1795 2804 1827 2835 in
1846 2812 1914 2836 ras.
1931 2821 1965 2826 —

204 2853 277 2880 sune
303 2849 328 2880 H
359 2866 389 2871 —-
418 2849 469 2879 42.
496 2849 638 2879 dicemus
661 2848 700 2879 132
725 2866 760 2871 —
787 2850 891 2879 multa
916 2850 941 2880 ll
969 2867 1003 2871 —
1034 2851 1085 2881 46,
1111 2851 1151 2882 sic
1175 2860 1250 2892 sup.
1272 2851 1328 2883 lin.
1357 2854 1382 2882 A
1412 2869 1441 2874 -
1476 2852 1526 2882 17.
1553 2853 1847 2893 a91·eslis-—potu
1871 2856 1971 2894 atque

205 2899 231 2930 A
256 2899 288 2929 in
313 2907 422 2938 marg.
463 2915 496 2920 —
537 2898 587 2929 48.
620 2907 694 2929 cum
724 2898 864 2929 videtur
888 2898 1079 2931 delendum
1118 2917 1152 2922 -
1191 2902 1415 2940 eas-tumefacta
1447 2902 1571 2941 scripsi
1604 2902 1747 2942 vestigia
1780 2903 1858 2934 cod.
1886 2903 1909 2934 B
1936 2905 1971 2934 et

206 2947 354 2980 Platonis
384 2947 526 2990 κληθέν
556 2951 718 2980 secutus:
751 2950 965 2989 cxlupes'acla
988 2949 1038 2987 13¹,
1070 2950 1291 2989 obslupesaclu
1316 2954 1341 2981 A
1358 2950 1481 2987 mliv,
1515 2951 1693 2991 tumefacta
1718 2952 1796 2983 cod.
1823 2950 1969 2983 Eliensis

207 2999 241 3028 et
263 2998 288 3029 Ο
315 3015 350 3020 -
373 3002 454 3037 puto
478 2999 517 3029 Ψ
547 3015 579 3020 -
610 2999 660 3029 49.
687 3000 839 3030 eoeultare
857 3000 882 3030 li
915 3018 946 3021 —
975 3001 1026 3031 21.
1054 3001 1183 3031 miscere·
1202 3001 1226 3030 Υ
1253 3018 1286 3022 -
1316 3001 1367 3031 22.
1395 3000 1525 3031 beluam
1543 3002 1569 3031 ll
1597 3019 1630 3023 —
1660 3001 1712 3033 23.
1739 3006 1914 3033 cruentare
1930 3000 1970 3033 Αἵ

209 3065 244 3069 —
270 3046 321 3079 24.
348 3051 426 3079 tetre
450 3049 474 3079 O
501 3067 540 3071 —
568 3050 727 3088 pudentia
753 3050 779 3080 ll
809 3067 842 3070 —
870 3049 909 3080 Aa
932 3059 1031 3088 quum
1057 3051 1140 3080 Rath
1168 3066 1204 3072 —
1240 3051 1290 3081 25.
1318 3051 1490 3081 moderata
1515 3052 1539 3081 Α
1565 3069 1605 3072 -
1629 3051 1681 3083 ⁶26.
1708 3051 1850 3092 αρὶιαία]
1875 3052 1969 3083 exci—

207 3099 277 3127 tata
302 3097 510 3135 Lamb1nus3
539 3101 572 3129 at
597 3099 766 3139 expressit
794 3099 917 3129 Cicero
941 3108 1108 3138 graecum
1134 3097 1294 3140 κινήσας
1322 3116 1355 3121 -
1384 3100 1436 3130 Ξῖ.
1463 3109 1501 3130 ea
1524 3104 1620 3139 parte
1644 3102 1669 3132 ll
1699 3118 1734 3123 —
1762 3101 1814 3132 ⁶29.
1835 3102 1970 3142 afluenti

209 3145 296 3177 AV¹:
323 3148 470 3187 affluenli
494 3148 517 3179 B
534 3148 557 3179 Η
569 3146 643 3179 V'2O
671 3166 706 3170 —-
730 3150 918 3188 praeslz'nyc
942 3147 990 3186 13¹,
1015 3150 1235 3190 perstringere
1261 3151 1284 3180 ΙΙ
1307 3167 1341 3172 —-
1369 3150 1420 3180 30.
1442 3151 1546 3181 deesse
1563 3151 1588 3182 ll
1609 3168 1642 3172 —
1670 3152 1841 3190 quidpiam
1858 3152 1915 3182 ΒΟ
1932 3169 1965 3174 -

211 3194 261 3226 34.
287 3195 389 3236 effluit
414 3198 456 3234 C,
489 3198 609 3237 diffluit
634 3199 783 3234 Marsus,
817 3198 924 3238 affluit
955 3199 1057 3229 codd.
1085 3199 1169 3230 dett.
1198 3200 1221 3230 O
1256 3216 1289 3220 —
1324 3200 1376 3230 32.
1402 3200 1515 3230 sedala
1539 3203 1639 3241 atque
1661 3202 1816 3231 restincta
1840 3202 1863 3232 B
1889 3209 1966 3241 sup.

211 3241 267 3275 lin.
303 3261 336 3266 —
375 3245 426 3277 35.
453 3255 625 3287 aeremque
648 3248 675 3279 H
708 3265 741 3268 —
777 3251 845 3278 lum
869 3251 898 3279 et
921 3249 993 3279 visa
1019 3249 1198 3289 llottinger
1236 3268 1269 3272 —
1309 3250 1361 3281 36.
1388 3251 1519 3282 ueratia
1543 3252 1570 3283 A
1598 3268 1632 3274 —
1658 3251 1760 3291 ipsius
1783 3251 1824 3283 H¹
1856 3268 1885 3273 —
1913 3250 1965 3282 37.

210 3293 377 3334 epicurum
399 3304 464 3328 esse
487 3297 591 3338 igitur
613 3298 651 3329 Β1
679 3314 713 3320 ·-
742 3298 895 3330 audimus
912 3298 963 3330 Αἰ.
