2249 3624
233 123 315 166 456
831 115 902 156 DE
934 113 1156 156 DEORUM
1184 110 1402 153 NATURA

236 235 314 275 deo
346 245 424 272 nec
453 230 582 272 ullam
612 228 696 268 vim
728 238 820 266 esse
851 227 1046 269 naturae,
1077 224 1125 260 ut
1154 218 1218 259 sui
1242 217 1460 259 dissimilia
1480 221 1626 271 posset
1646 215 1860 271 effingere.
1898 217 2003 258 Con-

236 299 380 339 cedam
410 308 496 335 non
526 291 652 332 modo
684 289 937 329 animantem
967 288 1009 324 et
1039 283 1271 336 sapientem
1303 293 1395 321 esse
1425 279 1650 327 mundum,
1691 279 1765 320 sed
1796 278 2005 320 fidicinem

237 362 361 401 etiam
393 363 433 398 et
463 356 712 399 tubicinem,
745 349 942 404 quoniam
972 359 1116 386 earum
1139 356 1310 398 quoque
1340 343 1494 383 artium
1523 342 1716 383 homines
1748 356 1801 383 ex
1831 356 1880 383 eo
1909 355 2007 397 pro-

235 422 462 464 creantur?
510 416 621 457 Nihil
661 413 788 467 igitur
828 410 962 450 adfert
992 413 1112 463 pater
1142 408 1220 446 iste
1253 406 1506 454 Stoicorum,
1550 418 1681 459 quare
1710 405 1913 446 mundum
1943 418 2008 446 ra-

202 487 349 526 5ti0ne
381 483 441 523 uti
472 485 686 535 putemu5‚
718 489 771 515 ne
803 486 877 514 cur
906 472 1160 512 animantem
1183 468 1356 523 quidem
1388 481 1493 508 esse.
1537 469 1632 508 Non
1655 473 1717 508 est
1742 469 1870 521 igitur
1889 481 2009 507 mun-

236 548 314 587 dus
346 545 470 591 deus,
517 547 558 582 et
598 545 736 580 tamen
775 535 881 576 nihil
920 539 983 575 est
1018 547 1068 573 eo
1108 532 1283 580 melius;
1329 531 1436 571 nihil
1467 535 1530 572 est
1559 532 1670 572 enim
1701 544 1750 571 eo
1782 529 2009 584 pulchrius,

236 609 342 650 nihil
373 605 597 648 salutarius
629 601 769 646 nobis,
801 597 907 638 nihil
939 596 1126 637 ornatius
1158 599 1331 648 aspectu
1353 600 1551 648 motuque
1574 594 1842 635 constantius.
1884 593 2010 642 Quod

236 674 271 713 si
301 669 482 711 mundus
513 666 736 706 universus
766 675 853 701 non
884 665 948 701 est
979 660 1102 705 deus,
1133 672 1186 699 ne
1216 658 1361 698 stellae
1384 657 1575 710 quidem,
1608 670 1712 711 quas
1743 661 1788 697 tu
1819 656 2011 696 innume-

235 734 378 776 rabilis
409 733 450 772 in
483 730 659 769 deorum
689 737 864 765 numero
894 722 1151 776 reponebas,
1193 734 1369 775 quarum
1413 725 1453 760 te
1491 734 1636 760 cursus
1667 719 1911 774 aequabiles
1942 732 2012 759 ae-

185 806 220 835 40
235 797 432 850 ternique
464 790 747 836 delectabant,
788 801 866 827 nec
897 800 963 826 me
992 785 1163 825 hercule
1195 783 1370 831 iniuria3
1411 788 1508 823 sunt
1539 784 1650 823 enim
1682 782 1917 823 admirabili
1948 782 2012 821 in-

235 858 513 910 credibilique
546 851 792 893 constantia.
840 847 907 889 24.
931 848 1012 889 Sed
1034 861 1120 888 non
1144 848 1305 895 omnia,
1337 846 1486 894 Balbe,
1517 859 1623 899 quae
1646 859 1793 886 cursus
1815 850 1951 885 certos
1971 849 2013 885 et

235 920 463 964 constantis
494 917 669 962 habent,
702 927 750 954 ea
781 912 860 953 deo
892 912 1031 965 potius
1063 910 1286 950 tribuenda.
1315 914 1411 949 sunt
1432 922 1556 962 quam
1588 913 1774 948 naturae.
1824 907 1877 947 X.
1899 905 2011 955 Quid

236 982 478 1026 Chalcidico
509 979 667 1031 Euripo
698 978 739 1017 in
773 981 888 1016 motu
919 973 1151 1014 identidem
1183 972 1486 1025 reciprocando
1511 976 1632 1025 putas
1655 968 1744 1010 fieri
1766 983 1890 1024 posse
1913 982 2013 1010 con-

236 1047 432 1093 stantius,
465 1043 567 1097 quid
597 1040 704 1081 freto
737 1038 970 1085 Siciliensi,
1003 1036 1104 1090 quid
1136 1035 1295 1075 Oceani
1325 1033 1490 1074 fervore
1523 1033 1605 1074 illis
1635 1033 1680 1072 in
1710 1033 1828 1081 locis,

185 1118 221 1148 45
430 1107 695 1157 Europam
728 1102 1053 1155 Libyamque
1085 1110 1245 1151 rapax
1274 1097 1360 1137 ubi
1393 1096 1596 1136 dividit
1625 1095 1798 1136 unda?

238 1173 383 1224 Quid?
423 1174 564 1210 aestus
603 1165 798 1206 maritimi
840 1164 904 1205 vel
936 1162 1237 1216 Hispanienses
1269 1160 1335 1200 vel
1365 1159 1594 1199 Britannici
1625 1171 1856 1212 eorumque
1888 1158 2013 1199 certis

238 1234 498 1289 temporibus
528 1230 595 1271 vel
626 1241 817 1269 accessus
848 1226 914 1267 vel
945 1237 1136 1265 recessus
1169 1223 1259 1263 sine
1291 1222 1371 1262 deo
1402 1219 1491 1261 fieri
1522 1235 1607 1262 non
1638 1223 1848 1276 possunt?
1895 1221 2015 1270 Vide,

239 1312 412 1354 quaeso,
444 1295 478 1335 si
510 1293 646 1335 omnis
677 1296 816 1332 motus
845 1288 1091 1341 omniaque,
1126 1299 1235 1340 quae
1258 1285 1377 1326 certis
1400 1284 1658 1338 temporibus
1680 1284 1868 1324 ordinem
1891 1297 2014 1324 suum

238 1363 507 1406 conservant,
538 1356 680 1397 divina
711 1353 906 1400 dicimus,
937 1364 990 1390 ne
1022 1349 1221 1390 tertianas
1254 1361 1423 1402 quoque
1458 1346 1594 1387 febres
1627 1351 1668 1387 et
1700 1351 1923 1401 quartanas
1955 1346 2017 1386 di-

186 1433 223 1463 20
238 1426 355 1467 vinas
396 1435 488 1463 esse
529 1418 752 1460 dicendum
793 1416 865 1463 sit,
907 1427 1081 1468 quarum
1124 1411 1365 1452 reversione
1397 1415 1438 1450 et
1472 1415 1587 1450 motu
1619 1409 1720 1463 quid
1752 1415 1892 1463 potest
1923 1423 2016 1451 esse

238 1485 531 1530 constantius?
579 1481 660 1522 Sed
693 1479 880 1521 omnium
921 1477 1066 1517 talium
1098 1488 1236 1515 rerum
1268 1473 1375 1513 ratio
1407 1472 1620 1512 reddenda
1651 1477 1726 1512 est.
1787 1470 1854 1512 25.
1889 1471 2016 1521 Quod

238 1565 313 1592 vos
346 1563 438 1589 cum
469 1546 606 1586 facere
639 1556 722 1584 non
759 1540 947 1596 potestiS,
979 1545 1190 1592 tamquam
1221 1537 1264 1577 in
1295 1549 1408 1576 aram
1440 1535 1664 1588 confugitis
1697 1534 1749 1575 ad
1781 1535 1919 1575 deum.
1964 1535 2018 1576 Et

241 1613 500 1667 Chrysippus
539 1607 614 1649 tibi
652 1610 772 1647 acute
813 1602 951 1645 dicere
994 1601 1238 1647 videbatur,
1280 1599 1407 1639 homo
1450 1598 1540 1638 sine
1579 1595 1707 1638 dubio
1751 1602 1944 1638 versutus
1977 1602 2018 1638 et

241 1675 416 1717 callidus
442 1697 493 1704 -—
518 1674 707 1711 versutos
739 1680 811 1707 eos
833 1664 1020 1720 appello,
1053 1676 1232 1718 quorum
1256 1662 1446 1703 celeriter
1468 1674 1584 1701 mens
1606 1666 1809 1708 versatur,
1841 1660 2016 1701 callidos

189 1747 225 1776 25
241 1744 401 1785 autem,
435 1746 633 1789 quorum,
665 1736 877 1782 tamquam
910 1741 1058 1767 manus
1091 1739 1238 1779 opere,
1270 1725 1329 1765 sic
1360 1725 1524 1764 animus
1556 1738 1635 1764 usu
1667 1722 1888 1764 concalluit
1908 1745 1960 1751 -
1982 1724 2017 1764 is

240 1801 388 1855 igitur,
423 1798 455 1838 si
488 1794 648 1849 aliquid
680 1798 762 1840 est,
796 1791 954 1845 inquit,
988 1790 1101 1844 quod
1132 1789 1259 1828 homo
1283 1785 1447 1827 efficere
1471 1801 1555 1828 non
1577 1787 1733 1840 possit,
1765 1787 1838 1840 qui
1862 1786 1904 1826 id
1927 1786 2018 1826 effi-

242 1864 321 1911 cit,
353 1861 504 1902 melior
534 1864 596 1899 est
626 1856 821 1904 homine3
856 1855 980 1895 homo
1012 1857 1149 1893 autem
1172 1851 1294 1898 haee,
1327 1850 1500 1904 quaein
1523 1849 1679 1889 mundo
1703 1856 1823 1898 sunt,
1855 1847 2018 1890 efficere

242 1940 327 1967 non
357 1928 523 1978 potestz
567 1921 638 1975 qui
669 1919 804 1973 potuit
836 1917 982 1970 igitur,
1021 1916 1055 1955 is
1087 1919 1271 1968 praestat
1300 1913 1476 1954 homini.
1526 1913 1696 1953 Homini
1728 1918 1867 1953 autem
1899 1925 2020 1965 prae-

244 1995 352 2030 stare
384 1986 479 2040 quis
509 1983 643 2039 possit
672 1982 754 2021 nisi
786 1980 923 2020 deus?
957 1983 1020 2019 est
1050 1978 1179 2031 igitur
1211 1976 1328 2016 deus.
1379 1976 1491 2016 Haec
1524 1975 1665 2016 omnia
1695 1976 1736 2016 in
1766 1975 1913 2016 eodem
1937 1987 2019 2029 quo

192 2060 229 2090 30
243 2053 315 2092 illa
346 2049 523 2090 Zenonis
556 2058 699 2086 errore
730 2047 959 2084 versantur.
1019 2038 1086 2080 ⁶26.
1120 2039 1234 2088 Quid
1266 2038 1376 2079 enim
1408 2038 1463 2079 sit
1491 2039 1661 2087 melius,
1704 2039 1805 2092 quid
1836 2042 2022 2092 praesta-

244 2114 393 2161 bilius,
428 2108 530 2166 quid
560 2108 669 2149 inter
699 2112 889 2147 naturam
924 2109 963 2144 et
992 2104 1196 2144 rationem
1225 2101 1409 2149 intersit,
1440 2115 1524 2142 non
1547 2101 1834 2155 distinguitur.
1885 2101 2022 2141 Idem-

245 2190 346 2231 que,
378 2176 412 2215 si
444 2174 511 2214 dei
541 2186 626 2212 non
659 2171 761 2218 sint,
794 2173 918 2222 negat
950 2180 1041 2207 esse
1073 2166 1115 2206 in
1148 2165 1261 2205 omni
1293 2169 1440 2205 natura
1473 2165 1702 2218 quicquam
1733 2163 1903 2204 homine
1936 2177 2022 2204 me-

244 2240 347 2285 lius;
387 2237 428 2277 id
468 2240 608 2276 autem
646 2238 795 2288 putare
828 2243 1080 2285 quemquam
1120 2228 1335 2268 hominem
1379 2224 1499 2281 [nihil
1530 2227 1698 2266 homine
1730 2240 1822 2267 esse
1853 2223 2019 2279 melius]

247 2313 432 2343 summae
478 2297 751 2350 adrogantiae
791 2298 933 2335 censet
971 2306 1075 2332 esse.
1128 2292 1191 2332 Sit
1230 2304 1330 2331 sane
1361 2289 1602 2343 adrogantis
1634 2288 1766 2342 pluris
1799 2302 1843 2329 se
1873 2293 2021 2342 putare

197 2375 232 2403 35
250 2377 375 2419 quam
406 2361 631 2408 mundum;
663 2364 704 2399 at
734 2358 839 2397 illud
870 2371 953 2397 non
984 2355 1110 2395 modo
1133 2368 1217 2394 non
1239 2353 1500 2406 adrogantis,
1531 2352 1605 2392 sed
1627 2352 1769 2405 potius
1789 2349 2022 2404 prudentis,

249 2427 495 2479 intellegere
527 2437 571 2464 se
600 2422 755 2463 habere
787 2434 954 2461 sensum
986 2424 1027 2459 et
1057 2419 1285 2465 rationem,
1315 2416 1421 2456 haec
1452 2414 1598 2456 eadem
1619 2414 1817 2455 Orionem
1840 2418 1880 2454 et
1903 2413 2023 2454 Cani-

253 2526 2022 2547 ——.————-——-———-———-—————-——-—-—

337 2614 368 2645 2.
393 2613 581 2654 fidicineam
597 2611 623 2642 A
640 2619 646 2647 3
671 2609 861 2651 fidicianem
876 2604 917 2638 V¹
937 2624 971 2628 -—
999 2606 1029 2637 3.
1049 2605 1147 2636 eliam
1164 2612 1232 2635 om.
1254 2604 1277 2635 P
1298 2621 1332 2626 -
1353 2602 1527 2634 lubicinem
1543 2602 1570 2633 A
1583 2601 1607 2632 B
1623 2601 1647 2633 C
1663 2601 1708 2632 V:
1735 2600 1899 2632 tibicinem
1922 2600 1946 2631 E
1960 2601 1984 2631 P
1999 2599 2024 2631 Ο

255 2683 289 2688 -
317 2665 348 2696 5.
373 2673 413 2695 ne
437 2661 649 2694 Lambinus:
685 2668 742 2690 nec
766 2657 833 2691 Qto
862 2675 897 2680 —
930 2657 962 2689 7.
987 2655 1079 2687 nobis
1101 2654 1283 2685 salutarius
1308 2654 1332 2685 O
1360 2671 1394 2676 —
1433 2653 1484 2683 42.
1510 2652 1628 2683 habent
1652 2660 1722 2683 om.
1749 2649 1790 2682 V²
1814 2651 1946 2689 (habent
1968 2649 2024 2682 vel

253 2717 388 2746 seruant
412 2722 458 2744 m.
486 2721 559 2744 sec.
585 2712 618 2741 in
645 2709 768 2750 marg.)
798 2727 830 2731 —
860 2707 911 2739 44.
937 2705 1091 2738 siilicensi
1114 2707 1140 2736 A
1155 2704 1217 2741 V¹;
1242 2704 1421 2735 sicilicense
1443 2700 1486 2733 W
1505 2719 1536 2725 —
1566 2702 1699 2741 feruore
1723 2710 1813 2734 corr.
1834 2711 1874 2733 ex
1897 2701 2026 2742 ferbore

255 2764 322 2796 AV
356 2780 390 2785 -
425 2763 477 2794 45.
504 2761 681 2800 tibiamque
706 2758 847 2790 ABCE
875 2775 910 2780 —
950 2757 1001 2788 46,
1029 2754 1221 2786 brittannici
1251 2753 1393 2790 AB‘2V3
1431 2752 1599 2784 brittanici
1622 2751 1721 2789 B¹E;
1755 2751 1908 2783 britanici
1934 2751 1958 2782 C
1987 2767 2022 2772 —-

256 2815 308 2846 Π.
333 2822 398 2844 non
422 2809 481 2844 B¹z
507 2819 613 2842 nonne
637 2808 753 2841 AB2C
770 2809 793 2840 E
809 2807 912 2839 PVO
940 2824 973 2828 —
1002 2806 1053 2837 48.
1081 2814 1165 2845 quae
1189 2813 1258 2836 om.
1287 2805 1310 2835 C
1326 2804 1349 2835 E
1378 2821 1412 2825 —
1441 2804 1493 2835 49.
1512 2812 1639 2842 quoque
1656 2802 1868 2834 Lambinus:
1895 2801 2026 2840 quidem

256 2862 307 2899 ‘213
333 2863 410 2893 item
434 2863 602 2893 Muretus.
631 2877 667 2883 —
695 2859 826 2890 diuinas
851 2866 939 2890 corr.
968 2865 1010 2888 ex
1034 2856 1156 2887 diuinis
1178 2857 1204 2886 A
1232 2872 1266 2877 —
1295 2855 1346 2886 22.
1373 2849 1496 2885 arama
1515 2855 1565 2891 Α;
1593 2862 1737 2884 aranam
1761 2861 1851 2883 corr.
1875 2860 1922 2883 m.
1949 2859 2022 2882 sec.

256 2914 289 2945 in
315 2921 453 2943 arenam
478 2912 529 2948 V3
556 2919 655 2942 aram
678 2913 735 2941 aul
759 2910 783 2940 P
810 2926 844 2930 —
871 2907 1062 2947 confugistis
1086 2904 1126 2938 Qt.
1155 2904 1205 2936 Cf.
1231 2906 1244 2936 Ι
1270 2904 1288 2945 S
1313 2903 1365 2935 53.
1386 2920 1420 2925 —
1449 2903 1502 2935 24.
1529 2903 1672 2935 Callicles
1694 2903 1853 2934 diverunt
1875 2901 2024 2939 quidam,

257 2972 400 3005 quorum
422 2966 594 3001 [amquam
616 2968 735 2991 manus
757 2967 864 2999 opere,
889 2959 934 2989 sic
957 2958 1088 2988 animus
1103 2964 1165 2986 usu
1180 2954 1395 2986 concallueril
1419 2955 1674 2985 Grammaticus
1699 2952 1742 2984 de
1760 2960 1888 2993 genere
1911 2950 2026 2982 nomi-

258 3021 343 3045 num
368 3021 401 3044 n.
422 3012 474 3043 58.
502 3028 536 3032 —
563 3012 617 3042 25.
645 3018 786 3049 quorum
802 3027 850 3032 --
865 3007 1028 3040 concaluit
1052 3006 1184 3038 Nonius
1208 3014 1242 3046 p.
1262 3005 1315 3036 90.
1345 3021 1380 3027 —
1407 3004 1582 3036 concaluit.
1608 3004 1667 3035 His
1688 3003 1713 3034 B
1734 3019 1770 3025 -
1796 3001 1849 3034 26.
1868 3000 1984 3040 inquid
1999 3001 2025 3031 A

262 3081 298 3087 -
325 3063 381 3102 qui
410 3062 444 3092 id
472 3069 563 3092 corr.
591 3070 631 3092 ex
667 3060 747 3099 quid
782 3060 830 3096 A;
868 3058 946 3098 quid
970 3058 1016 3095 Ρ;
1055 3056 1211 3096 quicquid
1239 3056 1273 3087 id
1301 3056 1346 3094 (in
1371 3055 1505 3094 rasura)
1531 3055 1560 3085 V
1587 3072 1622 3077 —
1658 3054 1712 3085 28.
1738 3052 1841 3093 igilur
1863 3051 1912 3082 his
1934 3051 1958 3082 B
1989 3066 2022 3073 -

258 3113 390 3145 homini.
416 3112 540 3142 homini
563 3119 653 3141 corr.
681 3119 721 3141 ex
745 3109 894 3140 hominis.
921 3107 1060 3138 hominis
1076 3106 1115 3143 V;
1140 3106 1262 3136 homini
1285 3106 1414 3137 homine
1438 3106 1461 3136 B
1482 3122 1517 3127 —
1544 3104 1596 3136 34.
1621 3103 1770 3142 idemque
1794 3103 1818 3134 A
1834 3101 1914 3133 EV2
1938 3100 2027 3141 (post

261 3170 400 3196 erasam
424 3160 574 3192 litteram
598 3162 657 3199 A):
689 3160 854 3198 eidemque
877 3159 901 3190 Β
917 3159 941 3190 C
957 3155 1035 3189 PV¹
1062 3172 1096 3178 —
1131 3156 1183 3187 32.
1209 3156 1255 3187 dii
1280 3156 1325 3195 (in
1350 3155 1482 3194 rasura)
1507 3156 1534 3186 A
1561 3172 1597 3176 —
1630 3153 1683 3185 33.
1708 3151 1790 3184 nihil
1811 3151 1939 3182 homine
1960 3157 2026 3181 esse

261 3212 375 3245 melius
397 3211 534 3243 Davisio
559 3211 701 3241 auctore
726 3208 865 3242 seclusi.
895 3226 930 3232 —-
956 3207 1008 3240 35.
1035 3209 1070 3238 at
1093 3214 1183 3238 corr.
1211 3214 1258 3238 m.
1284 3214 1356 3238 sec.
1380 3214 1422 3238 ex
1446 3205 1491 3236 ad
1513 3203 1542 3235 V
1560 3220 1596 3228 —
1622 3202 1676 3236 36.
1702 3202 1849 3236 orionem
1870 3201 1916 3233 B:
1944 3207 2025 3232 ora-

261 3264 382 3296 tionem
404 3263 431 3294 A
446 3261 470 3293 C
484 3260 509 3293 E
524 3261 547 3292 P
561 3260 600 3292 V.
