<?xml version="1.0" encoding="UTF-8"?>
<!DOCTYPE html PUBLIC "-//W3C//DTD XHTML 1.0 Transitional//EN"
    "http://www.w3.org/TR/xhtml1/DTD/xhtml1-transitional.dtd">
<html xmlns="http://www.w3.org/1999/xhtml" xml:lang="en" lang="en">
 <head>
  <title>
</title>
<meta http-equiv="Content-Type" content="text/html;charset=utf-8" />
  <meta name='ocr-system' content='tesseract 3.04.00' />
  <meta name='ocr-capabilities' content='ocr_page ocr_carea ocr_par ocr_line ocrx_word'/>
</head>
<body>
  <div class='ocr_page' id='page_1' title='image "./operaquaesupersu04ciceuoft_0366.png"; bbox 0 0 2249 3624; ppageno 0'>
   <div class='ocr_carea' id='block_1_1' title="bbox 381 156 1715 203">
    <p class='ocr_par' dir='ltr' id='par_1_1' title="bbox 381 156 1715 203">
     <span class='ocr_line' id='line_1_1' title="bbox 381 156 1715 203; baseline 0.003 -4"><span class='ocrx_word' id='word_1_1' title='bbox 381 156 462 201; x_wconf 72' lang='lat'>322</span> <span class='ocrx_word' id='word_1_2' title='bbox 821 162 1249 203; x_wconf 87' lang='lat' dir='ltr'>TUSCULANARUM</span> <span class='ocrx_word' id='word_1_3' title='bbox 1279 162 1715 203; x_wconf 85' lang='lat' dir='ltr'>DISPUTATIONUM</span> 
     </span>
    </p>
   </div>
   <div class='ocr_carea' id='block_1_2' title="bbox 307 268 2147 2762">
    <p class='ocr_par' dir='ltr' id='par_1_2' title="bbox 347 268 2147 577">
     <span class='ocr_line' id='line_1_2' title="bbox 380 268 2143 320; baseline -0.002 -5"><span class='ocrx_word' id='word_1_4' title='bbox 380 273 498 315; x_wconf 82' lang='lat' dir='ltr'>Dixit</span> <span class='ocrx_word' id='word_1_5' title='bbox 526 271 636 312; x_wconf 92' lang='lat' dir='ltr'>enim</span> <span class='ocrx_word' id='word_1_6' title='bbox 667 270 718 310; x_wconf 92' lang='lat' dir='ltr'>de</span> <span class='ocrx_word' id='word_1_7' title='bbox 749 268 1017 309; x_wconf 82' lang='lat' dir='ltr'>adulescente</span> <span class='ocrx_word' id='word_1_8' title='bbox 1049 268 1209 320; x_wconf 89' lang='lat' dir='ltr'>perdito</span> <span class='ocrx_word' id='word_1_9' title='bbox 1242 281 1288 308; x_wconf 88' lang='lat' dir='ltr'>ac</span> <span class='ocrx_word' id='word_1_10' title='bbox 1320 268 1546 308; x_wconf 88' lang='lat' dir='ltr'>dissoluto:</span> <span class='ocrx_word' id='word_1_11' title='bbox 1578 281 1654 308; x_wconf 90' lang='lat' dir='ltr'>nos</span> <span class='ocrx_word' id='word_1_12' title='bbox 1685 274 1823 309; x_wconf 90' lang='lat' dir='ltr'>autem</span> <span class='ocrx_word' id='word_1_13' title='bbox 1855 269 1906 309; x_wconf 89' lang='lat' dir='ltr'>de</span> <span class='ocrx_word' id='word_1_14' title='bbox 1937 273 2143 312; x_wconf 85' lang='lat' dir='ltr'><strong>constanti</strong></span> 
     </span>
     <span class='ocr_line' id='line_1_3' title="bbox 381 330 2147 386; baseline -0.002 -9"><span class='ocrx_word' id='word_1_15' title='bbox 381 337 469 377; x_wconf 89' lang='lat' dir='ltr'>viro</span> <span class='ocrx_word' id='word_1_16' title='bbox 501 348 547 375; x_wconf 89' lang='lat' dir='ltr'>ac</span> <span class='ocrx_word' id='word_1_17' title='bbox 578 331 757 386; x_wconf 83' lang='lat' dir='ltr'><strong>sapienti</strong></span> <span class='ocrx_word' id='word_1_18' title='bbox 791 333 1042 385; x_wconf 81' lang='lat' dir='ltr'>quaerimus.</span> <span class='ocrx_word' id='word_1_19' title='bbox 1088 332 1140 370; x_wconf 89' lang='lat' dir='ltr'>Et</span> <span class='ocrx_word' id='word_1_20' title='bbox 1171 330 1338 384; x_wconf 90' lang='lat' dir='ltr'>quidem</span> <span class='ocrx_word' id='word_1_21' title='bbox 1370 331 1503 382; x_wconf 85' lang='lat' dir='ltr'>ipsam</span> <span class='ocrx_word' id='word_1_22' title='bbox 1526 330 1639 369; x_wconf 90' lang='lat' dir='ltr'>illam</span> <span class='ocrx_word' id='word_1_23' title='bbox 1660 331 1763 370; x_wconf 89' lang='lat' dir='ltr'>iram</span> <span class='ocrx_word' id='word_1_24' title='bbox 1785 333 1972 373; x_wconf 88' lang='lat' dir='ltr'>centurio</span> <span class='ocrx_word' id='word_1_25' title='bbox 1994 332 2147 374; x_wconf 90' lang='lat' dir='ltr'>habeat</span> 
     </span>
     <span class='ocr_line' id='line_1_4' title="bbox 381 392 2145 450; baseline -0.002 -11"><span class='ocrx_word' id='word_1_26' title='bbox 381 405 453 439; x_wconf 89' lang='lat' dir='ltr'>aut</span> <span class='ocrx_word' id='word_1_27' title='bbox 492 396 663 450; x_wconf 85' lang='lat' dir='ltr'>signifer</span> <span class='ocrx_word' id='word_1_28' title='bbox 703 394 767 434; x_wconf 86' lang='lat' dir='ltr'>vel</span> <span class='ocrx_word' id='word_1_29' title='bbox 809 394 955 441; x_wconf 88' lang='lat' dir='ltr'>ceteri,</span> <span class='ocrx_word' id='word_1_30' title='bbox 1002 394 1053 433; x_wconf 94' lang='lat' dir='ltr'>de</span> <span class='ocrx_word' id='word_1_31' title='bbox 1093 393 1242 447; x_wconf 88' lang='lat' dir='ltr'>quibus</span> <span class='ocrx_word' id='word_1_32' title='bbox 1283 392 1362 431; x_wconf 85' lang='lat' dir='ltr'>dici</span> <span class='ocrx_word' id='word_1_33' title='bbox 1404 405 1490 431; x_wconf 88' lang='lat' dir='ltr'>non</span> <span class='ocrx_word' id='word_1_34' title='bbox 1520 405 1692 432; x_wconf 86' lang='lat' dir='ltr'>necesse</span> <span class='ocrx_word' id='word_1_35' title='bbox 1725 399 1807 440; x_wconf 86' lang='lat' dir='ltr'>est,</span> <span class='ocrx_word' id='word_1_36' title='bbox 1850 408 1901 434; x_wconf 90' lang='lat' dir='ltr'>ne</span> <span class='ocrx_word' id='word_1_37' title='bbox 1932 396 2145 436; x_wconf 85' lang='lat' dir='ltr'>rhetorum</span> 
     </span>
     <span class='ocr_line' id='line_1_5' title="bbox 380 454 2145 514; baseline -0.002 -14"><span class='ocrx_word' id='word_1_38' title='bbox 380 460 616 514; x_wconf 89' lang='lat' dir='ltr'>aperiamus</span> <span class='ocrx_word' id='word_1_39' title='bbox 647 458 856 511; x_wconf 85' lang='lat' dir='ltr'>mysteria.</span> <span class='ocrx_word' id='word_1_40' title='bbox 903 456 1010 496; x_wconf 86' lang='lat' dir='ltr'>Utile</span> <span class='ocrx_word' id='word_1_41' title='bbox 1043 461 1105 495; x_wconf 91' lang='lat' dir='ltr'>est</span> <span class='ocrx_word' id='word_1_42' title='bbox 1137 455 1244 494; x_wconf 91' lang='lat' dir='ltr'>euim</span> <span class='ocrx_word' id='word_1_43' title='bbox 1278 454 1336 493; x_wconf 92' lang='lat' dir='ltr'>uti</span> <span class='ocrx_word' id='word_1_44' title='bbox 1372 459 1484 494; x_wconf 85' lang='lat' dir='ltr'>motu</span> <span class='ocrx_word' id='word_1_45' title='bbox 1516 455 1666 501; x_wconf 87' lang='lat' dir='ltr'>animi,</span> <span class='ocrx_word' id='word_1_46' title='bbox 1699 455 1769 508; x_wconf 93' lang='lat' dir='ltr'>qui</span> <span class='ocrx_word' id='word_1_47' title='bbox 1792 457 1851 496; x_wconf 94' lang='lat' dir='ltr'>uti</span> <span class='ocrx_word' id='word_1_48' title='bbox 1873 458 2036 497; x_wconf 88' lang='lat' dir='ltr'>ratione</span> <span class='ocrx_word' id='word_1_49' title='bbox 2060 471 2145 497; x_wconf 92' lang='lat' dir='ltr'>non</span> 
     </span>
     <span class='ocr_line' id='line_1_6' title="bbox 347 515 1909 577; baseline -0.003 -14"><span class='ocrx_word' id='word_1_50' title='bbox 347 528 540 577; x_wconf 86' lang='lat' dir='ltr'>5potest:</span> <span class='ocrx_word' id='word_1_51' title='bbox 570 534 647 560; x_wconf 88' lang='lat' dir='ltr'>nos</span> <span class='ocrx_word' id='word_1_52' title='bbox 679 524 839 566; x_wconf 88' lang='lat' dir='ltr'>autem,</span> <span class='ocrx_word' id='word_1_53' title='bbox 872 524 917 558; x_wconf 88' lang='lat' dir='ltr'>ut</span> <span class='ocrx_word' id='word_1_54' title='bbox 948 516 1147 558; x_wconf 81' lang='lat' dir='ltr'>testificor</span> <span class='ocrx_word' id='word_1_55' title='bbox 1179 530 1321 569; x_wconf 84' lang='lat' dir='ltr'>saepe,</span> <span class='ocrx_word' id='word_1_56' title='bbox 1354 515 1404 556; x_wconf 89' lang='lat' dir='ltr'>de</span> <span class='ocrx_word' id='word_1_57' title='bbox 1437 517 1623 569; x_wconf 85' lang='lat' dir='ltr'>sapiente</span> <span class='ocrx_word' id='word_1_58' title='bbox 1656 518 1909 570; x_wconf 89' lang='lat' dir='ltr'>quaerimus.</span> 
     </span>
    </p>

    <p class='ocr_par' dir='ltr' id='par_1_3' title="bbox 376 579 2147 826">
     <span class='ocr_line' id='line_1_7' title="bbox 490 579 2147 627; baseline -0.001 -3"><span class='ocrx_word' id='word_1_59' title='bbox 490 584 642 624; x_wconf 88' lang='lat' dir='ltr'><strong>XXVI.</strong></span> <span class='ocrx_word' id='word_1_60' title='bbox 674 580 740 621; x_wconf 76' lang='lat'>56.</span> <span class='ocrx_word' id='word_1_61' title='bbox 780 583 832 621; x_wconf 83' lang='lat' dir='ltr'>At</span> <span class='ocrx_word' id='word_1_62' title='bbox 870 581 992 620; x_wconf 85' lang='lat' dir='ltr'>etiam</span> <span class='ocrx_word' id='word_1_63' title='bbox 1035 580 1234 620; x_wconf 88' lang='lat' dir='ltr'>aemulari</span> <span class='ocrx_word' id='word_1_64' title='bbox 1268 579 1367 618; x_wconf 90' lang='lat' dir='ltr'>utile</span> <span class='ocrx_word' id='word_1_65' title='bbox 1400 585 1480 625; x_wconf 81' lang='lat' dir='ltr'>est,</span> <span class='ocrx_word' id='word_1_66' title='bbox 1522 579 1773 627; x_wconf 81' lang='lat' dir='ltr'>obtrectare,</span> <span class='ocrx_word' id='word_1_67' title='bbox 1814 582 2017 621; x_wconf 88' lang='lat' dir='ltr'>misereri.</span> <span class='ocrx_word' id='word_1_68' title='bbox 2065 582 2147 622; x_wconf 92' lang='lat' dir='ltr'>Cur</span> 
     </span>
     <span class='ocr_line' id='line_1_8' title="bbox 378 640 2147 700; baseline -0.002 -11"><span class='ocrx_word' id='word_1_69' title='bbox 378 649 601 689; x_wconf 87' lang='lat' dir='ltr'>misereare</span> <span class='ocrx_word' id='word_1_70' title='bbox 632 647 770 700; x_wconf 88' lang='lat' dir='ltr'>potius</span> <span class='ocrx_word' id='word_1_71' title='bbox 804 657 926 698; x_wconf 88' lang='lat' dir='ltr'>quam</span> <span class='ocrx_word' id='word_1_72' title='bbox 958 643 1065 682; x_wconf 87' lang='lat' dir='ltr'>feras</span> <span class='ocrx_word' id='word_1_73' title='bbox 1097 655 1240 695; x_wconf 89' lang='lat' dir='ltr'>opem,</span> <span class='ocrx_word' id='word_1_74' title='bbox 1273 642 1305 680; x_wconf 89' lang='lat' dir='ltr'>si</span> <span class='ocrx_word' id='word_1_75' title='bbox 1340 641 1381 680; x_wconf 92' lang='lat' dir='ltr'>id</span> <span class='ocrx_word' id='word_1_76' title='bbox 1413 640 1549 680; x_wconf 85' lang='lat' dir='ltr'>facere</span> <span class='ocrx_word' id='word_1_77' title='bbox 1581 643 1747 694; x_wconf 73' lang='lat' dir='ltr'>possis?</span> <span class='ocrx_word' id='word_1_78' title='bbox 1779 656 1831 682; x_wconf 89' lang='lat' dir='ltr'>an</span> <span class='ocrx_word' id='word_1_79' title='bbox 1864 644 1954 684; x_wconf 91' lang='lat' dir='ltr'>sine</span> <span class='ocrx_word' id='word_1_80' title='bbox 1986 645 2147 685; x_wconf 90' lang='lat' dir='ltr'>miseri-</span> 
     </span>
     <span class='ocr_line' id='line_1_9' title="bbox 377 704 2146 759; baseline -0.003 -8"><span class='ocrx_word' id='word_1_81' title='bbox 377 711 519 751; x_wconf 86' lang='lat' dir='ltr'>cordia</span> <span class='ocrx_word' id='word_1_82' title='bbox 549 709 742 749; x_wconf 89' lang='lat' dir='ltr'>liberales</span> <span class='ocrx_word' id='word_1_83' title='bbox 774 720 865 747; x_wconf 91' lang='lat' dir='ltr'>esse</span> <span class='ocrx_word' id='word_1_84' title='bbox 898 719 981 745; x_wconf 93' lang='lat' dir='ltr'>non</span> <span class='ocrx_word' id='word_1_85' title='bbox 1017 706 1267 758; x_wconf 73' lang='lat' dir='ltr'>possumus?</span> <span class='ocrx_word' id='word_1_86' title='bbox 1303 705 1395 742; x_wconf 91' lang='lat' dir='ltr'>Non</span> <span class='ocrx_word' id='word_1_87' title='bbox 1427 704 1538 742; x_wconf 88' lang='lat' dir='ltr'>enim</span> <span class='ocrx_word' id='word_1_88' title='bbox 1569 705 1783 757; x_wconf 82' lang='lat' dir='ltr'>suscipere</span> <span class='ocrx_word' id='word_1_89' title='bbox 1816 706 1895 758; x_wconf 90' lang='lat' dir='ltr'>ipsi</span> <span class='ocrx_word' id='word_1_90' title='bbox 1919 707 2146 759; x_wconf 89' lang='lat' dir='ltr'>aegritudi-</span> 
     </span>
     <span class='ocr_line' id='line_1_10' title="bbox 376 766 2146 826; baseline -0.003 -12"><span class='ocrx_word' id='word_1_91' title='bbox 376 787 450 814; x_wconf 89' lang='lat' dir='ltr'>nes</span> <span class='ocrx_word' id='word_1_92' title='bbox 482 777 654 826; x_wconf 88' lang='lat' dir='ltr'>propter</span> <span class='ocrx_word' id='word_1_93' title='bbox 685 770 790 810; x_wconf 93' lang='lat' dir='ltr'>alios</span> <span class='ocrx_word' id='word_1_94' title='bbox 822 769 1044 814; x_wconf 89' lang='lat' dir='ltr'>debemus,</span> <span class='ocrx_word' id='word_1_95' title='bbox 1089 767 1159 806; x_wconf 91' lang='lat' dir='ltr'>sed</span> <span class='ocrx_word' id='word_1_96' title='bbox 1194 767 1319 812; x_wconf 89' lang='lat' dir='ltr'>alios,</span> <span class='ocrx_word' id='word_1_97' title='bbox 1352 766 1386 805; x_wconf 92' lang='lat' dir='ltr'>si</span> <span class='ocrx_word' id='word_1_98' title='bbox 1418 778 1663 819; x_wconf 88' lang='lat' dir='ltr'>possumus,</span> <span class='ocrx_word' id='word_1_99' title='bbox 1701 767 1838 807; x_wconf 92' lang='lat' dir='ltr'>levare</span> <span class='ocrx_word' id='word_1_100' title='bbox 1870 769 2146 821; x_wconf 85' lang='lat' dir='ltr'>aegritudine.</span> 
     </span>
    </p>

    <p class='ocr_par' dir='ltr' id='par_1_4' title="bbox 329 828 2147 1140">
     <span class='ocr_line' id='line_1_11' title="bbox 329 828 2147 881; baseline -0.003 -4"><span class='ocrx_word' id='word_1_101' title='bbox 329 842 362 871; x_wconf 85' lang='lat'>¹0</span> <span class='ocrx_word' id='word_1_102' title='bbox 377 836 620 876; x_wconf 89' lang='lat' dir='ltr'>Obtrectare</span> <span class='ocrx_word' id='word_1_103' title='bbox 652 846 750 873; x_wconf 91' lang='lat' dir='ltr'>vero</span> <span class='ocrx_word' id='word_1_104' title='bbox 783 831 901 870; x_wconf 90' lang='lat' dir='ltr'>alteri</span> <span class='ocrx_word' id='word_1_105' title='bbox 934 835 1004 870; x_wconf 91' lang='lat' dir='ltr'>aut</span> <span class='ocrx_word' id='word_1_106' title='bbox 1036 830 1106 869; x_wconf 91' lang='lat' dir='ltr'>illa</span> <span class='ocrx_word' id='word_1_107' title='bbox 1129 829 1277 869; x_wconf 85' lang='lat' dir='ltr'>vitiosa</span> <span class='ocrx_word' id='word_1_108' title='bbox 1309 828 1610 874; x_wconf 86' lang='lat' dir='ltr'>aemulatione,</span> <span class='ocrx_word' id='word_1_109' title='bbox 1644 843 1750 881; x_wconf 87' lang='lat' dir='ltr'>quae</span> <span class='ocrx_word' id='word_1_110' title='bbox 1776 831 1974 871; x_wconf 82' lang='lat' dir='ltr'>rivalitati</span> <span class='ocrx_word' id='word_1_111' title='bbox 1998 833 2147 872; x_wconf 89' lang='lat' dir='ltr'>similis</span> 
     </span>
     <span class='ocr_line' id='line_1_12' title="bbox 377 890 2146 947; baseline -0.003 -7"><span class='ocrx_word' id='word_1_112' title='bbox 377 904 459 946; x_wconf 91' lang='lat' dir='ltr'>est,</span> <span class='ocrx_word' id='word_1_113' title='bbox 491 895 692 938; x_wconf 90' lang='lat' dir='ltr'>aemulari</span> <span class='ocrx_word' id='word_1_114' title='bbox 724 893 823 947; x_wconf 92' lang='lat' dir='ltr'>quid</span> <span class='ocrx_word' id='word_1_115' title='bbox 855 893 980 932; x_wconf 88' lang='lat' dir='ltr'>habet</span> <span class='ocrx_word' id='word_1_116' title='bbox 1010 892 1219 937; x_wconf 83' lang='lat' dir='ltr'>utilitatis,</span> <span class='ocrx_word' id='word_1_117' title='bbox 1252 904 1344 930; x_wconf 91' lang='lat' dir='ltr'>cum</span> <span class='ocrx_word' id='word_1_118' title='bbox 1377 890 1430 929; x_wconf 88' lang='lat' dir='ltr'>sit</span> <span class='ocrx_word' id='word_1_119' title='bbox 1460 891 1710 930; x_wconf 85' lang='lat' dir='ltr'>aemulantis</span> <span class='ocrx_word' id='word_1_120' title='bbox 1744 894 1838 945; x_wconf 84' lang='lat' dir='ltr'>angi</span> <span class='ocrx_word' id='word_1_121' title='bbox 1860 893 1998 933; x_wconf 91' lang='lat' dir='ltr'>alieno</span> <span class='ocrx_word' id='word_1_122' title='bbox 2020 895 2146 942; x_wconf 92' lang='lat' dir='ltr'>bono,</span> 
     </span>
     <span class='ocr_line' id='line_1_13' title="bbox 375 953 2145 1014; baseline -0.003 -13"><span class='ocrx_word' id='word_1_123' title='bbox 375 960 487 1014; x_wconf 90' lang='lat' dir='ltr'>quod</span> <span class='ocrx_word' id='word_1_124' title='bbox 529 961 618 1012; x_wconf 91' lang='lat' dir='ltr'>ipse</span> <span class='ocrx_word' id='word_1_125' title='bbox 659 971 743 997; x_wconf 92' lang='lat' dir='ltr'>non</span> <span class='ocrx_word' id='word_1_126' title='bbox 785 955 953 1001; x_wconf 87' lang='lat' dir='ltr'>haheat,</span> <span class='ocrx_word' id='word_1_127' title='bbox 995 955 1262 994; x_wconf 87' lang='lat' dir='ltr'>obtrectantis</span> <span class='ocrx_word' id='word_1_128' title='bbox 1304 958 1441 992; x_wconf 90' lang='lat' dir='ltr'>autem</span> <span class='ocrx_word' id='word_1_129' title='bbox 1474 953 1569 1005; x_wconf 79' lang='lat' dir='ltr'>angi</span> <span class='ocrx_word' id='word_1_130' title='bbox 1602 953 1740 993; x_wconf 89' lang='lat' dir='ltr'>alieno</span> <span class='ocrx_word' id='word_1_131' title='bbox 1771 954 1905 1001; x_wconf 90' lang='lat' dir='ltr'>bono,</span> <span class='ocrx_word' id='word_1_132' title='bbox 1951 957 2064 1010; x_wconf 91' lang='lat' dir='ltr'>quod</span> <span class='ocrx_word' id='word_1_133' title='bbox 2105 957 2145 996; x_wconf 93' lang='lat' dir='ltr'>id</span> 
     </span>
     <span class='ocr_line' id='line_1_14' title="bbox 374 1015 2145 1072; baseline -0.002 -8"><span class='ocrx_word' id='word_1_134' title='bbox 374 1024 497 1064; x_wconf 89' lang='lat' dir='ltr'>etiam</span> <span class='ocrx_word' id='word_1_135' title='bbox 541 1021 647 1062; x_wconf 88' lang='lat' dir='ltr'>alius</span> <span class='ocrx_word' id='word_1_136' title='bbox 688 1019 868 1058; x_wconf 75' lang='lat' dir='ltr'>habeat?</span> <span class='ocrx_word' id='word_1_137' title='bbox 911 1017 1015 1065; x_wconf 87' lang='lat' dir='ltr'>Quis</span> <span class='ocrx_word' id='word_1_138' title='bbox 1053 1017 1091 1056; x_wconf 93' lang='lat' dir='ltr'>id</span> <span class='ocrx_word' id='word_1_139' title='bbox 1133 1016 1362 1069; x_wconf 90' lang='lat' dir='ltr'>adprobare</span> <span class='ocrx_word' id='word_1_140' title='bbox 1402 1015 1556 1067; x_wconf 84' lang='lat' dir='ltr'>possit,</span> <span class='ocrx_word' id='word_1_141' title='bbox 1598 1016 1901 1068; x_wconf 86' lang='lat' dir='ltr'>aegritudinem</span> <span class='ocrx_word' id='word_1_142' title='bbox 1933 1021 2145 1072; x_wconf 89' lang='lat' dir='ltr'>suscipere</span> 
     </span>
     <span class='ocr_line' id='line_1_15' title="bbox 373 1077 2145 1140; baseline -0.002 -15"><span class='ocrx_word' id='word_1_143' title='bbox 373 1099 448 1140; x_wconf 91' lang='lat' dir='ltr'>pro</span> <span class='ocrx_word' id='word_1_144' title='bbox 481 1083 764 1137; x_wconf 81' lang='lat' dir='ltr'>experientia,</span> <span class='ocrx_word' id='word_1_145' title='bbox 803 1081 837 1121; x_wconf 92' lang='lat' dir='ltr'>si</span> <span class='ocrx_word' id='word_1_146' title='bbox 870 1080 969 1133; x_wconf 91' lang='lat' dir='ltr'>quid</span> <span class='ocrx_word' id='word_1_147' title='bbox 1001 1079 1155 1119; x_wconf 88' lang='lat' dir='ltr'>habere</span> <span class='ocrx_word' id='word_1_148' title='bbox 1186 1078 1320 1118; x_wconf 73' lang='lat' dir='ltr'>velis?</span> <span class='ocrx_word' id='word_1_149' title='bbox 1364 1090 1457 1116; x_wconf 90' lang='lat' dir='ltr'>nam</span> <span class='ocrx_word' id='word_1_150' title='bbox 1492 1077 1627 1117; x_wconf 91' lang='lat' dir='ltr'>solum</span> <span class='ocrx_word' id='word_1_151' title='bbox 1661 1079 1814 1118; x_wconf 90' lang='lat' dir='ltr'>habere</span> <span class='ocrx_word' id='word_1_152' title='bbox 1846 1080 1953 1120; x_wconf 94' lang='lat' dir='ltr'>velle</span> <span class='ocrx_word' id='word_1_153' title='bbox 1984 1094 2145 1121; x_wconf 92' lang='lat' dir='ltr'>summa</span> 
     </span>
    </p>

    <p class='ocr_par' dir='ltr' id='par_1_5' title="bbox 324 1140 2145 1445">
     <span class='ocr_line' id='line_1_16' title="bbox 324 1140 2143 1196; baseline -0.002 -8"><span class='ocrx_word' id='word_1_154' title='bbox 324 1153 359 1182; x_wconf 77' lang='lat'>⁴5</span> <span class='ocrx_word' id='word_1_155' title='bbox 373 1147 585 1188; x_wconf 89' lang='lat' dir='ltr'>dementia</span> <span class='ocrx_word' id='word_1_156' title='bbox 616 1150 689 1185; x_wconf 91' lang='lat' dir='ltr'>est.</span> <span class='ocrx_word' id='word_1_157' title='bbox 736 1141 802 1182; x_wconf 77' lang='lat'>57.</span> <span class='ocrx_word' id='word_1_158' title='bbox 827 1142 1135 1183; x_wconf 86' lang='lat' dir='ltr'>Mediocritates</span> <span class='ocrx_word' id='word_1_159' title='bbox 1158 1147 1295 1181; x_wconf 88' lang='lat' dir='ltr'>autem</span> <span class='ocrx_word' id='word_1_160' title='bbox 1318 1140 1521 1179; x_wconf 88' lang='lat' dir='ltr'>malorum</span> <span class='ocrx_word' id='word_1_161' title='bbox 1547 1140 1638 1192; x_wconf 91' lang='lat' dir='ltr'>quis</span> <span class='ocrx_word' id='word_1_162' title='bbox 1661 1140 1832 1181; x_wconf 88' lang='lat' dir='ltr'>laudare</span> <span class='ocrx_word' id='word_1_163' title='bbox 1855 1148 1966 1183; x_wconf 90' lang='lat' dir='ltr'>recte</span> <span class='ocrx_word' id='word_1_164' title='bbox 1987 1144 2143 1196; x_wconf 74' lang='lat' dir='ltr'>possit?</span> 
     </span>
     <span class='ocr_line' id='line_1_17' title="bbox 374 1202 2145 1260; baseline -0.003 -9"><span class='ocrx_word' id='word_1_165' title='bbox 374 1210 479 1259; x_wconf 88' lang='lat' dir='ltr'>Quis</span> <span class='ocrx_word' id='word_1_166' title='bbox 511 1209 623 1249; x_wconf 90' lang='lat' dir='ltr'>enim</span> <span class='ocrx_word' id='word_1_167' title='bbox 655 1211 815 1260; x_wconf 90' lang='lat' dir='ltr'>potest,</span> <span class='ocrx_word' id='word_1_168' title='bbox 847 1205 888 1244; x_wconf 91' lang='lat' dir='ltr'>in</span> <span class='ocrx_word' id='word_1_169' title='bbox 921 1218 1004 1258; x_wconf 90' lang='lat' dir='ltr'>quo</span> <span class='ocrx_word' id='word_1_170' title='bbox 1036 1204 1165 1243; x_wconf 90' lang='lat' dir='ltr'>libido</span> <span class='ocrx_word' id='word_1_171' title='bbox 1198 1203 1457 1255; x_wconf 86' lang='lat' dir='ltr'>cupiditasve</span> <span class='ocrx_word' id='word_1_172' title='bbox 1491 1202 1564 1248; x_wconf 89' lang='lat' dir='ltr'>sit,</span> <span class='ocrx_word' id='word_1_173' title='bbox 1607 1215 1690 1242; x_wconf 91' lang='lat' dir='ltr'>non</span> <span class='ocrx_word' id='word_1_174' title='bbox 1723 1203 1972 1245; x_wconf 90' lang='lat' dir='ltr'>libidinosus</span> <span class='ocrx_word' id='word_1_175' title='bbox 2005 1212 2045 1246; x_wconf 91' lang='lat' dir='ltr'>et</span> <span class='ocrx_word' id='word_1_176' title='bbox 2075 1220 2145 1246; x_wconf 91' lang='lat' dir='ltr'>cu-</span> 
     </span>
     <span class='ocr_line' id='line_1_18' title="bbox 370 1265 2143 1327; baseline -0.003 -14"><span class='ocrx_word' id='word_1_177' title='bbox 370 1272 493 1327; x_wconf 90' lang='lat' dir='ltr'>pidus</span> <span class='ocrx_word' id='word_1_178' title='bbox 526 1284 638 1317; x_wconf 89' lang='lat' dir='ltr'>esse,</span> <span class='ocrx_word' id='word_1_179' title='bbox 679 1270 721 1309; x_wconf 91' lang='lat' dir='ltr'>in</span> <span class='ocrx_word' id='word_1_180' title='bbox 754 1283 837 1322; x_wconf 88' lang='lat' dir='ltr'>quo</span> <span class='ocrx_word' id='word_1_181' title='bbox 869 1268 952 1315; x_wconf 87' lang='lat' dir='ltr'>ira,</span> <span class='ocrx_word' id='word_1_182' title='bbox 994 1280 1076 1306; x_wconf 89' lang='lat' dir='ltr'>non</span> <span class='ocrx_word' id='word_1_183' title='bbox 1109 1265 1357 1311; x_wconf 82' lang='lat' dir='ltr'>iracundus,</span> <span class='ocrx_word' id='word_1_184' title='bbox 1400 1265 1440 1303; x_wconf 88' lang='lat' dir='ltr'>in</span> <span class='ocrx_word' id='word_1_185' title='bbox 1475 1277 1558 1317; x_wconf 90' lang='lat' dir='ltr'>quo</span> <span class='ocrx_word' id='word_1_186' title='bbox 1590 1278 1739 1317; x_wconf 89' lang='lat' dir='ltr'>angor,</span> <span class='ocrx_word' id='word_1_187' title='bbox 1783 1279 1868 1305; x_wconf 93' lang='lat' dir='ltr'>non</span> <span class='ocrx_word' id='word_1_188' title='bbox 1898 1268 2070 1316; x_wconf 88' lang='lat' dir='ltr'>anxius,</span> <span class='ocrx_word' id='word_1_189' title='bbox 2101 1269 2143 1308; x_wconf 91' lang='lat' dir='ltr'>in</span> 
     </span>
     <span class='ocr_line' id='line_1_19' title="bbox 372 1327 2145 1390; baseline -0.002 -15"><span class='ocrx_word' id='word_1_190' title='bbox 372 1349 454 1390; x_wconf 91' lang='lat' dir='ltr'>quo</span> <span class='ocrx_word' id='word_1_191' title='bbox 486 1334 627 1379; x_wconf 88' lang='lat' dir='ltr'>timor,</span> <span class='ocrx_word' id='word_1_192' title='bbox 659 1345 745 1372; x_wconf 93' lang='lat' dir='ltr'>non</span> <span class='ocrx_word' id='word_1_193' title='bbox 777 1331 975 1371; x_wconf 73' lang='lat' dir='ltr'>timidus?</span> <span class='ocrx_word' id='word_1_194' title='bbox 1009 1328 1295 1368; x_wconf 87' lang='lat' dir='ltr'>Libidinosum</span> <span class='ocrx_word' id='word_1_195' title='bbox 1328 1327 1457 1380; x_wconf 87' lang='lat' dir='ltr'>igitur</span> <span class='ocrx_word' id='word_1_196' title='bbox 1488 1332 1527 1366; x_wconf 91' lang='lat' dir='ltr'>et</span> <span class='ocrx_word' id='word_1_197' title='bbox 1559 1327 1805 1368; x_wconf 90' lang='lat' dir='ltr'>iracundum</span> <span class='ocrx_word' id='word_1_198' title='bbox 1839 1333 1879 1368; x_wconf 91' lang='lat' dir='ltr'>et</span> <span class='ocrx_word' id='word_1_199' title='bbox 1909 1330 2077 1370; x_wconf 83' lang='lat' dir='ltr'>anxium</span> <span class='ocrx_word' id='word_1_200' title='bbox 2104 1336 2145 1371; x_wconf 87' lang='lat' dir='ltr'>et</span> 
     </span>
     <span class='ocr_line' id='line_1_20' title="bbox 370 1389 2143 1445; baseline -0.003 -7"><span class='ocrx_word' id='word_1_201' title='bbox 370 1397 560 1439; x_wconf 86' lang='lat' dir='ltr'>timidum</span> <span class='ocrx_word' id='word_1_202' title='bbox 599 1407 817 1435; x_wconf 89' lang='lat' dir='ltr'>censemus</span> <span class='ocrx_word' id='word_1_203' title='bbox 857 1406 947 1432; x_wconf 91' lang='lat' dir='ltr'>esse</span> <span class='ocrx_word' id='word_1_204' title='bbox 989 1392 1246 1445; x_wconf 69' lang='lat' dir='ltr'>sapientem?</span> <span class='ocrx_word' id='word_1_205' title='bbox 1286 1389 1337 1429; x_wconf 89' lang='lat' dir='ltr'>de</span> <span class='ocrx_word' id='word_1_206' title='bbox 1370 1389 1489 1429; x_wconf 86' lang='lat' dir='ltr'>cuius</span> <span class='ocrx_word' id='word_1_207' title='bbox 1521 1389 1772 1430; x_wconf 84' lang='lat' dir='ltr'>excellentia</span> <span class='ocrx_word' id='word_1_208' title='bbox 1812 1391 1940 1431; x_wconf 89' lang='lat' dir='ltr'>multa</span> <span class='ocrx_word' id='word_1_209' title='bbox 1973 1393 2143 1445; x_wconf 89' lang='lat' dir='ltr'>quidem</span> 
     </span>
    </p>

    <p class='ocr_par' dir='ltr' id='par_1_6' title="bbox 318 1451 2142 1758">
     <span class='ocr_line' id='line_1_21' title="bbox 318 1451 2142 1513; baseline -0.004 -11"><span class='ocrx_word' id='word_1_210' title='bbox 318 1466 355 1496; x_wconf 74' lang='lat'>⁹0</span> <span class='ocrx_word' id='word_1_211' title='bbox 371 1460 452 1501; x_wconf 91' lang='lat' dir='ltr'>dici</span> <span class='ocrx_word' id='word_1_212' title='bbox 486 1458 676 1513; x_wconf 90' lang='lat' dir='ltr'>quamvis</span> <span class='ocrx_word' id='word_1_213' title='bbox 705 1456 797 1497; x_wconf 87' lang='lat' dir='ltr'>fuse</span> <span class='ocrx_word' id='word_1_214' title='bbox 829 1455 997 1508; x_wconf 89' lang='lat' dir='ltr'>lateque</span> <span class='ocrx_word' id='word_1_215' title='bbox 1028 1459 1222 1507; x_wconf 84' lang='lat' dir='ltr'>possunt,</span> <span class='ocrx_word' id='word_1_216' title='bbox 1255 1451 1328 1491; x_wconf 91' lang='lat' dir='ltr'>sed</span> <span class='ocrx_word' id='word_1_217' title='bbox 1357 1452 1603 1491; x_wconf 90' lang='lat' dir='ltr'>brevissime</span> <span class='ocrx_word' id='word_1_218' title='bbox 1627 1452 1699 1491; x_wconf 91' lang='lat' dir='ltr'>illo</span> <span class='ocrx_word' id='word_1_219' title='bbox 1721 1453 1865 1500; x_wconf 88' lang='lat' dir='ltr'>modo,</span> <span class='ocrx_word' id='word_1_220' title='bbox 1896 1455 2142 1507; x_wconf 90' lang='lat' dir='ltr'>sapientiam</span> 
     </span>
     <span class='ocr_line' id='line_1_22' title="bbox 369 1514 2142 1571; baseline -0.004 -7"><span class='ocrx_word' id='word_1_221' title='bbox 369 1537 461 1564; x_wconf 90' lang='lat' dir='ltr'>esse</span> <span class='ocrx_word' id='word_1_222' title='bbox 502 1534 641 1563; x_wconf 91' lang='lat' dir='ltr'>rerum</span> <span class='ocrx_word' id='word_1_223' title='bbox 684 1519 917 1559; x_wconf 90' lang='lat' dir='ltr'>divinarum</span> <span class='ocrx_word' id='word_1_224' title='bbox 961 1523 1002 1557; x_wconf 90' lang='lat' dir='ltr'>et</span> <span class='ocrx_word' id='word_1_225' title='bbox 1040 1517 1313 1556; x_wconf 89' lang='lat' dir='ltr'>humanarum</span> <span class='ocrx_word' id='word_1_226' title='bbox 1352 1514 1568 1554; x_wconf 88' lang='lat' dir='ltr'>scientiam</span> <span class='ocrx_word' id='word_1_227' title='bbox 1607 1515 1993 1569; x_wconf 80' lang='lat' dir='ltr'>cognitionemque,</span> <span class='ocrx_word' id='word_1_228' title='bbox 2034 1531 2142 1571; x_wconf 89' lang='lat' dir='ltr'>quae</span> 
     </span>
     <span class='ocr_line' id='line_1_23' title="bbox 369 1576 2142 1638; baseline -0.003 -13"><span class='ocrx_word' id='word_1_229' title='bbox 369 1585 574 1638; x_wconf 90' lang='lat' dir='ltr'>cuiusque</span> <span class='ocrx_word' id='word_1_230' title='bbox 606 1583 663 1622; x_wconf 87' lang='lat' dir='ltr'>rei</span> <span class='ocrx_word' id='word_1_231' title='bbox 696 1595 821 1621; x_wconf 90' lang='lat' dir='ltr'>causa</span> <span class='ocrx_word' id='word_1_232' title='bbox 852 1581 924 1627; x_wconf 91' lang='lat' dir='ltr'>sit;</span> <span class='ocrx_word' id='word_1_233' title='bbox 959 1593 1010 1619; x_wconf 87' lang='lat' dir='ltr'>ex</span> <span class='ocrx_word' id='word_1_234' title='bbox 1043 1592 1127 1634; x_wconf 93' lang='lat' dir='ltr'>quo</span> <span class='ocrx_word' id='word_1_235' title='bbox 1161 1577 1344 1618; x_wconf 87' lang='lat' dir='ltr'>efficitur</span> <span class='ocrx_word' id='word_1_236' title='bbox 1376 1582 1419 1616; x_wconf 84' lang='lat' dir='ltr'>ut</span> <span class='ocrx_word' id='word_1_237' title='bbox 1451 1576 1590 1617; x_wconf 84' lang='lat' dir='ltr'>divina</span> <span class='ocrx_word' id='word_1_238' title='bbox 1622 1577 1819 1626; x_wconf 89' lang='lat' dir='ltr'>imitetur,</span> <span class='ocrx_word' id='word_1_239' title='bbox 1851 1579 2035 1619; x_wconf 91' lang='lat' dir='ltr'>humana</span> <span class='ocrx_word' id='word_1_240' title='bbox 2055 1594 2142 1620; x_wconf 93' lang='lat' dir='ltr'>om-</span> 
     </span>
     <span class='ocr_line' id='line_1_24' title="bbox 368 1639 2138 1696; baseline -0.004 -7"><span class='ocrx_word' id='word_1_241' title='bbox 368 1649 435 1688; x_wconf 92' lang='lat' dir='ltr'>nia</span> <span class='ocrx_word' id='word_1_242' title='bbox 466 1645 665 1688; x_wconf 88' lang='lat' dir='ltr'>inferiora</span> <span class='ocrx_word' id='word_1_243' title='bbox 697 1644 848 1683; x_wconf 90' lang='lat' dir='ltr'>virtute</span> <span class='ocrx_word' id='word_1_244' title='bbox 881 1643 1017 1682; x_wconf 87' lang='lat' dir='ltr'>ducat.</span> <span class='ocrx_word' id='word_1_245' title='bbox 1065 1642 1110 1680; x_wconf 92' lang='lat' dir='ltr'>In</span> <span class='ocrx_word' id='word_1_246' title='bbox 1141 1641 1248 1681; x_wconf 90' lang='lat' dir='ltr'>hanc</span> <span class='ocrx_word' id='word_1_247' title='bbox 1280 1646 1321 1680; x_wconf 87' lang='lat' dir='ltr'>tu</span> <span class='ocrx_word' id='word_1_248' title='bbox 1355 1639 1501 1691; x_wconf 90' lang='lat' dir='ltr'>igitur,</span> <span class='ocrx_word' id='word_1_249' title='bbox 1544 1644 1753 1693; x_wconf 88' lang='lat' dir='ltr'>tamquam</span> <span class='ocrx_word' id='word_1_250' title='bbox 1786 1642 1829 1680; x_wconf 91' lang='lat' dir='ltr'>in</span> <span class='ocrx_word' id='word_1_251' title='bbox 1862 1654 1992 1688; x_wconf 92' lang='lat' dir='ltr'>mare,</span> <span class='ocrx_word' id='word_1_252' title='bbox 2026 1643 2138 1696; x_wconf 92' lang='lat' dir='ltr'>quod</span> 
     </span>
     <span class='ocr_line' id='line_1_25' title="bbox 367 1701 2142 1758; baseline -0.003 -8"><span class='ocrx_word' id='word_1_253' title='bbox 367 1716 429 1750; x_wconf 90' lang='lat' dir='ltr'>est</span> <span class='ocrx_word' id='word_1_254' title='bbox 459 1708 595 1749; x_wconf 91' lang='lat' dir='ltr'>ventis</span> <span class='ocrx_word' id='word_1_255' title='bbox 629 1706 881 1752; x_wconf 90' lang='lat' dir='ltr'>subiectum,</span> <span class='ocrx_word' id='word_1_256' title='bbox 913 1704 1270 1758; x_wconf 87' lang='lat' dir='ltr'>perturbationem</span> <span class='ocrx_word' id='word_1_257' title='bbox 1304 1702 1452 1741; x_wconf 87' lang='lat' dir='ltr'>cadere</span> <span class='ocrx_word' id='word_1_258' title='bbox 1486 1701 1559 1739; x_wconf 86' lang='lat' dir='ltr'>tibi</span> <span class='ocrx_word' id='word_1_259' title='bbox 1583 1701 1724 1741; x_wconf 87' lang='lat' dir='ltr'>dixisti</span> <span class='ocrx_word' id='word_1_260' title='bbox 1747 1702 1911 1742; x_wconf 76' lang='lat' dir='ltr'>videri?</span> <span class='ocrx_word' id='word_1_261' title='bbox 1944 1703 2056 1751; x_wconf 87' lang='lat' dir='ltr'>Quid</span> <span class='ocrx_word' id='word_1_262' title='bbox 2079 1711 2142 1745; x_wconf 87' lang='lat' dir='ltr'>est</span> 
     </span>
    </p>

    <p class='ocr_par' dir='ltr' id='par_1_7' title="bbox 316 1764 2138 2073">
     <span class='ocr_line' id='line_1_26' title="bbox 316 1764 2137 1827; baseline -0.004 -14"><span class='ocrx_word' id='word_1_263' title='bbox 316 1778 353 1807; x_wconf 77' lang='lat'>25</span> <span class='ocrx_word' id='word_1_264' title='bbox 367 1772 479 1827; x_wconf 92' lang='lat' dir='ltr'>quod</span> <span class='ocrx_word' id='word_1_265' title='bbox 511 1776 666 1812; x_wconf 88' lang='lat' dir='ltr'>tantam</span> <span class='ocrx_word' id='word_1_266' title='bbox 696 1769 936 1822; x_wconf 87' lang='lat' dir='ltr'>gravitatem</span> <span class='ocrx_word' id='word_1_267' title='bbox 961 1768 1322 1820; x_wconf 87' lang='lat' dir='ltr'>constantiamque</span> <span class='ocrx_word' id='word_1_268' title='bbox 1347 1764 1591 1818; x_wconf 72' lang='lat' dir='ltr'>perturbet?</span> <span class='ocrx_word' id='word_1_269' title='bbox 1626 1778 1676 1804; x_wconf 91' lang='lat' dir='ltr'>an</span> <span class='ocrx_word' id='word_1_270' title='bbox 1698 1766 1959 1819; x_wconf 88' lang='lat' dir='ltr'>inprovisum</span> <span class='ocrx_word' id='word_1_271' title='bbox 1980 1768 2137 1821; x_wconf 91' lang='lat' dir='ltr'>aliquid</span> 
     </span>
     <span class='ocr_line' id='line_1_27' title="bbox 366 1828 2138 1888; baseline -0.003 -12"><span class='ocrx_word' id='word_1_272' title='bbox 366 1841 438 1876; x_wconf 89' lang='lat' dir='ltr'>aut</span> <span class='ocrx_word' id='word_1_273' title='bbox 474 1833 772 1888; x_wconf 79' lang='lat' dir='ltr'>repentinum?</span> <span class='ocrx_word' id='word_1_274' title='bbox 821 1830 934 1878; x_wconf 89' lang='lat' dir='ltr'>Quid</span> <span class='ocrx_word' id='word_1_275' title='bbox 976 1835 1113 1882; x_wconf 88' lang='lat' dir='ltr'>potest</span> <span class='ocrx_word' id='word_1_276' title='bbox 1151 1829 1340 1869; x_wconf 87' lang='lat' dir='ltr'>accidere</span> <span class='ocrx_word' id='word_1_277' title='bbox 1380 1828 1460 1867; x_wconf 90' lang='lat' dir='ltr'>tale</span> <span class='ocrx_word' id='word_1_278' title='bbox 1499 1828 1557 1871; x_wconf 86' lang='lat' dir='ltr'>ei,</span> <span class='ocrx_word' id='word_1_279' title='bbox 1602 1828 1667 1867; x_wconf 91' lang='lat' dir='ltr'>cui</span> <span class='ocrx_word' id='word_1_280' title='bbox 1701 1828 1801 1867; x_wconf 93' lang='lat' dir='ltr'>nihil</span> <span class='ocrx_word' id='word_1_281' title='bbox 1834 1830 1950 1882; x_wconf 91' lang='lat' dir='ltr'>quod</span> <span class='ocrx_word' id='word_1_282' title='bbox 1980 1831 2138 1870; x_wconf 89' lang='lat' dir='ltr'>homini</span> 
     </span>
     <span class='ocr_line' id='line_1_28' title="bbox 367 1890 2138 1949; baseline -0.003 -10"><span class='ocrx_word' id='word_1_283' title='bbox 367 1897 534 1939; x_wconf 91' lang='lat' dir='ltr'>evenire</span> <span class='ocrx_word' id='word_1_284' title='bbox 577 1895 710 1949; x_wconf 88' lang='lat' dir='ltr'>possit</span> <span class='ocrx_word' id='word_1_285' title='bbox 748 1906 827 1932; x_wconf 77' lang='lat' dir='ltr'>non</span> <span class='ocrx_word' id='word_1_286' title='bbox 856 1892 1186 1944; x_wconf 79' lang='lat' dir='ltr'>praemeditatum</span> <span class='ocrx_word' id='word_1_287' title='bbox 1224 1893 1308 1930; x_wconf 66' lang='grc' dir='ltr'>εἰεί)</span> <span class='ocrx_word' id='word_1_288' title='bbox 1355 1891 1457 1929; x_wconf 91' lang='lat' dir='ltr'>Nam</span> <span class='ocrx_word' id='word_1_289' title='bbox 1500 1890 1612 1942; x_wconf 89' lang='lat' dir='ltr'>quod</span> <span class='ocrx_word' id='word_1_290' title='bbox 1654 1890 1770 1930; x_wconf 90' lang='lat' dir='ltr'>aiunt</span> <span class='ocrx_word' id='word_1_291' title='bbox 1800 1891 1929 1932; x_wconf 91' lang='lat' dir='ltr'>nimia</span> <span class='ocrx_word' id='word_1_292' title='bbox 1959 1893 2138 1933; x_wconf 89' lang='lat' dir='ltr'>resecari</span> 
     </span>
     <span class='ocr_line' id='line_1_29' title="bbox 365 1953 2137 2014; baseline -0.003 -13"><span class='ocrx_word' id='word_1_293' title='bbox 365 1965 580 2014; x_wconf 88' lang='lat' dir='ltr'>oportere,</span> <span class='ocrx_word' id='word_1_294' title='bbox 611 1956 815 1998; x_wconf 89' lang='lat' dir='ltr'>naturalia</span> <span class='ocrx_word' id='word_1_295' title='bbox 846 1956 1045 2010; x_wconf 91' lang='lat' dir='ltr'>relinqui,</span> <span class='ocrx_word' id='word_1_296' title='bbox 1079 1954 1179 2009; x_wconf 91' lang='lat' dir='ltr'>quid</span> <span class='ocrx_word' id='word_1_297' title='bbox 1214 1953 1381 1993; x_wconf 87' lang='lat' dir='ltr'>tandem</span> <span class='ocrx_word' id='word_1_298' title='bbox 1405 1958 1542 2005; x_wconf 88' lang='lat' dir='ltr'>potest</span> <span class='ocrx_word' id='word_1_299' title='bbox 1565 1966 1655 1992; x_wconf 90' lang='lat' dir='ltr'>esse</span> <span class='ocrx_word' id='word_1_300' title='bbox 1678 1954 1868 1993; x_wconf 89' lang='lat' dir='ltr'>naturale</span> <span class='ocrx_word' id='word_1_301' title='bbox 1892 1955 2003 2008; x_wconf 93' lang='lat' dir='ltr'>quod</span> <span class='ocrx_word' id='word_1_302' title='bbox 2026 1955 2137 1995; x_wconf 92' lang='lat' dir='ltr'>idem</span> 
     </span>
     <span class='ocr_line' id='line_1_30' title="bbox 363 2017 2138 2073; baseline -0.003 -10"><span class='ocrx_word' id='word_1_303' title='bbox 363 2024 537 2063; x_wconf 91' lang='lat' dir='ltr'>nimium</span> <span class='ocrx_word' id='word_1_304' title='bbox 578 2034 669 2061; x_wconf 89' lang='lat' dir='ltr'>esse</span> <span class='ocrx_word' id='word_1_305' title='bbox 711 2019 870 2073; x_wconf 73' lang='lat' dir='ltr'>possit?</span> <span class='ocrx_word' id='word_1_306' title='bbox 919 2019 1024 2057; x_wconf 89' lang='lat' dir='ltr'>Sunt</span> <span class='ocrx_word' id='word_1_307' title='bbox 1064 2018 1173 2057; x_wconf 88' lang='lat' dir='ltr'>enim</span> <span class='ocrx_word' id='word_1_308' title='bbox 1213 2017 1352 2055; x_wconf 88' lang='lat' dir='ltr'>omnia</span> <span class='ocrx_word' id='word_1_309' title='bbox 1388 2017 1465 2055; x_wconf 88' lang='lat' dir='ltr'>ista</span> <span class='ocrx_word' id='word_1_310' title='bbox 1497 2028 1548 2054; x_wconf 81' lang='lat' dir='ltr'>ex</span> <span class='ocrx_word' id='word_1_311' title='bbox 1581 2029 1766 2055; x_wconf 86' lang='lat' dir='ltr'>errorum</span> <span class='ocrx_word' id='word_1_312' title='bbox 1798 2022 1887 2056; x_wconf 90' lang='lat' dir='ltr'>orta</span> <span class='ocrx_word' id='word_1_313' title='bbox 1919 2018 2138 2065; x_wconf 90' lang='lat' dir='ltr'>radicibus,</span> 
     </span>
    </p>

    <p class='ocr_par' dir='ltr' id='par_1_8' title="bbox 312 2078 2139 2188">
     <span class='ocr_line' id='line_1_31' title="bbox 312 2078 2139 2139; baseline -0.003 -14"><span class='ocrx_word' id='word_1_314' title='bbox 312 2090 350 2121; x_wconf 83' lang='lat'>³0</span> <span class='ocrx_word' id='word_1_315' title='bbox 366 2099 472 2139; x_wconf 92' lang='lat' dir='ltr'>quae</span> <span class='ocrx_word' id='word_1_316' title='bbox 518 2082 737 2124; x_wconf 89' lang='lat' dir='ltr'>evellenda</span> <span class='ocrx_word' id='word_1_317' title='bbox 776 2087 816 2122; x_wconf 92' lang='lat' dir='ltr'>et</span> <span class='ocrx_word' id='word_1_318' title='bbox 860 2081 1117 2121; x_wconf 87' lang='lat' dir='ltr'>extrahenda</span> <span class='ocrx_word' id='word_1_319' title='bbox 1158 2080 1347 2133; x_wconf 88' lang='lat' dir='ltr'>penitus,</span> <span class='ocrx_word' id='word_1_320' title='bbox 1395 2091 1478 2117; x_wconf 89' lang='lat' dir='ltr'>non</span> <span class='ocrx_word' id='word_1_321' title='bbox 1520 2078 1856 2118; x_wconf 90' lang='lat' dir='ltr'>circumcidenda</span> <span class='ocrx_word' id='word_1_322' title='bbox 1888 2092 1965 2119; x_wconf 92' lang='lat' dir='ltr'>nec</span> <span class='ocrx_word' id='word_1_323' title='bbox 1996 2093 2139 2133; x_wconf 88' lang='lat' dir='ltr'>ampu-</span> 
     </span>
     <span class='ocr_line' id='line_1_32' title="bbox 364 2148 629 2188; baseline 0 0"><span class='ocrx_word' id='word_1_324' title='bbox 364 2148 490 2188; x_wconf 88' lang='lat' dir='ltr'>tanda</span> <span class='ocrx_word' id='word_1_325' title='bbox 521 2151 629 2188; x_wconf 91' lang='lat' dir='ltr'>sunt.</span> 
     </span>
    </p>

    <p class='ocr_par' dir='ltr' id='par_1_9' title="bbox 364 2204 2138 2386">
     <span class='ocr_line' id='line_1_33' title="bbox 475 2204 2138 2261; baseline -0.003 -12"><span class='ocrx_word' id='word_1_326' title='bbox 475 2210 647 2249; x_wconf 88' lang='lat' dir='ltr'>XXVII.</span> <span class='ocrx_word' id='word_1_327' title='bbox 681 2206 747 2247; x_wconf 78' lang='lat'>58.</span> <span class='ocrx_word' id='word_1_328' title='bbox 781 2208 862 2247; x_wconf 88' lang='lat' dir='ltr'>Sed</span> <span class='ocrx_word' id='word_1_329' title='bbox 896 2208 1092 2261; x_wconf 90' lang='lat' dir='ltr'>quoniam</span> <span class='ocrx_word' id='word_1_330' title='bbox 1126 2206 1317 2257; x_wconf 89' lang='lat' dir='ltr'>suspicor</span> <span class='ocrx_word' id='word_1_331' title='bbox 1347 2210 1386 2245; x_wconf 91' lang='lat' dir='ltr'>te</span> <span class='ocrx_word' id='word_1_332' title='bbox 1418 2217 1500 2244; x_wconf 91' lang='lat' dir='ltr'>non</span> <span class='ocrx_word' id='word_1_333' title='bbox 1534 2209 1616 2243; x_wconf 88' lang='lat' dir='ltr'>tam</span> <span class='ocrx_word' id='word_1_334' title='bbox 1650 2204 1700 2244; x_wconf 91' lang='lat' dir='ltr'>de</span> <span class='ocrx_word' id='word_1_335' title='bbox 1726 2204 1917 2257; x_wconf 89' lang='lat' dir='ltr'>sapiente</span> <span class='ocrx_word' id='word_1_336' title='bbox 1940 2218 2063 2257; x_wconf 90' lang='lat' dir='ltr'>quam</span> <span class='ocrx_word' id='word_1_337' title='bbox 2087 2204 2138 2244; x_wconf 92' lang='lat' dir='ltr'>de</span> 
     </span>
     <span class='ocr_line' id='line_1_34' title="bbox 364 2266 2137 2327; baseline -0.005 -12"><span class='ocrx_word' id='word_1_338' title='bbox 364 2280 402 2315; x_wconf 82' lang='lat' dir='ltr'>te</span> <span class='ocrx_word' id='word_1_339' title='bbox 440 2275 531 2327; x_wconf 92' lang='lat' dir='ltr'>ipso</span> <span class='ocrx_word' id='word_1_340' title='bbox 573 2283 777 2324; x_wconf 91' lang='lat' dir='ltr'>quaerere</span> <span class='ocrx_word' id='word_1_341' title='bbox 808 2294 860 2299; x_wconf 84' lang='lat'>-—</span> <span class='ocrx_word' id='word_1_342' title='bbox 891 2270 1005 2309; x_wconf 72' lang='lat' dir='ltr'>illuni</span> <span class='ocrx_word' id='word_1_343' title='bbox 1040 2269 1148 2309; x_wconf 87' lang='lat' dir='ltr'>enim</span> <span class='ocrx_word' id='word_1_344' title='bbox 1181 2274 1301 2322; x_wconf 90' lang='lat' dir='ltr'>putas</span> <span class='ocrx_word' id='word_1_345' title='bbox 1333 2268 1444 2307; x_wconf 88' lang='lat' dir='ltr'>omni</span> <span class='ocrx_word' id='word_1_346' title='bbox 1482 2267 1795 2319; x_wconf 87' lang='lat' dir='ltr'>perturbatione</span> <span class='ocrx_word' id='word_1_347' title='bbox 1827 2280 1918 2306; x_wconf 92' lang='lat' dir='ltr'>esse</span> <span class='ocrx_word' id='word_1_348' title='bbox 1950 2266 2137 2314; x_wconf 91' lang='lat' dir='ltr'>liberum,</span> 
     </span>
     <span class='ocr_line' id='line_1_35' title="bbox 364 2329 2137 2386; baseline -0.004 -10"><span class='ocrx_word' id='word_1_349' title='bbox 364 2342 402 2376; x_wconf 92' lang='lat' dir='ltr'>te</span> <span class='ocrx_word' id='word_1_350' title='bbox 444 2337 505 2376; x_wconf 92' lang='lat' dir='ltr'>vis</span> <span class='ocrx_word' id='word_1_351' title='bbox 538 2357 612 2382; x_wconf 90' lang='lat'>—,</span> <span class='ocrx_word' id='word_1_352' title='bbox 653 2334 867 2374; x_wconf 89' lang='lat' dir='ltr'>videamus</span> <span class='ocrx_word' id='word_1_353' title='bbox 907 2338 1063 2386; x_wconf 85' lang='lat' dir='ltr'>quanta</span> <span class='ocrx_word' id='word_1_354' title='bbox 1105 2332 1209 2378; x_wconf 89' lang='lat' dir='ltr'>sint,</span> <span class='ocrx_word' id='word_1_355' title='bbox 1253 2344 1360 2385; x_wconf 89' lang='lat' dir='ltr'>quae</span> <span class='ocrx_word' id='word_1_356' title='bbox 1402 2343 1424 2369; x_wconf 92' lang='lat' dir='ltr'>a</span> <span class='ocrx_word' id='word_1_357' title='bbox 1464 2329 1732 2383; x_wconf 88' lang='lat' dir='ltr'>philosophia</span> <span class='ocrx_word' id='word_1_358' title='bbox 1767 2329 1950 2369; x_wconf 89' lang='lat' dir='ltr'>remedia</span> <span class='ocrx_word' id='word_1_359' title='bbox 1981 2329 2137 2369; x_wconf 90' lang='lat' dir='ltr'>morbis</span> 
     </span>
    </p>

    <p class='ocr_par' dir='ltr' id='par_1_10' title="bbox 311 2390 2137 2700">
     <span class='ocr_line' id='line_1_36' title="bbox 311 2390 2137 2446; baseline -0.004 -7"><span class='ocrx_word' id='word_1_360' title='bbox 311 2404 347 2433; x_wconf 85' lang='lat'>35</span> <span class='ocrx_word' id='word_1_361' title='bbox 362 2399 596 2439; x_wconf 90' lang='lat' dir='ltr'>animorum</span> <span class='ocrx_word' id='word_1_362' title='bbox 628 2396 917 2436; x_wconf 87' lang='lat' dir='ltr'>adhibeantur.</span> <span class='ocrx_word' id='word_1_363' title='bbox 966 2397 1041 2434; x_wconf 92' lang='lat' dir='ltr'>Est</span> <span class='ocrx_word' id='word_1_364' title='bbox 1073 2395 1182 2434; x_wconf 91' lang='lat' dir='ltr'>enim</span> <span class='ocrx_word' id='word_1_365' title='bbox 1216 2392 1422 2446; x_wconf 87' lang='lat' dir='ltr'>quaedam</span> <span class='ocrx_word' id='word_1_366' title='bbox 1455 2391 1661 2431; x_wconf 82' lang='lat' dir='ltr'>medicina</span> <span class='ocrx_word' id='word_1_367' title='bbox 1692 2397 1824 2439; x_wconf 89' lang='lat' dir='ltr'>certe,</span> <span class='ocrx_word' id='word_1_368' title='bbox 1856 2396 2037 2431; x_wconf 89' lang='lat' dir='ltr'>nectam</span> <span class='ocrx_word' id='word_1_369' title='bbox 2060 2390 2137 2431; x_wconf 85' lang='lat' dir='ltr'>fuit</span> 
     </span>
     <span class='ocr_line' id='line_1_37' title="bbox 361 2454 2136 2513; baseline -0.006 -11"><span class='ocrx_word' id='word_1_370' title='bbox 361 2462 580 2502; x_wconf 91' lang='lat' dir='ltr'>hominum</span> <span class='ocrx_word' id='word_1_371' title='bbox 612 2460 752 2513; x_wconf 86' lang='lat' dir='ltr'>generi</span> <span class='ocrx_word' id='word_1_372' title='bbox 786 2457 949 2498; x_wconf 85' lang='lat' dir='ltr'>insensa</span> <span class='ocrx_word' id='word_1_373' title='bbox 981 2464 1107 2511; x_wconf 89' lang='lat' dir='ltr'>atque</span> <span class='ocrx_word' id='word_1_374' title='bbox 1140 2456 1306 2495; x_wconf 89' lang='lat' dir='ltr'>inimica</span> <span class='ocrx_word' id='word_1_375' title='bbox 1338 2460 1507 2501; x_wconf 90' lang='lat' dir='ltr'>natura,</span> <span class='ocrx_word' id='word_1_376' title='bbox 1540 2459 1585 2493; x_wconf 89' lang='lat' dir='ltr'>ut</span> <span class='ocrx_word' id='word_1_377' title='bbox 1616 2454 1863 2507; x_wconf 84' lang='lat' dir='ltr'>corporibus</span> <span class='ocrx_word' id='word_1_378' title='bbox 1895 2457 1955 2493; x_wconf 86' lang='lat' dir='ltr'>tot</span> <span class='ocrx_word' id='word_1_379' title='bbox 1985 2466 2050 2492; x_wconf 90' lang='lat' dir='ltr'>res</span> <span class='ocrx_word' id='word_1_380' title='bbox 2073 2466 2136 2492; x_wconf 91' lang='lat' dir='ltr'>sa-</span> 
     </span>
     <span class='ocr_line' id='line_1_38' title="bbox 361 2516 2134 2571; baseline -0.005 -7"><span class='ocrx_word' id='word_1_381' title='bbox 361 2524 526 2571; x_wconf 87' lang='lat' dir='ltr'>lutaris,</span> <span class='ocrx_word' id='word_1_382' title='bbox 559 2523 709 2564; x_wconf 90' lang='lat' dir='ltr'>animis</span> <span class='ocrx_word' id='word_1_383' title='bbox 742 2522 896 2561; x_wconf 87' lang='lat' dir='ltr'>nullam</span> <span class='ocrx_word' id='word_1_384' title='bbox 929 2520 1156 2566; x_wconf 89' lang='lat' dir='ltr'>invenerit,</span> <span class='ocrx_word' id='word_1_385' title='bbox 1189 2519 1239 2558; x_wconf 93' lang='lat' dir='ltr'>de</span> <span class='ocrx_word' id='word_1_386' title='bbox 1272 2518 1423 2571; x_wconf 90' lang='lat' dir='ltr'>quibus</span> <span class='ocrx_word' id='word_1_387' title='bbox 1454 2517 1534 2556; x_wconf 88' lang='lat' dir='ltr'>hoc</span> <span class='ocrx_word' id='word_1_388' title='bbox 1567 2517 1691 2556; x_wconf 89' lang='lat' dir='ltr'>etiam</span> <span class='ocrx_word' id='word_1_389' title='bbox 1717 2523 1779 2557; x_wconf 90' lang='lat' dir='ltr'>est</span> <span class='ocrx_word' id='word_1_390' title='bbox 1803 2517 1948 2557; x_wconf 91' lang='lat' dir='ltr'>merita</span> <span class='ocrx_word' id='word_1_391' title='bbox 1970 2516 2134 2562; x_wconf 91' lang='lat' dir='ltr'>melius,</span> 
     </span>
     <span class='ocr_line' id='line_1_39' title="bbox 362 2579 2135 2639; baseline -0.004 -14"><span class='ocrx_word' id='word_1_392' title='bbox 362 2585 473 2639; x_wconf 93' lang='lat' dir='ltr'>quod</span> <span class='ocrx_word' id='word_1_393' title='bbox 515 2598 739 2637; x_wconf 92' lang='lat' dir='ltr'>corporum</span> <span class='ocrx_word' id='word_1_394' title='bbox 780 2583 1019 2623; x_wconf 85' lang='lat' dir='ltr'>adiumenta</span> <span class='ocrx_word' id='word_1_395' title='bbox 1061 2581 1314 2622; x_wconf 85' lang='lat' dir='ltr'>adhibentur</span> <span class='ocrx_word' id='word_1_396' title='bbox 1345 2580 1625 2626; x_wconf 83' lang='lat' dir='ltr'>extrinsecus,</span> <span class='ocrx_word' id='word_1_397' title='bbox 1663 2580 1895 2619; x_wconf 88' lang='lat' dir='ltr'>animorum</span> <span class='ocrx_word' id='word_1_398' title='bbox 1928 2579 2041 2619; x_wconf 92' lang='lat' dir='ltr'>salus</span> <span class='ocrx_word' id='word_1_399' title='bbox 2073 2579 2135 2617; x_wconf 91' lang='lat' dir='ltr'>in-</span> 
     </span>
     <span class='ocr_line' id='line_1_40' title="bbox 360 2641 2134 2700; baseline -0.004 -14"><span class='ocrx_word' id='word_1_400' title='bbox 360 2646 475 2686; x_wconf 87' lang='lat' dir='ltr'>clusa</span> <span class='ocrx_word' id='word_1_401' title='bbox 505 2647 547 2687; x_wconf 86' lang='lat' dir='ltr'>in</span> <span class='ocrx_word' id='word_1_402' title='bbox 582 2644 663 2700; x_wconf 90' lang='lat' dir='ltr'>[iis]</span> <span class='ocrx_word' id='word_1_403' title='bbox 696 2647 797 2700; x_wconf 91' lang='lat' dir='ltr'>ipsis</span> <span class='ocrx_word' id='word_1_404' title='bbox 830 2651 903 2685; x_wconf 89' lang='lat' dir='ltr'>est.</span> <span class='ocrx_word' id='word_1_405' title='bbox 953 2645 1033 2685; x_wconf 85' lang='lat' dir='ltr'>Sed</span> <span class='ocrx_word' id='word_1_406' title='bbox 1066 2657 1148 2698; x_wconf 93' lang='lat' dir='ltr'>quo</span> <span class='ocrx_word' id='word_1_407' title='bbox 1175 2644 1302 2683; x_wconf 87' lang='lat' dir='ltr'>maior</span> <span class='ocrx_word' id='word_1_408' title='bbox 1332 2647 1395 2681; x_wconf 90' lang='lat' dir='ltr'>est</span> <span class='ocrx_word' id='word_1_409' title='bbox 1425 2642 1466 2680; x_wconf 92' lang='lat' dir='ltr'>in</span> <span class='ocrx_word' id='word_1_410' title='bbox 1490 2641 1549 2680; x_wconf 90' lang='lat' dir='ltr'>eis</span> <span class='ocrx_word' id='word_1_411' title='bbox 1583 2642 1837 2694; x_wconf 86' lang='lat' dir='ltr'>praestantia</span> <span class='ocrx_word' id='word_1_412' title='bbox 1869 2647 1908 2681; x_wconf 91' lang='lat' dir='ltr'>et</span> <span class='ocrx_word' id='word_1_413' title='bbox 1939 2641 2134 2687; x_wconf 91' lang='lat' dir='ltr'>divinior,</span> 
     </span>
    </p>

    <p class='ocr_par' dir='ltr' id='par_1_11' title="bbox 307 2703 2134 2762">
     <span class='ocr_line' id='line_1_41' title="bbox 307 2703 2134 2762; baseline -0.004 -12"><span class='ocrx_word' id='word_1_414' title='bbox 307 2720 345 2750; x_wconf 67' lang='lat'>40</span> <span class='ocrx_word' id='word_1_415' title='bbox 360 2721 409 2748; x_wconf 88' lang='lat' dir='ltr'>eo</span> <span class='ocrx_word' id='word_1_416' title='bbox 452 2709 606 2749; x_wconf 91' lang='lat' dir='ltr'>maiore</span> <span class='ocrx_word' id='word_1_417' title='bbox 648 2708 838 2762; x_wconf 88' lang='lat' dir='ltr'>indigent</span> <span class='ocrx_word' id='word_1_418' title='bbox 879 2707 1108 2760; x_wconf 86' lang='lat' dir='ltr'>diligentia.</span> <span class='ocrx_word' id='word_1_419' title='bbox 1172 2707 1318 2758; x_wconf 89' lang='lat' dir='ltr'>Itaque</span> <span class='ocrx_word' id='word_1_420' title='bbox 1357 2704 1463 2743; x_wconf 90' lang='lat' dir='ltr'>bene</span> <span class='ocrx_word' id='word_1_421' title='bbox 1506 2703 1693 2743; x_wconf 89' lang='lat' dir='ltr'>adhibita</span> <span class='ocrx_word' id='word_1_422' title='bbox 1730 2704 1836 2744; x_wconf 89' lang='lat' dir='ltr'>ratio</span> <span class='ocrx_word' id='word_1_423' title='bbox 1868 2703 2001 2743; x_wconf 90' lang='lat' dir='ltr'>cernit</span> <span class='ocrx_word' id='word_1_424' title='bbox 2032 2703 2134 2758; x_wconf 92' lang='lat' dir='ltr'>quid</span> 
     </span>
    </p>
   </div>
   <div class='ocr_carea' id='block_1_3' title="bbox 354 2837 2137 2982">
    <p class='ocr_par' dir='ltr' id='par_1_12' title="bbox 354 2837 2137 2982">
     <span class='ocr_line' id='line_1_42' title="bbox 447 2837 2137 2879; baseline -0.003 -6"><span class='ocrx_word' id='word_1_425' title='bbox 447 2842 477 2873; x_wconf 89' lang='lat'>3.</span> <span class='ocrx_word' id='word_1_426' title='bbox 503 2843 670 2874; x_wconf 81' lang='lat' dir='ltr'>relhorum</span> <span class='ocrx_word' id='word_1_427' title='bbox 695 2844 759 2874; x_wconf 87' lang='lat' dir='ltr'>GR</span> <span class='ocrx_word' id='word_1_428' title='bbox 789 2860 822 2865; x_wconf 91' lang='lat'>—-</span> <span class='ocrx_word' id='word_1_429' title='bbox 851 2843 881 2873; x_wconf 90' lang='grc'>6.</span> <span class='ocrx_word' id='word_1_430' title='bbox 908 2842 1056 2873; x_wconf 80' lang='lat' dir='ltr'>Attamen</span> <span class='ocrx_word' id='word_1_431' title='bbox 1082 2840 1247 2872; x_wconf 85' lang='lat' dir='ltr'>aemulari</span> <span class='ocrx_word' id='word_1_432' title='bbox 1273 2840 1363 2871; x_wconf 86' lang='lat' dir='ltr'>Bake</span> <span class='ocrx_word' id='word_1_433' title='bbox 1390 2838 1408 2870; x_wconf 92' lang='lat' dir='ltr'>l.</span> <span class='ocrx_word' id='word_1_434' title='bbox 1435 2838 1454 2870; x_wconf 89' lang='lat' dir='ltr'>l.</span> <span class='ocrx_word' id='word_1_435' title='bbox 1484 2848 1515 2879; x_wconf 88' lang='lat' dir='ltr'>p.</span> <span class='ocrx_word' id='word_1_436' title='bbox 1539 2837 1610 2869; x_wconf 77' lang='grc'><strong>103.</strong></span> <span class='ocrx_word' id='word_1_437' title='bbox 1643 2856 1674 2860; x_wconf 87' lang='grc'><strong>-</strong></span> <span class='ocrx_word' id='word_1_438' title='bbox 1705 2837 1883 2870; x_wconf 79' lang='lat' dir='ltr'>obtrectari</span> <span class='ocrx_word' id='word_1_439' title='bbox 1907 2839 1931 2870; x_wconf 96' lang='lat' dir='ltr'>C</span> <span class='ocrx_word' id='word_1_440' title='bbox 1961 2856 1996 2862; x_wconf 98' lang='lat'><strong>—</strong></span> <span class='ocrx_word' id='word_1_441' title='bbox 2025 2838 2077 2869; x_wconf 70' lang='lat'>42.</span> <span class='ocrx_word' id='word_1_442' title='bbox 2102 2838 2137 2869; x_wconf 73' lang='lat' dir='ltr'>id</span> 
     </span>
     <span class='ocr_line' id='line_1_43' title="bbox 357 2888 2135 2930; baseline -0.002 -9"><span class='ocrx_word' id='word_1_443' title='bbox 357 2891 426 2922; x_wconf 73' lang='lat' dir='ltr'>iam</span> <span class='ocrx_word' id='word_1_444' title='bbox 449 2891 535 2922; x_wconf 78' lang='lat' dir='ltr'>alius</span> <span class='ocrx_word' id='word_1_445' title='bbox 558 2893 650 2923; x_wconf 86' lang='lat' dir='ltr'>Bake</span> <span class='ocrx_word' id='word_1_446' title='bbox 675 2891 695 2923; x_wconf 93' lang='lat' dir='ltr'>l.</span> <span class='ocrx_word' id='word_1_447' title='bbox 722 2891 742 2923; x_wconf 94' lang='grc'><strong>1.</strong></span> <span class='ocrx_word' id='word_1_448' title='bbox 772 2909 806 2914; x_wconf 92' lang='grc'>-</span> <span class='ocrx_word' id='word_1_449' title='bbox 843 2892 893 2923; x_wconf 70' lang='grc'><strong>13.</strong></span> <span class='ocrx_word' id='word_1_450' title='bbox 922 2891 1000 2930; x_wconf 71' lang='lat' dir='ltr'>Quis</span> <span class='ocrx_word' id='word_1_451' title='bbox 1025 2891 1057 2921; x_wconf 87' lang='lat' dir='ltr'>id</span> <span class='ocrx_word' id='word_1_452' title='bbox 1081 2891 1269 2929; x_wconf 80' lang='lat' dir='ltr'>adprobare</span> <span class='ocrx_word' id='word_1_453' title='bbox 1293 2890 1347 2920; x_wconf 77' lang='lat' dir='ltr'>B2:</span> <span class='ocrx_word' id='word_1_454' title='bbox 1384 2889 1462 2929; x_wconf 82' lang='lat' dir='ltr'>Quis</span> <span class='ocrx_word' id='word_1_455' title='bbox 1495 2889 1529 2920; x_wconf 81' lang='lat' dir='ltr'>id</span> <span class='ocrx_word' id='word_1_456' title='bbox 1554 2888 1735 2928; x_wconf 77' lang='lat' dir='ltr'>adprobari</span> <span class='ocrx_word' id='word_1_457' title='bbox 1760 2890 1823 2920; x_wconf 87' lang='lat' dir='ltr'>GR</span> <span class='ocrx_word' id='word_1_458' title='bbox 1839 2890 1896 2926; x_wconf 76' lang='lat' dir='ltr'>B13</span> <span class='ocrx_word' id='word_1_459' title='bbox 1930 2889 1994 2928; x_wconf 79' lang='lat' dir='ltr'>Qui</span> <span class='ocrx_word' id='word_1_460' title='bbox 2015 2888 2050 2919; x_wconf 83' lang='lat' dir='ltr'>id</span> <span class='ocrx_word' id='word_1_461' title='bbox 2072 2896 2135 2927; x_wconf 85' lang='lat' dir='ltr'>ap-</span> 
     </span>
     <span class='ocr_line' id='line_1_44' title="bbox 354 2937 2134 2982; baseline -0.001 -11"><span class='ocrx_word' id='word_1_462' title='bbox 354 2940 493 2980; x_wconf 84' lang='lat' dir='ltr'>probari</span> <span class='ocrx_word' id='word_1_463' title='bbox 517 2942 541 2973; x_wconf 93' lang='lat' dir='ltr'>O</span> <span class='ocrx_word' id='word_1_464' title='bbox 571 2960 603 2963; x_wconf 87' lang='lat'>—</span> <span class='ocrx_word' id='word_1_465' title='bbox 637 2943 754 2981; x_wconf 72' lang='lat' dir='ltr'>possit,</span> <span class='ocrx_word' id='word_1_466' title='bbox 783 2942 834 2982; x_wconf 76' lang='lat' dir='ltr'>[te]</span> <span class='ocrx_word' id='word_1_467' title='bbox 861 2942 1102 2981; x_wconf 65' lang='lat' dir='ltr'>aegritudinem</span> <span class='ocrx_word' id='word_1_468' title='bbox 1126 2942 1150 2972; x_wconf 93' lang='lat' dir='ltr'>O</span> <span class='ocrx_word' id='word_1_469' title='bbox 1179 2958 1212 2962; x_wconf 94' lang='lat'>—</span> <span class='ocrx_word' id='word_1_470' title='bbox 1243 2939 1293 2971; x_wconf 68' lang='lat'>44.</span> <span class='ocrx_word' id='word_1_471' title='bbox 1319 2939 1393 2979; x_wconf 84' lang='lat' dir='ltr'>pro]</span> <span class='ocrx_word' id='word_1_472' title='bbox 1416 2946 1500 2977; x_wconf 84' lang='lat' dir='ltr'>prae</span> <span class='ocrx_word' id='word_1_473' title='bbox 1524 2938 1615 2969; x_wconf 84' lang='lat' dir='ltr'>Bake</span> <span class='ocrx_word' id='word_1_474' title='bbox 1642 2937 1663 2968; x_wconf 86' lang='lat' dir='ltr'>l.</span> <span class='ocrx_word' id='word_1_475' title='bbox 1690 2937 1711 2969; x_wconf 90' lang='lat' dir='ltr'>l.</span> <span class='ocrx_word' id='word_1_476' title='bbox 1741 2955 1775 2960; x_wconf 93' lang='lat'><em>-</em></span> <span class='ocrx_word' id='word_1_477' title='bbox 1807 2947 1887 2969; x_wconf 78' lang='lat' dir='ltr'>nam</span> <span class='ocrx_word' id='word_1_478' title='bbox 1910 2938 1954 2969; x_wconf 87' lang='lat' dir='ltr'>B:</span> <span class='ocrx_word' id='word_1_479' title='bbox 1980 2946 2046 2969; x_wconf 77' lang='lat' dir='ltr'>non</span> <span class='ocrx_word' id='word_1_480' title='bbox 2070 2937 2134 2969; x_wconf 86' lang='lat' dir='ltr'>GR</span> 
     </span>
    </p>
   </div>
   <div class='ocr_carea' id='block_1_4' title="bbox 349 2988 2134 3327">
    <p class='ocr_par' dir='ltr' id='par_1_13' title="bbox 349 2988 2134 3327">
     <span class='ocr_line' id='line_1_45' title="bbox 361 2988 2134 3033; baseline -0.002 -11"><span class='ocrx_word' id='word_1_481' title='bbox 361 3008 394 3013; x_wconf 82' lang='lat'>-</span> <span class='ocrx_word' id='word_1_482' title='bbox 423 2991 475 3022; x_wconf 73' lang='lat'>48.</span> <span class='ocrx_word' id='word_1_483' title='bbox 503 2991 622 3031; x_wconf 82' lang='lat' dir='ltr'>i9itur,</span> <span class='ocrx_word' id='word_1_484' title='bbox 651 2991 691 3033; x_wconf 74' lang='lat' dir='ltr'>[et</span> <span class='ocrx_word' id='word_1_485' title='bbox 714 2991 902 3032; x_wconf 80' lang='lat' dir='ltr'>cupidum,]</span> <span class='ocrx_word' id='word_1_486' title='bbox 928 2995 957 3022; x_wconf 73' lang='lat' dir='ltr'>et</span> <span class='ocrx_word' id='word_1_487' title='bbox 981 2992 1180 3022; x_wconf 73' lang='lat' dir='ltr'>iracundam</span> <span class='ocrx_word' id='word_1_488' title='bbox 1206 2991 1230 3021; x_wconf 94' lang='lat' dir='ltr'>O</span> <span class='ocrx_word' id='word_1_489' title='bbox 1266 3007 1300 3011; x_wconf 90' lang='lat'>—</span> <span class='ocrx_word' id='word_1_490' title='bbox 1335 2989 1388 3020; x_wconf 64' lang='lat'>20.</span> <span class='ocrx_word' id='word_1_491' title='bbox 1414 2988 1514 3027; x_wconf 72' lang='lat' dir='ltr'>possit</span> <span class='ocrx_word' id='word_1_492' title='bbox 1539 2989 1564 3018; x_wconf 90' lang='lat' dir='ltr'><strong>G</strong></span> <span class='ocrx_word' id='word_1_493' title='bbox 1581 2989 1603 3019; x_wconf 83' lang='lat' dir='ltr'>R</span> <span class='ocrx_word' id='word_1_494' title='bbox 1630 2990 1664 3019; x_wconf 85' lang='lat' dir='ltr'>et</span> <span class='ocrx_word' id='word_1_495' title='bbox 1689 2989 1790 3028; x_wconf 89' lang='lat' dir='ltr'>(corr.</span> <span class='ocrx_word' id='word_1_496' title='bbox 1820 2988 1900 3019; x_wconf 90' lang='lat' dir='ltr'>ead.</span> <span class='ocrx_word' id='word_1_497' title='bbox 1927 2996 1973 3020; x_wconf 90' lang='lat' dir='ltr'>m.</span> <span class='ocrx_word' id='word_1_498' title='bbox 2001 2988 2034 3019; x_wconf 92' lang='lat' dir='ltr'>in</span> <span class='ocrx_word' id='word_1_499' title='bbox 2054 2995 2134 3027; x_wconf 80' lang='lat' dir='ltr'>pos·</span> 
     </span>
     <span class='ocr_line' id='line_1_46' title="bbox 356 3036 2134 3080; baseline -0.002 -9"><span class='ocrx_word' id='word_1_500' title='bbox 356 3040 439 3080; x_wconf 81' lang='lat' dir='ltr'>sunl)</span> <span class='ocrx_word' id='word_1_501' title='bbox 465 3041 489 3071; x_wconf 93' lang='lat' dir='ltr'>B</span> <span class='ocrx_word' id='word_1_502' title='bbox 519 3056 552 3062; x_wconf 92' lang='lat'>-</span> <span class='ocrx_word' id='word_1_503' title='bbox 580 3042 632 3071; x_wconf 66' lang='lat'>⁵20.</span> <span class='ocrx_word' id='word_1_504' title='bbox 658 3042 823 3080; x_wconf 78' lang='lat' dir='ltr'>sapienlia</span> <span class='ocrx_word' id='word_1_505' title='bbox 849 3042 874 3071; x_wconf 90' lang='lat' dir='ltr'><strong>G</strong></span> <span class='ocrx_word' id='word_1_506' title='bbox 901 3057 935 3062; x_wconf 93' lang='lat'>—</span> <span class='ocrx_word' id='word_1_507' title='bbox 964 3039 1016 3071; x_wconf 64' lang='lat'>⁶24.</span> <span class='ocrx_word' id='word_1_508' title='bbox 1043 3040 1161 3071; x_wconf 77' lang='lat' dir='ltr'>cadere</span> <span class='ocrx_word' id='word_1_509' title='bbox 1186 3041 1217 3070; x_wconf 90' lang='lat' dir='ltr'>in</span> <span class='ocrx_word' id='word_1_510' title='bbox 1244 3047 1354 3078; x_wconf 83' lang='lat' dir='ltr'>marg.</span> <span class='ocrx_word' id='word_1_511' title='bbox 1383 3047 1428 3069; x_wconf 91' lang='lat' dir='ltr'>m.</span> <span class='ocrx_word' id='word_1_512' title='bbox 1456 3047 1528 3069; x_wconf 88' lang='lat' dir='ltr'>sec.</span> <span class='ocrx_word' id='word_1_513' title='bbox 1554 3037 1755 3078; x_wconf 85' lang='lat' dir='ltr'>suppletum</span> <span class='ocrx_word' id='word_1_514' title='bbox 1781 3037 1888 3069; x_wconf 85' lang='lat' dir='ltr'>habet</span> <span class='ocrx_word' id='word_1_515' title='bbox 1911 3039 1936 3069; x_wconf 88' lang='lat' dir='ltr'>R</span> <span class='ocrx_word' id='word_1_516' title='bbox 1963 3054 1998 3060; x_wconf 95' lang='lat'>—</span> <span class='ocrx_word' id='word_1_517' title='bbox 2026 3037 2080 3069; x_wconf 74' lang='lat'>26.</span> <span class='ocrx_word' id='word_1_518' title='bbox 2105 3036 2134 3067; x_wconf 81' lang='lat' dir='ltr'>ei</span> 
     </span>
     <span class='ocr_line' id='line_1_47' title="bbox 356 3084 2132 3128; baseline -0.003 -7"><span class='ocrx_word' id='word_1_519' title='bbox 356 3090 546 3121; x_wconf 83' lang='lat' dir='ltr'>Manutius:</span> <span class='ocrx_word' id='word_1_520' title='bbox 576 3092 605 3120; x_wconf 79' lang='lat' dir='ltr'>et</span> <span class='ocrx_word' id='word_1_521' title='bbox 629 3090 652 3120; x_wconf 91' lang='lat' dir='ltr'>C</span> <span class='ocrx_word' id='word_1_522' title='bbox 683 3107 715 3111; x_wconf 75' lang='lat'>—</span> <span class='ocrx_word' id='word_1_523' title='bbox 750 3091 802 3121; x_wconf 65' lang='lat'>27.</span> <span class='ocrx_word' id='word_1_524' title='bbox 829 3099 893 3120; x_wconf 76' lang='lat' dir='ltr'>nan</span> <span class='ocrx_word' id='word_1_525' title='bbox 918 3090 1197 3128; x_wconf 72' lang='lat' dir='ltr'>praemeditatum</span> <span class='ocrx_word' id='word_1_526' title='bbox 1220 3089 1260 3119; x_wconf 80' lang='lat' dir='ltr'>sil</span> <span class='ocrx_word' id='word_1_527' title='bbox 1284 3096 1355 3119; x_wconf 87' lang='lat'>0111.</span> <span class='ocrx_word' id='word_1_528' title='bbox 1383 3088 1429 3123; x_wconf 84' lang='lat' dir='ltr'>C;</span> <span class='ocrx_word' id='word_1_529' title='bbox 1465 3087 1508 3118; x_wconf 81' lang='lat' dir='ltr'>cs.</span> <span class='ocrx_word' id='word_1_530' title='bbox 1536 3088 1578 3118; x_wconf 88' lang='lat' dir='ltr'>lll</span> <span class='ocrx_word' id='word_1_531' title='bbox 1605 3087 1645 3127; x_wconf 61' lang='grc' dir='ltr'>ἐξ</span> <span class='ocrx_word' id='word_1_532' title='bbox 1671 3087 1723 3118; x_wconf 73' lang='lat'>29.</span> <span class='ocrx_word' id='word_1_533' title='bbox 1750 3087 1803 3118; x_wconf 74' lang='lat'>34.</span> <span class='ocrx_word' id='word_1_534' title='bbox 1830 3087 1884 3118; x_wconf 73' lang='lat'>32.</span> <span class='ocrx_word' id='word_1_535' title='bbox 1917 3084 2062 3126; x_wconf 87' lang='lat' dir='ltr'>Philipp.</span> <span class='ocrx_word' id='word_1_536' title='bbox 2088 3085 2132 3116; x_wconf 87' lang='lat' dir='ltr'>XI</span> 
     </span>
     <span class='ocr_line' id='line_1_48' title="bbox 355 3136 2132 3178; baseline -0.002 -8"><span class='ocrx_word' id='word_1_537' title='bbox 355 3137 373 3178; x_wconf 69' lang='grc' dir='ltr'>ἓ</span> <span class='ocrx_word' id='word_1_538' title='bbox 399 3138 431 3170; x_wconf 89' lang='grc'>7.</span> <span class='ocrx_word' id='word_1_539' title='bbox 460 3156 494 3161; x_wconf 91' lang='grc'>-</span> <span class='ocrx_word' id='word_1_540' title='bbox 522 3138 574 3170; x_wconf 91' lang='lat'>30.</span> <span class='ocrx_word' id='word_1_541' title='bbox 601 3147 685 3177; x_wconf 81' lang='lat' dir='ltr'>quae</span> <span class='ocrx_word' id='word_1_542' title='bbox 710 3139 869 3178; x_wconf 87' lang='lat' dir='ltr'>(radices)</span> <span class='ocrx_word' id='word_1_543' title='bbox 895 3139 1077 3170; x_wconf 73' lang='lat' dir='ltr'>evellendae</span> <span class='ocrx_word' id='word_1_544' title='bbox 1100 3142 1128 3170; x_wconf 80' lang='lat' dir='ltr'>el</span> <span class='ocrx_word' id='word_1_545' title='bbox 1155 3137 1380 3169; x_wconf 49' lang='lat' dir='ltr'>cix—trahendae</span> <span class='ocrx_word' id='word_1_546' title='bbox 1399 3138 1547 3176; x_wconf 62' lang='lat' dir='ltr'>pentem,</span> <span class='ocrx_word' id='word_1_547' title='bbox 1582 3145 1647 3168; x_wconf 76' lang='lat' dir='ltr'>non</span> <span class='ocrx_word' id='word_1_548' title='bbox 1671 3136 1954 3168; x_wconf 75' lang='lat' dir='ltr'>circumcidendae</span> <span class='ocrx_word' id='word_1_549' title='bbox 1976 3143 2034 3167; x_wconf 80' lang='lat' dir='ltr'>nec</span> <span class='ocrx_word' id='word_1_550' title='bbox 2057 3143 2132 3166; x_wconf 85' lang='lat' dir='ltr'>am-</span> 
     </span>
     <span class='ocr_line' id='line_1_49' title="bbox 349 3185 2125 3229; baseline -0.001 -11"><span class='ocrx_word' id='word_1_551' title='bbox 349 3187 521 3228; x_wconf 78' lang='lat' dir='ltr'>putandae</span> <span class='ocrx_word' id='word_1_552' title='bbox 550 3191 625 3219; x_wconf 83' lang='lat' dir='ltr'>sunt</span> <span class='ocrx_word' id='word_1_553' title='bbox 655 3188 746 3220; x_wconf 87' lang='lat' dir='ltr'>Bake</span> <span class='ocrx_word' id='word_1_554' title='bbox 781 3187 801 3219; x_wconf 92' lang='lat' dir='ltr'>l.</span> <span class='ocrx_word' id='word_1_555' title='bbox 829 3188 850 3220; x_wconf 89' lang='lat' dir='ltr'>l.</span> <span class='ocrx_word' id='word_1_556' title='bbox 877 3198 909 3229; x_wconf 90' lang='lat' dir='ltr'>p.</span> <span class='ocrx_word' id='word_1_557' title='bbox 938 3188 1010 3221; x_wconf 74' lang='lat'>404.</span> <span class='ocrx_word' id='word_1_558' title='bbox 1042 3205 1076 3211; x_wconf 93' lang='lat'>-—</span> <span class='ocrx_word' id='word_1_559' title='bbox 1109 3187 1160 3220; x_wconf 75' lang='lat'>34.</span> <span class='ocrx_word' id='word_1_560' title='bbox 1187 3188 1227 3219; x_wconf 78' lang='lat' dir='ltr'>sic</span> <span class='ocrx_word' id='word_1_561' title='bbox 1251 3195 1336 3228; x_wconf 83' lang='lat' dir='ltr'>quae</span> <span class='ocrx_word' id='word_1_562' title='bbox 1357 3186 1564 3227; x_wconf 81' lang='lat' dir='ltr'>philosophia</span> <span class='ocrx_word' id='word_1_563' title='bbox 1589 3187 1706 3219; x_wconf 81' lang='lat' dir='ltr'>GRBl</span> <span class='ocrx_word' id='word_1_564' title='bbox 1732 3203 1766 3208; x_wconf 91' lang='lat'><em>—</em></span> <span class='ocrx_word' id='word_1_565' title='bbox 1803 3186 1856 3217; x_wconf 88' lang='lat'>37.</span> <span class='ocrx_word' id='word_1_566' title='bbox 1882 3185 1976 3217; x_wconf 77' lang='lat' dir='ltr'>nulla</span> <span class='ocrx_word' id='word_1_567' title='bbox 1999 3186 2064 3217; x_wconf 88' lang='lat' dir='ltr'>GR</span> <span class='ocrx_word' id='word_1_568' title='bbox 2091 3201 2125 3206; x_wconf 97' lang='lat'>—</span> 
     </span>
     <span class='ocr_line' id='line_1_50' title="bbox 352 3233 2129 3277; baseline -0.001 -9"><span class='ocrx_word' id='word_1_569' title='bbox 352 3240 398 3269; x_wconf 76' lang='lat' dir='ltr'>ese</span> <span class='ocrx_word' id='word_1_570' title='bbox 421 3245 490 3269; x_wconf 91' lang='lat' dir='ltr'>om.</span> <span class='ocrx_word' id='word_1_571' title='bbox 519 3235 557 3269; x_wconf 85' lang='lat' dir='ltr'>R¹</span> <span class='ocrx_word' id='word_1_572' title='bbox 584 3254 618 3260; x_wconf 91' lang='lat'>-</span> <span class='ocrx_word' id='word_1_573' title='bbox 653 3236 704 3268; x_wconf 82' lang='lat'>39.</span> <span class='ocrx_word' id='word_1_574' title='bbox 730 3239 765 3269; x_wconf 77' lang='lat' dir='ltr'>in</span> <span class='ocrx_word' id='word_1_575' title='bbox 788 3239 837 3269; x_wconf 79' lang='lat' dir='ltr'>his</span> <span class='ocrx_word' id='word_1_576' title='bbox 862 3238 925 3270; x_wconf 93' lang='lat' dir='ltr'>CO</span> <span class='ocrx_word' id='word_1_577' title='bbox 951 3238 1009 3277; x_wconf 76' lang='lat' dir='ltr'>(his</span> <span class='ocrx_word' id='word_1_578' title='bbox 1033 3235 1125 3269; x_wconf 85' lang='lat' dir='ltr'>delet</span> <span class='ocrx_word' id='word_1_579' title='bbox 1150 3237 1240 3268; x_wconf 87' lang='lat' dir='ltr'>Bake</span> <span class='ocrx_word' id='word_1_580' title='bbox 1271 3236 1289 3267; x_wconf 93' lang='lat' dir='ltr'>l.</span> <span class='ocrx_word' id='word_1_581' title='bbox 1318 3235 1338 3268; x_wconf 87' lang='lat' dir='ltr'>l.</span> <span class='ocrx_word' id='word_1_582' title='bbox 1365 3244 1401 3277; x_wconf 86' lang='lat' dir='ltr'>p.</span> <span class='ocrx_word' id='word_1_583' title='bbox 1427 3236 1501 3268; x_wconf 72' lang='lat'>404.</span> <span class='ocrx_word' id='word_1_584' title='bbox 1529 3235 1606 3269; x_wconf 89' lang='lat' dir='ltr'>coll.</span> <span class='ocrx_word' id='word_1_585' title='bbox 1634 3235 1803 3276; x_wconf 85' lang='lat' dir='ltr'>Madvigio</span> <span class='ocrx_word' id='word_1_586' title='bbox 1827 3234 1872 3267; x_wconf 88' lang='lat' dir='ltr'>ad</span> <span class='ocrx_word' id='word_1_587' title='bbox 1897 3235 1968 3267; x_wconf 89' lang='lat' dir='ltr'>Fin.</span> <span class='ocrx_word' id='word_1_588' title='bbox 1995 3234 2035 3274; x_wconf 87' lang='lat'>11,</span> <span class='ocrx_word' id='word_1_589' title='bbox 2061 3233 2129 3273; x_wconf 84' lang='lat'>93.)</span> 
     </span>
     <span class='ocr_line' id='line_1_51' title="bbox 351 3284 687 3327; baseline 0 -9"><span class='ocrx_word' id='word_1_590' title='bbox 351 3300 391 3327; x_wconf 35' lang='lat'>¹·-</span> <span class='ocrx_word' id='word_1_591' title='bbox 418 3285 471 3318; x_wconf 78' lang='lat'>40.</span> <span class='ocrx_word' id='word_1_592' title='bbox 496 3286 621 3327; x_wconf 70' lang='lat' dir='ltr'>indiqet</span> <span class='ocrx_word' id='word_1_593' title='bbox 644 3284 687 3318; x_wconf 87' lang='lat' dir='ltr'>C.</span> 
     </span>
    </p>
   </div>
  </div>
 </body>
</html>
