2249 3624
243 166 324 209 720
958 167 1027 207 DE
1060 166 1284 207 OFFICIIS

243 290 393 329 goreos
424 275 562 316 ferunt
589 274 669 314 hoc
700 274 838 313 animo
870 273 980 312 inter
1010 286 1053 312 se
1083 271 1226 320 fuisse,
1257 276 1316 320 ut,
1348 285 1442 312 cum
1469 284 1612 311 eorum
1634 271 1754 312 alteri
1775 270 2004 324 Dionysius

243 344 447 393 tyrannus
477 338 586 377 diem
618 336 733 375 necis
765 335 1062 375 destinavisset
1091 339 1133 375 et
1162 334 1217 382 is,
1259 335 1331 387 qui
1362 335 1481 375 morti
1513 332 1705 374 addictus
1737 338 1872 381 esset,
1903 345 2006 387 pau-

244 416 315 443 cos
354 402 443 442 dies
483 398 908 440 commendandorum
948 411 1117 437 suorum
1159 409 1283 437 causa
1322 396 1642 450 postulavisset,
1687 409 1758 437 vas
1788 396 1923 437 factus
1954 396 2008 437 sit

243 465 347 505 alter
388 464 475 503 eius
517 460 717 508 sistendi,
759 465 825 508 ut,
868 460 901 500 si
943 459 1016 499 ille
1055 473 1139 499 non
1170 460 1431 507 revertisset,
1474 458 1734 500 moriendum
1769 465 1881 500 esset
1911 459 2006 512 ipsi.

211 528 327 576 5Qui
359 540 452 567 cum
483 524 533 564 ad
566 525 677 564 diem
709 537 752 563 se
783 523 1023 576 recepisset,
1055 523 1283 562 admiratus
1315 536 1459 562 eorum
1490 522 1615 562 fidem
1642 528 1841 576 tyrannus
1864 521 2009 575 petivit

243 595 289 630 ut
319 603 363 629 se
394 589 445 628 ad
476 587 697 627 amicitiam
731 587 896 626 tertium
929 586 1200 626 ascriberent.
1261 583 1326 625 46.
1373 585 1473 625 Cum
1504 585 1633 638 igitur
1662 586 1726 633 id,
1759 585 1874 639 quod
1906 584 2009 624 utile

242 652 410 692 videtur
447 650 488 689 in
529 649 736 697 amicitia,
779 663 872 689 cum
914 663 985 696 eo,
1025 648 1136 702 quod
1167 648 1391 688 honestum
1424 653 1507 695 est,
1547 652 1834 700 comparatur,
1875 646 2011 686 iaceat

242 713 431 754 utilitatis
463 711 637 765 species,
671 712 805 752 valeat
835 711 1048 751 honestas.
1113 711 1214 751 Cum
1245 717 1384 751 autem
1415 711 1458 750 in
1489 710 1671 750 amicitia
1704 723 1810 763 quae
1836 708 2012 749 honesta

243 791 325 817 non
357 781 452 816 sunt
481 774 823 828 postulabuntur,
854 774 1001 827 religio
1033 779 1073 813 et
1103 772 1205 813 fides
1237 778 1518 827 anteponatur
1541 772 1771 813 amicitiae:
1803 771 1862 812 sic
1883 770 2013 811 habe-

194 849 228 878 40
242 839 352 878 bitur
383 839 438 885 is,
471 850 594 890 quem
627 837 909 890 exquirimus,
942 836 1117 876 dilectus
1150 833 1290 876 officii.

354 902 426 940 XI.
476 900 557 939 Sed
596 900 787 939 utilitatis
825 900 964 953 specie
1003 900 1045 938 in
1083 912 1127 939 re
1161 899 1329 953 publica
1360 898 1603 952 saepissime
1634 902 1852 951 peccatur,
1892 894 2013 935 utin

245 963 431 1005 Corinthi
464 962 768 1002 disturbatione
800 963 956 1002 nostri:
1002 962 1147 1002 durius
1189 962 1311 1002 etiam
1353 960 1654 1008 Athenienses,
1698 959 1770 1013 qui
1801 958 2014 998 sciverunt

242 1032 285 1067 ut
314 1026 554 1078 Aeginetis,
596 1024 669 1078 qui
710 1025 842 1064 classe
875 1024 1092 1072 valebant,
1132 1023 1308 1077 pollices
1340 1022 1696 1076 praeciderentur.
1755 1021 1846 1061 Hoc
1877 1021 2012 1060 visum

244 1096 306 1130 est
336 1089 461 1137 utile;
494 1088 618 1127 nimis
651 1087 762 1127 enim
794 1087 1036 1126 imminebat
1066 1092 1240 1139 propter
1272 1085 1629 1139 propinquitatem
1661 1085 1820 1138 Aegina
1851 1084 2011 1124 Piraeo.

194 1161 228 1189 45
244 1153 324 1193 Sed
355 1151 460 1192 nihil
492 1149 603 1205 quod
638 1149 806 1189 crudele
838 1150 966 1197 utile;
1008 1155 1071 1189 est
1103 1149 1212 1189 enim
1245 1148 1462 1188 hominum
1494 1153 1691 1196 naturae,
1733 1161 1859 1201 quam
1891 1146 2012 1201 sequi

243 1217 466 1262 debemus,
508 1213 688 1253 maxime
729 1213 899 1251 inimica
938 1211 1177 1252 crudelitas.
1248 1209 1314 1250 47.
1356 1211 1464 1251 Male
1497 1211 1620 1250 etiam
1663 1209 1735 1264 qui
1769 1209 2012 1263 peregrinos

241 1278 410 1321 urbibus
451 1275 511 1316 uti
548 1275 774 1329 prohibent
814 1288 973 1328 eosque
1006 1274 1306 1322 exterminant,
1348 1278 1394 1313 ut
1426 1274 1593 1313 Pennus
1624 1272 1736 1326 apud
1769 1277 1907 1325 patres
1938 1285 2014 1312 no-

243 1347 371 1388 stros,
403 1338 557 1391 Papius
588 1351 734 1391 nuper.
796 1339 897 1376 Nam
931 1351 1024 1377 esse
1057 1350 1131 1390 pro
1165 1337 1276 1383 cive,
1310 1336 1381 1389 qui
1415 1336 1516 1376 civis
1547 1349 1633 1374 non
1664 1336 1729 1383 sit,
1761 1341 1919 1376 rectum
1951 1339 2015 1375 est

242 1418 328 1444 non
359 1403 498 1449 licere,
530 1414 654 1454 quam
686 1400 821 1452 legem
854 1400 1041 1439 tulerunt
1071 1398 1372 1452 sapientissimi
1405 1398 1601 1438 consules
1626 1398 1798 1438 Crassus
1830 1403 1871 1438 et
1892 1398 2015 1438 Scae-

193 1475 228 1504 20
245 1467 362 1507 vola:
404 1478 483 1505 usu
523 1476 621 1503 vero
663 1463 776 1502 urbis
818 1463 1041 1515 prohibere
1085 1461 1330 1514 peregrinos
1362 1474 1462 1501 sane
1494 1460 1772 1500 inhumanum
1804 1465 1879 1500 est.
1937 1460 2015 1500 Illa

243 1529 478 1584 praeclara,
517 1527 561 1565 in
600 1526 753 1578 quibus
795 1525 986 1578 publicae
1028 1525 1216 1564 utilitatis
1249 1524 1411 1576 species
1444 1536 1543 1576 prae
1574 1523 1797 1563 honestate
1829 1527 2015 1563 contem-

242 1594 367 1633 nitur.
418 1590 546 1630 Plena
577 1588 868 1641 exemplorum
901 1593 962 1627 est
994 1593 1137 1627 nostra
1160 1600 1226 1626 res
1249 1586 1419 1639 publica
1441 1599 1534 1626 cum
1557 1599 1696 1639 saepe,
1721 1591 1807 1626 tum
1831 1585 2013 1625 maxime

242 1654 353 1694 bello
375 1653 529 1693 Punico
563 1651 765 1697 secundo,
799 1664 903 1703 quae
929 1650 1137 1690 Cannensi
1170 1648 1405 1689 calamitate
1437 1653 1605 1701 accepta
1637 1649 1818 1688 maiores
1850 1648 2012 1687 animos

241 1716 388 1757 habuit
427 1728 551 1768 quam
590 1727 789 1766 umquam
825 1713 949 1753 rebus
982 1712 1201 1752 secundis:
1242 1712 1357 1751 nulla
1387 1711 1550 1751 timoris
1582 1709 1856 1764 significatio,
1897 1710 2014 1750 nulla

192 1788 227 1818 25
244 1779 399 1819 mentio
444 1777 572 1830 pacis.
644 1777 775 1815 Tanta
815 1776 878 1815 vis
918 1780 980 1815 cst
1019 1775 1208 1822 honesti,
1255 1780 1301 1814 ut
1342 1775 1526 1826 speciem
1569 1773 1760 1813 utilitatis
1802 1773 2011 1813 obscuret.

243 1839 308 1880 48.
341 1841 618 1881 Athenienses
651 1852 742 1878 cum
775 1840 993 1878 Persarum
1039 1838 1243 1890 impetum
1282 1837 1400 1876 nullo
1440 1836 1562 1876 modo
1603 1840 1776 1889 possent
1806 1834 2013 1874 sustinere

243 1908 558 1956 statuerentque
597 1907 643 1940 ut
683 1901 784 1940 urbe
816 1900 980 1947 relicta,
1021 1900 1269 1953 coniugibus
1301 1904 1342 1939 et
1373 1899 1516 1938 liberis
1548 1900 1763 1939 Troezene
1794 1896 2012 1950 depositis,

244 1981 370 2009 naves
402 1964 735 2006 conscenderent
765 1963 1084 2016 libertatemque
1108 1962 1305 2002 Graeciae
1329 1961 1461 2001 classe
1483 1961 1777 2008 defenderent,
1801 1958 2012 2013 Cyrsilum

244 2030 453 2085 quendam
487 2026 751 2073 suadentem,
784 2031 828 2065 ut
857 2026 900 2065 in
933 2026 1033 2065 urbe
1066 2031 1283 2065 manerent
1315 2025 1587 2077 Xerxemque
1617 2024 1878 2077 reciperent,
1910 2021 2014 2075 lapi-

194 2101 229 2130 30
245 2094 365 2134 dibus
407 2092 648 2131 obruerunt.
708 2090 845 2141 Atque
887 2088 957 2127 ille
999 2088 1222 2127 utilitatem
1266 2087 1386 2140 sequi
1426 2086 1665 2134 videbatur,
1712 2085 1785 2125 sed
1819 2098 1867 2125 ea
1898 2083 2015 2124 nulla

245 2162 331 2197 erat
362 2157 618 2208 repugnante
649 2151 881 2190 honestate.
953 2148 1018 2191 49.
1060 2148 1364 2190 Themistocles
1396 2154 1491 2202 post
1521 2149 1738 2189 victoriam
1779 2147 1868 2187 eius
1899 2145 2014 2193 belli,

245 2219 358 2274 quod
391 2230 482 2257 cum
505 2214 642 2255 Persis
673 2213 764 2260 fuit,
799 2214 904 2252 dixit
935 2214 975 2253 in
1009 2213 1207 2253 contione
1240 2226 1283 2252 se
1315 2212 1468 2252 habere
1491 2211 1716 2251 consilium
1738 2210 1797 2250 rei
1820 2209 2014 2263 publicae

245 2281 448 2327 salutare,
489 2277 562 2317 sed
602 2276 642 2316 id
683 2276 779 2315 sciri
822 2289 904 2314 non
946 2289 1051 2328 opus
1084 2289 1196 2315 esse:
1245 2274 1475 2328 postulavit
1514 2278 1559 2313 ut
1598 2273 1786 2326 aliquem
1830 2270 2014 2325 populus

246 2344 383 2391 daret,
427 2341 596 2395 quicum
638 2338 985 2385 communicaret3
1025 2338 1145 2378 datus
1191 2343 1254 2377 est
1285 2335 1501 2376 Aristides.
1562 2335 1670 2375 Huic
1699 2335 1795 2382 ille,
1838 2333 2014 2373 classem

195 2412 231 2441 35
244 2402 686 2448 Lacedaemoniorum,
719 2413 826 2454 quae
859 2400 1064 2440 subducta
1095 2405 1205 2440 esset
1235 2399 1286 2439 ad
1310 2399 1532 2453 Gytheum,
1554 2398 1660 2438 clam
1684 2396 1852 2437 incendi
1874 2408 2014 2449 posse,

246 2482 329 2523 quo
361 2467 470 2507 facto
501 2464 636 2517 frangi
669 2463 1101 2503 Lacedaemoniorum
1134 2475 1235 2515 opes
1266 2474 1439 2501 necesse
1473 2466 1598 2501 esset.
1662 2459 1785 2508 Quod
1807 2457 2013 2498 Aristides

246 2544 337 2570 cum
369 2529 569 2575 audisset,
600 2528 642 2567 in
675 2526 911 2566 contionem
943 2538 1095 2577 magna
1128 2525 1442 2579 exspectatione
1474 2525 1588 2565 venit
1616 2523 1809 2577 dixitque
1834 2520 2013 2576 perutile

331 2661 362 2691 2.
390 2663 417 2691 et
442 2659 467 2689 is
492 2658 546 2697 qui
562 2655 844 2695 --poslulavissec
867 2655 997 2685 Nonius
1023 2663 1055 2694 p.
1071 2654 1145 2685 280.
1171 2672 1202 2676 ψ
1230 2662 1296 2685 esse
1316 2662 1442 2693 paucos
1466 2654 1532 2685 dies
1556 2661 1658 2684 causa
1681 2650 2016 2683 commendandorum

244 2718 378 2741 suorum
402 2709 461 2739 sibi
484 2706 714 2747 postulauissel
739 2713 756 2735 e
785 2723 818 2726 —
847 2703 876 2735 3.
896 2713 955 2734 ras
969 2704 1077 2743 suctus
1094 2707 1186 2734 csl--
1202 2707 1280 2734 esset
1305 2705 1364 2743 ipsi
1391 2704 1521 2735 Nonius
1546 2711 1579 2743 p.
1597 2702 1671 2734 484.
1695 2719 1729 2724 —
1756 2702 1797 2732 sil
1821 2700 2014 2732 Manutius:

245 2762 288 2791 est
314 2760 356 2796 C,
390 2760 465 2797 ἤθει
489 2766 507 2788 o
547 2774 579 2778 -
619 2757 648 2787 5.
677 2755 732 2795 qui
758 2764 829 2785 cum
848 2772 896 2776 --
913 2754 1119 2785 admiratum
1142 2762 1255 2784 corum
1277 2754 1373 2793 fidem
1398 2757 1562 2792 tyrannus
1591 2753 1720 2783 Nonius
1745 2761 1778 2792 p.
1795 2750 1867 2783 384.
1905 2767 1939 2772 —-
1973 2749 2018 2780 ad

246 2817 314 2840 om.
336 2818 357 2840 a
387 2825 421 2829 —
456 2808 486 2838 6.
512 2807 591 2838 utile
615 2806 701 2845 quod
725 2813 742 2835 c
776 2821 809 2826 -—
845 2804 874 2834 9.
902 2813 966 2834 ηοη
992 2812 1060 2834 om.
1080 2804 1100 2834 b
1127 2820 1161 2824 -
1196 2803 1357 2834 habeatur·
1382 2811 1398 2834 c
1427 2820 1460 2824 —
1497 2803 1547 2833 ⁴0.
1575 2802 1714 2833 delectus
1738 2809 1789 2832 co
1819 2818 1852 2822 —
1883 2799 1934 2830 42.
1961 2797 2018 2837 qui

244 2859 408 2889 iusserunt
432 2860 466 2888 ut
490 2865 507 2887 c
543 2874 585 2879 —
621 2856 672 2887 43.
700 2855 780 2894 quia
803 2855 904 2884 classe
928 2862 945 2884 c
984 2870 1018 2874 —
1060 2852 1112 2883 2¹4.
1136 2853 1252 2891 piraeo
1279 2854 1300 2883 Β
1318 2853 1435 2884 Hab:
1472 2861 1591 2892 epyreo
1616 2860 1652 2888 c;
1690 2852 1824 2882 Piraeeo
1849 2858 1868 2881 o
1897 2864 1931 2871 —
1959 2848 2013 2879 20.

239 2908 433 2947 peregrinos
455 2906 623 2945 prohibere
648 2913 665 2935 c
704 2921 737 2925 —
776 2904 830 2934 21.
854 2903 1006 2942 puplicae
1032 2902 1088 2932 Bb
1128 2919 1161 2923 —-
1199 2903 1251 2933 22
1280 2911 1376 2941 saepe
1401 2903 1476 2942 Cp:
1503 2910 1597 2940 saepe
1621 2901 1707 2931 alias
1730 2909 1761 2932 o.
1805 2899 1854 2931 Cf.
1882 2896 2018 2936 Madvig

247 2957 289 2987 ad
316 2956 385 2987 Cic.
413 2955 455 2986 de
483 2955 589 2987 isinib.
618 2954 706 2995 p.39
732 2955 765 2984 ct
790 2954 916 2993 Opusc.
945 2951 1043 2983 acad.
1072 2953 1082 2981 1
1108 2951 1233 2991 p.339.
1264 2968 1297 2972 ——
1331 2952 1384 2982 ⁶25.
1414 2951 1567 2982 utilitatis
1591 2959 1660 2982 om.
1681 2959 1702 2981 a
1741 2966 1774 2971 —-
1812 2948 1865 2979 27.
1891 2949 2018 2978 statue-

245 3009 388 3044 rumque
412 3005 432 3035 b
462 3023 495 3026 —
529 3006 581 3036 28.
608 3004 771 3042 Cyrsilum
796 3003 961 3041 quendam
977 3018 1024 3024 -—
1042 3004 1188 3031 maneret
1213 3001 1410 3040 Xersemqne
1432 3002 1626 3040 reciperent,
1652 2999 1814 3039 lapidibus
1838 2998 2019 3029 obruerunt

247 3055 376 3086 Nonius
403 3063 434 3094 p.
453 3054 512 3085 383
538 3063 611 3093 s‹1.;
652 3054 806 3084 Cir-silum
831 3052 995 3093 quendam
1012 3068 1059 3073 --
1076 3054 1246 3081 vianet-cul
1274 3050 1367 3082 idem
1394 3059 1414 3090 p
1444 3050 1517 3082 349.
1561 3068 1595 3072 —
1636 3050 1689 3084 ⁹29.
1714 3056 1898 3087 aeersenque
1927 3055 1945 3077 c
1978 3062 2014 3067 —

247 3104 300 3136 30.
327 3104 504 3135 obruerunt
528 3104 550 3133 B
568 3104 591 3133 ΙΙ
608 3104 658 3134 ab
690 3104 722 3133 et
748 3102 895 3133 Nonius:
930 3103 1169 3139 cooperuerunt
1194 3108 1278 3140 cpo
1312 3118 1353 3123 -
1385 3101 1487 3139 Alque
1513 3100 1555 3132 C:
1590 3101 1683 3140 atqui
1708 3098 1780 3136 alii3
1816 3097 1898 3129 «sed
1924 3095 2016 3128 nulla

248 3155 301 3185 est
325 3153 514 3193 oppositio,
549 3152 639 3182 nulla
673 3152 865 3192 assumptio
891 3150 1071 3182 refellendi
1097 3159 1219 3189 causa,
1256 3150 1317 3180 scd
1345 3150 1528 3191 explicatio
1553 3148 1760 3189 simpliciter
1783 3147 2015 3179 continuatur.

249 3203 299 3234 Cf.
327 3203 438 3243 574.»
472 3203 573 3233 Lrsn.
603 3219 636 3223 —
672 3202 723 3232 32.
751 3203 784 3232 ιἰι
809 3201 1012 3232 concentione
1035 3201 1054 3231 b
1084 3217 1117 3221 —-
1153 3199 1205 3230 33.
1233 3208 1313 3239 opus
1337 3208 1401 3230 non
1426 3207 1443 3230 c
1471 3217 1504 3221 —-
1540 3197 1591 3229 34.
1618 3198 1692 3229 huic
1715 3199 1787 3229 ille:
1813 3197 1947 3229 classem
1964 3209 2015 3216 --

249 3253 293 3283 ad
318 3252 489 3290 Cynicum,
516 3251 600 3281 clam
625 3251 752 3281 incendi
773 3260 864 3290 posse
889 3251 1020 3282 Nonius
1045 3258 1078 3291 p.
1095 3248 1156 3281 400
1209 3266 1239 3271 —
1276 3250 1328 3281 36.
1355 3257 1478 3281 necesse
1502 3257 1566 3280 esse
1590 3248 1803 3281 Vincentius,
1835 3264 1867 3268 —
1901 3245 1953 3276 37.
1980 3242 2015 3274 in

249 3303 435 3333 concionem
458 3308 615 3341 vrcaynam
639 3301 725 3331 venit
749 3309 782 3341 p.
