2249 3624
339 511 486 548 Largam
516 504 763 538 addendorum
796 504 934 545 copiam
965 503 1001 535 in
1033 504 1192 534 extremo
1225 500 1329 532 huius
1358 501 1476 542 operis
1507 500 1672 534 fasciculo
1696 501 1908 544 publicaturi
1931 510 2026 535 nunc

250 566 333 599 satis
357 565 532 597 habemus
556 561 825 594 emendationes
849 559 982 601 aliquot
1003 559 1163 592 locorum
1187 558 1484 591 Academicorum
1509 558 1696 599 adiecisse,
1722 567 1811 599 quas
1833 559 1907 591 Nic.
1926 559 2026 592 Mad-

251 622 362 663 vigius
387 630 420 653 v.
448 619 489 652 cl.
516 620 585 650 iam
610 628 640 650 a.
660 618 744 650 4857
770 626 852 649 cum
877 617 1013 649 Halmio
1038 616 1377 649 communicaverat.

339 678 445 711 Acad.
472 676 530 708 lib.
550 677 575 715 Ι,
603 675 621 716 g
640 676 670 707 4.
696 675 778 706 satis
799 683 874 706 eum
890 675 986 715 longo
1002 673 1190 705 intervallo.
1231 673 1354 713 Neque
1379 673 1476 713 longo
1499 672 1678 704 intervallo
1701 672 1859 704 reducere
1880 671 2028 711 aliquem

251 737 295 768 ad
316 735 432 767 villam
463 734 507 765 de
536 733 613 764 viae
644 731 859 772 longitudine
892 733 988 763 recte
1021 730 1147 762 dicitur
1179 738 1295 770 neque
1330 738 1393 760 cur
1421 730 1496 761 viae
1521 728 1700 770 longitudo
1726 730 2028 760 commemoretur

253 792 447 833 quidquam
480 792 534 822 est
563 790 615 829 (et
646 787 842 830 paullum
873 786 1022 819 aberant
1045 795 1065 818 a
1088 785 1205 826 villa),
1239 794 1305 817 nec
1336 785 1452 817 minus
1481 786 1600 826 inepte
1632 784 1676 817 de
1700 786 1862 825 tempore
1887 784 2025 824 dicitur,

252 848 395 889 longum
419 845 638 878 intervallum
664 844 795 876 iactum
821 852 898 876 esse
932 844 1023 875 inter
1047 851 1236 875 occursum
1263 843 1297 873 et
1320 841 1580 873 reductionem.
1626 842 1713 873 Eum
1737 839 2028 873 molestissimum

254 906 307 937 est
338 904 417 945 post
446 903 541 934 illum
572 902 605 933 in
631 900 842 932 brevissimo
867 901 903 931 et
926 899 1150 940 apertissimo
1175 897 1366 930 verborum
1393 896 1591 938 complexu.
1640 896 1891 929 scribendum:
1930 899 2028 936 atque

251 961 345 992 illum
368 958 541 998 complexi,
566 961 603 988 ut
626 965 697 987 mos
720 956 904 987 amicorum
927 958 990 994 est,
1017 955 1098 986 satis
1123 958 1203 985 tum
1227 955 1324 994 lonyo
1348 953 1536 991 intervallo,
1563 953 1607 984 ad
1629 961 1725 984 suam
1748 953 1864 984 villam
1885 952 2028 985 reduxi-

252 1025 336 1048 mus.
385 1015 475 1047 Dicit
498 1023 536 1046 se
562 1014 597 1045 et
619 1013 771 1044 Atticum
796 1012 992 1043 Varronem
1023 1009 1228 1051 complexos
1259 1018 1338 1041 esse
1363 1010 1446 1041 satis
1469 1010 1545 1040 tum
1568 1007 1672 1049 longo
1698 1007 1899 1047 intervallo,
1930 1008 1967 1040 h.
1993 1016 2026 1040 e.

254 1080 365 1113 quum
388 1071 490 1111 longo
514 1072 674 1111 tempore
699 1069 883 1101 interiecto
907 1070 983 1100 tum
1008 1068 1161 1109 primum
1185 1066 1369 1099 vidissent.

341 1129 367 1166 I,
394 1127 425 1165 7,
450 1127 504 1159 ⁶29.
552 1129 664 1166 Prope
690 1125 735 1156 ad
758 1133 884 1156 verum
908 1124 1059 1156 accessit
1082 1122 1287 1159 Turnebus3
1314 1121 1547 1154 scribendum
1572 1123 1624 1154 est
1649 1122 1761 1154 enim:
1799 1129 1902 1160 quam
1922 1122 2028 1153 inter-

254 1186 332 1217 dum
360 1184 498 1216 eandem
526 1183 749 1214 necessitatem
779 1181 965 1221 appellant,
1003 1180 1083 1220 quia
1111 1180 1194 1210 nihil
1225 1179 1322 1210 aliter
1348 1180 1454 1218 possit
1483 1182 1583 1219 atque
1613 1177 1653 1209 ab
1685 1187 1724 1210 ea
1753 1177 1967 1210 constitutum
1988 1177 2031 1209 sit

255 1241 442 1279 evenire,
476 1240 572 1279 quasi
595 1238 734 1280 fatalem
757 1241 786 1269 el
809 1236 1047 1268 immutabilem
1069 1236 1350 1267 continuationem
1374 1235 1501 1266 ordinis
1522 1235 1720 1274 sempiterni.
1762 1234 1908 1265 Tantum
1927 1234 2025 1271 inter,

256 1298 289 1329 in
317 1306 388 1338 quo
412 1295 496 1328 latet
520 1294 714 1327 involutum
741 1293 786 1331 id,
814 1293 909 1333 quod
934 1294 1153 1334 reppererat,
1180 1292 1322 1330 evenire,
1349 1290 1439 1322 male
1465 1289 1615 1331 reliquit.
1665 1290 1732 1330 (Sic
1756 1289 1808 1321 vel
1833 1290 2032 1322 intervenire

255 1353 486 1387 scribendum
511 1359 589 1383 esse
616 1359 678 1382 nos
703 1358 844 1391 quoque
870 1349 903 1380 in
929 1348 1154 1380 adnotatione
1180 1346 1340 1379 subiecta
1365 1346 1624 1386 indicavimus.)

343 1411 368 1448 l,
396 1410 449 1448 44,
475 1408 526 1440 39.
564 1409 674 1440 Prave
700 1407 843 1438 dicitur:
872 1415 958 1447 quae
981 1406 1125 1445 quidque
1147 1405 1296 1446 yiyneret
1320 1413 1383 1446 pro
1409 1412 1463 1443 eo,
1491 1403 1585 1444 quod
1602 1402 1706 1435 latine
1725 1402 1920 1435 diceretur:
1946 1411 2032 1442 quae

255 1467 367 1499 omnia
389 1466 553 1506 gyiqneret3
595 1472 703 1505 prave
735 1463 824 1494 haec
858 1463 1134 1502 coniunguntur:
1177 1461 1319 1501 quidque
1349 1465 1377 1492 ct
1409 1463 1549 1491 mentem
1578 1463 1721 1498 atque
1751 1468 1863 1491 sensus
1886 1459 2031 1500 (variata

256 1524 361 1554 etiam
387 1520 574 1563 particula,
609 1520 708 1561 quasi
733 1518 802 1550 duo
828 1519 895 1550 sint
918 1517 1099 1555 membra,
1133 1517 1287 1558 primum
1312 1516 1472 1556 quidque,
1500 1515 1580 1547 dein
1604 1519 1744 1547 mentem
1767 1518 1866 1555 atque
1888 1514 2029 1555 sensus);

256 1581 455 1620 postremo,
488 1576 582 1617 quod
615 1577 721 1616 caput
753 1576 822 1614 est,
857 1575 1002 1606 minime
1028 1575 1120 1605 Zeno
1152 1574 1267 1613 ignem
1293 1573 1408 1604 omnia
1435 1573 1577 1612 gignere
1602 1573 1785 1603 statuerat.
1834 1572 2032 1612 Scripserat

258 1636 399 1668 Cicero:
432 1633 604 1665 Statuebat
626 1633 712 1663 enim
736 1633 845 1672 iqnem
869 1640 935 1663 esse
957 1631 1064 1670 ipsam
1086 1634 1258 1669 naturam,
1286 1638 1373 1670 quae
1397 1631 1571 1669 quoique
1598 1630 1748 1669 yiyneret
1770 1631 1910 1660 mentem
1932 1631 2032 1667 atque

255 1700 376 1724 sensuS.
424 1689 612 1722 Multorum
637 1697 798 1720 errorum
824 1687 900 1719 fons
925 1686 980 1718 illa
1005 1686 1110 1718 dativi
1136 1686 1248 1718 forma
1274 1686 1346 1717 tuit.

345 1748 384 1785 ll,
412 1747 463 1785 40,
491 1746 543 1777 30.
593 1746 754 1776 Fortasse
780 1742 1031 1776 scribendum:
1069 1743 1160 1773 Etsi
1187 1745 1319 1782 poterat
1343 1741 1507 1781 disputari
1529 1740 1701 1779 subtiliter,
1727 1742 1765 1771 ut
1788 1739 1962 1772 reseratur
1985 1739 2031 1771 ad

258 1802 442 1835 consilium
466 1802 533 1833 hoc
558 1801 630 1833 sere
656 1799 974 1841 praetermittendi,
1000 1798 1116 1840 paullo
1142 1800 1222 1829 ante
1247 1797 1491 1837 significatum.

345 1860 386 1898 11,
414 1859 466 1896 44,
493 1857 545 1889 34.
596 1856 829 1888 scribendum
860 1857 930 1894 est,
966 1856 1001 1886 ut
1031 1857 1085 1886 est
1114 1855 1147 1885 in
1173 1854 1251 1887 cod.
1278 1860 1312 1894 ψ
1331 1854 1459 1884 Oxon.:
1500 1855 1530 1883 et
1560 1855 1725 1883 conantur
1755 1852 1936 1891 ostendere,
1967 1860 2033 1883 esse

257 1917 385 1956 aliquid
404 1914 583 1955 perspicui,
608 1922 723 1944 verum
746 1913 828 1943 illud
852 1913 983 1951 quidem
1008 1914 1045 1942 et
1068 1912 1306 1950 impressum
1337 1910 1371 1940 in
1395 1910 1507 1940 animo
1532 1912 1631 1947 atque
1653 1911 1770 1947 mente,
1796 1916 1899 1947 neque
1922 1910 2033 1938 tamen

256 1974 290 2004 id
315 1974 382 2004 etc.
431 1972 637 2003 Coniunctio
669 1980 785 2002 verum
816 1969 899 2002 nihil
924 1970 980 2001 hic
1004 1969 1070 2001 loci
1095 1969 1202 2000 habet
1226 1968 1280 2000 vel
1306 1970 1451 2009 propter
1475 1967 1637 1999 ordinem
1661 1967 1878 2007 reliquorum
1902 1965 2033 1998 verbo-

258 2038 355 2067 rum;
383 2028 487 2060 scribi
514 2029 607 2059 enim
634 2027 807 2059 debebat:
839 2035 955 2058 verum
978 2027 1173 2066 impressum
1197 2026 1280 2057 illud
1304 2026 1434 2064 quidem
1457 2042 1474 2047 -
1492 2042 1510 2047 -
1532 2033 1637 2063 neque
1660 2027 1771 2055 tamen
1795 2024 1862 2054 etc.

345 2086 384 2123 ΙΙ,
415 2085 466 2123 47,
494 2084 554 2116 54:
599 2085 759 2115 Fortasse
785 2081 1033 2114 scribendum:
1072 2090 1131 2114 nee
1161 2082 1201 2112 sit
1232 2082 1264 2112 in
1296 2080 1420 2112 duobus
1451 2084 1511 2111 aut
1529 2080 1682 2120 pluribus
1704 2079 1798 2111 nulla
1820 2088 1858 2110 re
1881 2079 2034 2119 differens

257 2143 479 2173 communitas
501 2142 565 2172 uisi
597 2141 843 2180 (φαντασίας,
870 2142 929 2171 aut
952 2139 1103 2176 uidendi,
1136 2136 1203 2170 τοῦ
1228 2135 1510 2178 φαντάζεσθαι,
1538 2137 1627 2169 conf.
1647 2136 1700 2175 34,
1721 2136 1777 2168 404
1803 2135 2030 2175 percipiendi).

259 2199 332 2229 Sint
355 2201 385 2229 et
407 2207 471 2229 ova
495 2206 633 2228 ovorum
658 2198 725 2228 etc.

348 2255 388 2293 ll,
415 2254 468 2292 ⁶24„
495 2254 548 2285 76.
591 2254 676 2293 Quid
692 2253 868 2292 Cyrenaici
885 2252 942 2283 tibi
958 2252 1125 2290 videntur,
1150 2251 1285 2282 minime
1307 2250 1485 2289 contempti
1504 2246 1713 2289 philosophi?
1737 2247 1794 2286 qui
1816 2248 1939 2287 negant
1963 2247 2029 2278 etc.

262 2311 365 2342 «Was
386 2311 502 2341 meinst
525 2310 569 2340 du
590 2318 654 2339 von
677 2309 738 2340 den
762 2308 996 2348 Cyrenailcern,
1023 2308 1074 2339 die
1096 2308 1225 2347 sagyen?
1259 2306 1302 2338 cf.
1330 2306 1459 2338 Horatii
1484 2306 1584 2346 epist.
1604 2305 1629 2343 1,
1649 2304 1702 2343 44,
1722 2304 1734 2334 4
1766 2303 1832 2334 etc.

348 2367 388 2405 ΙΙ,
415 2366 468 2405 25,
494 2365 548 2397 79.
597 2364 832 2396 scribendum
858 2365 927 2395 est:
955 2364 1115 2395 Maneant
1137 2363 1195 2393 illa
1220 2362 1351 2399 omnim
1376 2362 1546 2393 laceratur
1569 2361 1633 2392 ista
1655 2367 1778 2396 causa,·
1804 2367 1938 2390 veraces
1959 2366 2033 2390 uos

259 2431 325 2454 esse
355 2430 465 2453 sensus
496 2421 652 2452 dicitis.
699 2421 815 2459 Itaque
848 2428 976 2459 semper
1009 2422 1178 2450 auctorem
1215 2417 1383 2449 habetis
1417 2426 1510 2455 eum,
1549 2416 1605 2456 qui
1639 2423 1762 2456 mayno
1795 2423 1854 2446 suo
1883 2413 2033 2454 periculo

261 2487 397 2510 causam
420 2481 513 2518 ayat.

349 2535 388 2572 ΙΙ,
416 2534 468 2572 26,
495 2534 548 2565 82.
597 2533 703 2564 Recte
728 2532 901 2569 Davisius,
928 2530 1028 2562 cuius
1052 2531 1264 2561 sententiam
1289 2528 1434 2561 Orellius
1459 2537 1527 2560 non
1553 2526 1864 2559 commemoravit:
1904 2525 1968 2557 Sed
1991 2524 2033 2556 ab

261 2591 319 2620 hoc
341 2590 484 2628 credulo,
511 2589 568 2627 qui
590 2597 773 2628 numquam
796 2596 907 2618 sensus
929 2587 1063 2617 mentiri
1083 2590 1193 2625 putat,
1220 2586 1434 2616 discedamus.
1474 2585 1582 2625 Quid?
1605 2591 1645 2614 ne
1661 2591 1748 2614 nunc
1765 2582 1895 2623 quidem
1920 2582 2035 2622 (men-

263 2646 317 2676 tiri
343 2654 403 2677 eos
429 2646 557 2686 putas),
584 2653 686 2685 quum
709 2644 762 2675 ille
786 2644 888 2674 sol--
905 2646 1014 2673 tamen
1038 2641 1130 2673 nobis
1152 2645 1240 2673 stare
1263 2642 1442 2672 videatur?

352 2702 392 2738 li,
419 2701 470 2739 32,
499 2702 572 2732 402.
621 2701 736 2731 Oratio
761 2700 811 2731 sic
835 2697 1114 2739 interpungenda
1141 2699 1211 2728 est:
1244 2700 1330 2728 certe
1352 2697 1454 2728 levior
1475 2695 1681 2735 reprehensio
1705 2696 1762 2732 est,
1787 2693 1874 2732 quod
1897 2693 2034 2724 dicimus

263 2765 329 2789 esse
352 2758 515 2796 quaedam
536 2756 734 2796 probabilia.
782 2756 857 2786 Non
879 2755 1011 2785 videtur
1033 2754 1092 2784 hoc
1114 2753 1196 2784 satis
1220 2761 1287 2783 esse
1308 2752 1408 2784 robis.
1456 2752 1505 2782 Ne
1527 2751 1588 2788 sit:
1618 2750 1677 2780 illa
1700 2752 1786 2781 certe
1810 2751 1876 2780 etc.

353 2813 393 2850 ΙΙ,
420 2812 472 2850 32,
500 2812 573 2844 404.
622 2810 855 2843 scribendum
881 2811 949 2841 est:
986 2809 1024 2840 Id
1047 2817 1148 2848 quum
1171 2808 1221 2839 ita
1243 2809 1296 2845 sit,
1322 2807 1464 2839 alterum
1484 2806 1617 2847 placere
1632 2822 1680 2828 --
1695 2804 1892 2844 respondere
1912 2804 2032 2844 possit,-

267 2876 468 2908 quumque
494 2867 642 2906 placeat,
675 2875 749 2898 eum
765 2883 812 2889 --
829 2874 929 2907 agere
952 2864 1098 2903 aliquid,
1122 2863 1255 2903 reliquit
1280 2864 1346 2894 etc.
