2249 3624
660 138 801 181 L1n.1.
843 138 940 180 ΟΑΡ.
963 140 1142 181 lv-v,
1186 139 1245 194 §§
1277 138 1444 181 9—46.
1856 136 1936 179 645

167 247 262 288 dam
292 258 478 287 amorem
509 245 551 286 in
583 258 670 293 eoS,
702 246 773 299 qui
807 248 1015 300 procreati
1047 252 1156 295 sunt,
1188 248 1451 302 impellitque
1480 254 1525 289 ut
1546 248 1766 289 hominum
1790 252 1936 288 coetus

166 316 208 352 et
237 308 542 350 celebrationes
581 314 621 348 et
663 320 756 348 esse
797 316 838 349 et
874 322 897 349 a
937 323 981 350 se
1023 310 1127 350 obiri
1167 311 1270 351 velit
1307 312 1361 351 ob
1399 324 1557 365 easque
1589 324 1737 352 causas
1769 310 1936 351 studeat

164 385 312 428 parare
343 383 404 418 ea,
437 383 543 424 quae
576 370 846 424 suppeditent
877 371 927 412 ad
961 372 1118 412 cultum
1153 379 1191 413 et
1223 372 1276 413 ad
1308 374 1477 421 victum,
1510 387 1587 413 nec
1619 374 1696 414 sibi
1729 373 1827 421 soli,
1860 373 1933 413 sed

165 435 358 489 coniugi,
402 434 545 474 liberis
586 434 843 488 ceterisque,
886 448 993 488 quos
1034 448 1151 476 caros
1191 436 1343 475 habeat
1382 437 1576 490 tuerique
1608 436 1781 476 debeat:
1824 448 1932 490 quae

164 511 262 539 cura
293 496 521 538 exsuscitat
552 497 675 536 etiam
707 496 868 536 animos
901 502 942 536 et
973 497 1150 537 maiores
1182 498 1232 538 ad
1265 511 1350 538 rem
1382 499 1607 551 gerendam
1630 498 1741 539 facit.
1788 496 1852 537 43.
1887 498 1965 537 1n5

163 560 392 615 primisque
423 559 604 599 hominis
637 564 697 598 est
728 560 897 611 propria
930 560 1015 598 veri
1049 560 1268 613 inquisitio
1300 567 1424 615 atque
1453 562 1736 615 investigatio.
1787 562 1932 614 ltaque

163 637 257 664 cum
299 635 443 663 sumus
484 621 735 662 necessariis
776 622 954 673 negotiis
996 623 1194 675 curisque
1234 624 1379 671 vacui,
1426 630 1510 664 tum
1557 637 1728 664 avemus
1770 623 1932 677 aliquid

161 685 328 732 videre,
367 684 537 731 audire,
579 683 820 731 addiscere,
860 684 1230 738 cognitionemque
1275 699 1411 726 rerum
1452 692 1523 727 aut
1564 687 1822 727 occultarum
1862 691 1934 726 aut

162 747 467 788 admirabilium
500 746 550 786 ad
584 747 703 786 beate
734 746 959 787 vivendum
992 748 1271 787 necessariam
1296 748 1498 788 ducimus.
1558 750 1621 789 Ex
1654 762 1736 802 quo
1767 748 1932 789 intelle-

161 810 291 863 gitur,
333 810 446 863 quod
480 823 646 855 verum,
689 808 869 861 simplex
903 808 1201 863 sincerumque
1233 811 1308 857 sit,
1349 811 1388 849 id
1422 825 1513 851 esse
1545 817 1718 851 naturae
1750 811 1931 852 hominis
1945 820 1981 849 ἰο

161 872 438 926 aptissimum.
486 872 594 911 Huic
626 873 713 911 veri
745 871 915 911 videndi
949 872 1168 924 cupiditati
1201 872 1398 912 adiuncta
1421 880 1481 913 est
1503 874 1702 926 adpetitio
1726 875 1931 928 quaedam

160 935 438 989 principatus,
480 940 526 974 ut
565 934 722 974 nemini
763 947 909 988 parere
948 935 1114 973 animus
1156 935 1262 974 bene
1302 935 1549 975 informatus
1589 950 1611 976 a
1651 942 1799 977 natura
1829 936 1932 976 velit

160 999 240 1038 nisi
275 994 579 1051 [praecipienti]
621 1002 693 1036 aut
733 997 897 1036 docenti
939 1004 1010 1038 aut
1048 999 1239 1038 utilitatis
1272 1012 1397 1038 causa
1429 1001 1536 1039 iuste
1568 1006 1606 1040 et
1637 999 1823 1051 legitime
1855 999 1931 1038 im-

159 1062 343 1115 peranti:
376 1074 427 1100 ex
460 1073 544 1113 quo
577 1060 818 1113 magnitudo
849 1060 978 1099 animi
1012 1062 1152 1100 existit
1184 1061 1544 1116 humanarumque
1577 1076 1713 1102 rerum
1746 1067 1930 1102 contem-

160 1123 261 1178 ptio.
330 1121 388 1162 t-t.
426 1124 511 1162 Nec
545 1136 642 1162 vero
673 1123 747 1162 illa
777 1136 903 1176 parva
935 1124 996 1163 vis
1027 1129 1200 1162 naturae
1233 1129 1295 1163 est
1326 1125 1611 1178 rationisque,
1652 1124 1765 1178 quod
1798 1135 1980 1163 unum⁴5

160 1186 236 1228 hoc
266 1186 418 1227 animal
452 1186 597 1233 sentit,
641 1185 742 1238 quid
774 1186 827 1224 sit
857 1186 981 1233 ordo,
1022 1185 1121 1239 quid
1155 1186 1208 1225 sit
1240 1186 1354 1239 quod
1388 1186 1533 1226 deceat
1565 1188 1605 1227 in
1637 1187 1756 1227 factis
1788 1186 1930 1226 dictis-

160 1264 256 1304 que,
289 1250 361 1303 qui
394 1248 558 1288 modus.
618 1250 764 1301 ltaque
797 1261 938 1301 eorum
971 1249 1169 1302 ipsorum,
1203 1262 1311 1302 quae
1343 1256 1513 1302 aspectu
1545 1251 1804 1296 sentiuntur,
1836 1248 1929 1288 nul-

158 1312 244 1352 lum
285 1312 399 1352 aliud
442 1311 595 1350 animal
628 1310 1008 1363 pulchritudinem,
1054 1316 1336 1359 venustatem,
1378 1314 1716 1352 convenientiam
1749 1312 1928 1365 partium

159 1375 303 1415 sentit:
347 1387 469 1429 quam
501 1373 819 1413 similitudinem
851 1379 997 1413 natura
1032 1374 1221 1428 ratioque
1253 1375 1302 1413 ab
1335 1375 1468 1414 oculis
1499 1376 1549 1415 ad
1582 1376 1763 1415 animum
1795 1379 1929 1413 trans-

158 1437 298 1478 ferens
331 1436 462 1476 multo
494 1438 618 1476 etiam
653 1437 783 1487 magis
815 1436 1185 1488 pulchritudinem,
1218 1438 1511 1484 constantiam,
1543 1438 1731 1478 ordinem
1764 1436 1806 1475 in
1831 1446 1979 1476 con-20

159 1500 265 1540 siliis
297 1499 501 1552 factisque
533 1499 821 1539 conservanda
859 1504 977 1552 putat
1014 1505 1218 1552 cavetque
1260 1512 1311 1539 ne
1355 1499 1455 1552 quid
1486 1500 1683 1539 indecore
1716 1498 1929 1537 effemina-

159 1567 251 1602 teve
282 1561 419 1608 faciat,
451 1567 538 1602 tum
571 1562 614 1601 in
647 1561 842 1601 omuibus
874 1566 915 1601 et
946 1561 1220 1614 opinionibus
1253 1568 1291 1601 et
1322 1561 1454 1607 factis,
1488 1576 1540 1602 ne
1564 1562 1664 1616 quid
1689 1559 1927 1600 lubidinose

159 1630 231 1664 aut
261 1623 387 1664 faciat
418 1631 490 1664 aut
521 1625 688 1677 cogitet.
750 1624 914 1672 Quibus
948 1637 999 1663 ex
1031 1624 1156 1664 rebus
1190 1625 1395 1664 conflatur
1426 1629 1466 1664 et
1498 1624 1676 1664 efficitur
1706 1624 1770 1670 id,
1813 1623 1927 1676 quod

160 1688 420 1742 quaerimus,
451 1687 698 1727 honestum:
732 1686 845 1740 quod
879 1687 1004 1726 etiam
1037 1687 1070 1725 si
1104 1687 1369 1727 nobilitatum
1402 1701 1485 1727 non
1518 1688 1594 1735 sit,
1625 1693 1766 1727 tamen
1796 1686 1929 1726 hone-

160 1757 268 1791 stum
300 1750 372 1798 sit,
405 1750 601 1804 quodque
634 1763 730 1790 vere
763 1749 956 1797 dicimus,
988 1749 1111 1789 etiam
1145 1750 1179 1789 si
1212 1763 1234 1789 a
1266 1750 1383 1790 nullo
1415 1750 1626 1798 laudetur,
1658 1755 1806 1790 natura
1838 1762 1928 1789 esse
1942 1759 1979 1789 -25

159 1813 385 1853 laudabile.

271 1876 318 1914 V.
352 1873 415 1914 fiij.
448 1876 638 1915 Formam
670 1875 839 1928 quidem
872 1875 1026 1927 ipsam,
1058 1876 1194 1915 Marce
1228 1873 1296 1922 fili,
1330 1880 1370 1915 et
1396 1881 1606 1929 tamquam
1629 1875 1778 1916 faciem
1799 1875 1930 1915 hone-

159 1938 210 1978 sti
242 1938 383 1985 vides,
424 1951 533 1991 quae
576 1938 610 1977 si
651 1938 783 1977 oculis
826 1942 1089 1982 cerneretur,
1131 1938 1344 1978 mirabiles
1387 1952 1575 1986 amores,
1616 1945 1661 1978 ut
1701 1939 1758 1979 ait
1796 1938 1928 1985 Plato,

159 2000 362 2041 excitaret
391 2000 636 2053 sapientiae.
699 2000 780 2039 Sed
813 2014 958 2046 omne,
1000 1999 1115 2053 quod
1149 2006 1209 2040 est
1240 2001 1489 2048 honestum,
1530 2001 1571 2040 id
1605 2007 1805 2055 quattuor
1834 2013 1929 2052 par-

158 2064 261 2103 tium
292 2062 425 2102 oritur
455 2076 508 2102 ex
539 2063 690 2115 aliqua.
757 2063 839 2102 Aut
872 2063 981 2102 enim
1013 2063 1054 2101 in
1087 2063 1385 2116 perspicientia
1416 2064 1502 2103 veri
1534 2064 1805 2116 sollertiaque
1837 2071 1979 2102 ver-30

159 2131 274 2165 satur
314 2130 383 2164 aut
422 2125 464 2164 in
504 2125 722 2164 hominum
763 2125 961 2165 societate
1002 2126 1155 2165 tuenda
1196 2126 1509 2179 tribuendoque
1551 2140 1671 2166 suum
1703 2126 1857 2179 cuique
1889 2130 1930 2165 et

159 2200 298 2226 rerum
329 2192 635 2227 contractarum
667 2184 749 2226 fide
780 2192 851 2226 aut
882 2187 925 2226 in
957 2188 1085 2227 animi
1117 2188 1273 2228 excelsi
1306 2194 1433 2242 atque
1464 2188 1607 2228 invicti
1641 2187 1929 2240 magnitudine

159 2262 206 2289 ac
237 2249 386 2290 robore
417 2255 488 2289 aut
518 2251 559 2289 in
591 2250 790 2297 omnium,
823 2263 931 2302 quae
963 2248 1068 2290 fiunt
1100 2264 1292 2304 quaeque
1325 2251 1534 2298 dicuntur,
1559 2250 1706 2290 ordine
1730 2256 1770 2289 et
1792 2249 1928 2296 modo,

161 2311 205 2351 in
236 2324 319 2365 quo
351 2313 460 2352 inest
490 2312 698 2352 modestia
729 2317 770 2352 et
801 2314 1092 2366 temperantia.
1156 2313 1273 2361 Quae
1306 2319 1504 2367 quattuor
1535 2325 1788 2366 quamquam
1820 2313 1930 2351 inter

160 2386 203 2414 se
235 2374 430 2426 colligata
470 2380 597 2427 atque
634 2374 846 2427 implicata
888 2381 1006 2423 sunt,
1047 2381 1185 2416 tamen
1229 2389 1280 2415 ex
1324 2375 1500 2428 singulis
1542 2380 1654 2414 certa
1694 2372 1979 2413 ofliciorum35

161 2449 314 2490 genera
345 2443 593 2484 nascuntur,
632 2438 747 2477 velut
779 2450 831 2476 ex
863 2451 910 2477 ea
940 2444 1079 2490 parte,
1115 2451 1224 2492 quae
1256 2439 1386 2491 prima
1421 2438 1629 2490 descripta
1660 2442 1740 2483 est,
1772 2437 1813 2475 in
1847 2448 1930 2489 qua

160 2498 407 2552 sapientiam
440 2506 480 2540 et
511 2500 777 2552 prudentiam
809 2501 1026 2552 ponimus,
1067 2501 1175 2540 inest
1206 2500 1417 2552 indagatio
1451 2507 1578 2552 atque
1609 2498 1795 2538 inventio
1826 2498 1928 2546 veri,

161 2563 335 2615 eiusque
368 2562 530 2602 virtutis
562 2562 641 2601 hoc
673 2576 823 2602 munus
856 2569 918 2602 est
948 2564 1177 2616 proprium.
1248 2560 1305 2601 tu.
1340 2563 1389 2602 Ut
1410 2563 1519 2601 enim
1545 2562 1726 2614 quisque
1749 2561 1928 2600 maxime

161 2625 378 2678 perspicit,
411 2624 513 2676 quid
546 2624 587 2663 in
620 2638 663 2664 re
697 2638 863 2678 quaque
895 2626 1157 2665 verissimum
1190 2626 1257 2672 sit,
1290 2624 1446 2678 quique
1474 2624 1715 2663 acutissime
1737 2628 1778 2662 et
1799 2622 1928 2662 celer·

159 2686 263 2726 rime
294 2692 435 2739 potest
466 2692 505 2726 et
535 2686 678 2726 videre
712 2692 751 2726 et
782 2687 993 2740 explicare
1025 2688 1252 2734 rationem,
1272 2688 1306 2727 is
1329 2687 1679 2740 prudentissimus
1702 2691 1743 2726 et
1764 2686 1927 2739 sapien·
1942 2696 1980 2727 40

248 2876 279 2906 1¹.
305 2879 393 2907 cetus
414 2876 581 2908 hominum
605 2885 624 2908 c
656 2895 689 2900 -
728 2878 759 2908 ⁵2.
786 2882 815 2909 et
839 2878 880 2908 ab
903 2887 934 2909 sc
959 2886 976 2909 c
1010 2895 1043 2900 -
1083 2878 1114 2909 3.
1141 2878 1190 2918 ea]
1215 2882 1243 2909 et
1268 2886 1288 2909 a
1316 2895 1350 2898 —
1378 2877 1420 2907 acl
1443 2876 1568 2907 cultum
1593 2876 1617 2907 C
1645 2877 1761 2915 (etiam
1787 2877 1870 2915 ab):
1898 2880 1928 2908 et

160 2925 204 2956 acl
226 2924 348 2956 cultum
374 2933 392 2957 o
430 2944 464 2948 —
502 2926 533 2958 4.
560 2928 692 2967 coniugi
716 2931 744 2958 et
767 2928 878 2959 liberis
903 2937 920 2959 c
959 2945 993 2950 -—
1032 2929 1062 2959 ti.
1086 2929 1224 2967 propt-ta
1251 2932 1295 2958 est
1320 2934 1337 2956 c
1377 2944 1406 2949 -
1450 2927 1481 2956 7.
1507 2934 1644 2956 auemus
1666 2926 1747 2958 Ba:
1774 2926 1928 2957 habemus

159 2975 293 3006 Allbc
328 2993 371 2998 -—
414 2976 564 3007 stum-1·
596 2985 687 3007 corr.
716 2978 748 3008 in
780 2986 859 3007 uero
892 2986 912 3009 a
950 2996 984 3000 —
1031 2978 1076 3009 ¹3.
1101 2978 1317 3017 praecipienti
1343 2975 1409 3007 del.
1437 2976 1556 3007 Herm.
1583 2976 1768 3016 Sauppius.
1818 2977 1926 3008 «Nam

161 3025 302 3061 Cicero,
334 3025 362 3056 si
385 3025 493 3056 verba
515 3027 708 3065 praecipere
733 3029 765 3058 et
790 3028 904 3058 docere
928 3028 1139 3067 coniungere
1164 3026 1286 3058 veltet.
1319 3030 1375 3057 aa!
1397 3025 1613 3065 praecipienti
1636 3029 1667 3057 et
1689 3026 1815 3057 docenti
1839 3027 1928 3057 scri—

160 3075 320 3114 psisset.n
350 3092 383 3096 —
424 3076 475 3107 44.
502 3078 647 3107 consistit
671 3085 689 3108 c
729 3095 762 3099 —
800 3078 961 3108 contentio
987 3079 1011 3109 n
1028 3087 1081 3118 ap
1116 3095 1149 3099 —
1190 3079 1402 3115 ips‹;›ruuzque
1426 3078 1559 3113 aspectu
1582 3083 1604 3106 a
1628 3091 1663 3096 —
1705 3074 1755 3105 ⁴6.
1783 3075 1863 3115 quid
1887 3075 1928 3106 sit

159 3124 240 3154 ordo
270 3132 338 3154 om.
365 3132 386 3163 p
426 3142 459 3146 -
500 3127 550 3157 47.
577 3127 655 3165 quid
679 3127 794 3156 m-sdus
823 3127 947 3165 Unger.
988 3145 1022 3148 —
1061 3128 1112 3158 21.
1139 3126 1365 3157 conse-minda
1398 3124 1499 3155 codd.
1527 3123 1658 3164 aliquot
1687 3125 1924 3155 recentiores:

160 3173 423 3204 conseruandam
447 3174 471 3205 C
504 3174 741 3213 (conset-nanda
763 3176 886 3213 Abcj¹3
925 3177 1184 3207 conservandum
1212 3184 1230 3206 o
1269 3193 1303 3197 —
1341 3173 1392 3205 24.
1419 3174 1588 3205 honestum
1611 3176 1650 3206 sit
1675 3176 1699 3206 C
1727 3175 1842 3213 (etiam
1867 3174 1923 3213 a):

160 3220 329 3252 honestum
351 3226 397 3254 est
420 3231 439 3255 o
474 3242 508 3246 ——
547 3225 598 3256 27.
626 3226 730 3264 ipsam
760 3234 830 3256 om.
858 3234 876 3257 c
909 3244 952 3249 —-
988 3227 1039 3258 29.
1066 3227 1247 3266 sapienliae
1272 3224 1354 3256 secl.
1375 3225 1568 3256 Gernhard.
1596 3242 1631 3247 —
1670 3228 1715 3256 est
1739 3233 1808 3256 om.
1834 3225 1858 3256 B
1883 3241 1925 3246 —

162 3269 214 3302 34.
240 3271 274 3303 in
297 3280 361 3311 quo
384 3276 429 3304 est
451 3273 490 3305 B¹
516 3291 551 3296 —-
586 3275 617 3305 in
643 3284 705 3314 quo
728 3275 778 3306 vis
800 3278 845 3307 esc
869 3277 1045 3308 modestiae
1067 3281 1095 3308 ει
1119 3276 1356 3316 temperantiae
1377 3284 1399 3317 p
1426 3293 1461 3298 -
1496 3275 1548 3308 35.
1575 3276 1736 3316 implicita
1758 3283 1792 3316 p.
