2249 3624
513 189 602 229 Lm.
632 187 683 228 11.
723 186 820 227 ομ».
851 185 978 226 xm.
1014 183 1073 239 §5
1106 181 1353 225 4027—4311.
1760 178 1812 222 49

56 302 320 356 repugnabo,
362 302 458 341 dum
491 300 612 341 modo
645 299 792 340 eodem
829 304 950 353 pacto
981 305 1119 339 cetera
1150 298 1305 352 percipi
1337 295 1720 350 comprehendique
1752 295 1815 335 di-

57 372 162 405 cant.
218 366 300 404 Nec
340 364 447 404 enim
488 369 661 416 possunt
693 363 832 402 dicere
863 361 975 402 aliud
1009 362 1091 401 alio
1123 361 1253 414 magis
1285 361 1476 400 minusve
1508 357 1813 413 conprehendi,

56 428 252 481 quoniam
284 426 467 467 omnium
500 440 635 465 reruni
670 439 751 465 una
783 430 845 465 est
876 424 1062 464 delinitio
1094 421 1491 476 comprehendendi.

166 490 290 529 XLlI.
332 486 416 528 1⁶29.
460 488 540 527 Sed
582 488 694 541 quod
734 500 974 540 coeperam:
1019 485 1128 534 Quid
1167 485 1369 525 habemus
1400 486 1442 524 in
1469 484 1593 525 rebus
1624 483 1743 523 bonis
1774 488 1815 523 et

53 552 171 591 malis
203 551 440 604 explorati?
473 563 623 603 nempe
657 549 757 589 lines
789 548 1069 589 constituendi
1101 553 1218 595 sunt,
1252 547 1302 587 ad
1328 560 1434 601 quos
1466 551 1507 587 et
1536 546 1742 586 bonorum
1774 550 1843 585 et5

54 614 254 653 malorum
299 626 459 653 summa
503 612 730 652 referatur:
778 625 859 665 qua
900 611 950 650 de
988 624 1032 652 re
1076 616 1137 650 est
1180 611 1304 663 igitur
1342 611 1449 650 inter
1489 622 1672 649 summos
1703 608 1814 647 viros

51 677 180 715 maior
216 675 450 715 dissensio?
498 674 654 714 Omitto
694 675 787 720 illa,
831 686 938 726 quae
974 673 1121 712 relicta
1150 674 1230 712 iam
1262 672 1481 722 videntur,
1521 677 1565 712 ut
1596 670 1814 718 IIerillum,

52 738 121 790 qui
162 737 203 776 in
243 737 478 791 cognitione
523 743 562 776 et
594 737 768 776 scientia
799 749 1005 775 summum
1038 736 1193 774 bonum
1225 736 1364 789 ponit:
1405 736 1477 789 qui
1509 748 1602 774 cum
1635 733 1816 774 Zenonis

50 799 213 838 auditor
243 805 374 846 esset,
415 800 531 838 vides
564 805 765 852 quantum
804 799 854 838 ab
887 811 935 837 eo
968 797 1215 836 dissenserit
1247 802 1286 836 et
1318 811 1441 851 quam
1472 811 1555 837 non
1588 796 1762 836 multum
1793 807 1816 835 a

49 862 233 901 Platone.
293 862 595 915 Megaricorum
629 860 706 900 suit
736 860 885 900 nobilis
918 860 1159 911 disciplina,
1192 860 1332 906 cuius,
1371 865 1416 899 ut
1447 860 1644 913 scriptum
1677 859 1815 906 video,
1830 869 1866 899 to

50 925 240 978 princeps
270 924 574 976 Xenophanes,
619 936 741 976 quem
776 923 897 962 modo
931 922 1166 969 nominavi3
1209 921 1361 961 deiude
1394 935 1488 961 eum
1522 923 1676 970 secuti,
1720 922 1816 962 Par-

50 986 236 1026 menides
268 992 305 1026 et
337 988 473 1033 Zeno,
506 986 648 1038 itaque
681 986 731 1025 ab
763 985 813 1023 iis
844 984 1018 1023 Eleatici
1051 983 1294 1037 philosophi
1329 984 1665 1024 nominabantur.
1718 985 1817 1024 Post

47 1049 262 1097 Euclides,
295 1049 476 1089 Socratis
509 1048 762 1101 discipulus,
804 1048 1040 1100 Megareus,
1073 1060 1095 1086 a
1127 1059 1211 1099 quo
1244 1045 1353 1085 idem
1385 1046 1446 1086 illi
1478 1047 1672 1099 Megarici
1703 1047 1816 1094 dicti,

51 1111 121 1164 qui
152 1112 194 1150 id
224 1111 379 1151 bonum
411 1111 545 1151 solum
577 1124 667 1150 csse
700 1109 914 1157 dicebant,
947 1109 1059 1162 quod
1092 1114 1202 1148 essct
1232 1122 1364 1148 unum
1395 1114 1435 1148 et
1466 1109 1601 1149 simile
1633 1114 1673 1149 et
1703 1109 1814 1149 idem

49 1186 226 1226 semper.
284 1174 337 1213 Hi
377 1186 546 1227 quoque
584 1173 714 1212 multa
744 1185 766 1211 a
797 1172 981 1212 Platone.
1047 1173 1080 1210 A
1122 1171 1370 1211 Menedemo
1416 1176 1578 1218 autem,
1626 1169 1738 1224 quod
1781 1170 1867 1210 isis

47 1235 208 1275 Eretria
237 1235 338 1283 fuit,
369 1236 570 1275 Eretriaci
602 1234 820 1289 appellati,
853 1247 1030 1288 quorum
1063 1247 1185 1273 omne
1215 1233 1371 1273 honum
1396 1233 1439 1273 in
1461 1238 1599 1273 mente
1630 1233 1814 1286 positum

49 1303 87 1336 et
119 1299 266 1338 mentis
297 1298 405 1345 acie,
438 1311 521 1351 qua
552 1311 695 1338 verum
727 1302 986 1337 cerneretur:
1027 1296 1177 1336 Herilli
1209 1296 1382 1343 similia,
1414 1296 1509 1343 sed,
1541 1295 1711 1348 opinor,
1743 1308 1816 1334 ex-

46 1360 197 1412 plicata
227 1361 396 1400 uberius
429 1366 470 1400 et
501 1360 700 1400 ornatius.
762 1355 855 1398 1130.
887 1359 972 1398 Hos
1011 1358 1045 1398 si
1087 1358 1392 1399 contemnimus
1435 1363 1477 1398 et
1514 1358 1595 1397 iam
1635 1357 1815 1397 abiectos

45 1427 258 1474 putamus,
299 1422 394 1462 illos
436 1428 546 1463 certe
585 1422 720 1462 minus
762 1421 978 1474 despicere
1010 1421 1232 1469 debemus,
1274 1421 1539 1468 Aristonem,
1582 1420 1678 1474 qui,
1721 1432 1813 1459 cum

47 1483 226 1523 Zenonis
257 1483 406 1525 fuisset
436 1485 621 1532 auditor,
653 1498 697 1524 re
728 1484 923 1538 probavit
944 1497 989 1523 ea
1013 1496 1120 1537 quae
1147 1484 1217 1523 ille
1238 1484 1389 1531 verbis,
1419 1483 1524 1523 nihil
1547 1495 1639 1522 esse
1660 1482 1813 1522 bonum
1828 1494 1864 1525 20

46 1545 127 1586 nisi
158 1546 372 1594 virtutem,
404 1560 480 1586 nec
512 1547 666 1587 malum
697 1547 779 1586 nisi
811 1545 923 1599 quod
955 1546 1099 1587 virtuti
1132 1551 1243 1587 esset
1274 1546 1548 1586 contrarium:
1591 1545 1635 1584 in
1665 1544 1814 1585 mediis

46 1620 93 1647 ea
124 1614 358 1657 momenta,
390 1622 496 1663 quae
529 1611 640 1649 Zeno
674 1609 826 1656 voluit,
860 1608 972 1648 nulla
1004 1622 1094 1649 esse
1127 1609 1302 1649 censuit.
1364 1609 1469 1648 Huic
1501 1621 1711 1648 summum
1742 1607 1814 1647 ho-

45 1683 143 1709 num
175 1676 258 1718 est,
300 1672 343 1711 in
382 1671 448 1711 his
479 1672 603 1711 rebus
636 1676 824 1711 neutram
856 1671 899 1710 in
929 1677 1090 1723 partem
1122 1672 1303 1719 moveri,
1345 1684 1454 1724 quae
1484 1666 1730 1726 (ἓὸὶαᾳοριά
1762 1670 1813 1710 ab

44 1733 136 1786 ipso
169 1734 331 1774 dicitur.
381 1733 540 1787 Pyrrho
573 1739 711 1774 autem
744 1747 791 1773 ea
822 1746 874 1773 ne
907 1735 1060 1773 sentire
1082 1734 1253 1786 quidem
1276 1733 1531 1786 sapientem,
1564 1746 1670 1787 quae
1702 1728 1814 1773 ἁπά-

47 1798 153 1836 θέια
194 1796 444 1836 nominatur.
503 1796 587 1836 Has
631 1797 757 1850 igitur
796 1800 858 1835 tot
889 1796 1116 1835 sententias
1147 1800 1194 1835 ut
1224 1796 1485 1843 omittamus,
1527 1795 1630 1835 haec
1671 1792 1810 1849 [nunc]
1827 1806 1863 1835 25

43 1858 279 1906 videamus,
313 1871 418 1912 quae
450 1858 522 1898 diu
554 1859 814 1911 multumque
837 1856 1010 1897 defensa
1032 1862 1140 1897 sunt.
1188 1855 1280 1897 432.
1302 1857 1385 1897 Alii
1406 1858 1665 1911 voluptatem
1687 1858 1814 1898 finem

44 1933 135 1960 esse
177 1921 422 1968 voluerunt,
469 1935 646 1974 quorum
689 1921 881 1974 princeps
923 1920 1185 1973 Aristippus,
1239 1920 1309 1973 qui
1349 1920 1560 1961 Socratem
1600 1920 1813 1968 audierat3

45 1982 157 2022 unde
198 1983 429 2037 Cyrenaici.
491 1985 587 2023 Post
627 1984 854 2037 Epicurus,
899 1983 1017 2022 cuius
1057 1988 1121 2023 est
1161 1983 1383 2036 disciplina
1423 1997 1533 2023 nunc
1563 1984 1706 2024 notior
1736 1996 1814 2023 nec

44 2050 181 2085 tamen
213 2060 304 2086 cum
338 2046 575 2099 Cyrenaicis
607 2046 657 2085 de
688 2047 779 2100 ipsa
810 2045 1021 2099 voluptate
1054 2046 1333 2086 consentiens.
1384 2046 1650 2099 Voluptatem
1674 2050 1813 2085 autem

45 2113 83 2146 et
114 2108 373 2148 honestatem
404 2108 528 2149 finem
561 2122 651 2149 esse
684 2108 874 2162 Callipho
907 2108 1093 2148 censuit:
1124 2121 1271 2148 vacare
1304 2108 1417 2148 omni
1449 2108 1640 2148 molestia
1665 2108 1860 2148 Hiero-30

43 2182 217 2223 nymus:
247 2170 329 2210 hoc
349 2170 459 2211 idem
482 2185 575 2211 cum
598 2171 815 2212 honestate
837 2171 1072 2219 Diodorus;
1105 2171 1226 2210 ambo
1248 2170 1292 2210 hi
1313 2170 1590 2224 Peripatetici.
1627 2170 1814 2209 Honeste

42 2236 181 2272 autem
218 2233 358 2273 vivere
394 2232 600 2273 fruentem
640 2233 763 2273 rebus
794 2233 869 2281 iis,
911 2246 1013 2287 quas
1050 2233 1203 2286 primas
1233 2233 1397 2273 homini
1427 2237 1576 2272 natura
1607 2231 1814 2279 conciliet,

42 2299 83 2333 et
111 2299 232 2335 vetus
263 2295 490 2335 Academia
520 2297 705 2344 censuit,
737 2301 785 2336 ut
813 2295 1002 2336 indicant
1033 2295 1187 2348 scripta
1217 2294 1480 2342 Polemonis,
1512 2307 1636 2347 quem
1667 2293 1814 2333 Antio-

128 2462 159 2494 3.
185 2463 328 2504 definitio
351 2462 530 2503 confihendi
553 2464 608 2498 13¹3
647 2463 690 2495 de
716 2464 889 2504 potestate
915 2462 1074 2504 gerundii
1098 2472 1130 2494 v.
1158 2462 1342 2503 MadvigL
1376 2471 1409 2503 p.
1437 2462 1498 2493 497
1523 2470 1602 2502 sqq.
1632 2477 1666 2484 —
1701 2460 1733 2493 4.
1760 2469 1813 2492 ce—

36 2519 154 2552 peram
177 2513 201 2544 B
229 2529 264 2534 —
298 2512 401 2544 habus
424 2512 461 2545 13¹
488 2531 522 2535 —
555 2514 586 2545 5.
614 2511 737 2553 exploti
762 2514 837 2545 A¹B
866 2531 901 2536 —
935 2514 965 2544 7.
992 2513 1104 2544 omillo
1129 2512 1267 2553 Madvig
1290 2521 1324 2554 p.
1350 2512 1408 2543 201
1430 2523 1436 2543 ε
1466 2515 1495 2543 el
1519 2512 1631 2543 omilto
1656 2510 1758 2543 codd.
1786 2511 1811 2542 Ο

41 2562 121 2602 (qua
145 2562 183 2593 de
205 2570 242 2593 re
263 2562 366 2603 igilur
389 2563 412 2594 i.
438 2571 462 2593 s.
491 2572 520 2594 v.
545 2571 589 2594 m.
617 2563 769 2594 dissensio
793 2564 863 2594 esl?
889 2564 1006 2595 Omitto
1024 2563 1114 2594 coni.
1134 2562 1240 2602 Klotz)
1263 2580 1297 2585 —
1323 2564 1359 2593 ut
1374 2562 1534 2593 Her-illum
1551 2563 1678 2594 Davies
1696 2561 1808 2603 (prob.

40 2611 209 2652 Madvigio
233 2621 266 2653 p.
287 2613 378 2652 20⁴):
405 2613 534 2645 erillum
556 2614 584 2644 A
598 2613 643 2647 B:
670 2617 699 2644 et
722 2613 814 2644 illum
838 2614 862 2645 E
877 2615 919 2653 G,
947 2617 976 2645 el
991 2614 1152 2645 Hei-illum
1175 2612 1198 2644 b
1213 2613 1238 2643 O
1257 2628 1292 2634 —
1320 2611 1372 2643 40.
1391 2611 1520 2652 meyari
1543 2620 1658 2643 corum
1674 2612 1698 2642 Β
1717 2619 1809 2643 corr.

40 2661 74 2693 in
97 2662 224 2703 meqari
248 2671 388 2702 quorum
415 2680 450 2685 —
486 2664 537 2695 ⁴2.
566 2664 604 2694 iis
628 2664 671 2694 B:
706 2663 754 2694 his
776 2663 842 2694 AO
870 2680 902 2685 -
930 2663 1069 2694 Eleatici
1092 2665 1128 2695 P.
1155 2662 1329 2694 Victorius
1355 2662 1412 2702 (cs.
1440 2663 1514 2693 eius
1539 2661 1621 2693 Var.
1647 2660 1742 2693 lectt.
1768 2660 1808 2699 X,

41 2710 114 2750 NJ:
140 2712 293 2743 creatrici
318 2711 422 2745 codd.
451 2731 486 2736 —
519 2713 668 2753 filosophi
690 2713 907 2744 nominantur
928 2710 969 2744 Α1
995 2730 1029 2734 -
1066 2712 1118 2744 43.
1145 2713 1266 2745 euclide
1289 2710 1348 2750 A¹‚
1383 2712 1531 2751 euclydes
1554 2712 1579 2743 B
1609 2729 1642 2733 —
1669 2713 1812 2742 socrales

40 2760 79 2791 B¹
105 2778 140 2782 —
173 2762 270 2793 iidem
294 2762 319 2794 Ο
350 2779 385 2785 -
422 2762 474 2794 44.
502 2764 579 2802 quid
602 2760 638 2794 Β1
667 2781 701 2786 -
734 2767 763 2795 el
794 2763 879 2794 idern
903 2765 931 2793 el
955 2771 1081 2802 semper
1105 2765 1131 2795 G
1161 2781 1197 2787 -—
1234 2764 1285 2794 45.
1311 2762 1406 2794 mulli
1429 2764 1470 2794 A2
1482 2762 1559 2794 132ss
1586 2779 1620 2783 —
1647 2762 1696 2792 his
1718 2763 1743 2792 Α
1775 2778 1807 2783 —

42 2809 94 2841 46.
120 2812 257 2842 serelria
280 2811 338 2851 1³¹,
372 2812 509 2844 eretrias
533 2813 577 2849 Ε,
609 2813 731 2844 eretria
753 2814 799 2851 A,
826 2811 888 2844 sed
914 2812 999 2843 elria
1023 2812 1055 2843 in
1081 2821 1149 2844 ras.
1181 2830 1212 2835 —-
1243 2813 1295 2843 47.
1322 2820 1338 2843 e
1360 2812 1477 2843 mentis
1499 2812 1563 2843 AB
1579 2813 1660 2849 Gv;
1692 2809 1810 2842 malim

41 2862 70 2890 el
92 2859 127 2890 in
149 2860 264 2892 mentis
288 2878 322 2884 —-
349 2862 465 2894 Herilli
481 2862 634 2903 Madvig:
659 2863 719 2894 ulli
743 2862 847 2894 codd.
868 2879 902 2884 —
931 2862 983 2893 48.
1004 2861 1123 2893 ubet-us
1146 2859 1185 2893 A¹
1206 2878 1239 2884 —
1267 2862 1527 2901 contempnimus
1551 2864 1575 2893 Α
1596 2878 1630 2882 -
1657 2861 1709 2892 ⁶20,
1726 2868 1810 2899 pro-

42 2907 128 2940 babit
151 2910 190 2941 A¹
208 2926 243 2932 —
269 2910 329 2942 illa
345 2920 428 2951 quae
443 2913 470 2943 G
488 2930 522 2934 —
549 2912 603 2944 ille
625 2913 649 2945 Β
668 2921 759 2944 corr.
780 2922 821 2944 ex
838 2912 896 2943 illa
916 2929 949 2934 -
977 2912 1030 2943 24.
1049 2921 1152 2952 neque
1175 2914 1199 2943 G
1215 2913 1240 2943 O
1258 2930 1299 2934 —
1322 2912 1456 2943 uirtutis
1480 2912 1504 2942 B
1524 2929 1558 2933 —
1586 2912 1638 2943 ⁶22.
1658 2912 1809 2942 monenla

39 2958 78 2990 B¹
106 2977 141 2982 —
165 2959 218 2992 23.
243 2960 284 2991 iis
307 2961 330 2992 B
350 2978 385 2983 —
411 2961 580 3001 adiaforia
602 2964 647 3002 A,
674 2963 862 3002 adiaphora
885 2962 908 2993 B
928 2978 962 2982 —
990 2961 1043 2993 24.
1065 2962 1192 3001 phyrro
1210 2963 1253 3000 A,
1281 2962 1385 3000 Pyrro
1409 2961 1433 2992 Β
1448 2986 1455 3000 ,
1480 2961 1642 3000 Pyrrhoni
1658 2959 1807 2996 Davie83

41 3010 77 3040 at
98 3017 131 3041 v.
157 3018 191 3050 p.
217 3008 270 3049 46,
296 3010 349 3043 27.
383 3028 419 3034 —
453 3006 622 3043 ἀπάθεια
653 3011 773 3044 Lamb.
809 3021 851 3043 ex
880 3020 949 3043 uno
979 3020 1042 3043 suo
1072 3013 1303 3044 Memmiano:
1342 3011 1435 3050 apali
1458 3011 1602 3042 ABEG
1629 3004 1810 3049 (ἀπάθεια

40 3058 110 3090 iam
136 3060 189 3090 est
212 3060 245 3091 in
270 3058 303 3099 b)
330 3076 365 3082 —
391 3061 444 3093 25.
469 3065 506 3093 ut
528 3071 598 3094 om.
623 3063 714 3094 Man.
741 3063 775 3094 et
799 3061 921 3094 Lamb.
943 3079 978 3085 -
1006 3070 1095 3092 nuuc
1117 3063 1286 3093 videamus
1303 3070 1388 3100 quae
1404 3060 1613 3092 Lambinus:
1639 3060 1812 3090 uideamus

41 3116 126 3147 quae
147 3117 234 3140 nunc
258 3108 383 3147 codd.;
417 3119 480 3143 nos
503 3121 590 3143 nunc
615 3111 837 3149 inclusimus,
865 3120 934 3152 quo
959 3110 1197 3143 additamento
1223 3110 1321 3142 facile
1347 3118 1522 3142 caremus.
1552 3128 1587 3133 —
1614 3110 1669 3141 27.
1695 3117 1810 3140 socra-

40 3160 93 3189 ten
115 3158 142 3189 A
169 3175 204 3181 —
239 3157 294 3190 28.
319 3158 477 3191 cirenaici
503 3161 530 3191 A
563 3177 598 3182 -
631 3170 718 3192 nunc
747 3161 954 3201 disciplinam
984 3161 1094 3192 notior
1122 3162 1164 3199 Β,
1198 3159 1261 3192 sed
1291 3160 1500 3200 disciplinam
1531 3160 1743 3199 expunctum
1770 3174 1806 3180 —

41 3215 144 3246 neque
166 3207 271 3239 EGO
306 3225 341 3231 —
369 3208 422 3241 29.
448 3209 510 3241 cir.
535 3210 563 3242 A
595 3228 629 3233 —
660 3212 830 3243 uoluntate
853 3213 880 3243 Α
912 3228 954 3234 --
984 3214 1096 3242 aulem
1119 3219 1188 3241 om.
1216 3210 1242 3240 G
1272 3227 1306 3232 —
1341 3209 1394 3241 30.
1418 3210 1495 3251 finis
1518 3211 1544 3240 A
1562 3209 1586 3239 B
1615 3226 1649 3231 —
1681 3205 1810 3246 calippo

40 3257 164 3295 ABG,
189 3257 338 3299 calippus
360 3258 404 3298 E,
431 3259 600 3300 Calliphon
623 3262 666 3298 Ο;
702 3263 736 3293 at
758 3271 791 3293 v.
818 3261 931 3293 Madv.
958 3261 1002 3292 ad
1028 3261 1098 3293 Cic.
1126 3260 1169 3291 de
1196 3259 1277 3291 finn.
1305 3260 1352 3299 ΙΙ,
1379 3259 1397 3300 S
1424 3260 1476 3291 49.
1506 3277 1540 3281 —
1571 3257 1695 3288 Uacari
1717 3256 1742 3287 Β
1771 3272 1804 3278 -

38 3305 238 3339 hieronimus
259 3309 287 3340 A
311 3324 348 3332 —
375 3309 429 3343 3⁴.
452 3309 499 3342 hii
521 3309 546 3342 B
571 3326 607 3334 —
634 3310 688 3344 32.
713 3311 762 3343 his
784 3312 868 3351 AB,
893 3311 955 3342 hiis
978 3311 1044 3342 EG
1070 3327 1104 3332 —
1133 3309 1184 3341 33.
1212 3318 1273 3348 que
1296 3310 1339 3349 G,
1366 3318 1450 3349 quae
1473 3308 1509 3340 b.

109 3367 228 3400 Cictno
248 3368 282 3402 Τ.
302 3368 353 3402 IV.
1496 3368 1522 3409 4
