2249 3624
595 164 684 204 Lm.
714 164 786 204 111.
827 162 924 205 CAP.
954 164 1163 205 x-xn.
1199 161 1259 217 §§
1290 161 1481 205 24-30.
1848 162 1930 204 457

166 273 299 315 culam
320 284 402 312 non
424 268 591 311 habere.
635 270 706 317 Et,
731 271 790 310 «si
815 271 964 310 domus
986 271 1159 324 pulchra
1182 273 1253 318 sit,
1276 272 1570 323 intellegamus
1593 284 1684 312 eam
1707 271 1926 320 dominis‚n

164 337 318 390 inquit,
353 331 633 375 «aedificatam
666 346 778 379 esse,
810 347 891 372 non
925 332 1136 374 muribus:
1169 335 1228 373 sic
1261 334 1386 385 igitur
1417 334 1617 374 mundum
1650 335 1821 373 deorum
1859 335 1931 374 do-

162 413 274 439 mum
297 397 536 437 existimare
559 395 798 435 debemus.»
848 397 905 434 lta
928 410 1097 448 prorsus
1123 397 1424 442 existimarem,
1457 397 1492 435 si
1514 397 1631 435 illum
1654 394 1931 445 aedificatum,

160 474 262 507 non,
294 472 418 513 quem
449 458 501 498 ad
534 457 699 497 modum
733 458 913 505 docebo,
946 472 967 498 a
1001 465 1144 498 natura
1175 458 1477 498 conformatum
1511 464 1712 512 putarem.

271 522 342 562 XI.
384 522 434 561 At
475 521 585 560 enim
627 521 791 572 quaerit
829 521 939 573 apud
982 522 1307 574 Xenophontem
1350 523 1559 569 Socrates,
1602 521 1710 561 unde
1742 522 1962 561 animuum

159 584 479 639 arripuerimus,
511 583 544 622 si
578 583 716 621 nullus
748 582 874 622 suerit
906 584 945 622 in
980 584 1150 624 mundo.
1212 582 1276 622 25.
1313 585 1359 622 tit
1391 598 1468 635 ego
1502 598 1672 637 quaero,
1705 585 1816 623 unde
1840 598 1931 624 ora-

159 649 336 694 tionem,
378 646 489 686 unde
529 658 749 692 numeros,
788 646 899 684 unde
939 652 1110 685 cantus:
1155 645 1233 685 nisi
1269 660 1364 685 vcro
1398 647 1513 699 loqui
1546 647 1676 686 solem
1708 660 1800 686 cum
1835 648 1932 687 luna

157 715 371 764 putamus,
412 722 505 748 cum
550 708 720 760 propius
760 709 1002 754 accesserit,
1046 715 1111 748 aut
1156 708 1207 747 ad
1240 709 1500 749 harmoniam
1534 723 1682 748 canere
1716 710 1932 757 mundum,

158 779 202 814 ut
223 773 478 826 Pythagoras
501 770 726 810 existimat.
771 771 951 809 Naturae
980 771 1057 809 ista
1080 777 1195 817 sunt,
1230 772 1375 816 Balbe,
1412 778 1583 811 naturae
1607 786 1686 811 non
1709 771 1931 811 artilieiose

156 835 428 880 ambulantis,
476 839 518 873 ut
557 834 613 872 ait
654 836 785 879 Zeno,
830 833 943 885 quod
977 833 1145 886 quidem
1187 834 1309 886 quale
1349 835 1398 873 sit
1444 835 1523 874 iam
1565 835 1817 881 videbimus,
1858 834 1981 876 sedto

157 897 293 938 omnia
324 896 473 936 cientis
506 900 546 935 et
577 895 772 946 agitantis
805 895 984 935 motibus
1017 902 1057 935 et
1099 897 1395 935 mutationibus
1428 898 1528 936 suis.
1588 896 1654 936 ⁰28.
1687 899 1832 950 ltaque
1864 897 1932 936 illa

156 960 255 1001 mihi
298 959 489 1012 placebat
529 959 661 997 oratio
695 958 745 996 de
779 959 1070 998 convenientia
1103 972 1397 1011 consensuque
1431 967 1620 1007 naturae,
1653 974 1776 1013 quam
1811 960 1932 1013 quasi

155 1023 445 1076 cognationem
478 1021 762 1060 continuatam
795 1022 1033 1074 conspirare
1065 1021 1241 1061 dicebas.
1294 1021 1399 1060 lllud
1435 1036 1516 1061 non
1542 1023 1783 1075 probabam,
1816 1022 1931 1075 quod

155 1086 336 1139 negabas
369 1084 409 1124 id
442 1083 632 1124 accidere
664 1084 873 1136 potuisse,
907 1084 986 1123 nisi
1009 1098 1055 1123 ea
1079 1098 1162 1123 uno
1187 1084 1329 1123 divino
1353 1085 1502 1136 spiritu
1526 1086 1824 1124 contineretur.
1857 1085 1932 1124 Illa

154 1162 252 1189 vero
285 1147 485 1187 cohaeret
507 1153 546 1186 et
579 1152 794 1200 permanet
815 1152 986 1185 naturae
1010 1147 1187 1194 viribus,
1220 1161 1303 1186 non
1327 1147 1521 1195 deorum,
1550 1154 1695 1201 estque
1719 1149 1759 1187 in
1783 1160 1830 1187 ea
1853 1150 1981 1188 istem

153 1211 273 1266 quasi
293 1222 542 1255 consensus,
571 1222 695 1263 quam
717 1209 995 1261 mvsa-zcffiecav
1018 1210 1164 1249 Graeci
1188 1216 1351 1257 vocant,
1384 1210 1456 1250 sed
1481 1224 1542 1257 ea,
1575 1225 1658 1265 quo
1682 1225 1757 1251 sna
1780 1216 1929 1264 sponte

153 1273 286 1314 maior
317 1276 398 1318 est,
431 1284 481 1311 eo
515 1272 649 1311 minus
682 1272 821 1311 divina
852 1272 1011 1311 ratione
1045 1270 1130 1312 lieri
1164 1273 1443 1313 existimanda
1475 1280 1551 1314 est.

264 1335 357 1375 ΧΠ.
389 1331 455 1373 ⁶29.
496 1334 569 1373 Illa
607 1340 766 1381 autem,
816 1348 923 1387 quae
958 1334 1192 1375 Carneades
1223 1336 1458 1383 adferebat,
1503 1351 1627 1390 quem
1667 1338 1717 1377 ad
1760 1337 1929 1377 modum

152 1397 412 1440 dissolvitis?
446 1398 478 1437 si
511 1397 673 1436 nullum
706 1410 858 1450 corpus
889 1397 1110 1437 inmortale
1132 1399 1203 1444 sit,
1237 1398 1399 1438 nullum
1423 1413 1514 1439 esse
1537 1413 1690 1453 corpus
1712 1400 1931 1454 sempiter-

151 1476 277 1510 num;
321 1474 475 1513 corpus
507 1465 643 1500 autem
676 1460 896 1499 inmortale
928 1459 1088 1499 nullum
1123 1474 1233 1507 esse,
1272 1474 1323 1500 ne
1354 1461 1617 1502 individuum
1651 1462 1822 1516 quidem
1854 1475 1929 1501 nec
1943 1472 1981 1502 20

152 1524 266 1580 quod
298 1522 436 1563 dirimi
469 1522 695 1561 distrahive
735 1535 819 1561 non
852 1523 995 1575 possit.
1050 1522 1239 1575 Cumque
1272 1536 1395 1563 omne
1427 1525 1578 1563 animal
1612 1525 1825 1578 patibilem
1859 1537 1931 1564 na-

152 1594 285 1629 turam
315 1585 489 1632 habeat,
520 1584 681 1624 nullum
714 1590 777 1624 est
809 1598 973 1632 eorum,
1005 1584 1120 1638 quod
1143 1586 1314 1637 effugiat
1334 1587 1567 1640 accipiendi
1591 1587 1749 1640 aliquid
1774 1587 1930 1626 extrin-

153 1663 295 1697 secus,
327 1648 370 1688 id
402 1653 466 1688 est
496 1648 616 1701 quasi
648 1647 811 1687 ferendi
836 1653 875 1687 et
897 1647 1102 1701 patiendi,
1136 1649 1450 1697 necessitatem,
1483 1655 1540 1697 et,
1573 1650 1606 1689 si
1629 1664 1752 1689 omne
1775 1649 1931 1689 animal

152 1713 232 1754 tale
263 1717 347 1759 est,
387 1711 607 1750 inmortale
638 1710 800 1750 nullum
834 1716 908 1749 est.
959 1711 1070 1762 Ergo
1102 1711 1269 1758 itidem,
1312 1712 1344 1751 si
1378 1725 1500 1752 omne
1532 1713 1685 1752 animal
1718 1712 1850 1752 secari
1883 1726 1929 1752 ac

152 1775 282 1816 dividi
325 1779 481 1828 potest,
527 1773 687 1813 nullum
731 1778 794 1812 est
825 1786 969 1812 eorum
1001 1773 1290 1821 individuum,
1332 1775 1491 1814 nullum
1529 1782 1769 1823 aeternum;
1815 1776 1979 1829 atqui25

151 1851 271 1879 omne
310 1837 463 1877 animal
508 1836 559 1875 ad
601 1836 890 1889 accipiendam
924 1835 1005 1875 vim
1040 1842 1255 1876 externam
1290 1843 1331 1877 et
1371 1837 1586 1878 l'erundam
1618 1844 1807 1892 paratum
1841 1844 1928 1879 est:

151 1900 326 1942 mortale
367 1900 495 1952 igitur
535 1912 656 1938 omne
696 1899 850 1938 animal
891 1904 930 1939 et
962 1899 1208 1939 dissolubile
1243 1905 1282 1939 et
1316 1900 1534 1940 dividuum
1567 1902 1619 1941 sit
1650 1915 1821 1941 necesse
1853 1907 1928 1941 est.

150 1962 216 2004 30.
249 1964 301 2004 Ut
332 1963 456 2008 enim,
489 1961 523 2001 si
556 1961 691 2000 omnis
725 1974 818 2000 cera
850 1962 1157 2001 commutabilis
1190 1968 1318 2010 esset,
1351 1964 1454 2003 nihil
1479 1970 1588 2004 esset
1612 1978 1792 2011 cereum,
1815 1964 1928 2018 quod

151 2025 399 2068 commutari
432 2037 516 2064 non
550 2030 713 2076 posset,
745 2024 843 2063 item
876 2024 981 2064 nihil
1012 2030 1275 2077 argenteum,
1308 2026 1411 2065 nibil
1445 2040 1645 2074 aeneum,
1678 2028 1710 2066 si
1745 2040 1929 2067 commu-

151 2087 291 2130 tabilis
323 2092 434 2128 esset
460 2092 606 2127 natura
628 2086 787 2139 argenti
812 2092 852 2126 et
873 2088 980 2127 aeris
1002 2102 1011 2136 ;
1045 2088 1237 2127 similiter
1261 2089 1404 2141 igitur.
1439 2090 1472 2129 si
1495 2090 1653 2138 omnia,
1687 2103 1794 2144 quae
1817 2095 1979 2133 suni‚3o

151 2166 172 2192 e
205 2151 355 2206 quibus
389 2155 538 2190 cuncta
569 2155 778 2196 constant,
811 2150 1026 2190 mutabilia
1058 2156 1178 2198 suut,
1211 2152 1369 2191 nullum
1393 2165 1545 2205 corpus
1568 2166 1659 2192 esse
1682 2158 1821 2205 potest
1842 2166 1928 2192 non

150 2213 374 2262 mutabile3
407 2212 623 2252 mutabilia
655 2218 792 2252 autem
825 2219 921 2252 sunt
954 2213 1043 2259 illa,
1076 2226 1128 2252 ex
1160 2214 1312 2267 quibus
1336 2215 1476 2254 omnia
1499 2220 1710 2262 constant,
1743 2221 1789 2254 ut
1811 2216 1927 2255 vobis

151 2275 339 2317 videtur:
373 2288 495 2316 omne
527 2275 655 2328 igitur
686 2289 837 2329 corpus
868 2275 1066 2315 mutabile
1099 2281 1173 2315 est.
1217 2278 1271 2316 At
1301 2279 1334 2317 si
1367 2283 1477 2318 esset
1500 2292 1648 2332 corpus
1671 2278 1844 2331 aliquod
1867 2279 1928 2318 in-

236 2450 266 2481 2.
294 2450 492 2490 aedficalam
516 2451 542 2480 A
572 2467 602 2472 —-
640 2449 788 2480 muribus
812 2458 901 2482 corr.
930 2460 971 2482 ex
994 2450 1140 2481 moribus
1164 2452 1190 2482 A
1225 2469 1259 2474 —
1295 2451 1326 2482 3.
1354 2452 1566 2491 aedificatum
1591 2453 1614 2483 Α
1631 2452 1654 2482 (ἶ
1670 2452 1694 2482 Ε
1711 2454 1733 2483 P
1749 2452 1795 2482 V:
1832 2452 1926 2483 aedi-

148 2501 285 2542 ficatum
307 2509 374 2531 esse
398 2501 421 2531 B
439 2500 463 2530 O
492 2517 526 2522 -
555 2499 581 2531 4.
609 2508 631 2530 a
656 2509 726 2531 oni.
755 2500 778 2531 C
795 2500 818 2531 E
834 2501 857 2531 P
885 2518 918 2522 —
953 2502 1185 2540 confirmation
1210 2502 1234 2531 A
1252 2501 1273 2531 B
1290 2502 1313 2531 C
1331 2501 1353 2531 E
1369 2501 1393 2531 V
1423 2519 1454 2524 —
1484 2503 1515 2532 5.
1543 2502 1691 2531 animam
1716 2502 1740 2532 Α
1758 2502 1780 2532 Β
1796 2502 1819 2532 C
1838 2502 1860 2533 E
1888 2520 1922 2525 ——

151 2551 182 2582 9.
208 2551 399 2582 exhistimat
424 2551 449 2581 Α
478 2568 512 2572 -
540 2553 684 2581 naturae
715 2553 759 2581 sle
789 2556 838 2587 Α;
873 2554 994 2581 aalma
1021 2552 1100 2581 isla&
1126 2551 1148 2581 Β
1176 2567 1209 2571 -
1242 2552 1305 2581 sint
1329 2552 1353 2581 C
1383 2567 1416 2572 —
1446 2552 1497 2582 stt.
1525 2552 1654 2582 scientis
1676 2553 1700 2582 A
1718 2553 1741 2582 (ἰ
1758 2551 1861 2582 EPV
1889 2570 1924 2574 —

151 2600 203 2632 42.
230 2600 380 2632 oratione
404 2601 441 2631 de
466 2600 492 2630 V
521 2619 553 2623 —
582 2601 632 2632 113.
659 2601 853 2639 coynatione
877 2601 1104 2631 continuatam
1128 2604 1152 2631 Α
1169 2602 1191 2632 Β
1208 2602 1231 2632 C
1249 2603 1271 2632 l'
1287 2602 1335 2634 V:
1369 2603 1565 2641 cognatione
1588 2602 1783 2633 continuata
1808 2603 1844 2633 E
1873 2602 1923 2636 Cs.

150 2650 177 2681 11
203 2649 221 2690 ἓ
249 2649 300 2681 49.
329 2666 363 2670 -
391 2659 455 2680 ‘non
479 2650 612 2689 probem
637 2660 726 2681 corr.
755 2659 794 2681 ex
820 2651 996 2690 inprobam
1022 2651 1047 2680 V
1074 2669 1107 2672 —
1141 2650 1192 2682 tt.
1221 2652 1380 2691 neffabam
1406 2654 1427 2682 P
1454 2669 1487 2673 —
1516 2653 1739 2682 (.·untmeretur
1763 2650 1813 2684 'Mt
1846 2661 1926 2683 con-

151 2700 332 2731 tinerentur
356 2698 421 2730 alii.
451 2717 485 2721 —
516 2701 566 2731 46.
595 2701 690 2738 quasi
714 2701 851 2739 quidam
876 2709 1048 2731 consensus
1071 2701 1217 2739 (quidam
1235 2710 1411 2742 supet-scr.
1433 2710 1478 2732 m.
1498 2703 1583 2740 sec.)
1604 2701 1630 2731 V
1648 2719 1689 2723 —
1706 2702 1926 2741 sympathiam

151 2751 188 2788 P,
213 2750 424 2789 synpatlziam
447 2753 473 2782 A
489 2751 533 2783 C.
561 2752 751 2790 simpaliam
778 2751 814 2785 Β,
841 2752 1029 2790 synpaliam
1055 2751 1079 2782 E
1096 2751 1120 2780 V
1150 2768 1181 2772 -
1211 2752 1262 2782 48.
1292 2753 1381 2782 illam
1406 2751 1443 2782 Α*
1462 2752 1487 2781 V
1511 2769 1544 2773 —
1573 2760 1657 2791 quae
1681 2752 1724 2782 ad
1748 2753 1880 2783 niodum
1899 2752 1926 2782 V

154 2815 189 2822 —
210 2800 262 2834 49.
290 2800 482 2832 «Debuisse
509 2802 715 2832 Ciceronem
743 2801 899 2832 scribere
925 2802 960 2832 St
986 2801 1110 2831 nullum
1134 2810 1253 2840 corpus
1278 2802 1450 2832 inrnortale
1473 2802 1532 2839 sil,
1562 2802 1688 2833 millam
1712 2811 1776 2834 6336
1799 2803 1927 2834 animal

151 2852 397 2891 sempiternum,
426 2853 520 2891 patet
545 2860 562 2881 6
588 2852 691 2882 Sexto
717 2852 848 2892 Empir.
876 2851 955 2882 adv.
977 2851 1146 2882 matbein.
1168 2851 1207 2881 IX
1234 2851 1251 2890 g
1284 2852 1358 2885 1531;
1387 2860 1502 2890 neque
1529 2851 1622 2882 enini
1648 2851 1691 2882 ab
1718 2852 1925 2883 immortali—

153 2903 221 2932 tate
252 2901 294 2932 ad
325 2901 581 2941 sempiternum
607 2904 853 2941 argumentum
880 2901 1036 2938 ducitur,
1066 2902 1129 2932 sed
1155 2910 1172 2931 a
1199 2910 1346 2941 corpore
1373 2901 1416 2931 ad
1441 2900 1592 2938 animal;
1626 2901 1689 2933 sed
1715 2903 1925 2934 Ciceronem

152 2951 201 2983 sic
225 2951 409 2991 scripsisse
435 2949 547 2981 nullus
572 2950 685 2981 dico.»
711 2952 854 2982 MADVto.
885 2969 919 2972 —
955 2960 1072 2990 corpus
1095 2960 1160 2981 6336
1184 2953 1207 2982 P
1234 2968 1267 2972 —
1299 2951 1351 2982 023.
1379 2954 1406 2981 et
1431 2952 1457 2981 si
1481 2960 1574 2982 omne
1590 2968 1638 2973 --
1655 2960 1732 2992 erqo
1756 2953 1866 2983 itidem
1892 2954 1924 2983 in

153 3009 263 3040 marg.
291 3009 338 3031 m.
365 3008 436 3031 sec.
466 3000 489 3028 V
511 3017 542 3020 —
572 2999 625 3030 ¹³24.
654 3001 719 3031 tale
743 3000 988 3031 tteindorfius:
1015 3001 1156 3031 mortale
1180 2999 1208 3032 'M
1235 3018 1269 3023 —
1300 3001 1411 3040 [Ergo]
1438 3002 1462 3031 Ο
1488 3019 1522 3023 -
1548 3002 1601 3032 25.
1624 3005 1729 3040 potest
1753 3011 1822 3034 0111.
1844 3005 1866 3034 P
1887 3020 1921 3024 ——

153 3051 254 3090 adqui
279 3052 306 3082 Α
325 3067 360 3072 -
387 3051 438 3081 26.
465 3049 641 3088 fruendam
659 3049 697 3081 Α1
712 3051 735 3080 Β
751 3052 774 3081 C
792 3051 814 3082 E
831 3053 852 3082 P
868 3048 907 3080 V¹
925 3061 930 3087 3
956 3052 1126 3090 ferendam
1150 3050 1190 3082 A²
1205 3051 1244 3082 ΥΞ
1257 3052 1281 3082 O
1301 3068 1334 3072 —
1364 3052 1415 3082 27.
1434 3051 1630 3083 dissoluibile
1653 3056 1677 3083 Α
1694 3052 1718 3083 C
1739 3052 1781 3087 1in
1800 3053 1825 3082 A
1844 3053 1923 3082 ante

153 3100 180 3131 le
203 3100 293 3131 duae
324 3098 459 3131 litterae
491 3108 613 3131 erasae
643 3101 734 3139 sunt)
760 3118 803 3123 -—
833 3101 885 3132 028.
912 3101 1016 3131 omnis
1041 3110 1131 3132 corr.
1159 3110 1199 3132 ex
1225 3110 1334 3131 omnes
1358 3101 1384 3131 V
1412 3119 1446 3123 —
1473 3110 1574 3132 caera
1593 3102 1617 3131 V
1639 3120 1672 3124 —
1697 3101 1778 3132 nihil
1802 3110 1866 3132 esse
1884 3102 1924 3131 Vi

156 3166 189 3172 —
209 3158 338 3181 cereum
363 3148 434 3189 (litt.
453 3148 727 3190 antepenultima
753 3151 786 3181 in
812 3150 893 3189 ras)
918 3152 968 3187 Α;
995 3155 1119 3181 certum
1145 3152 1167 3182 Ρ
1194 3168 1229 3172 —
1260 3150 1309 3181 29.
1332 3152 1434 3189 possit
1458 3151 1481 3181 B
1502 3168 1534 3172 —
1557 3160 1694 3182 aeneum
1718 3153 1781 3183 ΑΒ
1797 3152 1820 3182 C
1837 3154 1860 3184 P
1875 3152 1921 3182 V:

154 3209 293 3232 aureum
317 3200 364 3236 E;
391 3209 525 3231 aereum
549 3201 573 3231 O
601 3217 636 3222 —
662 3200 714 3231 30.
741 3201 767 3231 si
791 3201 921 3239 omnia,
948 3209 964 3232 6
987 3201 1103 3240 quibus
1127 3205 1264 3234 cuncta.
1292 3210 1375 3240 quae
1398 3205 1490 3239 sunt,
1517 3206 1666 3234 constant
1690 3203 1871 3238 Davisius-3
1898 3202 1926 3232 si

155 3251 282 3287 omnia,
315 3259 331 3282 e
354 3250 485 3290 quibus,
520 3259 605 3289 quae
627 3253 719 3288 sima,
752 3253 871 3281 cuncta
894 3254 1045 3282 constant
1069 3252 1302 3283 Heindortius.
1342 3250 1456 3282 Malim
1481 3252 1507 3282 si
1531 3260 1589 3291 ea,
1626 3262 1642 3284 6
1666 3252 1781 3293 quibus
1804 3256 1923 3284 cuncta

152 3303 301 3332 constant
326 3300 476 3341 (omissis
501 3301 613 3332 omnia
635 3309 721 3341 quae
744 3302 843 3341 sunt).
873 3318 907 3323 —
935 3301 987 3334 31.
1009 3305 1115 3342 potest
1139 3310 1204 3334 esse
1228 3303 1252 3334 P
1279 3319 1313 3323 —-
1341 3301 1393 3333 33.
1419 3301 1464 3333 ad
1487 3302 1513 3333 si
1537 3303 1577 3333 A.
