2249 3624
235 178 315 219 642
954 178 1024 218 DE
1056 176 1283 218 OFFICIIS

237 288 391 336 solum,
423 285 493 327 sed
527 286 650 326 etiam
681 284 724 324 in
756 282 923 323 dicendi
958 284 1256 324 exercitatione
1288 283 1380 331 feci,
1412 283 1522 324 idem
1554 283 1629 324 tibi
1662 297 1814 325 censeo
1843 283 1999 325 facien-

236 352 350 399 dum,
379 356 425 390 ut
455 362 530 402 par
560 348 616 387 sis
648 348 689 386 in
720 347 941 399 utriusque
974 346 1177 386 orationis
1208 346 1418 386 facultate.
1480 346 1614 395 Quam
1638 346 1811 400 quidem
1839 347 1890 387 ad
1911 360 2000 387 rem

235 427 335 462 nos,
367 418 412 453 ut
442 411 652 457 videmur,
684 422 879 461 magnum
912 409 1126 449 attulimus
1158 409 1447 448 adiumentum
1477 408 1716 449 hominibus
1748 409 1924 456 nostris,
1954 414 2001 449 ut

235 490 321 516 non
352 474 476 514 modo
509 473 759 512 Graecarum
801 471 1031 511 litterarum
1073 471 1222 519 rudes,
1264 472 1336 511 sed
1369 472 1493 511 etiam
1526 471 1638 512 docti
1669 473 1926 526 aliquantum
1958 485 2002 512 se

203 538 489 579 5arbitrentur
528 534 703 587 adeptos
744 538 785 573 et
823 533 874 573 ad
917 533 1140 574 dicendum
1182 539 1224 574 et
1262 534 1312 574 ad
1354 534 1640 574 iudicandum.
1701 532 1741 574 ἱ).
1781 534 1918 583 Quam
1949 534 2003 574 ob

235 615 323 642 rem
355 599 489 639 disces
522 603 567 638 tu
600 596 769 650 quidem
801 610 825 637 a
855 596 1048 650 principe
1079 597 1202 637 huius
1234 597 1382 637 aetatis
1413 597 1760 651 philosophorum
1798 602 1839 637 et
1867 596 2003 636 disces

236 677 361 718 quam
393 662 465 701 diu
494 660 638 708 voles3
680 664 764 699 tam
791 659 864 699 diu
895 664 1033 699 autem
1065 659 1174 701 velle
1206 657 1397 707 debebis,
1432 659 1574 713 quoad
1605 664 1644 699 te
1676 663 1878 713 quantum
1909 672 2005 712 pro-

234 724 349 765 ficias
380 737 465 763 non
495 722 737 776 paenitebit.
799 721 881 761 Sed
923 726 1063 762 tamen
1107 726 1247 762 nostra
1284 721 1430 774 legens
1462 735 1547 762 non
1579 722 1754 761 multum
1785 735 1809 761 a
1838 721 2006 774 Peripa-

236 787 372 829 teticis
396 785 662 833 dissidentia,
686 784 886 838 quoniam
908 785 1075 838 utrique
1098 784 1299 825 Socratici
1322 790 1362 824 et
1382 784 1586 824 Platonici
1607 784 1799 824 volumus
1820 797 1930 831 esse,
1952 782 2004 823 de

186 859 221 888 1¹0
235 850 360 890 rebus
390 848 494 901 ipsis
526 853 644 889 utere
676 853 748 888 tuo
781 847 938 887 iudicio
961 870 1013 874 —
1034 847 1139 886 nihil
1173 847 1283 887 enim
1315 846 1500 900 impedio
1521 870 1589 895 —-,
1612 847 1843 887 orationem
1864 850 2003 886 autem

234 912 425 952 Latinam
473 908 629 951 efficies
674 909 862 964 profecto
905 909 1096 962 legendis
1140 909 1294 950 nostris
1334 909 1580 962 pleniorem.
1653 910 1740 949 Nec
1784 922 1882 949 vero
1923 907 2004 948 hoc

236 977 481 1026 arroganter
520 972 678 1013 dictum
712 972 944 1013 existimari
976 972 1127 1021 velim;
1170 985 1265 1012 nam
1296 971 1625 1026 philosophandi
1658 972 1874 1013 scientiam
1906 984 2005 1011 con-

235 1036 388 1077 cedens
420 1036 575 1083 multis,
608 1037 720 1089 quod
754 1039 817 1075 est
847 1035 1025 1075 oratoris
1055 1034 1289 1087 proprium,
1321 1038 1429 1088 apte,
1452 1033 1661 1083 distincte,
1683 1039 1827 1075 ornate
1850 1033 2003 1081 dicere,

235 1099 435 1154 quoniam
465 1099 508 1138 in
541 1111 591 1138 eo
624 1097 762 1138 studio
795 1102 972 1138 aetatem
1005 1097 1268 1150 consumpsi,
1300 1097 1334 1137 si
1365 1097 1408 1136 id
1439 1097 1540 1138 mihi
1571 1110 1754 1145 assumo,
1785 1096 1933 1137 videor
1962 1095 2005 1136 id

185 1172 221 1201 ⁴5
235 1176 328 1203 meo
369 1162 460 1202 iure
501 1161 684 1213 quodam
725 1161 850 1200 modo
894 1159 1123 1200 vindicare.
1181 1157 1219 1199 3.
1254 1159 1389 1208 Quam
1421 1160 1475 1200 ob
1505 1174 1594 1200 rem
1625 1174 1775 1213 magno
1806 1171 1934 1213 opere
1963 1162 2004 1198 te

233 1225 398 1271 hortor,
430 1223 485 1263 mi
512 1223 669 1270 Cicero,
704 1228 748 1263 ut
777 1237 861 1264 non
892 1222 1028 1262 solum
1060 1223 1269 1263 orationes
1303 1237 1430 1271 meas,
1461 1224 1534 1263 sed
1564 1223 1641 1263 hos
1675 1223 1800 1264 etiam
1832 1221 1884 1262 de
1915 1220 2006 1275 phi-

234 1287 428 1342 losophia
457 1286 598 1334 libros,
631 1285 704 1340 qui
734 1285 815 1326 iam
847 1285 932 1325 illis
962 1284 1052 1325 fere
1088 1299 1132 1325 se
1153 1290 1402 1339 aequarunt,
1425 1286 1615 1326 studiose
1637 1286 1776 1339 legas3
1809 1284 1872 1325 vis
1894 1284 2005 1325 enim

235 1351 367 1390 maior
396 1350 438 1389 in
469 1349 552 1389 illis
584 1348 771 1396 dicendi,
813 1348 886 1388 sed
917 1348 997 1388 hoc
1028 1362 1197 1402 quoque
1230 1348 1451 1389 colendum
1485 1354 1547 1389 est
1578 1348 1800 1403 aequabile
1832 1352 1873 1387 et
1902 1352 2006 1387 tem-

233 1419 422 1468 peratum
453 1411 653 1452 orationis
683 1424 827 1464 genus.
888 1413 939 1450 Et
968 1410 1009 1450 id
1044 1410 1215 1465 quidem
1246 1411 1405 1451 nemini
1436 1411 1560 1451 video
1584 1412 1839 1452 Graecorum
1869 1408 2006 1450 adhuc

182 1486 219 1515 20
235 1476 477 1529 contigisse,
511 1479 556 1513 ut
585 1473 695 1514 idem
726 1479 905 1527 utroque
936 1473 979 1512 in
1011 1487 1163 1526 genere
1197 1474 1431 1514 elaboraret
1464 1480 1799 1528 sequereturque
1830 1478 1872 1513 et
1901 1469 2005 1511 illud

233 1539 400 1579 forense
439 1536 605 1577 dicendi
645 1542 687 1577 et
715 1537 793 1576 hoc
825 1537 1014 1589 quietum
1048 1536 1287 1590 disputandi
1322 1550 1477 1589 genus,
1517 1537 1595 1577 nisi
1626 1536 1734 1576 forte
1765 1534 2001 1576 Demetrius

228 1597 460 1641 'Phalereus
492 1600 534 1640 in
565 1601 644 1640 hoc
676 1613 850 1639 numero
883 1599 1027 1639 haberi
1051 1604 1208 1652 potest,
1233 1599 1466 1652 disputator
1487 1600 1672 1646 subtilis,
1694 1604 1835 1639 orator
1856 1611 2003 1652 parum

233 1665 485 1710 vehemens,
526 1663 658 1703 dulcis
700 1668 860 1709 tamen,
901 1668 947 1701 ut
978 1661 1257 1715 Theophrasti
1297 1662 1547 1715 discipulum
1587 1662 1724 1714 possis
1762 1672 2002 1714 agnoscere.

232 1728 316 1767 Nos
358 1732 495 1766 autem
538 1730 740 1779 quantum
782 1726 825 1764 in
864 1730 1046 1778 utroque
1091 1724 1414 1778 profecerimus,
1460 1725 1637 1765 aliorum
1684 1725 1737 1765 sit
1784 1723 2002 1770 iudicium,

183 1794 458 1842 25utrumque
498 1793 608 1828 certe
647 1788 778 1827 secuti
821 1801 975 1827 sumus.
1047 1784 1084 1826 4.
1124 1787 1332 1839 Equidem
1369 1791 1410 1826 et
1445 1787 1661 1826 Platonem
1694 1786 1929 1833 existumo,
1969 1784 2006 1824 si

233 1865 363 1904 genus
395 1850 561 1890 forense
593 1850 759 1890 dicendi
789 1854 966 1890 tractare
1000 1849 1221 1897 voluisset,
1255 1848 1498 1902 gravissime
1531 1855 1571 1889 et
1601 1848 1895 1903 copiosissime
1927 1860 2003 1900 po-

231 1914 362 1954 tuisse
394 1913 532 1953 dicere
564 1918 604 1952 et
633 1912 980 1958 Demosthenem,
1013 1912 1047 1951 si
1078 1912 1170 1959 illa,
1204 1925 1312 1966 quae
1343 1924 1367 1951 a
1388 1912 1560 1952 Platone
1593 1911 1813 1959 didicerat,
1844 1910 2005 1951 tenuis-

233 1982 296 2017 set
326 1981 367 2016 et
395 1976 669 2029 pronuntiare
701 1975 925 2020 voluisset,
969 1979 1114 2014 ornate
1153 1974 1463 2028 splendideque
1494 1974 1630 2015 facere
1661 1975 1862 2027 potuisse.
1922 1972 2006 2012 Eo-

234 2040 414 2092 demque
456 2038 580 2078 modo
623 2038 674 2078 de
707 2037 931 2077 Aristotele
972 2041 1012 2076 et
1053 2038 1235 2077 Isocrate
1277 2036 1445 2081 iudico,
1491 2050 1670 2090 quorum
1709 2041 1883 2090 uterque
1927 2048 2005 2075 suo

184 2112 221 2143 3ο
235 2102 373 2142 studio
405 2101 635 2140 delectatus
669 2100 921 2151 contempsit
952 2099 1141 2138 alterum.

346 2165 396 2203 ΙΙ.
438 2163 520 2203 Sed
552 2177 644 2202 cum
677 2163 918 2202 statuissem
951 2162 1133 2201 scribere
1168 2162 1217 2201 ad
1250 2167 1289 2201 te
1321 2162 1479 2216 aliquid
1512 2161 1594 2201 hoc
1625 2166 1834 2214 tempore,
1876 2159 2007 2199 multa

234 2226 432 2280 posthac,
471 2226 521 2265 ab
562 2238 610 2264 eo
644 2225 773 2264 ordiri
808 2225 987 2264 maxime
1021 2224 1152 2271 volui,
1195 2225 1309 2277 quod
1343 2230 1384 2264 et
1414 2225 1538 2264 aetati
1572 2229 1667 2264 tuae
1699 2228 1810 2262 esset
1838 2222 2006 2276 aptissi-

234 2303 348 2329 mum
380 2294 420 2327 et
451 2287 686 2328 auctoritati
719 2300 851 2327 meae.
903 2288 1006 2326 Nam
1039 2300 1133 2326 cum
1166 2286 1296 2325 multa
1329 2286 1410 2326 sint
1443 2287 1482 2325 in
1515 2285 1786 2339 philosophia
1808 2290 1847 2325 et
1868 2284 2007 2338 gravia

236 2358 277 2392 et
316 2351 433 2391 utilia
470 2355 662 2389 accurate
706 2349 963 2402 copioseque
1004 2362 1026 2388 a
1058 2348 1321 2402 pbilosophis
1354 2348 1584 2402 disputata,
1629 2348 1831 2388 latissime
1862 2352 2005 2400 patere

186 2425 222 2454 35
237 2415 433 2454 videntur
474 2425 544 2459 ea,
587 2425 692 2466 quae
735 2411 785 2450 de
829 2410 976 2451 officiis
1009 2410 1159 2450 tradita
1191 2411 1241 2450 ab
1272 2410 1356 2450 iilis
1389 2416 1430 2450 et
1459 2415 1685 2464 praecepta
1715 2414 1825 2449 sunt.
1884 2408 2007 2448 Nulla

237 2477 348 2517 enim
388 2476 496 2515 vitae
537 2488 632 2527 pars
665 2488 804 2527 neque
836 2473 1016 2526 publicis
1048 2487 1187 2526 neque
1219 2473 1393 2525 privatis
1424 2486 1562 2526 neque
1594 2471 1834 2512 forensibus
1864 2482 2004 2524 neque

238 2538 476 2578 domesticis
516 2537 560 2576 in
601 2537 749 2583 rebus,
792 2550 928 2589 neque
967 2536 1002 2575 si
1039 2542 1177 2576 tecum
1208 2549 1306 2588 agas
1338 2535 1466 2589 quid,
1508 2548 1647 2588 neque
1679 2535 1713 2575 si
1745 2547 1839 2574 cum
1870 2533 2005 2573 altero

239 2602 481 2647 contrahas,
522 2612 669 2639 vacare
703 2596 840 2638 officio
874 2602 1033 2651 potest,
1065 2598 1107 2637 in
1139 2611 1273 2651 eoque
1305 2603 1347 2638 et
1377 2597 1557 2637 colendo
1589 2597 1669 2637 sita
1700 2596 1810 2637 vitae
1841 2599 1903 2636 est
1932 2595 2008 2634 ho-

239 2669 379 2703 nestas
411 2662 546 2703 omnis
579 2668 619 2701 et
649 2660 912 2714 neglegendo
944 2661 1175 2714 turpitudo.
1235 2659 1274 2700 5.
1305 2660 1443 2714 Atque
1473 2659 1576 2700 haec
1610 2658 1782 2713 quidem
1815 2656 2006 2712 quaestio

331 2817 360 2846 sl.
387 2817 463 2847 item
489 2815 690 2847 Lambinus.
721 2832 754 2837 —
789 2816 820 2847 5.
847 2815 1052 2846 arbitrentur
1075 2823 1108 2845 se
1131 2815 1376 2854 aliquantulum
1401 2822 1419 2845 c
1447 2832 1479 2836 —
1508 2815 1695 2846 discendum
1719 2814 1744 2845 C
1769 2813 1887 2853 (etiam
1909 2810 1941 2850 b)
1969 2824 2004 2832 -

242 2865 272 2897 9.
303 2866 468 2897 Socratici
494 2867 536 2897 C:
563 2870 592 2897 et
610 2865 771 2896 Socratici
796 2863 870 2902 aliif.
900 2864 950 2905 [et]
970 2865 1132 2895 Socratici
1158 2872 1177 2895 0
1206 2882 1239 2886 —
1269 2865 1319 2895 Μ.
1347 2865 1405 2895 hoc
1428 2867 1630 2905 arroyanter
1654 2863 1678 2895 C
1697 2863 1814 2902 (etiam
1830 2863 1879 2900 b):
1908 2868 2008 2892 arro-

240 2922 358 2958 ganter
381 2918 438 2947 hoc
462 2924 480 2947 0
505 2932 549 2939 —
574 2916 624 2946 45.
650 2923 851 2953 maynopere
874 2915 933 2945 AB
949 2915 971 2944 ΙΙ
988 2914 1062 2947 ab:
1090 2922 1159 2944 om.
1180 2921 1198 2944 c
1227 2931 1258 2935 —
1288 2914 1339 2945 47.
1366 2915 1430 2945 illis
1451 2914 1521 2954 fere
1543 2922 1575 2945 se
1598 2915 1624 2944 Α
1640 2921 1657 2944 c
1685 2913 1729 2953 (in
1754 2914 1781 2944 A
1805 2921 1838 2943 se
1861 2910 1940 2943 ead.
1957 2916 2005 2941 m.

242 2966 452 3007 supet-stru:
479 2966 543 2997 illis
565 2965 633 3003 sere
657 2965 721 2995 BH
738 2965 878 3003 abpo;
908 2964 978 2994 illos
1001 2964 1070 3003 fere
1094 2963 1295 2995 Lambinus.
1319 2981 1355 2986 --
1383 2964 1435 2996 48.
1456 2965 1489 2994 in
1506 2963 1571 2995 illis
1588 2964 1698 2995 maior
1722 2968 1740 2994 e
1767 2978 1802 2985 -—
1836 2960 1887 2992 49.
1907 2965 2009 3000 glenus

242 3016 402 3047 orationis
426 3023 443 3045 c
472 3033 503 3037 —-
539 3016 633 3045 uideo
657 3015 778 3045 nemini
804 3016 829 3045 A
858 3031 892 3035 —
927 3013 1033 3044 adhuc
1058 3021 1127 3044 om.
1150 3014 1172 3044 B
1201 3030 1236 3034 —-
1269 3013 1322 3044 ⁶20.
1348 3014 1383 3045 in
1407 3017 1548 3054 utroque
1571 3014 1597 3045 A
1625 3031 1657 3037 -
1694 3011 1883 3044 elaboraret
1907 3011 2010 3041 Lam-

244 3066 363 3097 binus:
391 3065 556 3095 laboraret
582 3065 605 3095 C
644 3080 679 3086 —
719 3065 771 3095 25.
799 3065 910 3095 estimo
934 3071 951 3094 c
990 3080 1017 3084 —
1063 3063 1114 3093 97.
1145 3072 1228 3101 quae
1253 3071 1273 3093 a
1297 3064 1430 3095 Platone
1455 3072 1525 3094 om.
1553 3071 1575 3095 a
1612 3081 1646 3086 —
1687 3062 1740 3094 29.
1765 3063 1894 3092 socrate
1918 3059 1942 3090 C
1969 3072 2004 3079 -

243 3116 280 3146 dc
304 3117 430 3144 sor-rate
452 3117 480 3144 et
505 3115 543 3144 dc
566 3113 729 3144 aristotele
753 3121 771 3144 c
797 3130 832 3135 —
868 3113 919 3143 30.
947 3113 1125 3143 delectatus
1147 3121 1206 3143 suo
1229 3114 1336 3144 studio
1361 3121 1378 3144 c
1406 3130 1440 3135 -
1477 3112 1529 3144 3⁶2.
1556 3112 1704 3144 maxime
1726 3110 1817 3143 uolui
1842 3110 1886 3141 C:
1919 3102 2009 3139 volui

242 3165 391 3195 maxime
415 3171 432 3194 ο
466 3179 498 3183 -—
538 3162 588 3192 333.
617 3165 646 3193 et
670 3164 748 3193 ante
772 3163 894 3203 gravia
918 3170 987 3193 om.
1015 3170 1033 3192 c
1071 3179 1103 3183 —
1143 3161 1194 3193 34.
1222 3171 1243 3193 a
1261 3163 1460 3202 philosophis
1484 3164 1635 3193 tractata
1659 3169 1677 3193 c
1705 3179 1739 3184 —
1777 3160 1830 3191 35.
1857 3162 1886 3189 et
1907 3164 2007 3197 prae-

243 3217 338 3252 cepta
362 3212 428 3244 dcl.
455 3211 689 3250 Ruhnkeniuffi
716 3221 748 3243 V.
768 3213 938 3244 Mnetnos.
967 3213 991 3242 ll
1018 3221 1050 3253 p.
1070 3211 1133 3243 449
1158 3219 1211 3251 sq.
1249 3229 1284 3234 —
1321 3212 1372 3244 38.
1399 3213 1434 3243 in
1458 3221 1558 3252 eoque
1581 3215 1611 3243 et
1634 3211 1766 3243 colendo
1790 3207 1945 3241 AHab:
1971 3202 2006 3233 5⁷⁸

244 3272 345 3300 coque
368 3261 544 3294 excolendo
569 3260 616 3298 B3
642 3261 676 3291 in
700 3269 800 3300 coque
822 3262 954 3294 colendo
979 3268 997 3292 c
1022 3277 1057 3283 -—
1097 3260 1150 3292 39.
1177 3265 1206 3293 et
1229 3262 1313 3302 περὶ.
1340 3262 1404 3293 ΑΗ
1420 3262 1497 3293 ab:
1525 3264 1555 3294 et
1577 3262 1611 3292 in
1633 3260 1720 3300 περὶ.
1745 3260 1769 3289 Β
1784 3262 1836 3287 co
1865 3270 1899 3277 --
1933 3256 2008 3284 tur-

242 3312 321 3351 pido
345 3312 385 3343 H.
