2249 3624
286 174 368 217 754-
845 170 1137 213 PARADOXA
1169 169 1494 211 STOICORUM.

287 295 390 335 quos
422 279 624 320 caelatum
655 281 888 329 argentum,
919 289 1025 329 quos
1049 275 1266 315 Corinthia
1297 288 1438 328 opera,
1470 287 1576 328 quos
1607 273 1798 314 aedificia
1826 272 2042 327 magnifica

286 343 417 384 nimio
448 354 575 394 opere
606 339 826 379 delectant.
888 340 972 378 «At
1002 350 1176 377 sumus»
1221 337 1360 390 inquit
1403 337 1646 390 «principes
1677 336 1895 377 civitatis.»
1957 338 2042 377 Vos

285 419 384 447 vero
415 417 468 444 ne
495 415 790 443 conservorum
823 400 993 453 quidem
1026 405 1258 440 vestrorum
1290 399 1502 453 principes
1533 400 1647 440 estis.
1707 397 1773 438 37.
1813 398 1896 439 Sed
1926 403 1972 438 ut
2000 399 2043 438 in

286 481 436 521 magna
472 465 633 506 familia
672 469 769 504 sunt
805 463 876 503 alii
914 463 1137 509 lautiores,
1178 468 1225 502 ut
1256 460 1334 502 sibi
1366 461 1581 508 videntur,
1623 461 1757 509 servi,
1801 461 1872 501 sed
1904 466 2043 501 tamen

254 530 417 578 bservi,
453 533 499 569 ut
527 528 751 573 atrienses,
793 531 834 566 at
867 527 938 578 qui
968 530 1147 564 tractant
1177 525 1279 571 ista,
1321 524 1393 577 qui
1424 529 1609 576 tergent,
1651 524 1723 577 qui
1753 528 1938 576 ungunt,
1970 523 2043 576 qui

284 596 477 637 verrunt,
518 589 590 644 qui
622 593 845 642 spargunt,
885 601 972 627 non
1001 587 1347 627 honestissimum
1377 587 1516 626 locum
1548 587 1758 626 servitutis
1790 591 1955 633 tenent,
1986 585 2044 625 sic

283 655 328 694 in
358 653 547 699 civitate,
588 653 663 704 qui
692 664 736 691 se
768 651 944 690 istarum
974 663 1113 690 rerum
1153 649 1451 702 cupiditatibus
1483 648 1755 696 dediderunt,
1795 648 1928 701 ipsius
1959 661 2046 687 ser-

283 716 424 758 vitutis
455 715 592 755 locum
622 726 755 766 paene
786 710 975 752 infimum
1007 713 1211 765 optinent.
1283 725 1302 748 α
1315 713 1465 765 Magna
1478 725 1496 748 n
1532 712 1670 765 inquit
1714 711 1853 750 «bella
1885 710 2042 763 gessi,n

283 779 442 832 magnis
481 775 667 830 imperiis
711 780 752 815 et
789 774 1019 828 provinciis
1058 773 1259 827 praefui.»
1323 774 1429 814 Gere
1459 774 1584 826 igitur
1614 773 1799 814 animum
1829 773 1954 813 laude
1984 772 2047 812 di-

231 848 267 877 to
283 854 423 894 gnum.
481 839 672 879 Aetionis
713 838 855 878 tabula
895 843 934 877 te
979 836 1191 889 stupidum
1234 836 1394 876 detinet
1423 841 1494 876 aut
1525 836 1688 889 signum
1719 836 1893 890 aliquod
1924 835 2047 889 Poly-

283 904 392 945 cleti.
451 903 572 942 Mitto
604 901 716 941 unde
747 900 981 947 sustuleris,
1013 913 1096 953 quo
1130 900 1253 940 modo
1284 899 1459 939 habeas:
1490 899 1722 939 intuentem
1752 904 1807 946 te,
1839 897 2047 938 admiran-

282 971 390 1013 tem,
430 964 633 1004 clamores
673 963 889 1004 tollentem
930 976 1024 1002 cum
1066 962 1210 1009 video,
1254 975 1419 1002 servum
1451 974 1542 1001 esse
1572 961 1826 1014 ineptiarum
1856 960 2045 1000 omnium

280 1027 435 1068 iudico.
504 1024 569 1065 38.
617 1027 787 1066 «Nonne
818 1025 947 1078 igitur
978 1030 1073 1064 sunt
1102 1024 1174 1064 illa
1204 1024 1409 1064 festiva‘t»
1473 1024 1602 1073 Sunt3
1642 1037 1738 1064 nam
1768 1037 1844 1063 nos
1877 1035 2045 1076 quoque

281 1090 425 1131 oculos
457 1087 640 1129 eruditos
669 1088 886 1128 habemus.
947 1087 1050 1134 Sed,
1092 1087 1264 1127 obsecro
1296 1092 1358 1133 te,
1396 1087 1454 1126 ita
1485 1092 1661 1127 venusta
1689 1086 1922 1126 habeantur
1950 1085 2044 1132 ista,

230 1160 266 1189 ⁴5
280 1167 366 1194 non
396 1157 444 1193 ut
472 1151 608 1192 vincla
639 1151 822 1191 virorum
853 1151 957 1197 sint,
989 1149 1063 1189 sed
1093 1155 1139 1189 ut
1169 1150 1476 1190 oblectamenta
1505 1162 1745 1202 puerorum.
1795 1148 1907 1196 Quid
1934 1146 2044 1187 enim

279 1217 454 1257 censes?
487 1214 523 1254 si
545 1214 590 1253 L.
612 1213 837 1253 Mummius
868 1211 1053 1265 aliquem
1083 1211 1261 1252 istorum
1295 1212 1454 1252 videret
1474 1211 1757 1252 matellionem
1781 1209 2044 1251 Corinthium

279 1277 549 1332 cupidissime
580 1281 838 1321 tractantem,
869 1288 964 1314 cum
993 1274 1082 1327 ipse
1114 1279 1241 1314 totam
1266 1272 1511 1314 Corinthum
1541 1274 1874 1327 contempsisset,
1904 1276 2045 1312 utrum

277 1341 399 1381 illum
439 1340 575 1380 civem
615 1338 893 1378 excellentem
933 1350 986 1376 an
1017 1336 1241 1376 atriensem
1273 1336 1515 1389 diligentem
1548 1338 1740 1390 putaret?
1798 1335 2045 1376 Revivescat

277 1404 343 1444 Μ’.
367 1402 516 1444 Curius
548 1406 619 1442 aut
650 1414 795 1441 eorum
826 1399 1003 1452 aliquiS,
1047 1412 1229 1452 quorum
1270 1399 1313 1437 in
1352 1399 1452 1439 villa
1492 1412 1540 1438 ac
1571 1399 1695 1439 domo
1726 1397 1831 1438 nihil
1861 1393 2045 1450 splendi-

226 1473 262 1502 20
278 1463 389 1513 dum,
420 1464 526 1504 nihil
557 1469 752 1504 ornatum
781 1461 860 1502 fuit
891 1467 1055 1514 praeter
1084 1460 1212 1515 ipsos,
1243 1467 1283 1501 et
1314 1461 1455 1501 videat
1485 1461 1668 1514 aliquem
1700 1460 1870 1501 summis
1897 1457 2043 1512 populi

276 1525 489 1569 beneficiis
520 1540 643 1567 usum
672 1524 913 1566 barbatulos
945 1523 1097 1563 mullos
1129 1529 1419 1576 exceptantem
1450 1523 1501 1562 de
1533 1523 1695 1577 piscina
1726 1528 1767 1563 et
1788 1526 2045 1575 pertractan-

275 1597 360 1632 tem
391 1595 432 1631 et
460 1602 729 1629 murenarum
761 1587 881 1640 copia
911 1586 1181 1639 gloriantem,
1221 1599 1362 1626 nonne
1400 1585 1512 1626 hunc
1543 1586 1755 1626 hominem
1785 1585 1844 1625 ita
1875 1597 2044 1625 servum

275 1653 452 1701 iudicet,
490 1657 537 1692 ut
565 1664 618 1691 ne
649 1652 692 1691 in
722 1650 877 1690 familia
917 1647 1089 1701 quidem
1129 1649 1300 1701 dignum
1332 1648 1488 1688 maiore
1520 1648 1660 1701 aliquo
1692 1647 1861 1700 negotio
1893 1647 2042 1700 putet?

276 1712 343 1754 39.
386 1716 450 1754 An
482 1728 625 1755 eorum
656 1713 835 1754 servitus
866 1711 993 1751 dubia
1024 1716 1109 1758 est,
1152 1711 1224 1764 qui
1257 1710 1489 1763 cupiditate
1521 1711 1676 1763 peculii
1709 1709 1866 1750 nullam
1899 1709 2043 1750 condi-

225 1785 262 1815 25
276 1778 431 1817 tionem
462 1781 655 1816 recusant
687 1774 932 1815 durissimae
964 1773 1204 1813 servitutis?
1263 1772 1513 1812 Hereditatis
1545 1785 1639 1826 spes
1671 1772 1773 1826 quid
1805 1772 2041 1826 iniquitatis

275 1842 318 1881 in
349 1839 569 1881 serviendo
600 1851 686 1878 non
716 1837 918 1890 suscipit?
970 1849 1097 1889 quem
1137 1840 1282 1875 nutum
1325 1835 1550 1887 locupletis
1590 1835 1681 1875 orbi
1712 1835 1823 1875 senis
1854 1849 1939 1875 non
1970 1835 2042 1875 ob-

274 2002 415 2034 stultitia
439 2000 539 2040 etc),
573 1998 700 2032 deinde
727 1997 821 2039 quod
847 1997 905 2038 qui
930 1997 1275 2032 commemorantur,
1309 2004 1379 2026 non
1404 2003 1483 2026 cuni
1510 1994 1714 2027 lautioribus
1738 1996 1868 2033 servis,
1896 1994 1978 2034 sed,
2005 1997 2042 2026 ut

275 2061 358 2085 mox
381 2053 545 2093 apparet,
580 2058 662 2081 cuin
690 2048 818 2080 infimis
849 2048 1111 2087 comparantur.
1168 2046 1296 2077 Contra
1326 2046 1393 2076 hoc
1425 2045 1616 2077 discrimen
1647 2053 1832 2077 servorum
1856 2047 1890 2076 et
1914 2045 2043 2085 gradus

275 2104 372 2135 recte
395 2101 513 2134 locum
544 2099 652 2131 habet
681 2098 788 2137 infra,
822 2096 882 2128 ubi
907 2096 1103 2128 ostenditur
1127 2096 1288 2127 homines
1313 2096 1487 2136 pretiosae
1513 2093 1735 2136 supellectilis
1760 2096 1793 2125 et
1817 2094 2044 2126 artificiorum

276 2152 423 2194 cupidos
453 2160 523 2183 non
553 2148 668 2182 solum
699 2156 838 2185 servos,
873 2146 936 2178 sed
968 2147 1074 2178 etiam
1105 2145 1214 2176 infimi
1247 2146 1385 2186 generis
1410 2153 1532 2176 servos
1557 2153 1647 2176 esse.
1695 2143 1901 2176 Emendatio
1925 2146 2044 2176 nostra

275 2211 383 2244 supra
406 2200 584 2243 proposita
608 2198 675 2231 sibi
699 2199 774 2239 ipsa
799 2195 898 2228 facile
925 2196 1033 2227 fidem
1059 2196 1160 2227 faciet
1186 2198 1219 2226 et
1244 2196 1363 2228 mendi
1389 2196 1558 2235 originem
1583 2194 1757 2227 ostendet.
1807 2195 1898 2226 Casu
1929 2197 1963 2226 et
1987 2203 2045 2226 er-

275 2261 355 2284 rore
386 2251 549 2283 librarius
579 2248 709 2281 codicis
740 2246 925 2286 archetypi
955 2247 1026 2277 tres
1060 2248 1117 2276 aut
1142 2247 1306 2284 quattuor
1329 2244 1541 2277 versiculos:
1584 2247 1621 2275 ut
1644 2245 1678 2275 in
1701 2253 1826 2285 magna
1847 2245 2044 2284 familia--

275 2304 433 2335 atrienses
455 2305 490 2333 at
520 2298 711 2333 scribendo
736 2296 917 2337 praecepit
941 2295 1220 2335 interposuitque
1247 2296 1337 2326 inter
1367 2298 1466 2334 atque
1498 2294 1610 2335 (quod
1634 2295 1668 2325 in
1692 2293 1761 2325 fine
1787 2302 1910 2326 versus
1934 2293 2042 2326 fuisse

277 2355 553 2386 consentaneum
579 2349 642 2389 est)
670 2350 704 2380 et
726 2347 861 2387 inpari
885 2347 988 2386 (quae
1014 2345 1108 2376 initio
1133 2353 1256 2376 versus
1282 2346 1411 2386 scripta
1437 2344 1563 2383 e1·ant};
1591 2343 1731 2381 deinde,
1757 2352 1867 2384 quum
1892 2342 1937 2374 ad
1961 2350 2043 2374 eum

276 2402 394 2436 locum
417 2401 661 2444 pervenisset,
697 2396 758 2428 ubi
788 2395 843 2427 illa
877 2394 1065 2426 scribenda
1091 2397 1213 2432 erant,
1250 2396 1308 2425 aut
1336 2404 1448 2435 pauca
1480 2396 1615 2425 tantum
1645 2392 1752 2425 verba
1785 2393 1923 2434 scripsit
1950 2393 2043 2424 utin

273 2453 423 2493 familia,
461 2450 589 2483 deinde
614 2447 768 2488 reliqua,
800 2448 838 2476 ut
862 2446 930 2476 iam
956 2444 1103 2484 scripta,
1138 2444 1273 2481 omisit,
1307 2446 1384 2483 aut,
1419 2452 1527 2484 quum
1553 2444 1669 2474 omnia
1695 2442 1886 2482 omisisset,
1920 2444 2042 2483 postea

275 2511 388 2544 pauca
411 2500 467 2533 illa
491 2499 600 2532 verba
623 2501 659 2529 ut
681 2499 716 2529 in
739 2495 870 2536 familia
895 2495 1046 2525 retracta
1069 2495 1161 2530 sunt,
1189 2494 1268 2533 quia
1293 2494 1367 2525 sine
1393 2492 1455 2524 illis
1480 2491 1572 2524 nulla
1597 2494 1671 2523 erat
1695 2492 1878 2523 sententia.
1926 2493 1964 2523 In
1988 2491 2041 2523 his

275 2557 598 2584 smummrfflfixses
623 2546 750 2579 excidit
773 2547 810 2576 ut
832 2544 911 2584 post
933 2543 985 2579 ui3
1020 2542 1080 2574 ubi
1103 2551 1227 2575 versus
1251 2552 1360 2583 prave
1385 2542 1578 2583 interpositi
1603 2543 1701 2580 sunt,
1728 2550 1770 2573 ex
1795 2545 1830 2573 at
1852 2542 1888 2572 in
1911 2540 2042 2573 factum

277 2605 365 2640 actu,
390 2600 467 2632 alia.
517 2597 617 2637 Quod
641 2602 873 2628 conservorum
904 2593 1058 2632 restitui,
1091 2594 1126 2624 et
1150 2594 1396 2625 auctoritatem
1420 2591 1528 2624 habet
1553 2593 1586 2623 et
1611 2591 1655 2623 ad
1679 2591 1891 2623 sententiam
1915 2599 2043 2623 neces-

278 2651 409 2683 sarium
439 2651 492 2682 est
521 2650 626 2681 etiam
657 2648 691 2678 in
723 2644 862 2685 volgata
894 2643 1076 2683 scriptura.
1125 2641 1199 2673 Hoc
1224 2643 1319 2673 enim
1343 2643 1459 2683 ipsum
1483 2641 1596 2682 agitur
1619 2648 1659 2671 ac
1683 2640 1827 2679 dicitur,
1857 2639 1932 2672 illos
1961 2648 2043 2672 cum

279 2702 406 2733 ceteris
437 2700 568 2733 servire
601 2699 635 2730 et
666 2705 710 2728 ne
741 2696 833 2726 inter
864 2700 1055 2725 conservos
1087 2690 1232 2731 quidem
1261 2700 1343 2724 suos
1373 2692 1572 2733 principum
1602 2689 1721 2721 locum
1745 2692 1878 2721 tenere.
1926 2690 2043 2729 Longe

279 2749 372 2782 aliud
396 2752 449 2783 est
471 2749 527 2782 vel
550 2748 666 2790 potius
690 2744 773 2778 nihil
802 2751 972 2776 servorum
995 2750 1131 2772 suorum
1152 2741 1336 2781 principem
1359 2750 1442 2779 esse;
1477 2749 1560 2772 nam
1590 2741 1676 2772 servi
1707 2739 1758 2770 sui
1789 2740 1833 2770 ita
1867 2739 2042 2777 dicuntur,

278 2801 317 2831 ut
339 2799 384 2831 ad
408 2799 591 2831 dominum
615 2807 656 2830 ea
680 2794 866 2838 appellatio
892 2792 1099 2825 referatur.»
1136 2791 1280 2823 MADVIG.
1331 2790 1613 2831 Transpositione
1638 2788 1756 2820 locum
1781 2787 2043 2821 emendandum

282 2856 361 2880 esse
385 2850 455 2882 iam
480 2851 504 2880 Ι.
523 2848 790 2887 1.Hottingerus
814 2844 916 2883 vidit,
948 2842 1012 2875 sed
1042 2850 1123 2873 cum
1154 2841 1228 2881 ipse
1261 2842 1335 2873 eius
1366 2842 1417 2872 rei
1442 2839 1637 2882 periculum
1662 2839 1811 2878 faceret,
1837 2846 1895 2870 res
1919 2844 2044 2879 parum

281 2907 449 2941 prospere
474 2899 592 2931 cessit.
641 2896 691 2929 Cf.
718 2895 897 2928 decimum
923 2900 1111 2924 excursum
1135 2891 1169 2921 in
1193 2891 1320 2922 Moseri
1345 2891 1495 2922 editione
1522 2899 1554 2931 p.
1571 2890 1634 2922 356
1658 2898 1736 2930 sqq.

369 2950 400 2980 5.
427 2952 551 2989 tergent
583 2948 625 2979 C:
663 2948 794 2987 tergunt
826 2945 851 2976 O
890 2961 925 2966 -—
964 2944 1103 2982 iungunt
1126 2941 1150 2972 B
1186 2958 1228 2962 ——
1263 2941 1281 2972 8
1321 2940 1464 2972 obtinent
1486 2939 1592 2971 ABO
1629 2955 1666 2962 —·
1706 2939 1757 2970 40.
1783 2938 1929 2970 Aetionis
1959 2944 2039 2968 nos:

283 3000 419 3032 aetionis
440 2999 512 3037 AB,
539 2997 678 3029 actionis
701 2996 740 3034 V,
765 2994 918 3026 Echionis
941 2992 984 3029 O;
1013 2991 1054 3022 cf.
1083 2991 1154 3022 Cic.
1182 2989 1278 3020 Brut.
1305 2989 1391 3030 {70—
1419 2988 1503 3020 Plin.
1531 2988 1570 3019 N.
1591 2988 1630 3019 H.
1657 2986 1788 3025 XXXV,
1808 2986 1826 3027 S
1844 2986 1895 3018 78.
1923 3002 1959 3008 —
1986 2987 2045 3017 aut

283 3049 311 3080 V
335 3056 425 3079 corr.
453 3056 494 3078 ex
516 3050 553 3078 ut
578 3064 612 3070 -—
641 3048 692 3078 ti.
718 3045 902 3083 sustuleris,
923 3042 974 3084 [et]
994 3041 1153 3082 quomodo
1177 3040 1202 3071 O
1229 3056 1263 3061 —
1293 3040 1344 3071 42.
1363 3047 1495 3070 servum
1519 3040 1547 3069 te
1571 3044 1636 3068 esse
1660 3037 1685 3068 Ο
1713 3052 1747 3057 -
1774 3035 1827 3066 43.
1846 3044 1912 3066 ηοη
1927 3035 2041 3075 mitur,

281 3100 320 3130 ut
344 3099 396 3129 est
419 3097 452 3127 in
477 3096 560 3128 dett.
586 3096 717 3137 paucis,
744 3093 899 3127 malebat
923 3091 1071 3124 Ernesti.
1098 3106 1133 3111 —
1173 3089 1230 3120 itta
1256 3089 1298 3121 C:
1325 3090 1390 3120 ista
1415 3088 1439 3119 O
1479 3104 1513 3109 -
1550 3089 1625 3118 sunt
1647 3085 1702 3116 Vl:
1737 3085 1810 3116 Sint
1831 3085 1891 3116 AB
1903 3084 1976 3116 V2O
2004 3099 2039 3105 -

281 3148 334 3179 45.
359 3146 472 3178 uincla>
495 3146 539 3177 C:
564 3146 696 3177 vincula
720 3144 744 3176 O
772 3161 805 3167 —-
835 3144 888 3175 48.
913 3142 1091 3173 reviviscat
1114 3138 1192 3170 B·-’O
1221 3155 1251 3161 -
1283 3137 1334 3168 49.
1360 3138 1406 3168 M.
1434 3136 1458 3168 C
1487 3153 1521 3158 —
1559 3136 1612 3167 20.
1639 3134 1706 3174 ipso
1732 3133 1771 3164 V¹
1797 3150 1832 3155 —
1858 3133 1994 3164 uideant
2015 3132 2039 3163 B

283 3213 318 3218 —
338 3196 393 3227 2⁴.
411 3194 557 3226 bartulos
579 3194 608 3224 V
634 3195 721 3235 (sup.
739 3192 797 3225 lin.
817 3193 869 3224 uel
885 3189 1089 3228 bar-baculos)
1123 3204 1157 3209 —
1192 3191 1221 3219 et
1241 3188 1501 3227 pertractantem
1524 3185 1603 3216 AB:
1636 3186 1665 3216 et
1685 3185 1875 3223 portantem
1898 3182 1926 3213 V
1950 3183 2038 3221 (sup.

283 3245 340 3278 lin.
365 3244 417 3276 uel
434 3245 704 3283 pertractantem)
744 3260 779 3265 —
816 3242 870 3273 22.
897 3246 1136 3273 muraenarum
1168 3236 1192 3268 Ο
1231 3253 1265 3258 -
1304 3236 1355 3267 23.
1383 3234 1448 3266 alio
1472 3243 1543 3275 neq.
1570 3231 1611 3265 V¹
1648 3250 1683 3256 —
1720 3231 1774 3265 24.
1799 3231 1929 3263 dubiasc
1950 3230 1975 3261 B
2001 3245 2036 3251 —

283 3294 337 3326 25.
362 3301 417 3334 spe
440 3293 467 3325 V
493 3309 527 3314 —
555 3292 609 3323 26.
635 3291 721 3324 orbis
744 3291 828 3324 senis
850 3291 887 3322 Β.
