2249 3624
584 133 673 173 Lm.
707 134 754 173 v.
794 133 890 173 cn».
923 134 1181 174 xv-xvr
1220 132 1278 186 §ss
1311 131 1503 174 41—43.
1858 129 1938 171 343

174 253 256 294 quo
278 236 453 278 efficitur
470 237 691 278 honestate
714 252 793 279 una
812 240 935 279 vitam
960 240 1163 280 contineri
1181 240 1356 279 beatam.
1390 241 1480 278 Non
1500 246 1596 278 sunt
1616 239 1739 292 igitur
1760 251 1807 278 ea
1828 238 1938 278 hona

171 302 345 342 dicenda
378 314 453 341 nec
485 298 695 348 hat›‹=n‹]a‚
730 300 884 355 quibus
916 302 1196 342 abundantem
1221 302 1318 341 licet
1339 316 1430 341 esse
1455 302 1744 341 miserrimum.
1785 297 1848 339 45.
1873 302 1934 340 An

170 363 330 404 dubitas
361 364 463 417 quin
496 371 711 416 praestans
746 365 1003 410 valetudine,
1046 365 1221 410 viribus,
1266 365 1415 411 forma,
1451 364 1675 404 acerrumis
1706 365 1936 416 integerru-

170 430 330 481 misque
363 427 573 467 sensibus:
608 426 715 466 adde
747 429 891 473 etiam,
925 428 957 466 si
992 428 1126 470 lubet,
1175 428 1462 480 pernicitatem
1497 434 1534 466 et
1568 426 1852 473 velocitatem,
1885 426 1935 466 da

170 490 351 537 divitias,
382 490 584 534 honores,
618 490 810 542 imperia,
854 504 975 542 opes,
1007 491 1206 541 gloriam:
1249 490 1279 528 si
1315 490 1440 529 suerit
1472 491 1525 534 is.
1560 489 1631 542 qui
1665 488 1767 527 haec
1797 488 1969 534 habeta·

171 554 366 599 iniustus,
408 553 711 604 intemperans,
755 552 941 597 timidus,
980 553 1117 591 hebeti
1152 553 1318 603 iugenio
1350 559 1476 605 atquc.
1511 553 1638 598 nullo,
1671 551 1936 591 dubitabisne

170 629 263 656 eum
299 615 500 654 miserum
539 614 709 654 dicere?
756 614 905 661 Qualia
945 614 1070 665 igitur
1115 615 1191 653 ista
1234 612 1340 654 bona
1383 622 1499 661 suut,
1544 628 1651 668 quae
1684 614 1754 667 qui
1787 614 1938 654 habeat

169 677 422 718 miserrimus
455 690 546 716 esse
579 677 745 728 possit?
791 676 1015 715 Videamus
1048 690 1112 721 ne,
1146 683 1189 714 ut
1221 689 1394 715 acervus
1427 691 1478 716 cx
1510 678 1571 717 sui
1596 678 1760 729 generis
1783 678 1937 728 granis,

168 741 225 780 sic
266 740 386 779 beata
426 739 510 779 vita
546 752 598 778 ex
640 739 702 778 sui
739 738 944 777 similibus
979 739 1161 791 partibus
1195 738 1301 778 eflici
1336 740 1499 779 debeat.
1556 740 1678 787 Quod
1712 741 1743 779 si
1776 741 1830 780 ita
1863 746 1938 787 est,

168 815 219 842 ex
251 801 390 848 bonis,
424 815 532 855 quae
563 802 651 841 sola
682 800 856 841 honesta
890 807 1004 847 sunt,
1037 800 1300 841 efficiendum
1334 808 1396 841 est
1427 803 1615 841 beatum:
1648 816 1693 842 ea
1727 803 1854 842 mixta
1887 815 1990 843 exto

168 864 438 904 dissimilibus
470 865 504 904 si
546 870 687 911 erunt,
731 864 951 904 honestum
985 878 1035 902 ex
1069 865 1119 903 iis
1151 862 1256 903 eflici
1291 865 1392 904 nibil
1428 866 1596 918 poterit,
1637 879 1720 918 quo
1753 867 1938 906 detracto

169 926 268 982 quid
301 927 453 980 poterit
484 927 650 966 beatum
685 927 903 978 intellegi?
937 927 1097 966 Etenim
1131 928 1329 980 quicquid
1364 935 1442 975 cst,
1476 929 1588 980 quod
1615 929 1771 967 bonum
1795 929 1864 975 sit,
1897 929 1937 968 id

168 989 449 1042 expetendum
483 996 568 1034 est:
604 989 714 1042 quod
748 996 887 1028 autem
919 990 1224 1042 expetendum,
1258 989 1298 1028 id
1321 997 1431 1029 certe
1455 990 1793 1044 adprobandum;
1826 991 1938 1044 quod

166 1065 264 1092 vero
296 1053 561 1104 adprobaris,
596 1053 636 1091 id
670 1058 831 1105 gratum
862 1059 1166 1104 acceptumque
1199 1051 1458 1091 habendum:
1491 1066 1590 1105 ergo
1613 1053 1735 1093 etiam
1758 1053 1938 1107 dignitas

167 1116 203 1156 ei
236 1115 457 1154 tribuenda
490 1122 563 1154 est.
612 1115 734 1163 Quod
769 1115 802 1154 si
826 1114 883 1153 ita
906 1121 989 1161 est,
1022 1114 1232 1154 laudabile
1255 1115 1304 1154 sit
1330 1128 1498 1154 necesse
1522 1122 1602 1155 cst:
1635 1116 1790 1156 bonum
1813 1114 1989 1169 igituru

166 1191 288 1218 omne
332 1177 556 1217 laudabile.
613 1179 675 1217 Ex
710 1192 792 1231 quo
825 1177 1006 1217 efficitur
1039 1183 1099 1221 ut,
1132 1177 1245 1228 quod
1279 1179 1329 1217 sit
1362 1178 1603 1224 honestum,
1645 1179 1685 1218 id
1719 1180 1772 1218 sit
1802 1179 1938 1219 solum

163 1241 333 1281 bonum.

278 1302 385 1341 XVI.
419 1300 484 1341 46,
520 1303 643 1351 Quod
677 1304 717 1342 ui
752 1304 807 1343 ita
839 1301 1094 1349 tenebimus,
1139 1301 1266 1342 multa
1297 1310 1419 1343 erunt
1451 1317 1556 1357 quae
1588 1304 1708 1344 nobis
1740 1306 1848 1346 bona
1879 1306 1941 1346 di-

166 1365 296 1404 cenda
334 1366 440 1405 sint:
482 1366 628 1406 omitto
669 1366 858 1413 divitias,
900 1379 1005 1419 quas
1038 1379 1130 1405 cum
1166 1365 1301 1418 quivis
1334 1367 1524 1418 quamvis
1560 1368 1756 1419 indignus
1788 1368 1940 1408 habere

165 1427 315 1480 possit,
348 1429 390 1466 in
423 1428 541 1467 bonis
574 1441 656 1468 non
691 1442 889 1475 numer03
924 1428 1037 1482 quod
1071 1428 1182 1467 enim
1217 1433 1280 1467 est
1311 1430 1488 1475 bonum,
1521 1429 1562 1469 id
1595 1443 1677 1469 non
1711 1430 1848 1483 quivis
1870 1430 1992 1471 ha-20

166 1489 264 1528 bere
306 1496 469 1542 potest;
513 1492 659 1530 omitto
701 1492 961 1531 nobilitatem
1004 1490 1241 1543 famamque
1275 1490 1516 1544 popularem
1551 1492 1772 1532 stultorum
1804 1493 1944 1545 inpro-

166 1552 399 1606 borumque
441 1566 651 1594 consensu
694 1554 936 1593 excitatam:
980 1553 1101 1599 baec,
1141 1566 1250 1605 quae
1294 1559 1391 1592 sunt
1432 1554 1619 1601 minima,
1661 1560 1798 1594 tamen
1835 1554 1945 1594 bona

167 1615 358 1655 dicantur
388 1628 561 1655 necesse
594 1622 678 1663 est,
711 1616 925 1656 candiduli
958 1616 1125 1661 dentes,
1159 1615 1320 1655 venusti
1353 1615 1485 1662 oculi,
1515 1616 1633 1656 color
1659 1617 1798 1657 suavis
1821 1622 1862 1656 et
1883 1630 1945 1658 ea,

168 1689 273 1730 quae
308 1678 498 1718 Anticlea
530 1678 673 1718 laudat
704 1679 814 1718 Ulixi
853 1679 981 1731 pedes
1013 1678 1211 1724 abluens,

427 1741 688 1782 Lenitudo
721 1742 1025 1788 orationis,
1057 1740 1351 1780 mollitudo
1385 1742 1646 1794 corporis.
1961 1750 1998 1778 ³5

168 1803 226 1843 Ea
267 1804 299 1842 si
340 1803 448 1843 bona
489 1804 714 1849 ducemus,
758 1804 856 1857 quid
901 1804 978 1843 erit
1019 1805 1060 1843 in
1104 1803 1340 1856 philosophi
1375 1804 1575 1857 gravitate
1607 1819 1730 1858 quam
1764 1806 1806 1845 in
1838 1806 1949 1859 volgi

168 1866 368 1918 opinione
415 1866 723 1919 stultorumque
771 1867 891 1905 turba
933 1867 1045 1920 quod
1084 1867 1245 1905 dicatur
1284 1873 1355 1906 aut
1393 1866 1561 1920 gravius
1603 1874 1673 1907 aut
1714 1868 1947 1921 grandius?

167 1925 233 1968 47.
264 1929 317 1968 At
347 1929 458 1968 enim
491 1928 635 1967 eadem
668 1928 797 1967 Stoici
832 1929 1058 1981 praecipua
1092 1928 1154 1968 vel
1190 1929 1394 1981 producta
1417 1929 1562 1969 dicunt
1588 1943 1693 1982 quae
1727 1931 1835 1970 bona
1865 1931 1948 1971 isti.

167 1991 319 2030 Dicunt
349 1990 408 2031 illi
440 1990 628 2043 quidem,
662 1990 732 2029 sed
769 1991 816 2030 iis
853 1991 979 2030 vitam
1015 1991 1175 2030 beatam
1204 1991 1405 2044 compleri
1428 1998 1602 2043 negant:
1634 1992 1677 2032 hi
1700 1999 1836 2033 autem
1860 1994 1950 2033 sine

167 2054 218 2094 iis
249 2066 339 2094 esse
373 2053 529 2092 nullam
563 2059 709 2106 putant
739 2060 830 2100 aut,
864 2054 896 2093 si
930 2054 983 2093 sit
1015 2054 1155 2100 beata,
1196 2054 1480 2093 beatissimam
1515 2060 1624 2094 certe
1655 2061 1820 2108 negant.
1857 2057 2002 2102 ‘Nosao

168 2122 304 2157 autem
337 2116 526 2155 volumus
560 2116 859 2162 beatissimam,
893 2116 1022 2169 idque
1055 2116 1175 2156 nobis
1210 2116 1422 2156 Socratica
1454 2117 1525 2155 illa
1557 2117 1829 2157 conclusione
1853 2130 1952 2158 con-

168 2179 367 2219 firmatur.
428 2178 495 2218 Sic
535 2179 645 2218 enim
687 2179 883 2232 princeps
922 2178 993 2217 illo
1032 2178 1327 2232 philosophiae
1361 2179 1609 2226 disserebat,
1643 2180 1781 2233 qualis
1812 2181 1952 2221 cuius-

169 2254 248 2295 que
279 2242 406 2281 animi
438 2241 625 2281 adfectus
657 2247 785 2287 esset,
818 2241 941 2280 talem
975 2255 1066 2280 esse
1100 2241 1328 2288 hominem,
1363 2241 1501 2295 qualis
1532 2246 1670 2281 autem
1703 2242 1828 2282 homo
1860 2244 1950 2296 ipse

171 2310 301 2350 esset,
342 2303 467 2344 talem
504 2305 593 2343 eius
635 2318 727 2343 esse
773 2305 1027 2349 orationem;
1069 2304 1249 2343 orationi
1288 2310 1429 2344 autem
1465 2303 1571 2344 faeta
1609 2304 1784 2353 similia,
1830 2305 1949 2346 factis

171 2367 305 2406 vitam.
352 2364 551 2406 Adfectus
582 2373 721 2407 autem
752 2367 879 2417 animi
913 2367 953 2406 in
986 2367 1097 2406 bono
1123 2367 1211 2406 viro
1245 2367 1492 2414 laudabilis,
1526 2374 1565 2406 et
1590 2368 1674 2407 vita
1705 2368 1831 2420 igitur
1862 2369 2002 2414 lau-35

172 2428 321 2469 dabilis
352 2429 452 2468 boni
484 2430 561 2469 viri
593 2435 633 2469 et
663 2429 839 2469 honesta
872 2442 984 2481 ergo,
1017 2429 1217 2482 quoniam
1261 2429 1504 2469 laudabilis:
1546 2443 1596 2469 ex
1631 2430 1785 2483 quibus
1818 2432 1950 2472 bono-

171 2503 261 2530 rum
306 2491 470 2531 beatam
517 2494 640 2532 vitam
689 2505 780 2532 esse
827 2491 1104 2531 concluditur
1165 2489 1230 2529 48.
1264 2492 1448 2537 Etenim,
1489 2505 1563 2544 pro
1606 2492 1780 2533 deorum
1823 2499 1950 2548 atque

172 2551 384 2592 hominum
418 2552 569 2593 fidem!
616 2568 815 2607 parumne
848 2555 1060 2607 cognitum
1095 2561 1157 2594 est
1192 2554 1483 2607 superioribus
1517 2555 1669 2595 nostris
1701 2555 1950 2608 disputation

173 2615 312 2663 nibus,
345 2629 395 2656 an
429 2616 721 2657 delectationis
754 2623 794 2656 et
820 2616 892 2656 otii
917 2617 1191 2656 consumendi
1216 2630 1340 2656 causa
1365 2616 1493 2656 locuti
1516 2631 1685 2665 sumus,
1718 2618 1949 2671 sapientem

173 2676 222 2716 ab
254 2678 365 2717 omni
399 2679 678 2718 concitatione
710 2679 860 2725 animi,
893 2692 1018 2732 quam
1051 2679 1406 2732 perturbationem
1442 2692 1564 2726 voco,
1597 2693 1763 2733 semper
1790 2693 2000 2728 vacare,40

175 2753 338 2793 semper
368 2741 410 2780 in
441 2742 579 2781 animo
612 2742 701 2781 eius
734 2755 825 2781 esse
858 2741 1183 2794 placidissimam
1217 2744 1390 2795 pacem‘.>
1428 2742 1502 2781 Vir
1531 2742 1656 2795 igitur
1681 2748 1950 2796 temperatus,

265 2958 291 2987 t.
318 2966 419 2988 unum
443 2959 468 2989 G
498 2975 530 2980 -
557 2958 722 2989 confluere
747 2959 770 2988 G
787 2959 809 2988 R
842 2976 872 2979 —
902 2958 931 2988 2.
959 2958 1202 2989 hubundanlem
1220 2960 1244 2989 G
1267 2976 1299 2980 ἡ
1328 2958 1357 2988 3,
1379 2961 1557 2996 praestans
1582 2958 1766 2991 ualetudine
1783 2977 1800 2983 -
1817 2977 1831 2982 -
1850 2959 1946 2998 lubet,

173 3006 398 3044 pernicitatem
422 3008 552 3039 Nonius
578 3016 610 3048 p.
629 3007 702 3038 444.
735 3025 766 3028 —
796 3008 978 3047 iuteyerum
1001 3010 1114 3047 hisque
1134 3010 1158 3038 G
1176 3010 1216 3044 R:
1245 3010 1444 3049 integrisque
1460 3009 1600 3040 Nonius.
1624 3027 1657 3032 —
1680 3012 1730 3041 ll.
1757 3020 1800 3042 ex
1822 3011 1871 3041 his
1887 3010 1947 3043 CO

181 3073 214 3077 —
241 3055 290 3087 49.
317 3060 390 3087 sunt
415 3058 477 3088 GB
507 3076 537 3079 —-
570 3057 618 3088 ¹23.
647 3067 703 3094 ea,
731 3058 825 3098 quae]
852 3066 954 3097 aeque
978 3060 1001 3089 G
1018 3058 1042 3089 R
1066 3076 1097 3080 -
1128 3057 1177 3089 24¹.
1205 3059 1345 3090 anticlea
1372 3058 1416 3090 C:
1442 3058 1609 3096 Euryclea
1626 3059 1650 3090 O
1673 3077 1704 3082 -
1733 3060 1850 3092 laudae
1874 3068 1943 3092 om.

179 3103 202 3134 R
229 3121 263 3126 —
290 3106 342 3136 25
368 3105 510 3137 lenitudo
528 3124 574 3129 --
592 3116 629 3138 ea
654 3107 711 3137 sibe
738 3108 823 3138 laona
845 3108 979 3145 ducens,
1007 3108 1085 3146 qnid
1102 3125 1148 3130 --
1165 3109 1332 3147 gravilate
1356 3108 1487 3139 Nonius
1513 3117 1545 3148 p.
1567 3109 1640 3140 ⁴32.
1663 3126 1695 3131 —
1724 3110 1777 3141 26.
1804 3111 1946 3141 dicemus

179 3153 204 3184 O
235 3170 265 3176 -
292 3155 346 3187 29.
371 3157 425 3187 sed
447 3157 495 3188 his
520 3158 583 3189 CO
614 3176 644 3179 —
673 3158 740 3188 sine
765 3157 812 3198 iis]
839 3159 866 3188 si
888 3159 936 3189 his
961 3159 984 3190 C
1014 3175 1046 3179 —
1076 3158 1127 3189 33.
1154 3159 1220 3197 ipse
1243 3159 1336 3188 homo
1361 3157 1385 3188 Ο
1411 3174 1443 3179 —-
1471 3157 1525 3189 34.
1551 3159 1726 3190 rationem.
1754 3159 1943 3191 Rationisc

181 3219 214 3225 —
243 3204 294 3236 38.
319 3206 379 3245 fide
411 3207 435 3236 G
452 3207 472 3236 R
509 3225 540 3228 —
577 3208 628 3237 39,
656 3207 872 3238 dilectationis
901 3208 965 3238 GR
1001 3225 1034 3229 —
1068 3208 1120 3238 41Δ
1149 3209 1199 3238 vir
1221 3208 1325 3247 iye'lur
1341 3224 1387 3229 ——
1403 3207 1472 3239 sine
1495 3208 1672 3241 alacritate
1694 3209 1764 3240 ulla
1788 3209 1942 3247 lubidine,

180 3261 284 3286 nonve
301 3258 406 3286 :catus
427 3257 557 3288 Nonius
581 3266 614 3298 p.
634 3256 712 3291 457.
