2249 3624
179 174 261 216 6⁶20
948 173 1172 214 LAELIUS

178 283 367 338 potuisse
398 281 565 322 dicere:
606 280 640 321 si
673 293 756 334 qua
786 283 1003 333 praeterea
1033 284 1130 319 sunt
1167 302 1219 308 —-
1258 279 1382 320 credo
1414 284 1551 321 autem
1584 293 1675 321 esse
1706 280 1833 322 multa
1863 306 1939 332 -‚

179 346 231 386 ab
261 346 338 394 iis,
372 346 405 385 si
436 343 666 391 videbitur,
699 343 770 396 qui
802 343 880 382 ista
912 342 1151 394 disputant,
1183 343 1433 396 quaeritote.

291 406 357 447 ⁶25.
394 408 518 446 Fann.
555 408 640 446 Nos
671 411 809 445 autem
840 417 862 444 a
894 409 933 444 te
965 404 1130 457 potius:
1175 418 1428 458 quamquam
1460 406 1583 445 etiam
1614 407 1665 445 ab
1696 406 1785 446 istis
1816 421 1940 462 saepe

177 470 367 524 quaesivi
400 474 440 509 et
470 468 613 508 audivi
644 481 726 508 non
759 467 915 507 invitus
946 466 1170 520 equidem,
1208 467 1280 507 sed
1313 467 1426 508 aliud
1458 467 1670 522 quoddam
1704 468 1817 511 filum
1850 485 1942 512 ora-

144 533 301 574 5tionis
332 538 441 572 tuae.

288 596 422 635 Scaev.
462 595 568 633 Tum
599 593 729 645 magis
761 592 802 631 id
835 591 1016 640 diceres,
1054 592 1206 640 Fanni,
1245 593 1279 632 si
1312 607 1448 646 nuper
1479 593 1520 633 in
1552 591 1683 634 hortis
1717 594 1938 647 Scipionis,

175 671 267 697 cum
302 662 365 697 est
395 656 446 696 de
478 670 520 696 re
553 655 717 709 publica
750 655 1019 708 disputatum,
1051 654 1277 695 adfuisses:
1310 656 1444 711 qualis
1476 660 1561 695 tum
1594 661 1793 709 patronus
1824 657 1942 697 iusti-

174 720 256 760 tiae
287 719 366 759 fuit
396 725 542 759 contra
573 723 809 758 accuratam
843 718 1076 757 orationem
1108 718 1241 757 Phili!

286 782 411 821 Fann.
442 782 580 821 Facile
611 781 652 820 id
688 780 858 834 quidem
889 779 969 820 fuit
999 780 1197 820 iustitiam
1231 780 1461 820 iustissimo
1495 781 1582 821 viro
1615 780 1854 821 defendere.

125 850 159 879 ⁴0
287 845 421 884 Scaev.
463 843 574 892 Quid
606 843 859 883 amicitiam?
902 856 1041 882 nonne
1080 843 1201 882 facile
1242 843 1302 890 ei,
1345 844 1415 896 qui
1448 843 1500 883 ob
1533 857 1623 883 eam
1655 857 1815 884 summa
1846 842 1939 892 fide,

173 907 408 946 constantia
439 907 684 959 iustitiaque
716 910 920 945 servatam
953 906 1173 944 maximam
1207 906 1380 957 gloriam
1413 907 1601 959 ceperit?

284 970 391 1008 VIII.
423 967 491 1009 ⁶26.
524 970 630 1008 Lael.
662 969 753 1007 Vim
785 967 864 1007 hoc
897 968 1066 1022 quidem
1100 973 1163 1007 est
1193 967 1381 1007 adferre:
1426 968 1522 1022 quid
1558 969 1668 1008 enim
1700 969 1827 1010 refert
1858 983 1940 1024 qua

171 1045 237 1072 me
267 1032 429 1072 ratione
461 1032 653 1084 cogatis?
695 1030 841 1083 cogitis
874 1037 998 1070 certe.
1059 1030 1219 1070 Studiis
1251 1031 1360 1070 enim
1393 1044 1663 1083 generorum,
1695 1032 1939 1086 praesertim

171 1095 213 1134 in
245 1107 287 1134 re
318 1095 441 1142 bona,
475 1108 567 1134 cum
602 1091 770 1133 difficile
806 1099 868 1134 est
897 1100 983 1133 tum
1015 1106 1067 1132 ne
1100 1106 1280 1146 aequum
1306 1092 1472 1146 quidem
1500 1093 1720 1133 obsistere.
1775 1094 1941 1147 Saepis-

124 1162 158 1191 45
172 1157 273 1197 sime
304 1157 430 1209 igitur
462 1156 560 1196 mibi
592 1156 644 1196 de
677 1156 858 1195 amicitia
891 1156 1087 1208 cogitanti
1111 1156 1289 1195 maxime
1311 1155 1412 1194 illud
1437 1155 1786 1196 considerandum
1809 1156 1940 1196 videri

172 1220 292 1266 solet,
323 1225 460 1258 utrum
491 1224 662 1273 propter
693 1218 1006 1257 inbecillitatem
1038 1223 1162 1270 atque
1193 1217 1374 1271 inopiam
1408 1217 1645 1258 desiderata
1674 1219 1726 1259 sit
1747 1219 1940 1266 amicitia,

171 1286 216 1321 ut
243 1274 395 1321 dandis
426 1281 767 1335 recipiendisque
800 1280 979 1327 meritis,
1012 1280 1123 1333 quod
1159 1281 1339 1333 quisque
1372 1279 1508 1318 minus
1540 1293 1617 1333 per
1647 1294 1690 1320 se
1721 1283 1813 1334 ipse
1845 1294 1942 1334 pos-

173 1348 258 1392 set,
297 1344 339 1384 id
378 1345 586 1398 acciperet
628 1344 678 1383 ab
721 1344 804 1382 alio
846 1343 1112 1396 vicissimque
1152 1343 1368 1389 redderet,
1407 1355 1458 1381 an
1500 1347 1610 1382 esset
1649 1343 1730 1382 hoc
1769 1343 1940 1397 quidem

173 1407 389 1460 proprium
421 1406 651 1453 amicitiae,
693 1406 765 1445 sed
805 1405 1018 1458 antiquior
1058 1411 1098 1444 et
1136 1403 1353 1457 pulchrior
1385 1410 1424 1444 et
1458 1406 1588 1458 magis
1619 1419 1641 1445 a
1673 1411 1819 1446 natura
1850 1405 1941 1459 ipsa

122 1475 158 1503 90
172 1469 358 1522 profecta
389 1469 470 1508 alia
502 1482 639 1508 causa.
689 1469 816 1508 Amor
847 1468 971 1515 enim,
1004 1482 1055 1507 ex
1087 1481 1169 1521 quo
1201 1468 1383 1507 amicitia
1414 1468 1624 1508 nominata
1647 1473 1722 1515 est,
1746 1468 1940 1521 princeps

173 1538 234 1572 est
273 1533 323 1572 ad
363 1531 697 1572 benevolentiam
739 1530 1089 1582 coniungendam.
1162 1531 1261 1569 Nam
1294 1530 1497 1570 utilitates
1530 1530 1700 1584 quidem
1733 1531 1856 1570 etiam
1889 1531 1940 1570 ab

171 1595 222 1634 iis
254 1596 542 1648 percipiuntur
573 1606 712 1646 saepe,
745 1594 817 1646 qui
849 1592 1117 1632 simulatione
1150 1592 1356 1631 amicitiae
1389 1592 1586 1632 coluntur
1607 1599 1647 1632 et
1668 1593 1942 1633 observantur

172 1658 372 1709 temporis
404 1669 550 1696 causa:
582 1656 624 1695 in
656 1655 838 1695 amicitia
870 1660 1006 1694 autem
1041 1655 1140 1694 nihil
1167 1655 1321 1701 lictum,
1344 1655 1447 1693 nihil
1471 1655 1722 1702 simulatum,
1746 1661 1797 1703 et,
1820 1655 1941 1709 quid-

174 1719 273 1773 quid
306 1725 386 1766 est,
429 1719 471 1758 id
504 1723 566 1758 est
598 1732 742 1758 verum
776 1722 817 1757 et
848 1717 1144 1757 voluntarium.
1205 1716 1271 1756 527.
1311 1717 1579 1770 Quapropter
1609 1731 1631 1756 a
1664 1723 1809 1758 natura
1842 1717 1939 1758 mihi

122 1787 158 1816 25
172 1782 337 1821 videtur
367 1781 508 1834 potius
539 1794 661 1834 quam
690 1780 740 1819 ab
762 1778 993 1832 indigentia
1017 1785 1106 1819 orta
1129 1780 1332 1827 amicitia,
1356 1779 1637 1832 adplicatione
1660 1781 1790 1834 magis
1813 1780 1939 1820 animi

171 1857 261 1883 cum
295 1843 477 1897 quodam
511 1856 635 1882 sensu
667 1843 830 1884 amandi
873 1856 997 1895 quam
1031 1843 1285 1894 cogitatione
1317 1847 1517 1894 quantum
1548 1842 1619 1881 illa
1650 1856 1715 1881 res
1747 1842 1940 1882 utilitatis

172 1912 282 1945 esset
313 1906 514 1945 habitura.
566 1905 688 1953 Quod
723 1904 890 1958 quidem
925 1904 1048 1958 quale
1082 1906 1134 1943 sit
1164 1905 1286 1943 etiam
1320 1904 1362 1943 in
1394 1904 1539 1943 bestiis
1573 1904 1821 1958 quibusdam
1853 1905 1942 1945 ani-

171 1969 374 2008 madverti
407 1973 554 2020 potest,
587 1981 694 2020 quae
728 1981 779 2006 ex
811 1980 854 2006 se
887 1974 1006 2007 natos
1038 1967 1094 2005 ita
1125 1971 1264 2006 amant
1295 1966 1347 2005 ad
1380 1966 1592 2020 quoddam
1625 1973 1788 2019 tempus
1821 1972 1862 2006 et
1888 1964 1940 2006 ab

172 2031 231 2069 eis
264 2031 317 2070 ita
349 2036 553 2077 amantur,
585 2036 630 2069 ut
662 2029 779 2069 facile
813 2043 955 2069 earum
979 2042 1126 2068 sensus
1150 2034 1359 2082 appareat.
1409 2029 1531 2076 Quod
1555 2030 1597 2068 in
1620 2029 1787 2068 homine
1811 2029 1940 2069 multo

123 2099 158 2129 30
174 2098 236 2132 est
267 2093 514 2139 evidentius,
548 2093 726 2144 primum
759 2105 810 2131 ex
843 2105 890 2131 ea
922 2092 1108 2138 caritate,
1144 2105 1249 2144 quae
1282 2097 1343 2131 est
1373 2092 1480 2131 inter
1511 2098 1629 2131 natos
1662 2097 1701 2131 et
1728 2098 1939 2145 parentes,

173 2168 280 2208 quae
314 2154 451 2194 dirimi
483 2154 562 2193 nisi
595 2154 830 2193 detestabili
865 2156 1024 2194 scelere
1055 2167 1140 2192 non
1172 2159 1329 2206 potest,
1362 2154 1514 2193 deinde
1545 2168 1637 2194 cum
1670 2155 1816 2194 similis
1847 2167 1940 2194 sen-

171 2231 241 2257 sus
273 2217 407 2256 extitit
437 2217 601 2263 amoris,
635 2217 666 2255 si
700 2217 882 2269 aliquem
916 2216 1026 2255 nacti
1060 2230 1225 2263 sumus,
1257 2216 1373 2256 cuius
1407 2230 1497 2255 cum
1523 2217 1707 2256 moribus
1731 2222 1770 2257 et
1792 2222 1940 2256 natura

172 2292 464 2332 congruamus,
498 2279 611 2331 quod
644 2279 685 2318 in
719 2293 767 2317 eo
801 2280 920 2331 quasi
954 2280 1092 2318 lumen
1124 2278 1296 2331 aliquod
1328 2279 1547 2331 probitatis
1579 2284 1620 2318 et
1651 2279 1816 2319 virtutis
1848 2291 1939 2332 per-

172 2343 331 2394 spicere
364 2342 589 2380 videamur.
651 2340 717 2380 ⁶28.
749 2342 860 2380 Nihil
896 2347 957 2380 est
989 2340 1097 2380 enim
1131 2342 1279 2380 virtute
1310 2340 1542 2388 amabilius,
1574 2341 1677 2380 nihil
1711 2341 1820 2394 quod
1854 2354 1939 2380 ma-

120 2404 233 2456 35gis
264 2403 421 2442 alliciat
458 2403 508 2442 ad
547 2403 827 2456 diligendum,
870 2404 1025 2456 quippe
1065 2417 1156 2442 cum
1197 2409 1367 2457 propter
1397 2405 1590 2443 virtutem
1623 2410 1662 2443 et
1692 2404 1938 2456 probitatem

171 2466 294 2505 etiam
326 2478 420 2512 eos,
454 2479 560 2518 quos
592 2479 821 2519 numquam
855 2465 1058 2512 vidimus,
1091 2467 1272 2518 quodam
1306 2466 1430 2506 modo
1453 2466 1690 2518 diligamus.
1751 2465 1854 2513 Quis
1877 2471 1940 2505 est

172 2527 245 2581 qui
278 2527 320 2567 C.
351 2528 553 2575 Fabricii,
591 2528 658 2568 Μ’.
692 2528 804 2568 Curii
842 2541 928 2567 non
960 2542 1054 2567 cum
1085 2529 1254 2568 caritate
1285 2528 1429 2582 aliqua
1460 2528 1664 2569 benevola
1696 2528 1938 2568 memoriam

260 2707 288 2738 t.
316 2707 342 2737 si
367 2715 433 2745 qua
457 2710 566 2738 autem
597 2708 621 2737 G
660 2725 695 2729 -
732 2707 762 2738 ⁵2.
790 2706 830 2738 ab
855 2707 903 2737 his
931 2706 1068 2737 BGSV
1107 2723 1141 2729 -
1181 2707 1362 2746 quaerilole
1386 2716 1455 2738 om.
1477 2707 1502 2739 D
1542 2725 1577 2729 —
1615 2707 1644 2738 3.
1672 2707 1792 2748 autem]
1810 2717 1890 2739 uero
1915 2707 1938 2739 E

171 2754 289 2792 solus,
325 2756 422 2796 prob.
446 2756 614 2796 Madxigio
640 2758 766 2796 Opusct
794 2756 922 2793 11,-279
950 2774 983 2778 —
1020 2755 1049 2787 4.
1074 2757 1167 2795 filum
1192 2758 1357 2796 quoddam
1383 2758 1405 2788 E
1435 2774 1467 2779 μ
1502 2757 1644 2787 rationis
1669 2758 1695 2787 V
1720 2766 1801 2788 cum
1826 2759 1938 2798 spatio

171 2815 281 2837 vacuo
307 2809 386 2837 ante
411 2809 476 2836 rat.
508 2824 535 2828 —
569 2807 600 2837 6.
627 2806 755 2846 Scaea]
775 2807 828 2837 sed
852 2808 872 2837 S
900 2824 932 2827 —
962 2809 997 2836 tu
1023 2807 1128 2845 inagis
1152 2808 1172 2837 S
1206 2825 1232 2828 κ
1262 2816 1279 2837 0
1302 2808 1398 2847 sunni
1423 2808 1511 2838 BSV
1537 2825 1578 2829 —-
1607 2807 1638 2838 8.
1662 2807 1725 2846 fuit
1748 2807 1823 2839 huic
1848 2809 1873 2839 D
1902 2824 1936 2829 —

172 2858 221 2887 40.
250 2858 277 2887 ci
303 2857 470 2895 defendere
496 2857 551 2895 qui
576 2857 620 2893 E,
655 2858 683 2888 ei
705 2859 766 2896 fuit
791 2857 960 2896 defendere
984 2857 1039 2894 qui
1063 2857 1083 2885 S
1113 2874 1145 2878 —
1183 2857 1193 2886 t
1209 2857 1234 2887 l.
1261 2862 1395 2887 seruata
1420 2857 1474 2887 BS
1502 2874 1535 2878 ——
1569 2858 1709 2895 coeperit
1733 2857 1795 2888 GV
1822 2874 1855 2878 —
1885 2857 1936 2888 42.

171 2907 300 2945 quidem
323 2906 380 2936 hoc
405 2907 425 2935 S
449 2924 491 2928 —
521 2906 571 2937 lli,
600 2907 677 2937 dum
702 2916 740 2937 ne
763 2916 881 2946 aequm
906 2906 928 2936 B
954 2923 995 2927 —
1026 2906 1076 2935 47.
1104 2908 1139 2935 u!
1164 2906 1196 2935 in
1221 2907 1338 2936 dandis
1363 2907 1386 2937 O
1415 2924 1447 2927 —
1489 2907 1747 2945 recipiendisque
1769 2907 1821 2938 uel
1843 2916 1939 2938 recu-

169 2956 324 2995 perandis
349 2956 372 2986 E
400 2974 433 2977 -
461 2964 524 2994 quo
549 2956 683 2994 quisque
707 2957 730 2986 C
762 2974 793 2977 —
823 2956 873 2986 48.
903 2955 943 2985 ab
966 2955 1021 2986 illo
1048 2956 1071 2985 ti
1100 2972 1126 2974 ss—
1164 2956 1212 2985 20.
1240 2965 1282 2986 etc
1307 2956 1381 2996 qno]
1409 2957 1491 2987 wide
1515 2957 1536 2987 S
1565 2974 1597 2977 —
1625 2957 1797 2987 nominata
1821 2960 1865 2987 est
1890 2956 1936 2987 C:

171 3005 343 3035 nominala
367 3005 392 3034 O
418 3022 452 3026 —
479 3006 532 3036 21.
558 3007 777 3045 coniunqendi
802 3008 843 3041 G,
878 3006 1076 3044 iungendam
1103 3005 1192 3035 st
1218 3022 1252 3026 —
1281 3008 1379 3036 ctiam
1404 3015 1473 3037 om.
1497 3006 1585 3037 ssSV
1613 3023 1646 3027 —
1675 3006 1715 3036 ab
1739 3007 1788 3037 his
1811 3005 1939 3037 BGSV

176 3072 210 3077 -
238 3054 289 3084 ⁶23.
315 3054 440 3092 factum
464 3055 515 3085 uel
536 3056 648 3094 siclum
673 3058 696 3086 (j
725 3057 810 3092 tsine
830 3058 897 3093 est),
923 3056 1035 3094 fictam
1060 3059 1103 3085 cs!
1128 3055 1268 3093 RESV,
1301 3060 1345 3086 es!
1368 3058 1480 3095 fictum
1506 3056 1530 3086 D
1561 3073 1594 3077 —
1622 3055 1674 3087 24.
1701 3056 1733 3085 id
1756 3058 1800 3086 es!
1823 3063 1938 3086 uerum

176 3104 287 3135 BGV:
320 3103 403 3133 idem
427 3107 472 3134 esc
496 3114 610 3135 uerum
634 3108 671 3137 S.
707 3106 738 3135 id
762 3115 878 3136 uerum
903 3108 947 3135 est
973 3105 1013 3139 ti,
1046 3105 1078 3135 id
1102 3109 1129 3135 ct
1154 3114 1269 3134 uerum
1296 3106 1321 3135 I)
1344 3106 1404 3143 :70
1435 3123 1465 3126 -
1506 3105 1721 3135 uoluntarum
1747 3106 1771 3135 G
1810 3122 1844 3126 —
1882 3104 1934 3134 27.

174 3153 365 3184 habitatura
390 3154 413 3183 G
443 3171 475 3174 —
507 3154 555 3183 28.
584 3156 639 3192 qut
663 3164 704 3185 ac
731 3156 752 3185 li
784 3173 814 3177 -
845 3156 891 3185 ita
915 3154 955 3185 ab
979 3155 1023 3184 ets
1048 3154 1071 3184 Ε
1099 3171 1131 3175 -
1165 3155 1212 3184 2³0.
1241 3159 1398 3193 appercat
1423 3156 1447 3184 G
1476 3149 1527 3175 —'
1544 3154 1595 3185 30.
1623 3163 1665 3184 α’
1687 3155 1830 3184 caritate
1854 3160 1939 3192 qnae

176 3203 261 3233 inter
283 3206 377 3233 nasos
401 3207 445 3232 est
471 3203 495 3233 l)
524 3220 555 3224 —
592 3204 642 3235 32.
671 3206 781 3235 emissit
807 3205 831 3235 D
861 3223 893 3226 —-
928 3204 978 3235 34..
1007 3203 1184 3234 amabilius
1209 3206 1327 3235 virtute
1351 3207 1375 3235 ()
1403 3222 1437 3225 —
1476 3204 1527 3234 36.
1555 3213 1606 3235 eos
1630 3205 1729 3234 etiam
1754 3204 1778 3235 Ο
1804 3220 1838 3225 -
1865 3203 1938 3241 quis

177 3257 286 3283 autem
310 3257 353 3283 est.
377 3254 408 3288 S,
435 3253 508 3290 quis
531 3254 617 3283 enim
643 3258 687 3284 est
713 3256 736 3284 l)
767 3272 799 3276 -—
828 3254 879 3285 37.
907 3254 963 3292 qvi
988 3254 1008 3283 S
1035 3254 1064 3283 in
1093 3262 1201 3291 marg.
1233 3272 1266 3275 —
1293 3263 1336 3284 m.
1356 3254 1441 3284 curii
1466 3254 1556 3284 BSV
1585 3271 1618 3276 —-
1647 3254 1763 3292 aliqua
1787 3251 1936 3284 beniuola

173 3302 374 3344 (beniuolam
391 3303 426 3342 B)
454 3304 495 3333 C:
530 3302 645 3342 aliqua
668 3307 697 3335 ec
721 3304 938 3336 benevolentia
964 3304 1007 3342 O,
1039 3304 1153 3343 aliqua
1180 3303 1418 3335 benevolentiae
1442 3303 1588 3344 Madvig.
