<?xml version="1.0" encoding="UTF-8"?>
<!DOCTYPE html PUBLIC "-//W3C//DTD XHTML 1.0 Transitional//EN"
    "http://www.w3.org/TR/xhtml1/DTD/xhtml1-transitional.dtd">
<html xmlns="http://www.w3.org/1999/xhtml" xml:lang="en" lang="en">
 <head>
  <title>
</title>
<meta http-equiv="Content-Type" content="text/html;charset=utf-8" />
  <meta name='ocr-system' content='tesseract 3.04.00' />
  <meta name='ocr-capabilities' content='ocr_page ocr_carea ocr_par ocr_line ocrx_word'/>
</head>
<body>
  <div class='ocr_page' id='page_1' title='image "./operaquaesupersu04ciceuoft_0087.png"; bbox 0 0 2249 3624; ppageno 0'>
   <div class='ocr_carea' id='block_1_1' title="bbox 0 2671 53 3624">
    <p class='ocr_par' dir='ltr' id='par_1_1' title="bbox 0 2671 53 3624">
     <span class='ocr_line' id='line_1_1' title="bbox 0 2671 53 3624; baseline 0 0"><span class='ocrx_word' id='word_1_1' title='bbox 0 2671 53 3624; x_wconf 95' lang='lat' dir='ltr'> </span> 
     </span>
    </p>
   </div>
   <div class='ocr_carea' id='block_1_2' title="bbox 639 131 1969 188">
    <p class='ocr_par' dir='ltr' id='par_1_2' title="bbox 639 131 1969 188">
     <span class='ocr_line' id='line_1_2' title="bbox 639 131 1969 188; baseline -0.001 -14"><span class='ocrx_word' id='word_1_2' title='bbox 639 135 726 175; x_wconf 78' lang='lat' dir='ltr'>Lm.</span> <span class='ocrx_word' id='word_1_3' title='bbox 758 134 788 174; x_wconf 94' lang='grc' dir='ltr'>Ι.</span> <span class='ocrx_word' id='word_1_4' title='bbox 829 134 925 175; x_wconf 73' lang='lat' dir='ltr'>CAP.</span> <span class='ocrx_word' id='word_1_5' title='bbox 956 134 1212 175; x_wconf 74' lang='lat' dir='ltr'>VII—VIII.</span> <span class='ocrx_word' id='word_1_6' title='bbox 1250 133 1309 188; x_wconf 75' lang='lat'>§§</span> <span class='ocrx_word' id='word_1_7' title='bbox 1341 131 1530 175; x_wconf 67' lang='lat'>25—31.</span> <span class='ocrx_word' id='word_1_8' title='bbox 1916 132 1969 174; x_wconf 79' lang='lat'>65</span> 
     </span>
    </p>
   </div>
   <div class='ocr_carea' id='block_1_3' title="bbox 205 247 2030 1239">
    <p class='ocr_par' dir='ltr' id='par_1_3' title="bbox 205 247 2030 1239">
     <span class='ocr_line' id='line_1_3' title="bbox 205 247 1968 301; baseline 0.001 -14"><span class='ocrx_word' id='word_1_9' title='bbox 205 259 339 301; x_wconf 87' lang='lat' dir='ltr'>eaque</span> <span class='ocrx_word' id='word_1_10' title='bbox 371 248 494 287; x_wconf 88' lang='lat' dir='ltr'>etiam</span> <span class='ocrx_word' id='word_1_11' title='bbox 527 247 719 294; x_wconf 89' lang='lat' dir='ltr'>interire,</span> <span class='ocrx_word' id='word_1_12' title='bbox 751 261 834 287; x_wconf 89' lang='lat' dir='ltr'>non</span> <span class='ocrx_word' id='word_1_13' title='bbox 866 248 907 286; x_wconf 90' lang='lat' dir='ltr'>in</span> <span class='ocrx_word' id='word_1_14' title='bbox 940 247 1138 295; x_wconf 88' lang='lat' dir='ltr'>nihilum,</span> <span class='ocrx_word' id='word_1_15' title='bbox 1171 247 1243 287; x_wconf 81' lang='lat' dir='ltr'>sed</span> <span class='ocrx_word' id='word_1_16' title='bbox 1276 249 1317 288; x_wconf 91' lang='lat' dir='ltr'>in</span> <span class='ocrx_word' id='word_1_17' title='bbox 1349 261 1444 288; x_wconf 91' lang='lat' dir='ltr'>suas</span> <span class='ocrx_word' id='word_1_18' title='bbox 1477 251 1637 301; x_wconf 88' lang='lat' dir='ltr'>partes,</span> <span class='ocrx_word' id='word_1_19' title='bbox 1670 260 1777 300; x_wconf 87' lang='lat' dir='ltr'>quae</span> <span class='ocrx_word' id='word_1_20' title='bbox 1810 247 1968 289; x_wconf 86' lang='lat' dir='ltr'>infinite</span> 
     </span>
     <span class='ocr_line' id='line_1_4' title="bbox 206 310 1971 363; baseline 0.001 -14"><span class='ocrx_word' id='word_1_21' title='bbox 206 310 335 349; x_wconf 82' lang='lat' dir='ltr'>secari</span> <span class='ocrx_word' id='word_1_22' title='bbox 368 324 414 350; x_wconf 91' lang='lat' dir='ltr'>ac</span> <span class='ocrx_word' id='word_1_23' title='bbox 446 311 573 350; x_wconf 84' lang='lat' dir='ltr'>dividi</span> <span class='ocrx_word' id='word_1_24' title='bbox 609 310 790 363; x_wconf 86' lang='lat' dir='ltr'>possint,</span> <span class='ocrx_word' id='word_1_25' title='bbox 825 324 917 350; x_wconf 88' lang='lat' dir='ltr'>cum</span> <span class='ocrx_word' id='word_1_26' title='bbox 950 311 1001 349; x_wconf 80' lang='lat' dir='ltr'>sit</span> <span class='ocrx_word' id='word_1_27' title='bbox 1032 311 1134 350; x_wconf 91' lang='lat' dir='ltr'>nihil</span> <span class='ocrx_word' id='word_1_28' title='bbox 1162 313 1331 350; x_wconf 90' lang='lat' dir='ltr'>omnino</span> <span class='ocrx_word' id='word_1_29' title='bbox 1354 312 1394 350; x_wconf 89' lang='lat' dir='ltr'>in</span> <span class='ocrx_word' id='word_1_30' title='bbox 1418 324 1554 351; x_wconf 87' lang='lat' dir='ltr'>rerum</span> <span class='ocrx_word' id='word_1_31' title='bbox 1576 315 1722 350; x_wconf 89' lang='lat' dir='ltr'>natura</span> <span class='ocrx_word' id='word_1_32' title='bbox 1743 311 1971 360; x_wconf 88' lang='lat' dir='ltr'>minimum,</span> 
     </span>
     <span class='ocr_line' id='line_1_5' title="bbox 206 372 1972 426; baseline 0.001 -15"><span class='ocrx_word' id='word_1_33' title='bbox 206 372 317 425; x_wconf 87' lang='lat' dir='ltr'>quod</span> <span class='ocrx_word' id='word_1_34' title='bbox 351 373 480 412; x_wconf 84' lang='lat' dir='ltr'>dividi</span> <span class='ocrx_word' id='word_1_35' title='bbox 512 379 714 426; x_wconf 83' lang='lat' dir='ltr'>nequeat:</span> <span class='ocrx_word' id='word_1_36' title='bbox 755 386 862 425; x_wconf 81' lang='lat' dir='ltr'>quae</span> <span class='ocrx_word' id='word_1_37' title='bbox 894 378 1030 412; x_wconf 87' lang='lat' dir='ltr'>autem</span> <span class='ocrx_word' id='word_1_38' title='bbox 1066 380 1328 420; x_wconf 85' lang='lat' dir='ltr'>moveantur,</span> <span class='ocrx_word' id='word_1_39' title='bbox 1370 374 1508 412; x_wconf 83' lang='lat' dir='ltr'>omnia</span> <span class='ocrx_word' id='word_1_40' title='bbox 1539 373 1768 412; x_wconf 85' lang='lat' dir='ltr'>intervallis</span> <span class='ocrx_word' id='word_1_41' title='bbox 1799 375 1972 422; x_wconf 88' lang='lat' dir='ltr'>moveri,</span> 
     </span>
     <span class='ocr_line' id='line_1_6' title="bbox 207 435 1974 490; baseline 0.001 -17"><span class='ocrx_word' id='word_1_42' title='bbox 207 448 314 487; x_wconf 90' lang='lat' dir='ltr'>quae</span> <span class='ocrx_word' id='word_1_43' title='bbox 355 435 572 475; x_wconf 88' lang='lat' dir='ltr'>intervalla</span> <span class='ocrx_word' id='word_1_44' title='bbox 612 436 710 475; x_wconf 91' lang='lat' dir='ltr'>item</span> <span class='ocrx_word' id='word_1_45' title='bbox 752 435 911 474; x_wconf 85' lang='lat' dir='ltr'>intinite</span> <span class='ocrx_word' id='word_1_46' title='bbox 951 436 1080 475; x_wconf 68' lang='lat' dir='ltr'>dividi</span> <span class='ocrx_word' id='word_1_47' title='bbox 1122 436 1296 490; x_wconf 77' lang='lat' dir='ltr'>possint.</span> <span class='ocrx_word' id='word_1_48' title='bbox 1356 436 1421 474; x_wconf 43' lang='lat'>¹28.</span> <span class='ocrx_word' id='word_1_49' title='bbox 1457 438 1503 475; x_wconf 78' lang='lat' dir='ltr'>Et</span> <span class='ocrx_word' id='word_1_50' title='bbox 1545 450 1637 475; x_wconf 89' lang='lat' dir='ltr'>cum</span> <span class='ocrx_word' id='word_1_51' title='bbox 1669 436 1725 475; x_wconf 91' lang='lat' dir='ltr'>ita</span> <span class='ocrx_word' id='word_1_52' title='bbox 1757 442 1974 476; x_wconf 85' lang='lat' dir='ltr'>moveatur</span> 
     </span>
     <span class='ocr_line' id='line_1_7' title="bbox 208 497 2005 551; baseline 0.002 -16"><span class='ocrx_word' id='word_1_53' title='bbox 208 497 279 537; x_wconf 92' lang='lat' dir='ltr'>illa</span> <span class='ocrx_word' id='word_1_54' title='bbox 309 498 392 545; x_wconf 85' lang='lat' dir='ltr'>vis,</span> <span class='ocrx_word' id='word_1_55' title='bbox 433 511 557 551; x_wconf 84' lang='lat' dir='ltr'>quam</span> <span class='ocrx_word' id='word_1_56' title='bbox 590 498 832 550; x_wconf 78' lang='lat' dir='ltr'>qualitatem</span> <span class='ocrx_word' id='word_1_57' title='bbox 868 511 957 536; x_wconf 85' lang='lat' dir='ltr'>esse</span> <span class='ocrx_word' id='word_1_58' title='bbox 991 498 1191 545; x_wconf 81' lang='lat' dir='ltr'>diximus,</span> <span class='ocrx_word' id='word_1_59' title='bbox 1235 504 1275 538; x_wconf 89' lang='lat' dir='ltr'>et</span> <span class='ocrx_word' id='word_1_60' title='bbox 1308 512 1400 538; x_wconf 87' lang='lat' dir='ltr'>cum</span> <span class='ocrx_word' id='word_1_61' title='bbox 1433 499 1490 538; x_wconf 91' lang='lat' dir='ltr'>sic</span> <span class='ocrx_word' id='word_1_62' title='bbox 1523 498 1631 538; x_wconf 89' lang='lat' dir='ltr'>ultro</span> <span class='ocrx_word' id='word_1_63' title='bbox 1663 499 1851 551; x_wconf 86' lang='lat' dir='ltr'>citroque</span> <span class='ocrx_word' id='word_1_64' title='bbox 1884 510 2005 538; x_wconf 82' lang='lat' dir='ltr'>ver-5</span> 
     </span>
     <span class='ocr_line' id='line_1_8' title="bbox 208 560 1974 613; baseline 0.002 -15"><span class='ocrx_word' id='word_1_65' title='bbox 208 566 341 607; x_wconf 87' lang='lat' dir='ltr'>setur,</span> <span class='ocrx_word' id='word_1_66' title='bbox 383 561 506 600; x_wconf 86' lang='lat' dir='ltr'>etiam</span> <span class='ocrx_word' id='word_1_67' title='bbox 550 560 762 599; x_wconf 80' lang='lat' dir='ltr'>materiam</span> <span class='ocrx_word' id='word_1_68' title='bbox 807 561 940 612; x_wconf 88' lang='lat' dir='ltr'>ipsam</span> <span class='ocrx_word' id='word_1_69' title='bbox 985 566 1111 598; x_wconf 82' lang='lat' dir='ltr'>totam</span> <span class='ocrx_word' id='word_1_70' title='bbox 1152 562 1319 613; x_wconf 81' lang='lat' dir='ltr'>penitus</span> <span class='ocrx_word' id='word_1_71' title='bbox 1352 561 1594 600; x_wconf 84' lang='lat' dir='ltr'>commutari</span> <span class='ocrx_word' id='word_1_72' title='bbox 1628 567 1794 613; x_wconf 90' lang='lat' dir='ltr'>putant,</span> <span class='ocrx_word' id='word_1_73' title='bbox 1834 567 1873 601; x_wconf 91' lang='lat' dir='ltr'>et</span> <span class='ocrx_word' id='word_1_74' title='bbox 1904 562 1974 601; x_wconf 89' lang='lat' dir='ltr'>illa</span> 
     </span>
     <span class='ocr_line' id='line_1_9' title="bbox 207 620 1976 676; baseline 0.001 -15"><span class='ocrx_word' id='word_1_75' title='bbox 207 620 333 670; x_wconf 83' lang='lat' dir='ltr'>eflici,</span> <span class='ocrx_word' id='word_1_76' title='bbox 376 636 483 676; x_wconf 87' lang='lat' dir='ltr'>quae</span> <span class='ocrx_word' id='word_1_77' title='bbox 523 622 736 675; x_wconf 89' lang='lat' dir='ltr'>appellant</span> <span class='ocrx_word' id='word_1_78' title='bbox 781 622 993 675; x_wconf 86' lang='lat' dir='ltr'>qualia:</span> <span class='ocrx_word' id='word_1_79' title='bbox 1041 636 1062 661; x_wconf 90' lang='lat' dir='ltr'>e</span> <span class='ocrx_word' id='word_1_80' title='bbox 1106 624 1279 675; x_wconf 84' lang='lat' dir='ltr'>quihus,</span> <span class='ocrx_word' id='word_1_81' title='bbox 1327 624 1439 663; x_wconf 89' lang='lat' dir='ltr'>omni</span> <span class='ocrx_word' id='word_1_82' title='bbox 1476 630 1623 663; x_wconf 87' lang='lat' dir='ltr'>natura</span> <span class='ocrx_word' id='word_1_83' title='bbox 1654 623 1902 664; x_wconf 82' lang='lat' dir='ltr'>cohaerente</span> <span class='ocrx_word' id='word_1_84' title='bbox 1935 629 1976 663; x_wconf 91' lang='lat' dir='ltr'>et</span> 
     </span>
     <span class='ocr_line' id='line_1_10' title="bbox 207 684 1975 736; baseline 0.002 -13"><span class='ocrx_word' id='word_1_85' title='bbox 207 686 467 732; x_wconf 86' lang='lat' dir='ltr'>continuata,</span> <span class='ocrx_word' id='word_1_86' title='bbox 513 698 606 724; x_wconf 89' lang='lat' dir='ltr'>cum</span> <span class='ocrx_word' id='word_1_87' title='bbox 651 684 841 723; x_wconf 87' lang='lat' dir='ltr'>omnibus</span> <span class='ocrx_word' id='word_1_88' title='bbox 884 684 970 723; x_wconf 91' lang='lat' dir='ltr'>suis</span> <span class='ocrx_word' id='word_1_89' title='bbox 1012 685 1200 736; x_wconf 88' lang='lat' dir='ltr'>partibus</span> <span class='ocrx_word' id='word_1_90' title='bbox 1243 700 1372 724; x_wconf 88' lang='lat' dir='ltr'>unum</span> <span class='ocrx_word' id='word_1_91' title='bbox 1413 684 1605 725; x_wconf 77' lang='lat' dir='ltr'>ellectum</span> <span class='ocrx_word' id='word_1_92' title='bbox 1639 700 1730 726; x_wconf 89' lang='lat' dir='ltr'>esse</span> <span class='ocrx_word' id='word_1_93' title='bbox 1761 689 1975 733; x_wconf 83' lang='lat' dir='ltr'>mundum,</span> 
     </span>
     <span class='ocr_line' id='line_1_11' title="bbox 206 746 1976 802; baseline 0.002 -17"><span class='ocrx_word' id='word_1_94' title='bbox 206 753 321 786; x_wconf 80' lang='lat' dir='ltr'>extra</span> <span class='ocrx_word' id='word_1_95' title='bbox 353 762 476 802; x_wconf 84' lang='lat' dir='ltr'>quem</span> <span class='ocrx_word' id='word_1_96' title='bbox 509 747 624 786; x_wconf 91' lang='lat' dir='ltr'>nulla</span> <span class='ocrx_word' id='word_1_97' title='bbox 654 760 749 800; x_wconf 89' lang='lat' dir='ltr'>pars</span> <span class='ocrx_word' id='word_1_98' title='bbox 783 747 978 786; x_wconf 88' lang='lat' dir='ltr'>materiae</span> <span class='ocrx_word' id='word_1_99' title='bbox 1011 746 1062 785; x_wconf 90' lang='lat' dir='ltr'>sit</span> <span class='ocrx_word' id='word_1_100' title='bbox 1094 746 1339 800; x_wconf 84' lang='lat' dir='ltr'>nullumque</span> <span class='ocrx_word' id='word_1_101' title='bbox 1362 762 1534 801; x_wconf 82' lang='lat' dir='ltr'>corpus:</span> <span class='ocrx_word' id='word_1_102' title='bbox 1569 750 1696 800; x_wconf 89' lang='lat' dir='ltr'>partis</span> <span class='ocrx_word' id='word_1_103' title='bbox 1723 755 1861 789; x_wconf 85' lang='lat' dir='ltr'>autem</span> <span class='ocrx_word' id='word_1_104' title='bbox 1885 762 1976 789; x_wconf 87' lang='lat' dir='ltr'>esse</span> 
     </span>
     <span class='ocr_line' id='line_1_12' title="bbox 205 809 2027 862; baseline 0.003 -15"><span class='ocrx_word' id='word_1_105' title='bbox 205 810 349 849; x_wconf 90' lang='lat' dir='ltr'>mundi</span> <span class='ocrx_word' id='word_1_106' title='bbox 388 810 544 856; x_wconf 87' lang='lat' dir='ltr'>onmia,</span> <span class='ocrx_word' id='word_1_107' title='bbox 588 822 693 862; x_wconf 88' lang='lat' dir='ltr'>quae</span> <span class='ocrx_word' id='word_1_108' title='bbox 734 810 862 848; x_wconf 85' lang='lat' dir='ltr'>insint</span> <span class='ocrx_word' id='word_1_109' title='bbox 901 809 942 848; x_wconf 92' lang='lat' dir='ltr'>in</span> <span class='ocrx_word' id='word_1_110' title='bbox 988 821 1060 855; x_wconf 78' lang='lat' dir='ltr'>ee,</span> <span class='ocrx_word' id='word_1_111' title='bbox 1102 822 1208 861; x_wconf 86' lang='lat' dir='ltr'>quae</span> <span class='ocrx_word' id='word_1_112' title='bbox 1240 816 1387 849; x_wconf 88' lang='lat' dir='ltr'>natura</span> <span class='ocrx_word' id='word_1_113' title='bbox 1419 811 1622 850; x_wconf 84' lang='lat' dir='ltr'>sentiente</span> <span class='ocrx_word' id='word_1_114' title='bbox 1655 817 1894 860; x_wconf 89' lang='lat' dir='ltr'>teneantur,</span> <span class='ocrx_word' id='word_1_115' title='bbox 1935 812 2027 853; x_wconf 73' lang='lat' dir='ltr'>into</span> 
     </span>
     <span class='ocr_line' id='line_1_13' title="bbox 207 870 1978 925; baseline 0.002 -15"><span class='ocrx_word' id='word_1_116' title='bbox 207 884 290 924; x_wconf 89' lang='lat' dir='ltr'>qua</span> <span class='ocrx_word' id='word_1_117' title='bbox 320 872 425 912; x_wconf 88' lang='lat' dir='ltr'>ratio</span> <span class='ocrx_word' id='word_1_118' title='bbox 456 871 640 925; x_wconf 84' lang='lat' dir='ltr'>perfecta</span> <span class='ocrx_word' id='word_1_119' title='bbox 669 872 786 918; x_wconf 89' lang='lat' dir='ltr'>insit,</span> <span class='ocrx_word' id='word_1_120' title='bbox 819 885 926 925; x_wconf 87' lang='lat' dir='ltr'>quae</span> <span class='ocrx_word' id='word_1_121' title='bbox 959 871 1013 910; x_wconf 90' lang='lat' dir='ltr'>sit</span> <span class='ocrx_word' id='word_1_122' title='bbox 1035 870 1179 910; x_wconf 88' lang='lat' dir='ltr'>eadem</span> <span class='ocrx_word' id='word_1_123' title='bbox 1203 873 1481 924; x_wconf 88' lang='lat' dir='ltr'>sempiterna;</span> <span class='ocrx_word' id='word_1_124' title='bbox 1514 873 1617 912; x_wconf 85' lang='lat' dir='ltr'>nihil</span> <span class='ocrx_word' id='word_1_125' title='bbox 1643 875 1750 913; x_wconf 90' lang='lat' dir='ltr'>enim</span> <span class='ocrx_word' id='word_1_126' title='bbox 1773 875 1978 914; x_wconf 86' lang='lat' dir='ltr'>valentius</span> 
     </span>
     <span class='ocr_line' id='line_1_14' title="bbox 207 933 1980 989; baseline 0.002 -16"><span class='ocrx_word' id='word_1_127' title='bbox 207 947 317 982; x_wconf 87' lang='lat' dir='ltr'>esse,</span> <span class='ocrx_word' id='word_1_128' title='bbox 349 947 373 974; x_wconf 89' lang='lat' dir='ltr'>a</span> <span class='ocrx_word' id='word_1_129' title='bbox 406 948 489 989; x_wconf 90' lang='lat' dir='ltr'>quo</span> <span class='ocrx_word' id='word_1_130' title='bbox 522 935 717 974; x_wconf 89' lang='lat' dir='ltr'>intereat:</span> <span class='ocrx_word' id='word_1_131' title='bbox 753 933 816 973; x_wconf 72' lang='lat'>29.</span> <span class='ocrx_word' id='word_1_132' title='bbox 849 947 973 987; x_wconf 89' lang='lat' dir='ltr'>quam</span> <span class='ocrx_word' id='word_1_133' title='bbox 1006 934 1087 973; x_wconf 86' lang='lat' dir='ltr'>vim</span> <span class='ocrx_word' id='word_1_134' title='bbox 1121 934 1306 973; x_wconf 87' lang='lat' dir='ltr'>animum</span> <span class='ocrx_word' id='word_1_135' title='bbox 1339 948 1430 975; x_wconf 88' lang='lat' dir='ltr'>esse</span> <span class='ocrx_word' id='word_1_136' title='bbox 1454 935 1598 974; x_wconf 90' lang='lat' dir='ltr'>dicunt</span> <span class='ocrx_word' id='word_1_137' title='bbox 1620 936 1762 976; x_wconf 91' lang='lat' dir='ltr'>mundi</span> <span class='ocrx_word' id='word_1_138' title='bbox 1786 938 1980 977; x_wconf 89' lang='lat' dir='ltr'>eandem-</span> 
     </span>
     <span class='ocr_line' id='line_1_15' title="bbox 207 995 1981 1052; baseline 0.002 -17"><span class='ocrx_word' id='word_1_139' title='bbox 207 1009 289 1049; x_wconf 87' lang='lat' dir='ltr'>que</span> <span class='ocrx_word' id='word_1_140' title='bbox 330 1010 420 1037; x_wconf 87' lang='lat' dir='ltr'>esse</span> <span class='ocrx_word' id='word_1_141' title='bbox 463 1003 643 1037; x_wconf 83' lang='lat' dir='ltr'>mentem</span> <span class='ocrx_word' id='word_1_142' title='bbox 676 997 1009 1049; x_wconf 81' lang='lat' dir='ltr'>sapientiamque</span> <span class='ocrx_word' id='word_1_143' title='bbox 1042 995 1291 1048; x_wconf 84' lang='lat' dir='ltr'>perfectam,</span> <span class='ocrx_word' id='word_1_144' title='bbox 1336 1010 1460 1050; x_wconf 90' lang='lat' dir='ltr'>quem</span> <span class='ocrx_word' id='word_1_145' title='bbox 1493 997 1617 1037; x_wconf 92' lang='lat' dir='ltr'>deum</span> <span class='ocrx_word' id='word_1_146' title='bbox 1649 998 1862 1052; x_wconf 89' lang='lat' dir='ltr'>appellant</span> <span class='ocrx_word' id='word_1_147' title='bbox 1893 1013 1981 1039; x_wconf 87' lang='lat' dir='ltr'>om-</span> 
     </span>
     <span class='ocr_line' id='line_1_16' title="bbox 207 1059 1980 1115; baseline 0.003 -18"><span class='ocrx_word' id='word_1_148' title='bbox 207 1059 411 1113; x_wconf 89' lang='lat' dir='ltr'>niumque</span> <span class='ocrx_word' id='word_1_149' title='bbox 450 1073 611 1107; x_wconf 85' lang='lat' dir='ltr'>rerum,</span> <span class='ocrx_word' id='word_1_150' title='bbox 655 1072 762 1112; x_wconf 88' lang='lat' dir='ltr'>quae</span> <span class='ocrx_word' id='word_1_151' title='bbox 806 1065 903 1099; x_wconf 89' lang='lat' dir='ltr'>sunt</span> <span class='ocrx_word' id='word_1_152' title='bbox 944 1059 981 1098; x_wconf 91' lang='lat' dir='ltr'>ei</span> <span class='ocrx_word' id='word_1_153' title='bbox 1023 1059 1258 1107; x_wconf 86' lang='lat' dir='ltr'>subiectae,</span> <span class='ocrx_word' id='word_1_154' title='bbox 1298 1060 1417 1113; x_wconf 87' lang='lat' dir='ltr'>quasi</span> <span class='ocrx_word' id='word_1_155' title='bbox 1459 1060 1725 1114; x_wconf 87' lang='lat' dir='ltr'>prudentiam</span> <span class='ocrx_word' id='word_1_156' title='bbox 1757 1063 1980 1115; x_wconf 89' lang='lat' dir='ltr'>quandam,</span> 
     </span>
     <span class='ocr_line' id='line_1_17' title="bbox 207 1121 2030 1176; baseline 0.003 -16"><span class='ocrx_word' id='word_1_157' title='bbox 207 1128 499 1174; x_wconf 85' lang='lat' dir='ltr'>procurantem</span> <span class='ocrx_word' id='word_1_158' title='bbox 532 1122 728 1161; x_wconf 90' lang='lat' dir='ltr'>caelestia</span> <span class='ocrx_word' id='word_1_159' title='bbox 757 1122 959 1169; x_wconf 78' lang='lat' dir='ltr'>maxime,</span> <span class='ocrx_word' id='word_1_160' title='bbox 1003 1121 1154 1161; x_wconf 89' lang='lat' dir='ltr'>deinde</span> <span class='ocrx_word' id='word_1_161' title='bbox 1186 1122 1227 1161; x_wconf 90' lang='lat' dir='ltr'>in</span> <span class='ocrx_word' id='word_1_162' title='bbox 1261 1123 1380 1162; x_wconf 88' lang='lat' dir='ltr'>terris</span> <span class='ocrx_word' id='word_1_163' title='bbox 1413 1135 1481 1170; x_wconf 92' lang='lat' dir='ltr'>ea,</span> <span class='ocrx_word' id='word_1_164' title='bbox 1523 1136 1631 1176; x_wconf 91' lang='lat' dir='ltr'>quae</span> <span class='ocrx_word' id='word_1_165' title='bbox 1661 1125 1900 1176; x_wconf 90' lang='lat' dir='ltr'>pertineant</span> <span class='ocrx_word' id='word_1_166' title='bbox 1929 1125 1978 1164; x_wconf 90' lang='lat' dir='ltr'>ad</span> <span class='ocrx_word' id='word_1_167' title='bbox 1998 1139 2030 1168; x_wconf 77' lang='lat'>15</span> 
     </span>
     <span class='ocr_line' id='line_1_18' title="bbox 207 1183 1982 1239; baseline 0.002 -16"><span class='ocrx_word' id='word_1_168' title='bbox 207 1183 423 1224; x_wconf 84' lang='lat' dir='ltr'>homines:</span> <span class='ocrx_word' id='word_1_169' title='bbox 457 1198 582 1238; x_wconf 91' lang='lat' dir='ltr'>quam</span> <span class='ocrx_word' id='word_1_170' title='bbox 604 1185 813 1224; x_wconf 89' lang='lat' dir='ltr'>interdum</span> <span class='ocrx_word' id='word_1_171' title='bbox 837 1185 1012 1224; x_wconf 89' lang='lat' dir='ltr'>eandem</span> <span class='ocrx_word' id='word_1_172' title='bbox 1036 1184 1330 1224; x_wconf 89' lang='lat' dir='ltr'>necessitatem</span> <span class='ocrx_word' id='word_1_173' title='bbox 1354 1185 1582 1238; x_wconf 89' lang='lat' dir='ltr'>appellant,</span> <span class='ocrx_word' id='word_1_174' title='bbox 1615 1187 1714 1239; x_wconf 87' lang='lat' dir='ltr'>quia</span> <span class='ocrx_word' id='word_1_175' title='bbox 1734 1186 1837 1226; x_wconf 90' lang='lat' dir='ltr'>nihil</span> <span class='ocrx_word' id='word_1_176' title='bbox 1861 1187 1982 1227; x_wconf 90' lang='lat' dir='ltr'>aliter</span> 
     </span>
    </p>
   </div>
   <div class='ocr_carea' id='block_1_4' title="bbox 195 1247 1981 1301">
    <p class='ocr_par' dir='ltr' id='par_1_4' title="bbox 195 1247 1981 1301">
     <span class='ocr_line' id='line_1_19' title="bbox 195 1247 1981 1301; baseline 0.002 -15"><span class='ocrx_word' id='word_1_177' title='bbox 195 1247 343 1298; x_wconf 38' lang='lat' dir='ltr'>*possit</span> <span class='ocrx_word' id='word_1_178' title='bbox 373 1252 500 1300; x_wconf 88' lang='lat' dir='ltr'>atque</span> <span class='ocrx_word' id='word_1_179' title='bbox 532 1248 582 1287; x_wconf 90' lang='lat' dir='ltr'>ab</span> <span class='ocrx_word' id='word_1_180' title='bbox 615 1260 662 1287; x_wconf 90' lang='lat' dir='ltr'>ea</span> <span class='ocrx_word' id='word_1_181' title='bbox 694 1247 963 1287; x_wconf 90' lang='lat' dir='ltr'>constitutum</span> <span class='ocrx_word' id='word_1_182' title='bbox 996 1247 1048 1287; x_wconf 91' lang='lat' dir='ltr'>sit</span> <span class='ocrx_word' id='word_1_183' title='bbox 1079 1247 1108 1299; x_wconf 56' lang='grc' dir='ltr'>’ζ’</span> <span class='ocrx_word' id='word_1_184' title='bbox 1139 1248 1249 1287; x_wconf 85' lang='lat' dir='ltr'>inter</span> <span class='ocrx_word' id='word_1_185' title='bbox 1280 1248 1401 1301; x_wconf 87' lang='lat' dir='ltr'>quasi</span> <span class='ocrx_word' id='word_1_186' title='bbox 1422 1248 1593 1288; x_wconf 85' lang='lat' dir='ltr'>fatalem</span> <span class='ocrx_word' id='word_1_187' title='bbox 1617 1254 1658 1289; x_wconf 92' lang='lat' dir='ltr'>et</span> <span class='ocrx_word' id='word_1_188' title='bbox 1679 1249 1981 1291; x_wconf 90' lang='lat' dir='ltr'>immutabilem</span> 
     </span>
    </p>
   </div>
   <div class='ocr_carea' id='block_1_5' title="bbox 206 1310 2029 2180">
    <p class='ocr_par' dir='ltr' id='par_1_5' title="bbox 206 1310 2029 2180">
     <span class='ocr_line' id='line_1_20' title="bbox 208 1310 1980 1366; baseline 0.002 -18"><span class='ocrx_word' id='word_1_189' title='bbox 208 1310 566 1349; x_wconf 88' lang='lat' dir='ltr'>continuationem</span> <span class='ocrx_word' id='word_1_190' title='bbox 591 1310 750 1350; x_wconf 89' lang='lat' dir='ltr'>ordinis</span> <span class='ocrx_word' id='word_1_191' title='bbox 779 1310 1042 1363; x_wconf 88' lang='lat' dir='ltr'>sempiterni:</span> <span class='ocrx_word' id='word_1_192' title='bbox 1074 1323 1389 1364; x_wconf 86' lang='lat' dir='ltr'>nonnumquam</span> <span class='ocrx_word' id='word_1_193' title='bbox 1413 1310 1590 1351; x_wconf 89' lang='lat' dir='ltr'>eandem</span> <span class='ocrx_word' id='word_1_194' title='bbox 1613 1311 1836 1360; x_wconf 86' lang='lat' dir='ltr'>fortunam,</span> <span class='ocrx_word' id='word_1_195' title='bbox 1865 1313 1980 1366; x_wconf 91' lang='lat' dir='ltr'>quod</span> 
     </span>
     <span class='ocr_line' id='line_1_21' title="bbox 208 1370 1982 1430; baseline 0.003 -19"><span class='ocrx_word' id='word_1_196' title='bbox 208 1370 358 1412; x_wconf 78' lang='lat' dir='ltr'>efficiat</span> <span class='ocrx_word' id='word_1_197' title='bbox 389 1372 521 1412; x_wconf 89' lang='lat' dir='ltr'>multa</span> <span class='ocrx_word' id='word_1_198' title='bbox 550 1373 763 1425; x_wconf 88' lang='lat' dir='ltr'>inprovisa</span> <span class='ocrx_word' id='word_1_199' title='bbox 795 1378 837 1412; x_wconf 91' lang='lat' dir='ltr'>et</span> <span class='ocrx_word' id='word_1_200' title='bbox 875 1373 1124 1426; x_wconf 90' lang='lat' dir='ltr'>necopinata</span> <span class='ocrx_word' id='word_1_201' title='bbox 1159 1372 1280 1412; x_wconf 92' lang='lat' dir='ltr'>nobis</span> <span class='ocrx_word' id='word_1_202' title='bbox 1321 1379 1492 1426; x_wconf 91' lang='lat' dir='ltr'>propter</span> <span class='ocrx_word' id='word_1_203' title='bbox 1530 1374 1826 1415; x_wconf 86' lang='lat' dir='ltr'>obscuritatem</span> <span class='ocrx_word' id='word_1_204' title='bbox 1864 1376 1982 1430; x_wconf 87' lang='lat' dir='ltr'>igno-</span> 
     </span>
     <span class='ocr_line' id='line_1_22' title="bbox 207 1435 2029 1488; baseline 0.002 -14"><span class='ocrx_word' id='word_1_205' title='bbox 207 1435 497 1488; x_wconf 84' lang='lat' dir='ltr'>rationemque</span> <span class='ocrx_word' id='word_1_206' title='bbox 530 1448 763 1475; x_wconf 89' lang='lat' dir='ltr'>causarum.</span> <span class='ocrx_word' id='word_1_207' title='bbox 1994 1454 2029 1483; x_wconf 64' lang='grc' dir='ltr'>ρο</span> 
     </span>
     <span class='ocr_line' id='line_1_23' title="bbox 320 1496 1982 1552; baseline 0.004 -16"><span class='ocrx_word' id='word_1_208' title='bbox 320 1498 427 1536; x_wconf 86' lang='lat' dir='ltr'>vlll.</span> <span class='ocrx_word' id='word_1_209' title='bbox 458 1496 524 1537; x_wconf 84' lang='lat'>30.</span> <span class='ocrx_word' id='word_1_210' title='bbox 567 1498 706 1538; x_wconf 88' lang='lat' dir='ltr'>Tertia</span> <span class='ocrx_word' id='word_1_211' title='bbox 738 1497 890 1537; x_wconf 91' lang='lat' dir='ltr'>deinde</span> <span class='ocrx_word' id='word_1_212' title='bbox 922 1496 1214 1551; x_wconf 88' lang='lat' dir='ltr'>philosophiae</span> <span class='ocrx_word' id='word_1_213' title='bbox 1246 1510 1363 1551; x_wconf 90' lang='lat' dir='ltr'>pars,</span> <span class='ocrx_word' id='word_1_214' title='bbox 1407 1511 1516 1552; x_wconf 88' lang='lat' dir='ltr'>quae</span> <span class='ocrx_word' id='word_1_215' title='bbox 1549 1505 1637 1540; x_wconf 88' lang='lat' dir='ltr'>erat</span> <span class='ocrx_word' id='word_1_216' title='bbox 1671 1500 1714 1540; x_wconf 89' lang='lat' dir='ltr'>in</span> <span class='ocrx_word' id='word_1_217' title='bbox 1745 1501 1908 1542; x_wconf 88' lang='lat' dir='ltr'>ratione</span> <span class='ocrx_word' id='word_1_218' title='bbox 1940 1507 1982 1543; x_wconf 89' lang='lat' dir='ltr'>et</span> 
     </span>
     <span class='ocr_line' id='line_1_24' title="bbox 206 1559 1981 1614; baseline 0.003 -15"><span class='ocrx_word' id='word_1_219' title='bbox 206 1559 249 1599; x_wconf 92' lang='lat' dir='ltr'>in</span> <span class='ocrx_word' id='word_1_220' title='bbox 281 1560 549 1608; x_wconf 90' lang='lat' dir='ltr'>disserendo,</span> <span class='ocrx_word' id='word_1_221' title='bbox 592 1561 650 1600; x_wconf 92' lang='lat' dir='ltr'>sic</span> <span class='ocrx_word' id='word_1_222' title='bbox 692 1561 944 1600; x_wconf 87' lang='lat' dir='ltr'>tractabatur</span> <span class='ocrx_word' id='word_1_223' title='bbox 974 1560 1024 1600; x_wconf 90' lang='lat' dir='ltr'>ab</span> <span class='ocrx_word' id='word_1_224' title='bbox 1056 1560 1261 1613; x_wconf 85' lang='lat' dir='ltr'>utrisque.</span> <span class='ocrx_word' id='word_1_225' title='bbox 1315 1559 1580 1614; x_wconf 87' lang='lat' dir='ltr'>Quamquam</span> <span class='ocrx_word' id='word_1_226' title='bbox 1613 1568 1802 1603; x_wconf 91' lang='lat' dir='ltr'>oreretur</span> <span class='ocrx_word' id='word_1_227' title='bbox 1832 1577 1856 1605; x_wconf 89' lang='lat' dir='ltr'>a</span> <span class='ocrx_word' id='word_1_228' title='bbox 1887 1578 1981 1605; x_wconf 92' lang='lat' dir='ltr'>sen-</span> 
     </span>
     <span class='ocr_line' id='line_1_25' title="bbox 208 1622 1981 1670; baseline 0.003 -9"><span class='ocrx_word' id='word_1_229' title='bbox 208 1622 341 1670; x_wconf 90' lang='lat' dir='ltr'>sibus,</span> <span class='ocrx_word' id='word_1_230' title='bbox 374 1627 513 1663; x_wconf 89' lang='lat' dir='ltr'>tamen</span> <span class='ocrx_word' id='word_1_231' title='bbox 544 1636 630 1663; x_wconf 91' lang='lat' dir='ltr'>non</span> <span class='ocrx_word' id='word_1_232' title='bbox 663 1636 754 1663; x_wconf 90' lang='lat' dir='ltr'>esse</span> <span class='ocrx_word' id='word_1_233' title='bbox 785 1623 984 1663; x_wconf 89' lang='lat' dir='ltr'>iudicium</span> <span class='ocrx_word' id='word_1_234' title='bbox 1017 1623 1200 1663; x_wconf 88' lang='lat' dir='ltr'>veritatis</span> <span class='ocrx_word' id='word_1_235' title='bbox 1236 1623 1279 1661; x_wconf 94' lang='lat' dir='ltr'>in</span> <span class='ocrx_word' id='word_1_236' title='bbox 1312 1623 1526 1664; x_wconf 87' lang='lat' dir='ltr'>sensibus:</span> <span class='ocrx_word' id='word_1_237' title='bbox 1570 1631 1752 1666; x_wconf 88' lang='lat' dir='ltr'>mentem</span> <span class='ocrx_word' id='word_1_238' title='bbox 1785 1627 1981 1668; x_wconf 90' lang='lat' dir='ltr'>volebant</span> 
     </span>
     <span class='ocr_line' id='line_1_26' title="bbox 209 1685 1981 1743; baseline 0.001 -16"><span class='ocrx_word' id='word_1_239' title='bbox 209 1700 301 1727; x_wconf 90' lang='lat' dir='ltr'>esse</span> <span class='ocrx_word' id='word_1_240' title='bbox 331 1700 470 1727; x_wconf 91' lang='lat' dir='ltr'>rerum</span> <span class='ocrx_word' id='word_1_241' title='bbox 501 1687 709 1734; x_wconf 88' lang='lat' dir='ltr'>iudicem;</span> <span class='ocrx_word' id='word_1_242' title='bbox 740 1688 872 1727; x_wconf 89' lang='lat' dir='ltr'>solam</span> <span class='ocrx_word' id='word_1_243' title='bbox 904 1686 1129 1726; x_wconf 83' lang='lat' dir='ltr'>censebant</span> <span class='ocrx_word' id='word_1_244' title='bbox 1159 1685 1353 1725; x_wconf 86' lang='lat' dir='ltr'>idoneam</span> <span class='ocrx_word' id='word_1_245' title='bbox 1386 1686 1453 1726; x_wconf 94' lang='lat' dir='ltr'>cui</span> <span class='ocrx_word' id='word_1_246' title='bbox 1477 1686 1739 1736; x_wconf 88' lang='lat' dir='ltr'>crederetur,</span> <span class='ocrx_word' id='word_1_247' title='bbox 1772 1689 1872 1743; x_wconf 90' lang='lat' dir='ltr'>quia</span> <span class='ocrx_word' id='word_1_248' title='bbox 1893 1689 1981 1730; x_wconf 90' lang='lat' dir='ltr'>sola</span> 
     </span>
     <span class='ocr_line' id='line_1_27' title="bbox 209 1747 2029 1805; baseline 0.002 -16"><span class='ocrx_word' id='word_1_249' title='bbox 209 1755 397 1790; x_wconf 90' lang='lat' dir='ltr'>cerneret</span> <span class='ocrx_word' id='word_1_250' title='bbox 426 1749 492 1797; x_wconf 90' lang='lat' dir='ltr'>id,</span> <span class='ocrx_word' id='word_1_251' title='bbox 523 1749 637 1802; x_wconf 90' lang='lat' dir='ltr'>quod</span> <span class='ocrx_word' id='word_1_252' title='bbox 669 1763 835 1802; x_wconf 87' lang='lat' dir='ltr'>semper</span> <span class='ocrx_word' id='word_1_253' title='bbox 856 1754 968 1789; x_wconf 89' lang='lat' dir='ltr'>esset</span> <span class='ocrx_word' id='word_1_254' title='bbox 999 1747 1177 1801; x_wconf 84' lang='lat' dir='ltr'>simplex</span> <span class='ocrx_word' id='word_1_255' title='bbox 1199 1752 1241 1787; x_wconf 85' lang='lat' dir='ltr'>et</span> <span class='ocrx_word' id='word_1_256' title='bbox 1262 1748 1386 1788; x_wconf 91' lang='lat' dir='ltr'>unius</span> <span class='ocrx_word' id='word_1_257' title='bbox 1408 1749 1523 1788; x_wconf 89' lang='lat' dir='ltr'>modi</span> <span class='ocrx_word' id='word_1_258' title='bbox 1545 1755 1585 1789; x_wconf 88' lang='lat' dir='ltr'>et</span> <span class='ocrx_word' id='word_1_259' title='bbox 1605 1750 1686 1790; x_wconf 89' lang='lat' dir='ltr'>tale</span> <span class='ocrx_word' id='word_1_260' title='bbox 1709 1752 1832 1805; x_wconf 90' lang='lat' dir='ltr'>quale</span> <span class='ocrx_word' id='word_1_261' title='bbox 1855 1758 1978 1793; x_wconf 91' lang='lat' dir='ltr'>esset.</span> <span class='ocrx_word' id='word_1_262' title='bbox 1993 1769 2029 1797; x_wconf 74' lang='lat'>25</span> 
     </span>
     <span class='ocr_line' id='line_1_28' title="bbox 206 1808 1980 1869; baseline 0.003 -18"><span class='ocrx_word' id='word_1_263' title='bbox 206 1812 323 1853; x_wconf 85' lang='lat' dir='ltr'>Hanc</span> <span class='ocrx_word' id='word_1_264' title='bbox 355 1813 414 1852; x_wconf 92' lang='lat' dir='ltr'>illi</span> <span class='ocrx_word' id='word_1_265' title='bbox 447 1808 565 1853; x_wconf 59' lang='grc' dir='ltr'>ι’ὔε-ἀυ</span> <span class='ocrx_word' id='word_1_266' title='bbox 595 1812 830 1866; x_wconf 89' lang='lat' dir='ltr'>appellant,</span> <span class='ocrx_word' id='word_1_267' title='bbox 862 1812 942 1851; x_wconf 88' lang='lat' dir='ltr'>iam</span> <span class='ocrx_word' id='word_1_268' title='bbox 974 1824 998 1850; x_wconf 90' lang='lat' dir='ltr'>a</span> <span class='ocrx_word' id='word_1_269' title='bbox 1027 1811 1198 1850; x_wconf 88' lang='lat' dir='ltr'>Platone</span> <span class='ocrx_word' id='word_1_270' title='bbox 1230 1811 1286 1850; x_wconf 92' lang='lat' dir='ltr'>ita</span> <span class='ocrx_word' id='word_1_271' title='bbox 1308 1812 1586 1860; x_wconf 81' lang='lat' dir='ltr'>nominatam,</span> <span class='ocrx_word' id='word_1_272' title='bbox 1618 1826 1694 1853; x_wconf 92' lang='lat' dir='ltr'>nos</span> <span class='ocrx_word' id='word_1_273' title='bbox 1722 1820 1834 1855; x_wconf 92' lang='lat' dir='ltr'>recte</span> <span class='ocrx_word' id='word_1_274' title='bbox 1866 1829 1980 1869; x_wconf 90' lang='lat' dir='ltr'>spe-</span> 
     </span>
     <span class='ocr_line' id='line_1_29' title="bbox 207 1871 1978 1927; baseline 0.002 -13"><span class='ocrx_word' id='word_1_275' title='bbox 207 1874 341 1914; x_wconf 90' lang='lat' dir='ltr'>ciem</span> <span class='ocrx_word' id='word_1_276' title='bbox 372 1887 596 1927; x_wconf 89' lang='lat' dir='ltr'>possumus</span> <span class='ocrx_word' id='word_1_277' title='bbox 629 1875 780 1914; x_wconf 89' lang='lat' dir='ltr'>dicere.</span> <span class='ocrx_word' id='word_1_278' title='bbox 831 1871 897 1913; x_wconf 84' lang='grc'>31.</span> <span class='ocrx_word' id='word_1_279' title='bbox 931 1875 1087 1914; x_wconf 87' lang='lat' dir='ltr'>Sensus</span> <span class='ocrx_word' id='word_1_280' title='bbox 1119 1878 1258 1913; x_wconf 89' lang='lat' dir='ltr'>autem</span> <span class='ocrx_word' id='word_1_281' title='bbox 1292 1874 1426 1913; x_wconf 92' lang='lat' dir='ltr'>omnis</span> <span class='ocrx_word' id='word_1_282' title='bbox 1459 1874 1632 1915; x_wconf 88' lang='lat' dir='ltr'>hebetes</span> <span class='ocrx_word' id='word_1_283' title='bbox 1655 1881 1697 1915; x_wconf 91' lang='lat' dir='ltr'>et</span> <span class='ocrx_word' id='word_1_284' title='bbox 1722 1876 1863 1918; x_wconf 90' lang='lat' dir='ltr'>tardos</span> <span class='ocrx_word' id='word_1_285' title='bbox 1886 1892 1978 1918; x_wconf 89' lang='lat' dir='ltr'>esse</span> 
     </span>
     <span class='ocr_line' id='line_1_30' title="bbox 207 1936 1980 1991; baseline 0.002 -14"><span class='ocrx_word' id='word_1_286' title='bbox 207 1937 535 1985; x_wconf 87' lang='lat' dir='ltr'>arbitrabantur,</span> <span class='ocrx_word' id='word_1_287' title='bbox 576 1950 653 1978; x_wconf 90' lang='lat' dir='ltr'>nec</span> <span class='ocrx_word' id='word_1_288' title='bbox 684 1937 901 1991; x_wconf 87' lang='lat' dir='ltr'>percipere</span> <span class='ocrx_word' id='word_1_289' title='bbox 931 1936 1018 1976; x_wconf 91' lang='lat' dir='ltr'>ullo</span> <span class='ocrx_word' id='word_1_290' title='bbox 1049 1936 1174 1976; x_wconf 88' lang='lat' dir='ltr'>modo</span> <span class='ocrx_word' id='word_1_291' title='bbox 1206 1949 1272 1976; x_wconf 91' lang='lat' dir='ltr'>res</span> <span class='ocrx_word' id='word_1_292' title='bbox 1302 1936 1430 1985; x_wconf 86' lang='lat' dir='ltr'>ullas,</span> <span class='ocrx_word' id='word_1_293' title='bbox 1463 1951 1571 1991; x_wconf 88' lang='lat' dir='ltr'>quae</span> <span class='ocrx_word' id='word_1_294' title='bbox 1603 1938 1815 1979; x_wconf 88' lang='lat' dir='ltr'>subiectae</span> <span class='ocrx_word' id='word_1_295' title='bbox 1847 1940 1980 1980; x_wconf 90' lang='lat' dir='ltr'>sensi-</span> 
     </span>
     <span class='ocr_line' id='line_1_31' title="bbox 206 2000 1978 2054; baseline 0.002 -15"><span class='ocrx_word' id='word_1_296' title='bbox 206 2000 284 2040; x_wconf 87' lang='lat' dir='ltr'>hus</span> <span class='ocrx_word' id='word_1_297' title='bbox 314 2000 579 2048; x_wconf 85' lang='lat' dir='ltr'>viderentur,</span> <span class='ocrx_word' id='word_1_298' title='bbox 611 2000 725 2054; x_wconf 93' lang='lat' dir='ltr'>quod</span> <span class='ocrx_word' id='word_1_299' title='bbox 757 2005 830 2040; x_wconf 85' lang='lat' dir='ltr'>aut</span> <span class='ocrx_word' id='word_1_300' title='bbox 859 2000 915 2039; x_wconf 88' lang='lat' dir='ltr'>ita</span> <span class='ocrx_word' id='word_1_301' title='bbox 948 2004 1090 2039; x_wconf 89' lang='lat' dir='ltr'>essent</span> <span class='ocrx_word' id='word_1_302' title='bbox 1120 2011 1296 2052; x_wconf 86' lang='lat' dir='ltr'>parvae,</span> <span class='ocrx_word' id='word_1_303' title='bbox 1326 2004 1372 2039; x_wconf 93' lang='lat' dir='ltr'>ut</span> <span class='ocrx_word' id='word_1_304' title='bbox 1403 2000 1478 2039; x_wconf 88' lang='lat' dir='ltr'>sub</span> <span class='ocrx_word' id='word_1_305' title='bbox 1510 2013 1678 2041; x_wconf 88' lang='lat' dir='ltr'>sensum</span> <span class='ocrx_word' id='word_1_306' title='bbox 1710 2001 1860 2042; x_wconf 88' lang='lat' dir='ltr'>cadere</span> <span class='ocrx_word' id='word_1_307' title='bbox 1892 2015 1978 2042; x_wconf 93' lang='lat' dir='ltr'>non</span> 
     </span>
     <span class='ocr_line' id='line_1_32' title="bbox 206 2061 2028 2117; baseline 0.002 -14"><span class='ocrx_word' id='word_1_308' title='bbox 206 2067 403 2117; x_wconf 89' lang='lat' dir='ltr'>possent,</span> <span class='ocrx_word' id='word_1_309' title='bbox 435 2067 509 2102; x_wconf 88' lang='lat' dir='ltr'>aut</span> <span class='ocrx_word' id='word_1_310' title='bbox 537 2062 594 2102; x_wconf 89' lang='lat' dir='ltr'>ita</span> <span class='ocrx_word' id='word_1_311' title='bbox 625 2062 800 2102; x_wconf 91' lang='lat' dir='ltr'>mobiles</span> <span class='ocrx_word' id='word_1_312' title='bbox 833 2067 874 2103; x_wconf 91' lang='lat' dir='ltr'>et</span> <span class='ocrx_word' id='word_1_313' title='bbox 904 2061 1154 2112; x_wconf 87' lang='lat' dir='ltr'>concitatae,</span> <span class='ocrx_word' id='word_1_314' title='bbox 1192 2066 1240 2101; x_wconf 88' lang='lat' dir='ltr'>ut</span> <span class='ocrx_word' id='word_1_315' title='bbox 1268 2061 1375 2101; x_wconf 92' lang='lat' dir='ltr'>nihil</span> <span class='ocrx_word' id='word_1_316' title='bbox 1404 2076 1603 2116; x_wconf 88' lang='lat' dir='ltr'>umquam</span> <span class='ocrx_word' id='word_1_317' title='bbox 1634 2077 1766 2104; x_wconf 90' lang='lat' dir='ltr'>unum</span> <span class='ocrx_word' id='word_1_318' title='bbox 1798 2069 1910 2105; x_wconf 90' lang='lat' dir='ltr'>esset</span> <span class='ocrx_word' id='word_1_319' title='bbox 1941 2070 1979 2106; x_wconf 89' lang='lat' dir='ltr'>et</span> <span class='ocrx_word' id='word_1_320' title='bbox 1992 2082 2028 2112; x_wconf 91' lang='lat'>30</span> 
     </span>
     <span class='ocr_line' id='line_1_33' title="bbox 207 2124 1977 2180; baseline 0.001 -14"><span class='ocrx_word' id='word_1_321' title='bbox 207 2130 426 2174; x_wconf 87' lang='lat' dir='ltr'>constans,</span> <span class='ocrx_word' id='word_1_322' title='bbox 458 2138 511 2165; x_wconf 91' lang='lat' dir='ltr'>ne</span> <span class='ocrx_word' id='word_1_323' title='bbox 539 2124 651 2165; x_wconf 91' lang='lat' dir='ltr'>idem</span> <span class='ocrx_word' id='word_1_324' title='bbox 673 2124 865 2179; x_wconf 89' lang='lat' dir='ltr'>quidem,</span> <span class='ocrx_word' id='word_1_325' title='bbox 897 2125 995 2180; x_wconf 89' lang='lat' dir='ltr'>quia</span> <span class='ocrx_word' id='word_1_326' title='bbox 1017 2125 1282 2166; x_wconf 89' lang='lat' dir='ltr'>continenter</span> <span class='ocrx_word' id='word_1_327' title='bbox 1302 2124 1543 2166; x_wconf 87' lang='lat' dir='ltr'>laberentur</span> <span class='ocrx_word' id='word_1_328' title='bbox 1565 2131 1604 2167; x_wconf 89' lang='lat' dir='ltr'>et</span> <span class='ocrx_word' id='word_1_329' title='bbox 1623 2126 1802 2167; x_wconf 89' lang='lat' dir='ltr'>fluerent</span> <span class='ocrx_word' id='word_1_330' title='bbox 1823 2127 1977 2168; x_wconf 89' lang='lat' dir='ltr'>omnia.</span> 
     </span>
    </p>
   </div>
   <div class='ocr_carea' id='block_1_6' title="bbox 204 2363 1978 3297">
    <p class='ocr_par' dir='ltr' id='par_1_6' title="bbox 204 2363 1978 3297">
     <span class='ocr_line' id='line_1_34' title="bbox 207 2363 1978 2406; baseline 0.002 -10"><span class='ocrx_word' id='word_1_331' title='bbox 207 2364 225 2396; x_wconf 89' lang='lat'><strong>3</strong></span> <span class='ocrx_word' id='word_1_332' title='bbox 250 2363 353 2397; x_wconf 89' lang='lat' dir='ltr'>codd.</span> <span class='ocrx_word' id='word_1_333' title='bbox 374 2364 570 2397; x_wconf 88' lang='lat' dir='ltr'>Goerenzii:</span> <span class='ocrx_word' id='word_1_334' title='bbox 596 2368 727 2397; x_wconf 83' lang='lat' dir='ltr'>mutare</span> <span class='ocrx_word' id='word_1_335' title='bbox 744 2365 798 2397; x_wconf 88' lang='lat' dir='ltr'>Cr</span> <span class='ocrx_word' id='word_1_336' title='bbox 820 2381 854 2386; x_wconf 94' lang='lat'>—</span> <span class='ocrx_word' id='word_1_337' title='bbox 884 2365 914 2396; x_wconf 74' lang='lat' dir='ltr'>l.</span> <span class='ocrx_word' id='word_1_338' title='bbox 942 2373 1044 2405; x_wconf 78' lang='lat' dir='ltr'>eaque</span> <span class='ocrx_word' id='word_1_339' title='bbox 1067 2365 1209 2396; x_wconf 69' lang='lat' dir='ltr'>Davies:</span> <span class='ocrx_word' id='word_1_340' title='bbox 1238 2372 1340 2403; x_wconf 76' lang='lat' dir='ltr'>aeque</span> <span class='ocrx_word' id='word_1_341' title='bbox 1357 2365 1402 2400; x_wconf 74' lang='lat' dir='ltr'>G:</span> <span class='ocrx_word' id='word_1_342' title='bbox 1428 2373 1529 2405; x_wconf 81' lang='lat' dir='ltr'>eoque</span> <span class='ocrx_word' id='word_1_343' title='bbox 1551 2365 1643 2397; x_wconf 84' lang='lat' dir='ltr'>PVO</span> <span class='ocrx_word' id='word_1_344' title='bbox 1654 2374 1682 2403; x_wconf 85' lang='lat' dir='ltr'>r,</span> <span class='ocrx_word' id='word_1_345' title='bbox 1708 2374 1744 2397; x_wconf 84' lang='lat' dir='ltr'>eo</span> <span class='ocrx_word' id='word_1_346' title='bbox 1767 2368 1809 2404; x_wconf 76' lang='lat' dir='ltr'>A;</span> <span class='ocrx_word' id='word_1_347' title='bbox 1839 2375 1978 2406; x_wconf 80' lang='lat' dir='ltr'>eamque</span> 
     </span>
     <span class='ocr_line' id='line_1_35' title="bbox 208 2414 1974 2456; baseline 0.001 -9"><span class='ocrx_word' id='word_1_348' title='bbox 208 2415 323 2447; x_wconf 87' lang='lat' dir='ltr'>Christ</span> <span class='ocrx_word' id='word_1_349' title='bbox 349 2416 459 2455; x_wconf 79' lang='lat' dir='ltr'>(eoque</span> <span class='ocrx_word' id='word_1_350' title='bbox 481 2416 581 2447; x_wconf 84' lang='lat' dir='ltr'>eliam</span> <span class='ocrx_word' id='word_1_351' title='bbox 605 2416 716 2447; x_wconf 89' lang='lat' dir='ltr'>omnia</span> <span class='ocrx_word' id='word_1_352' title='bbox 738 2415 796 2447; x_wconf 79' lang='lat' dir='ltr'>inc.</span> <span class='ocrx_word' id='word_1_353' title='bbox 823 2414 958 2454; x_wconf 81' lang='lat' dir='ltr'>Lamb.)</span> <span class='ocrx_word' id='word_1_354' title='bbox 987 2433 1021 2436; x_wconf 97' lang='lat'><strong>—</strong></span> <span class='ocrx_word' id='word_1_355' title='bbox 1056 2416 1087 2446; x_wconf 82' lang='lat'>5.</span> <span class='ocrx_word' id='word_1_356' title='bbox 1114 2415 1252 2445; x_wconf 80' lang='lat' dir='ltr'>dicimus</span> <span class='ocrx_word' id='word_1_357' title='bbox 1275 2423 1292 2445; x_wconf 91' lang='lat' dir='ltr'>r</span> <span class='ocrx_word' id='word_1_358' title='bbox 1319 2432 1354 2436; x_wconf 91' lang='lat'>-—</span> <span class='ocrx_word' id='word_1_359' title='bbox 1386 2416 1427 2446; x_wconf 78' lang='lat' dir='ltr'>sit</span> <span class='ocrx_word' id='word_1_360' title='bbox 1451 2416 1476 2446; x_wconf 92' lang='lat' dir='ltr'>G</span> <span class='ocrx_word' id='word_1_361' title='bbox 1502 2432 1537 2437; x_wconf 92' lang='lat'><strong>—</strong></span> <span class='ocrx_word' id='word_1_362' title='bbox 1569 2416 1656 2446; x_wconf 80' lang='lat' dir='ltr'>ultro</span> <span class='ocrx_word' id='word_1_363' title='bbox 1679 2416 1832 2456; x_wconf 80' lang='lat' dir='ltr'>introque</span> <span class='ocrx_word' id='word_1_364' title='bbox 1854 2418 1880 2448; x_wconf 85' lang='lat' dir='ltr'>A</span> <span class='ocrx_word' id='word_1_365' title='bbox 1896 2419 1919 2447; x_wconf 93' lang='lat' dir='ltr'>G</span> <span class='ocrx_word' id='word_1_366' title='bbox 1936 2417 1974 2455; x_wconf 85' lang='lat' dir='ltr'>V,</span> 
     </span>
     <span class='ocr_line' id='line_1_36' title="bbox 206 2465 1976 2507; baseline 0.001 -11"><span class='ocrx_word' id='word_1_367' title='bbox 206 2466 292 2498; x_wconf 78' lang='lat' dir='ltr'>ultro</span> <span class='ocrx_word' id='word_1_368' title='bbox 315 2466 350 2497; x_wconf 70' lang='lat' dir='ltr'>in</span> <span class='ocrx_word' id='word_1_369' title='bbox 373 2469 512 2505; x_wconf 80' lang='lat' dir='ltr'>utroque</span> <span class='ocrx_word' id='word_1_370' title='bbox 536 2474 553 2497; x_wconf 88' lang='lat' dir='ltr'>r</span> <span class='ocrx_word' id='word_1_371' title='bbox 575 2483 610 2488; x_wconf 94' lang='lat'><strong>—</strong></span> <span class='ocrx_word' id='word_1_372' title='bbox 638 2466 668 2497; x_wconf 87' lang='lat'>6.</span> <span class='ocrx_word' id='word_1_373' title='bbox 695 2465 794 2497; x_wconf 85' lang='lat' dir='ltr'>eliam</span> <span class='ocrx_word' id='word_1_374' title='bbox 818 2474 899 2496; x_wconf 82' lang='lat' dir='ltr'>nos:</span> <span class='ocrx_word' id='word_1_375' title='bbox 927 2468 955 2496; x_wconf 77' lang='lat' dir='ltr'>ct</span> <span class='ocrx_word' id='word_1_376' title='bbox 980 2465 1003 2496; x_wconf 95' lang='lat' dir='ltr'>C</span> <span class='ocrx_word' id='word_1_377' title='bbox 1023 2465 1078 2496; x_wconf 95' lang='lat' dir='ltr'>Or</span> <span class='ocrx_word' id='word_1_378' title='bbox 1103 2482 1137 2487; x_wconf 91' lang='lat'>—-</span> <span class='ocrx_word' id='word_1_379' title='bbox 1163 2465 1341 2495; x_wconf 75' lang='lat' dir='ltr'>materiam</span> <span class='ocrx_word' id='word_1_380' title='bbox 1363 2465 1432 2496; x_wconf 84' lang='lat' dir='ltr'>iam</span> <span class='ocrx_word' id='word_1_381' title='bbox 1455 2468 1558 2496; x_wconf 84' lang='lat' dir='ltr'>totam</span> <span class='ocrx_word' id='word_1_382' title='bbox 1582 2466 1688 2505; x_wconf 83' lang='lat' dir='ltr'>ipsam</span> <span class='ocrx_word' id='word_1_383' title='bbox 1711 2467 1736 2497; x_wconf 94' lang='lat' dir='ltr'>G</span> <span class='ocrx_word' id='word_1_384' title='bbox 1757 2484 1791 2488; x_wconf 91' lang='lat'>-</span> <span class='ocrx_word' id='word_1_385' title='bbox 1819 2470 1847 2498; x_wconf 77' lang='lat' dir='ltr'>el</span> <span class='ocrx_word' id='word_1_386' title='bbox 1871 2468 1917 2498; x_wconf 80' lang='lat' dir='ltr'>ila</span> <span class='ocrx_word' id='word_1_387' title='bbox 1940 2472 1976 2507; x_wconf 77' lang='grc' dir='ltr'><em>ψ</em></span> 
     </span>
     <span class='ocr_line' id='line_1_37' title="bbox 208 2514 1975 2549; baseline 0.001 -1"><span class='ocrx_word' id='word_1_388' title='bbox 208 2518 242 2548; x_wconf 85' lang='lat' dir='ltr'>et</span> <span class='ocrx_word' id='word_1_389' title='bbox 265 2517 436 2548; x_wconf 81' lang='lat' dir='ltr'>Manutius</span> <span class='ocrx_word' id='word_1_390' title='bbox 463 2533 500 2540; x_wconf 90' lang='lat'>—</span> <span class='ocrx_word' id='word_1_391' title='bbox 526 2516 558 2547; x_wconf 86' lang='lat'>7.</span> <span class='ocrx_word' id='word_1_392' title='bbox 584 2516 672 2547; x_wconf 87' lang='lat' dir='ltr'>omni</span> <span class='ocrx_word' id='word_1_393' title='bbox 695 2515 838 2546; x_wconf 84' lang='lat' dir='ltr'>Davies:</span> <span class='ocrx_word' id='word_1_394' title='bbox 870 2516 901 2545; x_wconf 87' lang='lat' dir='ltr'>in</span> <span class='ocrx_word' id='word_1_395' title='bbox 927 2514 1014 2546; x_wconf 86' lang='lat' dir='ltr'>omni</span> <span class='ocrx_word' id='word_1_396' title='bbox 1039 2514 1062 2545; x_wconf 93' lang='lat' dir='ltr'>C</span> <span class='ocrx_word' id='word_1_397' title='bbox 1078 2523 1095 2545; x_wconf 95' lang='lat' dir='ltr'>r</span> <span class='ocrx_word' id='word_1_398' title='bbox 1121 2531 1155 2536; x_wconf 81' lang='lat'><em>-</em></span> <span class='ocrx_word' id='word_1_399' title='bbox 1183 2514 1368 2546; x_wconf 79' lang='lat' dir='ltr'>cohercente</span> <span class='ocrx_word' id='word_1_400' title='bbox 1391 2516 1454 2546; x_wconf 67' lang='grc' dir='ltr'>ΑΡ</span> <span class='ocrx_word' id='word_1_401' title='bbox 1478 2532 1520 2537; x_wconf 84' lang='lat'>—-</span> <span class='ocrx_word' id='word_1_402' title='bbox 1550 2515 1581 2546; x_wconf 89' lang='lat'>8.</span> <span class='ocrx_word' id='word_1_403' title='bbox 1606 2524 1710 2546; x_wconf 87' lang='lat' dir='ltr'>unum</span> <span class='ocrx_word' id='word_1_404' title='bbox 1734 2517 1777 2547; x_wconf 93' lang='lat' dir='ltr'>G:</span> <span class='ocrx_word' id='word_1_405' title='bbox 1813 2525 1882 2548; x_wconf 86' lang='lat' dir='ltr'>om.</span> <span class='ocrx_word' id='word_1_406' title='bbox 1910 2520 1934 2549; x_wconf 91' lang='lat' dir='ltr'><strong>A</strong></span> <span class='ocrx_word' id='word_1_407' title='bbox 1952 2519 1975 2549; x_wconf 89' lang='lat' dir='ltr'>P</span> 
     </span>
     <span class='ocr_line' id='line_1_38' title="bbox 207 2565 1976 2607; baseline 0.002 -11"><span class='ocrx_word' id='word_1_408' title='bbox 207 2566 305 2598; x_wconf 85' lang='lat' dir='ltr'>VOr</span> <span class='ocrx_word' id='word_1_409' title='bbox 330 2584 366 2589; x_wconf 97' lang='lat'><strong>—</strong></span> <span class='ocrx_word' id='word_1_410' title='bbox 392 2567 423 2598; x_wconf 84' lang='lat'>9.</span> <span class='ocrx_word' id='word_1_411' title='bbox 450 2574 598 2607; x_wconf 81' lang='lat' dir='ltr'>quaeque</span> <span class='ocrx_word' id='word_1_412' title='bbox 622 2568 647 2597; x_wconf 94' lang='lat' dir='ltr'>G</span> <span class='ocrx_word' id='word_1_413' title='bbox 674 2582 708 2587; x_wconf 94' lang='lat'>—</span> <span class='ocrx_word' id='word_1_414' title='bbox 735 2566 895 2597; x_wconf 76' lang='lat' dir='ltr'>materiae</span> <span class='ocrx_word' id='word_1_415' title='bbox 914 2573 996 2604; x_wconf 84' lang='lat' dir='ltr'>pars</span> <span class='ocrx_word' id='word_1_416' title='bbox 1020 2566 1043 2595; x_wconf 91' lang='lat' dir='ltr'>G</span> <span class='ocrx_word' id='word_1_417' title='bbox 1071 2581 1106 2586; x_wconf 95' lang='lat'><strong>—</strong></span> <span class='ocrx_word' id='word_1_418' title='bbox 1131 2568 1245 2605; x_wconf 84' lang='lat' dir='ltr'>partes</span> <span class='ocrx_word' id='word_1_419' title='bbox 1267 2566 1293 2596; x_wconf 74' lang='lat' dir='ltr'>A</span> <span class='ocrx_word' id='word_1_420' title='bbox 1309 2566 1333 2596; x_wconf 94' lang='lat' dir='ltr'>G</span> <span class='ocrx_word' id='word_1_421' title='bbox 1350 2565 1374 2596; x_wconf 97' lang='lat' dir='ltr'>O</span> <span class='ocrx_word' id='word_1_422' title='bbox 1394 2581 1428 2586; x_wconf 94' lang='lat'><strong>—</strong></span> <span class='ocrx_word' id='word_1_423' title='bbox 1456 2574 1521 2596; x_wconf 85' lang='lat' dir='ltr'>esse</span> <span class='ocrx_word' id='word_1_424' title='bbox 1542 2566 1657 2596; x_wconf 83' lang='lat' dir='ltr'>mundi</span> <span class='ocrx_word' id='word_1_425' title='bbox 1681 2566 1706 2597; x_wconf 88' lang='lat' dir='ltr'>C</span> <span class='ocrx_word' id='word_1_426' title='bbox 1721 2573 1754 2596; x_wconf 89' lang='lat' dir='ltr'>r:</span> <span class='ocrx_word' id='word_1_427' title='bbox 1780 2567 1895 2597; x_wconf 83' lang='lat' dir='ltr'>mundi</span> <span class='ocrx_word' id='word_1_428' title='bbox 1911 2576 1976 2599; x_wconf 86' lang='lat' dir='ltr'>esse</span> 
     </span>
     <span class='ocr_line' id='line_1_39' title="bbox 208 2614 1975 2656; baseline 0.001 -10"><span class='ocrx_word' id='word_1_429' title='bbox 208 2615 232 2646; x_wconf 95' lang='grc' dir='ltr'>Ο</span> <span class='ocrx_word' id='word_1_430' title='bbox 259 2624 340 2648; x_wconf 89' lang='lat' dir='ltr'>cum</span> <span class='ocrx_word' id='word_1_431' title='bbox 363 2616 441 2648; x_wconf 84' lang='lat' dir='ltr'>Bas.</span> <span class='ocrx_word' id='word_1_432' title='bbox 471 2635 507 2640; x_wconf 91' lang='lat'>—-</span> <span class='ocrx_word' id='word_1_433' title='bbox 540 2617 593 2648; x_wconf 74' lang='lat'>42.</span> <span class='ocrx_word' id='word_1_434' title='bbox 619 2617 730 2648; x_wconf 78' lang='lat' dir='ltr'>dicunt</span> <span class='ocrx_word' id='word_1_435' title='bbox 753 2625 817 2648; x_wconf 78' lang='lat' dir='ltr'>esse</span> <span class='ocrx_word' id='word_1_436' title='bbox 841 2625 857 2647; x_wconf 90' lang='lat' dir='ltr'>r</span> <span class='ocrx_word' id='word_1_437' title='bbox 884 2634 918 2638; x_wconf 97' lang='lat'><strong>—</strong></span> <span class='ocrx_word' id='word_1_438' title='bbox 953 2616 1004 2647; x_wconf 56' lang='lat'>43.</span> <span class='ocrx_word' id='word_1_439' title='bbox 1031 2624 1095 2647; x_wconf 82' lang='lat' dir='ltr'>csse</span> <span class='ocrx_word' id='word_1_440' title='bbox 1118 2616 1197 2656; x_wconf 86' lang='lat' dir='ltr'>post</span> <span class='ocrx_word' id='word_1_441' title='bbox 1220 2615 1420 2653; x_wconf 82' lang='lat' dir='ltr'>eandemque</span> <span class='ocrx_word' id='word_1_442' title='bbox 1443 2622 1513 2646; x_wconf 89' lang='lat' dir='ltr'>om.</span> <span class='ocrx_word' id='word_1_443' title='bbox 1541 2616 1567 2646; x_wconf 92' lang='lat' dir='ltr'><strong>G</strong></span> <span class='ocrx_word' id='word_1_444' title='bbox 1592 2631 1628 2636; x_wconf 95' lang='lat'><strong>—</strong></span> <span class='ocrx_word' id='word_1_445' title='bbox 1657 2614 1708 2647; x_wconf 71' lang='lat'>44.</span> <span class='ocrx_word' id='word_1_446' title='bbox 1730 2616 1975 2654; x_wconf 78' lang='lat' dir='ltr'>providentiam</span> 
     </span>
     <span class='ocr_line' id='line_1_40' title="bbox 208 2664 1970 2707; baseline 0.002 -11"><span class='ocrx_word' id='word_1_447' title='bbox 208 2665 416 2705; x_wconf 86' lang='lat' dir='ltr'>Lambinus;</span> <span class='ocrx_word' id='word_1_448' title='bbox 443 2668 477 2698; x_wconf 83' lang='lat' dir='ltr'>at</span> <span class='ocrx_word' id='word_1_449' title='bbox 499 2675 532 2699; x_wconf 89' lang='lat' dir='ltr'>v.</span> <span class='ocrx_word' id='word_1_450' title='bbox 552 2667 596 2699; x_wconf 92' lang='lat' dir='ltr'>de</span> <span class='ocrx_word' id='word_1_451' title='bbox 621 2670 691 2698; x_wconf 85' lang='lat' dir='ltr'>nat.</span> <span class='ocrx_word' id='word_1_452' title='bbox 711 2666 745 2698; x_wconf 91' lang='lat' dir='ltr'>d.</span> <span class='ocrx_word' id='word_1_453' title='bbox 764 2668 802 2703; x_wconf 82' lang='lat'>11,</span> <span class='ocrx_word' id='word_1_454' title='bbox 830 2666 848 2707; x_wconf 67' lang='lat' dir='ltr'>S</span> <span class='ocrx_word' id='word_1_455' title='bbox 873 2666 926 2698; x_wconf 80' lang='lat'>58.</span> <span class='ocrx_word' id='word_1_456' title='bbox 944 2683 978 2687; x_wconf 97' lang='lat'><strong>—</strong></span> <span class='ocrx_word' id='word_1_457' title='bbox 1007 2666 1058 2697; x_wconf 54' lang='lat'>115.</span> <span class='ocrx_word' id='word_1_458' title='bbox 1085 2665 1236 2697; x_wconf 81' lang='lat' dir='ltr'>caelestia</span> <span class='ocrx_word' id='word_1_459' title='bbox 1252 2682 1298 2687; x_wconf 96' lang='lat'>--</span> <span class='ocrx_word' id='word_1_460' title='bbox 1316 2665 1361 2695; x_wconf 88' lang='lat' dir='ltr'>ad</span> <span class='ocrx_word' id='word_1_461' title='bbox 1384 2664 1527 2695; x_wconf 81' lang='lat' dir='ltr'>homines</span> <span class='ocrx_word' id='word_1_462' title='bbox 1550 2672 1620 2695; x_wconf 89' lang='lat' dir='ltr'>om.</span> <span class='ocrx_word' id='word_1_463' title='bbox 1638 2672 1657 2695; x_wconf 90' lang='lat' dir='ltr'>r</span> <span class='ocrx_word' id='word_1_464' title='bbox 1675 2682 1710 2687; x_wconf 86' lang='lat'>-</span> <span class='ocrx_word' id='word_1_465' title='bbox 1736 2673 1776 2696; x_wconf 89' lang='lat' dir='ltr'>ea</span> <span class='ocrx_word' id='word_1_466' title='bbox 1800 2675 1870 2698; x_wconf 92' lang='lat' dir='ltr'>om.</span> <span class='ocrx_word' id='word_1_467' title='bbox 1891 2668 1917 2698; x_wconf 92' lang='lat' dir='ltr'>G</span> <span class='ocrx_word' id='word_1_468' title='bbox 1935 2684 1970 2690; x_wconf 89' lang='lat'><strong>—</strong></span> 
     </span>
     <span class='ocr_line' id='line_1_41' title="bbox 204 2714 1972 2758; baseline 0.002 -13"><span class='ocrx_word' id='word_1_469' title='bbox 204 2716 390 2754; x_wconf 76' lang='lat' dir='ltr'>pertineant</span> <span class='ocrx_word' id='word_1_470' title='bbox 413 2717 494 2748; x_wconf 89' lang='lat' dir='ltr'>GP:</span> <span class='ocrx_word' id='word_1_471' title='bbox 519 2717 683 2756; x_wconf 78' lang='lat' dir='ltr'>pertinent</span> <span class='ocrx_word' id='word_1_472' title='bbox 705 2719 730 2748; x_wconf 79' lang='grc' dir='ltr'>Α</span> <span class='ocrx_word' id='word_1_473' title='bbox 744 2717 772 2747; x_wconf 68' lang='grc' dir='ltr'>Υ</span> <span class='ocrx_word' id='word_1_474' title='bbox 787 2717 810 2748; x_wconf 95' lang='lat' dir='ltr'>O</span> <span class='ocrx_word' id='word_1_475' title='bbox 839 2735 873 2739; x_wconf 93' lang='lat'><strong>—</strong></span> <span class='ocrx_word' id='word_1_476' title='bbox 902 2716 953 2747; x_wconf 61' lang='lat'>216.</span> <span class='ocrx_word' id='word_1_477' title='bbox 981 2724 1047 2755; x_wconf 81' lang='lat' dir='ltr'>qua</span> <span class='ocrx_word' id='word_1_478' title='bbox 1070 2724 1087 2746; x_wconf 88' lang='lat' dir='ltr'>r</span> <span class='ocrx_word' id='word_1_479' title='bbox 1112 2732 1147 2736; x_wconf 97' lang='lat'><strong>—</strong></span> <span class='ocrx_word' id='word_1_480' title='bbox 1173 2715 1258 2746; x_wconf 73' lang='lat' dir='ltr'>inter</span> <span class='ocrx_word' id='word_1_481' title='bbox 1280 2715 1430 2746; x_wconf 85' lang='lat' dir='ltr'>AGPr:</span> <span class='ocrx_word' id='word_1_482' title='bbox 1456 2714 1621 2745; x_wconf 83' lang='lat' dir='ltr'>interdum</span> <span class='ocrx_word' id='word_1_483' title='bbox 1637 2714 1665 2745; x_wconf 84' lang='lat' dir='ltr'>V</span> <span class='ocrx_word' id='word_1_484' title='bbox 1682 2716 1714 2746; x_wconf 90' lang='lat' dir='ltr'>et</span> <span class='ocrx_word' id='word_1_485' title='bbox 1740 2716 1764 2746; x_wconf 91' lang='lat' dir='ltr'>P</span> <span class='ocrx_word' id='word_1_486' title='bbox 1788 2715 1821 2747; x_wconf 92' lang='lat' dir='ltr'>in</span> <span class='ocrx_word' id='word_1_487' title='bbox 1846 2724 1972 2758; x_wconf 60' lang='lat' dir='ltr'>marg„</span> 
     </span>
     <span class='ocr_line' id='line_1_42' title="bbox 208 2763 1970 2806; baseline 0.002 -11"><span class='ocrx_word' id='word_1_488' title='bbox 208 2767 245 2795; x_wconf 86' lang='lat' dir='ltr'>ut</span> <span class='ocrx_word' id='word_1_489' title='bbox 274 2766 362 2797; x_wconf 89' lang='lat' dir='ltr'>coni.</span> <span class='ocrx_word' id='word_1_490' title='bbox 387 2765 595 2804; x_wconf 85' lang='lat' dir='ltr'>Lambinus;</span> <span class='ocrx_word' id='word_1_491' title='bbox 627 2767 704 2798; x_wconf 80' lang='lat' dir='ltr'>ilem</span> <span class='ocrx_word' id='word_1_492' title='bbox 731 2765 896 2806; x_wconf 82' lang='lat' dir='ltr'>Bentley,</span> <span class='ocrx_word' id='word_1_493' title='bbox 929 2774 1035 2806; x_wconf 84' lang='lat' dir='ltr'>quam</span> <span class='ocrx_word' id='word_1_494' title='bbox 1064 2765 1177 2806; x_wconf 80' lang='lat' dir='ltr'>ipsam</span> <span class='ocrx_word' id='word_1_495' title='bbox 1209 2773 1348 2805; x_wconf 86' lang='lat' dir='ltr'>quoque</span> <span class='ocrx_word' id='word_1_496' title='bbox 1382 2763 1569 2796; x_wconf 89' lang='lat' dir='ltr'>lectionem</span> <span class='ocrx_word' id='word_1_497' title='bbox 1595 2766 1619 2796; x_wconf 94' lang='lat' dir='ltr'><strong>P</strong></span> <span class='ocrx_word' id='word_1_498' title='bbox 1648 2765 1681 2796; x_wconf 94' lang='lat' dir='ltr'>in</span> <span class='ocrx_word' id='word_1_499' title='bbox 1709 2772 1819 2805; x_wconf 81' lang='lat' dir='ltr'>marg.</span> <span class='ocrx_word' id='word_1_500' title='bbox 1846 2765 1970 2804; x_wconf 85' lang='lat' dir='ltr'>habet;</span> 
     </span>
     <span class='ocr_line' id='line_1_43' title="bbox 206 2814 1974 2856; baseline 0.002 -11"><span class='ocrx_word' id='word_1_501' title='bbox 206 2814 278 2853; x_wconf 78' lang='lat' dir='ltr'>fieri</span> <span class='ocrx_word' id='word_1_502' title='bbox 301 2815 393 2847; x_wconf 82' lang='lat' dir='ltr'>coni.</span> <span class='ocrx_word' id='word_1_503' title='bbox 418 2817 608 2855; x_wconf 82' lang='lat' dir='ltr'>Manutius,</span> <span class='ocrx_word' id='word_1_504' title='bbox 634 2817 682 2848; x_wconf 83' lang='lat' dir='ltr'>ire</span> <span class='ocrx_word' id='word_1_505' title='bbox 704 2817 848 2854; x_wconf 70' lang='lat' dir='ltr'>Dax‘ies,</span> <span class='ocrx_word' id='word_1_506' title='bbox 875 2816 1002 2848; x_wconf 75' lang='lat' dir='ltr'>evenire</span> <span class='ocrx_word' id='word_1_507' title='bbox 1019 2814 1220 2852; x_wconf 86' lang='lat' dir='ltr'>Turnebus,</span> <span class='ocrx_word' id='word_1_508' title='bbox 1247 2815 1342 2856; x_wconf 89' lang='lat' dir='ltr'>ipse:</span> <span class='ocrx_word' id='word_1_509' title='bbox 1368 2815 1565 2846; x_wconf 75' lang='lat' dir='ltr'>intervenire</span> <span class='ocrx_word' id='word_1_510' title='bbox 1584 2832 1619 2837; x_wconf 86' lang='lat'>—</span> <span class='ocrx_word' id='word_1_511' title='bbox 1646 2814 1699 2847; x_wconf 72' lang='lat'>48.</span> <span class='ocrx_word' id='word_1_512' title='bbox 1724 2824 1974 2856; x_wconf 80' lang='lat' dir='ltr'>nonnumquam</span> 
     </span>
     <span class='ocr_line' id='line_1_44' title="bbox 209 2863 1970 2906; baseline 0.003 -13"><span class='ocrx_word' id='word_1_513' title='bbox 209 2863 251 2893; x_wconf 88' lang='lat' dir='ltr'>G:</span> <span class='ocrx_word' id='word_1_514' title='bbox 277 2872 524 2904; x_wconf 79' lang='lat' dir='ltr'>nonnumquam</span> <span class='ocrx_word' id='word_1_515' title='bbox 547 2866 676 2906; x_wconf 82' lang='lat' dir='ltr'>quidem</span> <span class='ocrx_word' id='word_1_516' title='bbox 698 2866 873 2899; x_wconf 81' lang='lat' dir='ltr'>APVOr</span> <span class='ocrx_word' id='word_1_517' title='bbox 900 2883 934 2888; x_wconf 92' lang='lat'>—</span> <span class='ocrx_word' id='word_1_518' title='bbox 962 2866 1014 2896; x_wconf 75' lang='lat'>49.</span> <span class='ocrx_word' id='word_1_519' title='bbox 1041 2869 1070 2897; x_wconf 81' lang='lat' dir='ltr'>et</span> <span class='ocrx_word' id='word_1_520' title='bbox 1096 2864 1251 2897; x_wconf 86' lang='lat' dir='ltr'>Lambini</span> <span class='ocrx_word' id='word_1_521' title='bbox 1277 2864 1400 2895; x_wconf 77' lang='lat' dir='ltr'>codd:</span> <span class='ocrx_word' id='word_1_522' title='bbox 1433 2865 1511 2896; x_wconf 78' lang='lat' dir='ltr'>haec</span> <span class='ocrx_word' id='word_1_523' title='bbox 1535 2863 1616 2905; x_wconf 85' lang='lat' dir='ltr'>(hec)</span> <span class='ocrx_word' id='word_1_524' title='bbox 1643 2864 1716 2903; x_wconf 78' lang='lat' dir='ltr'>Cr,</span> <span class='ocrx_word' id='word_1_525' title='bbox 1743 2865 1820 2896; x_wconf 83' lang='lat' dir='ltr'>fort.</span> <span class='ocrx_word' id='word_1_526' title='bbox 1848 2875 1889 2898; x_wconf 85' lang='lat' dir='ltr'>ex</span> <span class='ocrx_word' id='word_1_527' title='bbox 1913 2876 1970 2906; x_wconf 81' lang='lat' dir='ltr'>ac;</span> 
     </span>
     <span class='ocr_line' id='line_1_45' title="bbox 208 2912 1973 2956; baseline 0.003 -13"><span class='ocrx_word' id='word_1_528' title='bbox 208 2913 367 2945; x_wconf 88' lang='lat' dir='ltr'>meminit</span> <span class='ocrx_word' id='word_1_529' title='bbox 394 2912 462 2947; x_wconf 83' lang='lat' dir='ltr'>loci</span> <span class='ocrx_word' id='word_1_530' title='bbox 491 2916 689 2947; x_wconf 85' lang='lat' dir='ltr'>Lactantius</span> <span class='ocrx_word' id='word_1_531' title='bbox 721 2916 799 2948; x_wconf 89' lang='lat' dir='ltr'>inst.</span> <span class='ocrx_word' id='word_1_532' title='bbox 827 2915 894 2946; x_wconf 73' lang='lat' dir='ltr'>div.</span> <span class='ocrx_word' id='word_1_533' title='bbox 921 2916 982 2952; x_wconf 84' lang='grc' dir='ltr'>ΙΙΙ,</span> <span class='ocrx_word' id='word_1_534' title='bbox 1008 2915 1061 2946; x_wconf 76' lang='lat'>⁶29.</span> <span class='ocrx_word' id='word_1_535' title='bbox 1090 2932 1124 2937; x_wconf 91' lang='lat'>—</span> <span class='ocrx_word' id='word_1_536' title='bbox 1157 2915 1212 2946; x_wconf 64' lang='grc' dir='ltr'>ὗ21.</span> <span class='ocrx_word' id='word_1_537' title='bbox 1239 2915 1273 2946; x_wconf 83' lang='lat' dir='ltr'>in</span> <span class='ocrx_word' id='word_1_538' title='bbox 1296 2915 1445 2946; x_wconf 77' lang='lat' dir='ltr'>oratione</span> <span class='ocrx_word' id='word_1_539' title='bbox 1469 2914 1590 2946; x_wconf 85' lang='lat' dir='ltr'>Lamb.</span> <span class='ocrx_word' id='word_1_540' title='bbox 1616 2933 1660 2939; x_wconf 84' lang='lat'>——</span> <span class='ocrx_word' id='word_1_541' title='bbox 1689 2914 1741 2946; x_wconf 76' lang='lat'>22.</span> <span class='ocrx_word' id='word_1_542' title='bbox 1769 2924 1973 2956; x_wconf 80' lang='lat' dir='ltr'>quamquam</span> 
     </span>
     <span class='ocr_line' id='line_1_46' title="bbox 207 2962 1973 3005; baseline 0.005 -14"><span class='ocrx_word' id='word_1_543' title='bbox 207 2962 365 2994; x_wconf 79' lang='lat' dir='ltr'>iudicium</span> <span class='ocrx_word' id='word_1_544' title='bbox 388 2964 532 2996; x_wconf 75' lang='lat' dir='ltr'>oriretur</span> <span class='ocrx_word' id='word_1_545' title='bbox 555 2965 676 2997; x_wconf 87' lang='lat' dir='ltr'>Lamb.</span> <span class='ocrx_word' id='word_1_546' title='bbox 705 2983 741 2988; x_wconf 94' lang='lat'><strong>—</strong></span> <span class='ocrx_word' id='word_1_547' title='bbox 773 2966 918 2997; x_wconf 83' lang='lat' dir='ltr'>oriretur</span> <span class='ocrx_word' id='word_1_548' title='bbox 942 2965 1054 3002; x_wconf 83' lang='lat' dir='ltr'>COr;</span> <span class='ocrx_word' id='word_1_549' title='bbox 1087 2964 1129 2996; x_wconf 83' lang='lat' dir='ltr'>cs.</span> <span class='ocrx_word' id='word_1_550' title='bbox 1157 2964 1201 2996; x_wconf 89' lang='lat' dir='ltr'>ad</span> <span class='ocrx_word' id='word_1_551' title='bbox 1225 2973 1259 3005; x_wconf 90' lang='lat' dir='ltr'>p.</span> <span class='ocrx_word' id='word_1_552' title='bbox 1286 2963 1344 3001; x_wconf 70' lang='lat'>44,</span> <span class='ocrx_word' id='word_1_553' title='bbox 1372 2964 1424 2995; x_wconf 69' lang='lat'>4⁵2.</span> <span class='ocrx_word' id='word_1_554' title='bbox 1452 2981 1488 2988; x_wconf 83' lang='lat'>--</span> <span class='ocrx_word' id='word_1_555' title='bbox 1521 2964 1574 2997; x_wconf 73' lang='lat'>23.</span> <span class='ocrx_word' id='word_1_556' title='bbox 1599 2974 1665 2996; x_wconf 86' lang='lat' dir='ltr'>non</span> <span class='ocrx_word' id='word_1_557' title='bbox 1691 2973 1761 2996; x_wconf 93' lang='lat' dir='ltr'>om.</span> <span class='ocrx_word' id='word_1_558' title='bbox 1789 2966 1833 3003; x_wconf 88' lang='lat' dir='ltr'>G;</span> <span class='ocrx_word' id='word_1_559' title='bbox 1863 2970 1973 2999; x_wconf 82' lang='lat' dir='ltr'>lamen</span> 
     </span>
     <span class='ocr_line' id='line_1_47' title="bbox 207 3013 1973 3050; baseline 0.005 -9"><span class='ocrx_word' id='word_1_560' title='bbox 207 3020 272 3042; x_wconf 86' lang='lat' dir='ltr'>non</span> <span class='ocrx_word' id='word_1_561' title='bbox 295 3014 319 3044; x_wconf 92' lang='lat' dir='ltr'>P</span> <span class='ocrx_word' id='word_1_562' title='bbox 344 3013 377 3044; x_wconf 91' lang='lat' dir='ltr'>in</span> <span class='ocrx_word' id='word_1_563' title='bbox 400 3021 470 3045; x_wconf 89' lang='lat' dir='ltr'>ras.</span> <span class='ocrx_word' id='word_1_564' title='bbox 488 3014 647 3046; x_wconf 86' lang='lat' dir='ltr'>habet-</span> <span class='ocrx_word' id='word_1_565' title='bbox 673 3015 834 3047; x_wconf 78' lang='lat' dir='ltr'>uolentem</span> <span class='ocrx_word' id='word_1_566' title='bbox 857 3015 885 3045; x_wconf 77' lang='lat' dir='ltr'><strong>V</strong></span> <span class='ocrx_word' id='word_1_567' title='bbox 904 3032 938 3037; x_wconf 90' lang='lat'>—</span> <span class='ocrx_word' id='word_1_568' title='bbox 966 3014 1019 3046; x_wconf 73' lang='lat'>⁶24.</span> <span class='ocrx_word' id='word_1_569' title='bbox 1043 3023 1107 3047; x_wconf 86' lang='lat' dir='ltr'>esse</span> <span class='ocrx_word' id='word_1_570' title='bbox 1129 3024 1242 3047; x_wconf 85' lang='lat' dir='ltr'>rerum</span> <span class='ocrx_word' id='word_1_571' title='bbox 1259 3016 1283 3045; x_wconf 90' lang='lat' dir='ltr'>G</span> <span class='ocrx_word' id='word_1_572' title='bbox 1297 3024 1331 3045; x_wconf 83' lang='lat' dir='ltr'>r:</span> <span class='ocrx_word' id='word_1_573' title='bbox 1358 3023 1470 3046; x_wconf 86' lang='lat' dir='ltr'>rerum</span> <span class='ocrx_word' id='word_1_574' title='bbox 1486 3023 1550 3047; x_wconf 85' lang='lat' dir='ltr'>esse</span> <span class='ocrx_word' id='word_1_575' title='bbox 1565 3016 1590 3047; x_wconf 78' lang='lat' dir='ltr'>A</span> <span class='ocrx_word' id='word_1_576' title='bbox 1606 3017 1629 3047; x_wconf 91' lang='grc' dir='ltr'>Ρ</span> <span class='ocrx_word' id='word_1_577' title='bbox 1643 3015 1672 3045; x_wconf 85' lang='lat' dir='ltr'><strong>V</strong></span> <span class='ocrx_word' id='word_1_578' title='bbox 1685 3015 1710 3047; x_wconf 93' lang='grc' dir='ltr'>Ο</span> <span class='ocrx_word' id='word_1_579' title='bbox 1726 3033 1769 3039; x_wconf 93' lang='grc'>-</span> <span class='ocrx_word' id='word_1_580' title='bbox 1791 3015 1844 3047; x_wconf 64' lang='lat'>26.</span> <span class='ocrx_word' id='word_1_581' title='bbox 1864 3017 1973 3050; x_wconf 75' lang='lat' dir='ltr'>ideam</span> 
     </span>
     <span class='ocr_line' id='line_1_48' title="bbox 209 3061 1970 3105; baseline 0.003 -13"><span class='ocrx_word' id='word_1_582' title='bbox 209 3061 302 3092; x_wconf 89' lang='lat' dir='ltr'>GPr</span> <span class='ocrx_word' id='word_1_583' title='bbox 328 3078 363 3084; x_wconf 86' lang='lat'>—-</span> <span class='ocrx_word' id='word_1_584' title='bbox 401 3063 569 3105; x_wconf 72' lang='lat' dir='ltr'>appellant</span> <span class='ocrx_word' id='word_1_585' title='bbox 592 3065 671 3096; x_wconf 87' lang='lat' dir='ltr'>GP:</span> <span class='ocrx_word' id='word_1_586' title='bbox 708 3065 918 3104; x_wconf 81' lang='lat' dir='ltr'>appellabant</span> <span class='ocrx_word' id='word_1_587' title='bbox 940 3064 1077 3096; x_wconf 84' lang='lat' dir='ltr'>AVOr</span> <span class='ocrx_word' id='word_1_588' title='bbox 1103 3083 1138 3087; x_wconf 96' lang='lat'><strong>—</strong></span> <span class='ocrx_word' id='word_1_589' title='bbox 1174 3065 1223 3095; x_wconf 79' lang='lat' dir='ltr'>ila</span> <span class='ocrx_word' id='word_1_590' title='bbox 1247 3064 1448 3103; x_wconf 82' lang='lat' dir='ltr'>appellatam</span> <span class='ocrx_word' id='word_1_591' title='bbox 1472 3073 1489 3095; x_wconf 92' lang='lat' dir='ltr'>r</span> <span class='ocrx_word' id='word_1_592' title='bbox 1516 3082 1550 3088; x_wconf 88' lang='lat'>—</span> <span class='ocrx_word' id='word_1_593' title='bbox 1587 3065 1640 3096; x_wconf 73' lang='lat'>27.</span> <span class='ocrx_word' id='word_1_594' title='bbox 1666 3073 1777 3096; x_wconf 85' lang='lat' dir='ltr'>omnes</span> <span class='ocrx_word' id='word_1_595' title='bbox 1800 3065 1906 3097; x_wconf 92' lang='lat' dir='ltr'>GVO</span> <span class='ocrx_word' id='word_1_596' title='bbox 1934 3085 1970 3090; x_wconf 87' lang='lat'>—</span> 
     </span>
     <span class='ocr_line' id='line_1_49' title="bbox 208 3113 1970 3156; baseline 0.004 -15"><span class='ocrx_word' id='word_1_597' title='bbox 208 3119 272 3142; x_wconf 86' lang='lat' dir='ltr'>esse</span> <span class='ocrx_word' id='word_1_598' title='bbox 295 3119 364 3143; x_wconf 89' lang='lat' dir='ltr'>om.</span> <span class='ocrx_word' id='word_1_599' title='bbox 392 3113 417 3143; x_wconf 94' lang='lat' dir='ltr'>G</span> <span class='ocrx_word' id='word_1_600' title='bbox 443 3113 519 3152; x_wconf 85' lang='lat' dir='ltr'>(esse</span> <span class='ocrx_word' id='word_1_601' title='bbox 541 3113 677 3145; x_wconf 76' lang='lat' dir='ltr'>dicimus</span> <span class='ocrx_word' id='word_1_602' title='bbox 700 3114 909 3146; x_wconf 77' lang='lat' dir='ltr'>arbitrantur</span> <span class='ocrx_word' id='word_1_603' title='bbox 931 3114 960 3152; x_wconf 87' lang='lat' dir='ltr'>r)</span> <span class='ocrx_word' id='word_1_604' title='bbox 987 3132 1022 3137; x_wconf 93' lang='lat'>——</span> <span class='ocrx_word' id='word_1_605' title='bbox 1052 3115 1106 3146; x_wconf 77' lang='lat'>⁵28.</span> <span class='ocrx_word' id='word_1_606' title='bbox 1131 3115 1258 3154; x_wconf 82' lang='lat' dir='ltr'>percipi</span> <span class='ocrx_word' id='word_1_607' title='bbox 1282 3114 1413 3152; x_wconf 79' lang='lat' dir='ltr'>Christ,</span> <span class='ocrx_word' id='word_1_608' title='bbox 1441 3114 1534 3155; x_wconf 90' lang='lat' dir='ltr'>quod</span> <span class='ocrx_word' id='word_1_609' title='bbox 1560 3116 1739 3156; x_wconf 86' lang='lat' dir='ltr'>perceptio</span> <span class='ocrx_word' id='word_1_610' title='bbox 1764 3115 1806 3146; x_wconf 90' lang='lat' dir='ltr'>sit</span> <span class='ocrx_word' id='word_1_611' title='bbox 1830 3117 1970 3155; x_wconf 85' lang='lat' dir='ltr'>mentis,</span> 
     </span>
     <span class='ocr_line' id='line_1_50' title="bbox 209 3163 1974 3204; baseline 0.004 -13"><span class='ocrx_word' id='word_1_612' title='bbox 209 3169 279 3192; x_wconf 92' lang='lat' dir='ltr'>non</span> <span class='ocrx_word' id='word_1_613' title='bbox 303 3168 473 3193; x_wconf 86' lang='lat' dir='ltr'>sensuum</span> <span class='ocrx_word' id='word_1_614' title='bbox 499 3179 535 3184; x_wconf 97' lang='lat'><strong>—</strong></span> <span class='ocrx_word' id='word_1_615' title='bbox 564 3163 650 3194; x_wconf 84' lang='lat' dir='ltr'>ullas</span> <span class='ocrx_word' id='word_1_616' title='bbox 672 3164 716 3195; x_wconf 91' lang='lat' dir='ltr'>G:</span> <span class='ocrx_word' id='word_1_617' title='bbox 746 3173 802 3196; x_wconf 84' lang='lat' dir='ltr'>eas</span> <span class='ocrx_word' id='word_1_618' title='bbox 824 3164 926 3196; x_wconf 70' lang='lat' dir='ltr'>APY</span> <span class='ocrx_word' id='word_1_619' title='bbox 942 3164 966 3195; x_wconf 92' lang='lat' dir='ltr'>O</span> <span class='ocrx_word' id='word_1_620' title='bbox 981 3173 998 3195; x_wconf 90' lang='lat' dir='ltr'>r</span> <span class='ocrx_word' id='word_1_621' title='bbox 1023 3182 1058 3186; x_wconf 90' lang='lat'>—</span> <span class='ocrx_word' id='word_1_622' title='bbox 1091 3164 1143 3196; x_wconf 70' lang='lat'>⁶29.</span> <span class='ocrx_word' id='word_1_623' title='bbox 1171 3164 1257 3203; x_wconf 81' lang='lat' dir='ltr'>quod</span> <span class='ocrx_word' id='word_1_624' title='bbox 1280 3167 1389 3195; x_wconf 81' lang='lat' dir='ltr'>aulem</span> <span class='ocrx_word' id='word_1_625' title='bbox 1410 3164 1458 3195; x_wconf 83' lang='lat' dir='ltr'>ita</span> <span class='ocrx_word' id='word_1_626' title='bbox 1481 3169 1583 3197; x_wconf 75' lang='lat' dir='ltr'>essent</span> <span class='ocrx_word' id='word_1_627' title='bbox 1607 3166 1650 3202; x_wconf 88' lang='lat' dir='ltr'>G;</span> <span class='ocrx_word' id='word_1_628' title='bbox 1683 3173 1768 3204; x_wconf 77' lang='lat' dir='ltr'>quae</span> <span class='ocrx_word' id='word_1_629' title='bbox 1791 3169 1892 3196; x_wconf 83' lang='lat' dir='ltr'>essent</span> <span class='ocrx_word' id='word_1_630' title='bbox 1915 3170 1974 3198; x_wconf 79' lang='lat' dir='ltr'>auc</span> 
     </span>
     <span class='ocr_line' id='line_1_51' title="bbox 209 3210 1967 3257; baseline 0.004 -17"><span class='ocrx_word' id='word_1_631' title='bbox 209 3210 258 3240; x_wconf 77' lang='lat' dir='ltr'>ila</span> <span class='ocrx_word' id='word_1_632' title='bbox 281 3211 307 3240; x_wconf 72' lang='lat' dir='ltr'>A</span> <span class='ocrx_word' id='word_1_633' title='bbox 322 3210 386 3241; x_wconf 88' lang='lat' dir='ltr'>PV</span> <span class='ocrx_word' id='word_1_634' title='bbox 401 3211 475 3250; x_wconf 89' lang='lat' dir='ltr'>Or;</span> <span class='ocrx_word' id='word_1_635' title='bbox 509 3213 578 3244; x_wconf 87' lang='lat' dir='ltr'>iam</span> <span class='ocrx_word' id='word_1_636' title='bbox 609 3214 776 3245; x_wconf 87' lang='lat' dir='ltr'>Gruterus</span> <span class='ocrx_word' id='word_1_637' title='bbox 799 3214 885 3252; x_wconf 81' lang='lat' dir='ltr'>quod</span> <span class='ocrx_word' id='word_1_638' title='bbox 906 3212 962 3245; x_wconf 61' lang='lat' dir='ltr'>vel</span> <span class='ocrx_word' id='word_1_639' title='bbox 987 3214 1066 3253; x_wconf 80' lang='lat' dir='ltr'>quia</span> <span class='ocrx_word' id='word_1_640' title='bbox 1088 3213 1257 3245; x_wconf 73' lang='lat' dir='ltr'>voluerat.</span> <span class='ocrx_word' id='word_1_641' title='bbox 1287 3231 1322 3237; x_wconf 97' lang='lat'>—</span> <span class='ocrx_word' id='word_1_642' title='bbox 1354 3222 1448 3245; x_wconf 79' lang='lat' dir='ltr'>sensu</span> <span class='ocrx_word' id='word_1_643' title='bbox 1471 3216 1498 3246; x_wconf 91' lang='lat' dir='ltr'>G</span> <span class='ocrx_word' id='word_1_644' title='bbox 1520 3231 1563 3238; x_wconf 86' lang='lat'>·—</span> <span class='ocrx_word' id='word_1_645' title='bbox 1596 3214 1648 3246; x_wconf 89' lang='lat'>30.</span> <span class='ocrx_word' id='word_1_646' title='bbox 1674 3217 1752 3246; x_wconf 78' lang='lat' dir='ltr'>esset</span> <span class='ocrx_word' id='word_1_647' title='bbox 1774 3217 1804 3246; x_wconf 82' lang='lat' dir='ltr'>el</span> <span class='ocrx_word' id='word_1_648' title='bbox 1827 3216 1967 3257; x_wconf 87' lang='lat' dir='ltr'>scripsi:</span> 
     </span>
     <span class='ocr_line' id='line_1_52' title="bbox 211 3260 1842 3297; baseline 0.002 -5"><span class='ocrx_word' id='word_1_649' title='bbox 211 3263 288 3292; x_wconf 83' lang='lat' dir='ltr'>esset</span> <span class='ocrx_word' id='word_1_650' title='bbox 313 3260 336 3291; x_wconf 93' lang='lat' dir='ltr'>C</span> <span class='ocrx_word' id='word_1_651' title='bbox 352 3260 408 3292; x_wconf 89' lang='lat' dir='ltr'>Or</span> <span class='ocrx_word' id='word_1_652' title='bbox 433 3279 469 3284; x_wconf 98' lang='lat'><strong>—</strong></span> <span class='ocrx_word' id='word_1_653' title='bbox 495 3261 548 3295; x_wconf 77' lang='lat'>3¹.</span> <span class='ocrx_word' id='word_1_654' title='bbox 573 3271 613 3297; x_wconf 79' lang='lat' dir='ltr'>ne</span> <span class='ocrx_word' id='word_1_655' title='bbox 634 3263 719 3296; x_wconf 76' lang='lat' dir='ltr'>idem</span> <span class='ocrx_word' id='word_1_656' title='bbox 743 3264 932 3295; x_wconf 78' lang='lat' dir='ltr'>Manutius:</span> <span class='ocrx_word' id='word_1_657' title='bbox 957 3263 1060 3296; x_wconf 82' lang='lat' dir='ltr'>eidem</span> <span class='ocrx_word' id='word_1_658' title='bbox 1084 3264 1108 3295; x_wconf 94' lang='lat' dir='ltr'>C</span> <span class='ocrx_word' id='word_1_659' title='bbox 1123 3272 1140 3294; x_wconf 90' lang='lat' dir='ltr'>r</span> <span class='ocrx_word' id='word_1_660' title='bbox 1167 3281 1199 3287; x_wconf 96' lang='lat'>—</span> <span class='ocrx_word' id='word_1_661' title='bbox 1228 3263 1435 3295; x_wconf 72' lang='lat' dir='ltr'>continentur</span> <span class='ocrx_word' id='word_1_662' title='bbox 1457 3263 1496 3295; x_wconf 84' lang='lat' dir='ltr'>G²</span> <span class='ocrx_word' id='word_1_663' title='bbox 1522 3282 1557 3287; x_wconf 91' lang='lat'>—</span> <span class='ocrx_word' id='word_1_664' title='bbox 1582 3263 1780 3296; x_wconf 77' lang='lat' dir='ltr'>haberentur</span> <span class='ocrx_word' id='word_1_665' title='bbox 1803 3264 1842 3295; x_wconf 87' lang='lat' dir='ltr'>V.</span> 
     </span>
    </p>
   </div>
   <div class='ocr_carea' id='block_1_7' title="bbox 283 3324 1717 3365">
    <p class='ocr_par' dir='ltr' id='par_1_7' title="bbox 283 3324 1717 3365">
     <span class='ocr_line' id='line_1_53' title="bbox 283 3324 1717 3365; baseline 0.006 -8"><span class='ocrx_word' id='word_1_666' title='bbox 283 3327 399 3359; x_wconf 77' lang='lat' dir='ltr'>CICERO</span> <span class='ocrx_word' id='word_1_667' title='bbox 423 3327 456 3361; x_wconf 76' lang='lat' dir='ltr'>T,</span> <span class='ocrx_word' id='word_1_668' title='bbox 477 3328 527 3362; x_wconf 88' lang='lat' dir='ltr'>IV.</span> <span class='ocrx_word' id='word_1_669' title='bbox 1693 3324 1717 3365; x_wconf 83' lang='lat'>5</span> 
     </span>
    </p>
   </div>
  </div>
 </body>
</html>
