2249 3624
291 139 318 182 4
821 140 1250 185 ACADEMICORUM
1280 139 1519 181 PRIORUM

291 257 506 312 probatur.
557 253 679 304 Quod
710 254 875 308 gravius
905 254 1127 302 ferremus,
1160 253 1194 293 si
1225 253 1447 306 quisquam
1473 251 1604 291 ullam
1625 249 1885 304 disciplinam
1916 251 2052 305 philo-

293 318 465 372 sophiae
496 317 690 371 probaret
720 321 883 370 praeter
913 329 1026 363 eam,
1058 328 1182 369 quam
1212 314 1304 366 ipse
1335 318 1595 367 sequeretur.
1642 313 1728 352 Nos
1758 317 1919 362 autem,
1950 328 2053 368 quo-

292 381 403 421 niam
436 385 577 420 contra
608 392 773 426 omnes,
806 377 877 431 qui
908 377 966 399 *³*
1009 377 1148 417 dicere
1179 389 1286 430 quae
1316 376 1514 415 videntur
1545 374 1752 423 solemus,
1793 389 1877 416 non
1907 390 2054 429 possu-

292 458 405 492 mus,
437 442 541 497 quin
571 441 642 481 alii
674 434 697 481 a
726 440 847 480 nobis
881 439 1145 486 dissentiant,
1178 451 1395 478 recusare:
1429 450 1682 491 quamquam
1712 443 1856 478 nostra
1885 439 2055 492 quidem

261 515 418 547 5causa
449 504 579 545 facilis
612 508 695 550 est,
730 503 799 555 qui
831 515 973 541 verum
1003 501 1192 541 invenire
1224 500 1315 540 sine
1345 500 1429 540 ulla
1460 500 1728 540 contentione
1756 500 1965 548 volumus,
1995 500 2058 539 id-

292 582 372 623 que
404 580 563 608 summa
593 578 691 605 cura
722 564 946 616 studioque
971 563 1272 617 conquirimus.
1312 563 1401 602 Etsi
1423 562 1534 602 enim
1557 563 1692 603 omnis
1714 563 1894 616 cognitio
1916 561 2059 602 multis

293 636 356 671 est
392 629 603 669 obstructa
644 625 960 665 difficultatibus
993 639 1127 679 eaque
1159 631 1221 665 est
1252 631 1292 665 et
1321 625 1363 664 in
1396 625 1500 678 ipsis
1531 625 1653 665 rebus
1685 625 1916 666 obscuritas
1948 629 1989 664 et
2017 624 2059 663 in

290 692 455 733 iudiciis
498 688 651 729 nostris
691 685 930 735 infirmitas,
971 692 1017 727 ut
1051 701 1135 727 non
1167 688 1256 727 sine
1288 700 1414 728 causa
1443 687 1724 740 antiquissimi
1756 692 1795 728 et
1828 686 2060 727 doctissimi

291 754 476 795 invenire
517 765 561 791 se
598 764 723 804 posse
755 749 868 804 quod
901 756 1103 803 cuperent
1133 748 1259 790 diffisi
1303 749 1402 797 sint,
1445 754 1585 789 tamen
1615 763 1693 790 nec
1723 750 1786 790 illi
1816 750 2060 791 defecerunt

243 827 430 871 10neque
474 827 551 854 nos
596 812 781 853 studium
821 812 1070 866 exquirendi
1113 812 1325 864 defatigati
1366 811 1674 865 relinquemus3
1719 826 1858 866 neque
1889 818 2058 853 nostrae

291 876 600 931 disputationes
632 874 858 928 quicquam
889 874 1002 914 aliud
1033 880 1163 927 agunt
1192 874 1272 913 nisi
1304 879 1351 914 ut
1379 875 1421 914 in
1452 880 1672 929 utramque
1693 881 1855 928 partem
1877 875 2057 916 dicendo

291 941 458 982 eliciant
496 944 536 978 et
573 942 786 990 tamquam
827 937 1064 991 exprimant
1100 936 1281 990 aliquid,
1324 937 1438 990 quod
1471 942 1544 977 aut
1572 951 1717 978 verum
1749 941 1803 978 sit
1832 943 1904 979 aut
1934 937 1985 978 ad
2015 936 2059 976 id

290 1016 413 1057 quam
445 1001 634 1055 proxime
665 1000 848 1039 accedat.
908 1000 946 1039 8.
978 1001 1064 1040 Nec
1095 1000 1203 1039 inter
1233 1012 1311 1039 nos
1343 1004 1384 1038 et
1414 1013 1509 1046 eOS,
1541 999 1614 1053 qui
1644 1013 1688 1040 se
1720 1001 1824 1041 scire
1855 1001 2059 1042 arbitran-

288 1071 374 1113 tur,
416 1064 640 1117 quicquam
680 1062 875 1111 interest,
916 1062 997 1102 nisi
1036 1062 1149 1116 quod
1187 1062 1247 1102 illi
1287 1075 1372 1101 non
1414 1061 1608 1102 dubitant
1639 1063 1741 1116 quin
1772 1077 1821 1104 ea
1850 1078 1949 1105 vera
1980 1064 2060 1104 sint

206 1162 220 1179 ,
243 1137 397 1182 i5quae
429 1124 681 1173 defendunt,
721 1138 797 1164 nos
827 1124 1063 1178 probabilia
1093 1124 1224 1164 multa
1253 1123 1478 1171 habemus,
1523 1137 1629 1177 quae
1661 1127 1783 1178 sequi
1811 1126 1955 1175 facile,
1989 1126 2062 1166 ad-

288 1192 454 1232 firmare
487 1189 557 1230 vix
589 1201 825 1241 possumus.
884 1189 975 1227 Hoc
1007 1192 1146 1227 autem
1177 1186 1397 1226 liberiores
1429 1191 1470 1225 et
1502 1185 1725 1226 solutiores
1748 1200 1915 1236 sumus,
1946 1188 2062 1242 quod

289 1255 452 1307 integra
482 1251 601 1292 nobis
633 1256 697 1291 est
726 1250 939 1291 iudicandi
970 1255 1174 1304 potestas,
1215 1262 1291 1288 nec
1323 1253 1368 1288 ut
1399 1248 1562 1296 omnia,
1595 1262 1703 1302 quae
1734 1249 1992 1304 praescripta
2023 1255 2064 1289 et

291 1316 411 1371 quasi
443 1316 645 1367 imperata
684 1314 784 1361 sint,
829 1312 1104 1352 defendamus
1145 1310 1395 1351 necessitate
1427 1310 1512 1350 ulla
1543 1312 1742 1363 cogimur.
1800 1314 1905 1353 Nam
1937 1311 2064 1353 ceteri

289 1378 469 1431 primum
502 1381 597 1416 ante
630 1381 826 1417 tenentur
855 1375 1067 1422 adstricti,
1101 1388 1227 1428 quam
1260 1373 1361 1427 quid
1394 1378 1503 1413 esset
1534 1375 1737 1426 optimum
1767 1374 1956 1416 iudicare
1987 1389 2064 1429 po-

240 1450 277 1480 20
291 1444 482 1480 tuerunt:
517 1438 668 1479 deinde
699 1436 983 1478 infirmissimo
1015 1443 1202 1491 tempore
1234 1435 1382 1476 aetatis
1413 1441 1485 1476 aut
1511 1436 1698 1476 obsecuti
1730 1438 1864 1478 amico
1897 1438 2061 1479 cuidam

290 1508 362 1543 aut
390 1515 476 1542 una
506 1502 705 1550 alicuius,
746 1515 869 1555 quem
905 1501 1083 1554 primum
1116 1500 1359 1547 audierunt,
1399 1499 1588 1540 oratione
1620 1500 1730 1553 capti
1761 1500 1812 1540 de
1843 1501 1968 1541 rebus
1998 1501 2061 1541 in-

291 1564 470 1618 cognitis
500 1564 688 1604 iudicant
719 1569 778 1612 et,
821 1564 872 1604 ad
905 1576 1210 1618 quamcumque
1245 1568 1341 1602 sunt
1371 1562 1633 1617 disciplinam
1666 1566 1785 1618 quasi
1816 1570 2060 1620 tempestate

291 1627 435 1675 delati,
466 1627 518 1667 ad
550 1640 639 1667 eam
669 1632 881 1680 tamquam
912 1627 964 1666 ad
999 1639 1146 1666 saxum
1177 1625 1499 1666 adhaerescunt.
1561 1624 1599 1666 9.
1631 1627 1735 1668 Nam
1768 1628 1882 1682 quod
1916 1628 2061 1668 dicunt

292 1689 434 1730 omnia
464 1702 507 1730 se
539 1690 708 1729 credere
740 1690 800 1737 ei,
843 1702 967 1743 quem
998 1688 1186 1728 iudicent
1215 1688 1344 1729 fuisse
1374 1689 1629 1745 sapientem,
1668 1690 1912 1743 probarem,
1953 1692 1988 1731 si
2017 1690 2060 1730 id

241 1762 277 1791 25
293 1751 431 1805 ipsum
461 1750 586 1791 rudes
618 1756 659 1792 et
688 1750 846 1792 indocti
877 1750 1063 1791 iudicare
1094 1750 1332 1803 potuissent
1352 1775 1405 1779 —
1433 1756 1613 1792 statuere
1645 1753 1776 1802 enim,
1808 1754 1881 1808 qui
1915 1754 1966 1794 sit
1997 1767 2061 1794 sa-

291 1813 432 1868 piens,
473 1814 539 1854 vel
569 1813 750 1854 maxime
782 1813 946 1854 videtur
976 1826 1065 1853 esse
1099 1814 1296 1866 sapientis
1327 1837 1405 1863 —,
1444 1815 1539 1863 sed,
1571 1820 1617 1855 ut
1646 1816 1879 1869 potuerint,
1910 1820 2062 1869 potue-

292 1882 388 1916 runt
424 1877 613 1917 omnihus
653 1877 778 1916 rebus
815 1876 991 1923 auditis,
1028 1876 1205 1929 cognitis
1237 1877 1362 1917 etiam
1392 1877 1651 1931 reliquorum
1683 1878 1924 1927 sententiis,
1954 1877 2062 1918 iudi-

293 1944 494 1979 caverunt
532 1944 672 1980 autem
711 1953 756 1979 re
790 1939 919 1979 semel
951 1938 1093 1979 audita
1123 1943 1248 1992 atque
1280 1940 1332 1979 ad
1362 1941 1488 1980 unius
1520 1954 1564 1981 se
1595 1941 1885 1982 auctoritatem
1916 1946 2062 1981 contu-

290 2001 443 2043 lerunt.
484 2002 567 2043 Sed
597 2002 738 2043 nescio
770 2016 853 2056 quo
886 2002 1010 2042 modo
1040 2001 1230 2056 plerique
1262 2016 1398 2043 errare
1420 2003 1581 2044 malunt
1602 2017 1778 2059 eamque
1799 2004 2061 2054 sententiam,

380 2162 411 2194 3.
438 2171 547 2194 omnes
570 2162 626 2202 qui
648 2162 754 2194 (licere
777 2170 861 2201 quae
883 2161 1038 2192 uidentur
1054 2162 1099 2198 C;
1127 2170 1236 2193 omnes
1259 2162 1364 2194 dicere
1381 2171 1466 2203 quac
1490 2163 1564 2194 aliis
1582 2164 1650 2194 uicl.
1668 2164 1695 2195 Α
1713 2173 1825 2202 corr.;
1852 2164 1882 2196 V
1898 2165 1930 2196 in
1949 2172 2058 2205 marg.

292 2212 420 2245 habet:
449 2213 543 2243 «uels
569 2212 625 2251 qui
647 2213 730 2243 scire
752 2211 812 2242 sibi
834 2212 945 2249 uid.»;
971 2220 1000 2242 ο.
1020 2212 1126 2243 dicere
1149 2212 1205 2250 qui
1228 2212 1311 2243 scire
1333 2212 1392 2243 sibi
1414 2213 1480 2243 vid.
1500 2222 1517 2243 r
1531 2222 1550 2243 v
1564 2214 1607 2251 Ο,
1634 2213 1696 2245 sed
1714 2223 1735 2245 v
1752 2215 1826 2246 sine
1850 2215 1930 2253 sibi;
1956 2216 2062 2247 dicere

293 2271 378 2303 quae
399 2262 551 2293 videnlur
574 2261 644 2294 Pal.
663 2263 699 2300 2;
727 2271 789 2294 nos
815 2262 951 2302 signum
976 2260 1122 2293 lacunae
1142 2262 1340 2302 posuimus,
1368 2271 1474 2302 quam
1492 2264 1542 2294 sic
1559 2263 1629 2295 fere
1648 2263 1858 2304 explendam
1874 2267 2058 2306 putamus:

293 2322 420 2352 omnes,
446 2313 503 2352 qui
524 2321 556 2344 se
578 2313 661 2344 scire
684 2312 910 2351 arbitrantur,
936 2312 1042 2343 dicere
1067 2320 1152 2351 qaae
1174 2312 1327 2343 videntur
1349 2313 1496 2343 solemus.
1534 2311 1697 2344 Similiter
1720 2315 1789 2346 iam
1815 2316 1848 2347 in
1871 2316 1949 2347 cod.
1970 2317 2062 2348 Can-

293 2363 384 2395 tabr.
409 2362 533 2395 lacuna
559 2360 718 2402 suppleta
743 2363 818 2393 est:
849 2369 972 2398 omnes,
1000 2361 1055 2400 qui
1077 2362 1159 2393 scire
1182 2361 1240 2392 sibi
1255 2362 1418 2401 videntur,
1444 2363 1549 2393 (licere
1573 2372 1658 2402 quae
1679 2364 1833 2396 videntur
1854 2366 2003 2397 solemus.
2023 2382 2057 2388 --

293 2413 325 2446 4.
353 2414 422 2445 alia
444 2413 535 2445 nobis
558 2413 740 2443 dissentient
764 2410 801 2443 Βι
828 2429 862 2433 -
890 2412 920 2442 5.
945 2411 1054 2450 facilis
1078 2412 1125 2443 C:
1150 2412 1283 2451 facilior
1306 2413 1331 2443 Ο
1357 2413 1389 2443 et
1415 2412 1441 2443 V
1467 2412 1500 2443 iu
1525 2421 1635 2452 marg.
1664 2432 1699 2436 —
1733 2414 1763 2446 8.
1790 2419 1819 2446 et
1843 2415 2063 2455 antiquissimi

294 2464 319 2494 Ο
345 2472 426 2495 cum
456 2463 475 2494 5
500 2461 603 2493 codd.
630 2461 758 2492 Daxisii
784 2479 818 2483 ---
851 2461 882 2491 0.
908 2461 1066 2492 inuenare
1090 2457 1130 2492 V¹
1164 2478 1198 2483 —
1234 2461 1346 2502 diffissi
1369 2462 1392 2493 Β
1420 2479 1453 2483 -
1487 2462 1538 2493 40.
1567 2463 1782 2502 relinquimus
1805 2466 1830 2497 O
1855 2467 1890 2497 et
1912 2466 1932 2497 2
1957 2465 2060 2497 codd.

292 2514 378 2546 Dav.
407 2530 442 2535 —-
482 2514 532 2544 Μ.
557 2512 605 2543 uti
635 2512 670 2542 in
698 2513 722 2543 B
755 2529 790 2534 —
827 2512 961 2542 <licendo
984 2512 1075 2542 VG:
1113 2511 1246 2542 dicendo
1277 2514 1307 2542 et
1330 2512 1495 2542 audiendo
1520 2512 1623 2544 ABE
1654 2531 1697 2536 —
1733 2515 1785 2547 4⁶2.
1812 2516 1949 2548 eliceant
1972 2516 1996 2548 C
2023 2533 2059 2538 —

293 2564 346 2595 43.
371 2571 474 2603 neque
498 2563 561 2593 GO
589 2579 623 2583 ——
657 2561 708 2593 47.
733 2562 943 2601 praescripta
971 2564 1001 2592 et
1032 2560 1147 2600 quibus
1170 2564 1197 2592 et
1224 2561 1289 2600 (hec
1312 2563 1339 2592 A
1364 2561 1426 2592 sed
1451 2562 1469 2592 ⁵2
1495 2570 1540 2593 m.
1568 2563 1601 2593 in
1626 2564 1709 2604 ras.)
1735 2565 1829 2604 quasi
1854 2566 1900 2605 C⁷
1935 2566 1969 2597 in
1994 2573 2062 2606 qua

293 2612 443 2645 lectione
468 2611 551 2652 quid
576 2610 681 2642 lateat
703 2612 901 2651 ignoratur,
928 2611 992 2643 nisi
1017 2611 1051 2642 in
1075 2614 1104 2642 et
1128 2610 1243 2650 quibus
1267 2615 1295 2642 et
1319 2612 1415 2649 quasi
1432 2621 1515 2643 vera
1541 2613 1575 2643 ct
1599 2612 1683 2644 falsa
1708 2613 1810 2646 lectio
1835 2615 1927 2647 iuxta
1951 2616 2063 2656 posita

293 2665 358 2694 est.
388 2681 423 2685 -
457 2662 508 2693 49.
535 2662 690 2693 obtimum
714 2662 738 2693 B
765 2678 801 2683 ——
833 2662 886 2693 ⁶20.
914 2661 1081 2700 obsequali
1104 2662 1127 2692 B
1156 2678 1190 2682 —-
1226 2662 1357 2692 cuidam
1382 2662 1429 2693 C:
1464 2663 1611 2701 cuipiam
1635 2664 1659 2694 O
1685 2672 1766 2695 cum
1791 2665 1913 2697 Lamb.
1942 2666 2062 2697 nescio

293 2721 362 2754 quo
394 2711 559 2753 scrupulo
592 2713 718 2743 motus.
748 2729 782 2733 —
821 2711 874 2742 21.
907 2711 1072 2750 aliquoius
1100 2712 1144 2749 B,
1180 2711 1292 2750 aliquo
1320 2711 1372 2741 uis
1394 2711 1423 2741 V
1448 2728 1482 2733 ——
1519 2711 1572 2743 ⁶24.
1599 2714 1710 2744 omnia
1735 2714 1783 2745 C:
1821 2716 1953 2747 omnino
1976 2716 2003 2746 V
2028 2716 2063 2747 in

292 2772 418 2803 marg,
446 2763 510 2794 GO
538 2779 571 2783 —
606 2771 701 2793 sacro
726 2762 800 2793 clere
824 2759 864 2792 V¹
891 2780 925 2784 —
960 2762 1013 2793 25.
1039 2765 1184 2792 statuere
1214 2762 1299 2792 enim
1322 2761 1350 2792 V
1375 2770 1423 2794 m.
1449 2762 1468 2791 ⁶2
1498 2762 1530 2793 in
1556 2771 1622 2794 ras.
1649 2763 1758 2795 habet
1783 2779 1819 2786 -
1852 2765 1905 2797 26.
1931 2766 2001 2805 sed,
2027 2768 2064 2796 ul

287 2814 456 2853 potuerint
471 2829 518 2835 —-
533 2813 739 2843 contulerunt
772 2810 982 2843 Lambinus:
1016 2812 1070 2842 sed
1099 2815 1134 2842 ut
1161 2814 1338 2850 potuerunt
1363 2811 1510 2842 omnibus
1539 2812 1634 2843 rebus
1658 2814 1781 2845 auditis
1803 2815 1942 2856 cognitis
1963 2815 2063 2846 eliam

291 2864 495 2903 reliquorum
518 2862 682 2893 sententiis
704 2862 937 2893 iudicauerunt
964 2865 1023 2892 aut
1045 2870 1081 2893 re
1103 2862 1199 2892 semel
1222 2862 1337 2892 audita
1362 2862 1405 2892 ad
1428 2862 1525 2893 unius
1546 2872 1578 2894 se
1602 2866 1833 2896 auctoritatem
1855 2865 2063 2897 contulerunt

293 2914 331 2945 C.
371 2912 660 2945 Emendationem
694 2911 852 2943 Lambini
886 2913 968 2944 satis
993 2911 1143 2942 firmavit
1168 2911 1358 2950 Madvigius
1382 2910 1405 2943 l.
1431 2921 1460 2943 e.
1489 2913 1516 2950 Ι,
1544 2921 1577 2952 p.
1606 2913 1665 2944 2123
1691 2922 1783 2954 sqq,
1810 2917 1906 2946 recte
1932 2913 1986 2946 ille
2010 2916 2061 2947 sic

291 2961 491 3003 explicans:
520 2961 609 2993 «Sed
634 2961 686 2993 fac
711 2970 772 2993 eos
797 2963 969 3002 potuisse,
997 2962 1074 3001 quis
1098 2961 1192 2992 esset
1208 2961 1366 3001 sapiens„
1393 2961 1563 3000 iudicare,
1591 2962 1657 2994 hoc
1675 2965 1748 2995 tum
1766 2964 1912 2996 demum
1935 2967 2062 3006 potue-

289 3012 388 3049 runt,
428 3020 509 3043 cum
541 3019 664 3043 omnes
694 3020 750 3042 res
782 3012 938 3050 auditae,
977 3012 1134 3051 cognitae
1160 3011 1264 3042 etiam
1297 3010 1510 3051 reliquorum
1536 3014 1731 3045 sententiae
1757 3016 1893 3052 essent;
1930 3015 1952 3045 ii
1976 3023 2060 3046 vero

289 3058 392 3100 longe
422 3060 521 3092 aliter
552 3060 765 3096 iudicarunt3
804 3070 883 3093 nam
914 3070 952 3092 re
977 3060 1087 3092 semel
1112 3060 1229 3092 audita
1254 3062 1287 3092 in
1314 3062 1415 3093 unius
1447 3062 1603 3101 magistri
1632 3063 1741 3095 verba
1772 3065 1965 3096 iurarunt.»
2010 3064 2060 3096 Ex

289 3108 506 3150 reliquorum
537 3111 671 3142 conatis
700 3119 807 3142 unam
837 3112 961 3143 Mureti
995 3112 1250 3148 coniecturam,
1283 3110 1325 3142 de
1352 3120 1419 3151 qua
1445 3112 1512 3142 iam
1538 3115 1633 3144 recte
1658 3112 1822 3146 iudicavit
1847 3116 1883 3146 C.
1910 3115 1945 3146 F.
1971 3114 2060 3145 Her-

290 3167 440 3191 mannus
466 3161 499 3191 in
525 3159 689 3199 Philologi
714 3160 790 3198 Vll,
817 3169 851 3200 p.
870 3159 950 3200 466,
977 3160 1041 3192 sed
1065 3169 1190 3201 parum
1214 3159 1361 3192 feliciter
1385 3170 1513 3192 novam
1538 3162 1611 3203 ipse
1638 3164 1921 3196 emendationem
1944 3164 2060 3194 tenta-

288 3211 354 3248 vit,
387 3208 542 3241 attulisse
573 3209 746 3241 sufficiet:
778 3211 851 3249 sed,
884 3214 919 3242 ut
943 3212 1129 3250 potuerint,
1163 3210 1310 3242 omnibus
1337 3211 1433 3241 rebus
1465 3212 1557 3251 aud„
1591 3222 1683 3256 coqn,
1717 3215 1815 3249 eciam
1841 3223 1872 3248 r,
1898 3213 2062 3246 sententiis

288 3259 534 3299 iudicaverunt,
560 3268 605 3291 an
628 3268 664 3293 re
687 3259 783 3293 semel
805 3261 922 3292 audita
946 3262 990 3293 ad
1012 3262 1109 3294 unius
1132 3269 1164 3294 se
1187 3264 1273 3293 auct.
1300 3261 1536 3294 contulerunt?
