2249 3624
486 153 576 193 Lm.
609 153 659 192 11.
698 152 794 193 (ΠΛΡ.
826 153 1103 193 xlv—XVI.
1140 152 1199 206 §§
1231 151 1423 194 32—37.
1762 149 1842 193 263

84 262 202 308 dum,
244 260 392 314 quibus
422 257 634 297 abundare
666 263 705 296 te
737 271 902 311 semper
933 264 1077 311 putas,
1119 259 1316 299 Graecia!
1367 260 1514 306 Aliud,
1551 260 1742 313 inquam,
1781 265 1843 300 est

85 323 245 369 dolere,
275 320 386 362 aliud
417 319 619 358 laborare.
667 320 767 359 Cum
801 321 958 359 varices
990 322 1238 360 secabantur
1271 322 1312 361 C.
1345 323 1496 368 Mario,
1529 321 1719 361 dolebat:
1750 334 1840 361 cum

86 392 201 427 aestu
234 395 378 435 magno
409 381 585 420 ducebat
615 395 783 433 agmen,
818 383 1042 422 laborabat.
1096 384 1168 422 Est
1199 384 1305 423 inter
1334 384 1437 424 haec
1468 384 1670 436 quaedam
1703 390 1841 424 tamen

87 446 337 492 similitudo;
370 444 631 483 consuetudo
665 445 773 484 euim
808 445 994 484 laborum
1031 447 1342 498 perpessionem
1379 446 1569 485 dolorum
1591 444 1718 486 efficit
1744 445 1844 486 faci-

87 512 241 551 liorem.
299 504 363 545 36.
396 505 542 557 ltaque
583 506 664 551 illi,
705 507 776 558 qui
810 506 1007 546 Graeciae
1051 507 1223 547 sormam
1258 522 1391 548 rerum
1426 508 1683 561 publicarum
1716 507 1873 548 dede-5

87 578 197 618 runt,
227 581 400 621 corpora
431 568 629 606 iuvenum
663 566 810 607 lii-mari
846 569 986 608 labore
1018 570 1262 609 voluerunt:
1311 570 1421 624 quod
1455 570 1686 622 Spartiatae
1719 570 1842 610 etiam

85 636 126 674 in
156 632 326 672 feminas
357 629 673 676 transtulerunt,
705 643 812 682 quae
835 631 982 669 ceteris
1006 632 1044 669 in
1072 632 1242 671 urbibus
1266 632 1513 672 mollissimo
1537 632 1646 672 cultu
1680 632 1844 685 parie-

86 703 176 737 tum
207 693 394 733 umbris
426 692 751 731 occuluntur.
796 693 856 731 llli
889 699 1027 732 autem
1059 694 1281 733 voluerunt
1304 694 1406 733 nihil
1431 695 1575 733 horum
1599 696 1731 735 simile
1752 708 1843 736 esse

920 756 1056 807 apud
1092 757 1356 796 Lacaenas
1388 758 1646 807 virgines,

193 817 390 866 Quibus
423 817 583 869 magis
617 817 906 869 palaestra,
938 818 1184 864 Eurotas,
1217 818 1309 864 sol,
1343 820 1529 871 pulvis,
1562 819 1711 859 labor
1857 833 1892 862 io

193 879 427 919 Militiae
460 879 648 918 studio
681 885 760 918 est
791 892 930 932 quam
964 879 1234 919 fertilitas
1266 881 1506 920 barbara.

79 946 186 996 Ergo
228 943 292 981 his
336 942 554 982 laboriosis
588 941 956 982 exercitationibus
989 947 1030 981 et
1060 941 1182 980 dolor
1212 942 1449 982 intercurrit
1479 957 1562 983 non
1593 958 1842 998 numquam:

79 1006 356 1059 inpelluntur,
399 1003 624 1050 feriuntur,
667 1004 929 1050 abiciuntur,
969 1003 1143 1050 cadunt,
1186 1011 1226 1043 et
1266 1004 1355 1057 ipse
1388 1004 1503 1044 labor
1533 1007 1651 1059 quasi
1694 1007 1844 1047 callum

81 1067 290 1122 quoddam
322 1066 494 1106 obducit
525 1066 674 1106 dolori.

191 1129 299 1168 XVI.
332 1126 398 1167 37.
430 1128 619 1169 Militiam
652 1142 750 1168 vero
771 1150 825 1157 —
846 1134 1031 1168 nostram
1065 1129 1172 1175 dico,
1204 1142 1289 1168 non
1321 1130 1637 1182 Spartiatarum,
1667 1145 1896 1184 quorumi5

81 1190 269 1245 procedit
299 1190 327 1242 †
345 1191 396 1231 ad
420 1190 588 1231 modum
610 1191 661 1230 ad
694 1191 837 1230 tibiam
860 1204 936 1230 nec
958 1191 1180 1230 adhibetur
1200 1190 1283 1231 ulla
1305 1191 1396 1231 sine
1417 1194 1652 1246 anapaestis
1673 1194 1847 1246 pedibus

80 1253 258 1294 hortatio
292 1276 365 1300 ——,
397 1254 527 1293 nostri
561 1254 769 1293 exercitus
802 1253 982 1305 primum
1015 1253 1125 1292 unde
1148 1266 1300 1293 nomen
1323 1253 1503 1294 habeant
1524 1254 1663 1302 vides3
1697 1256 1848 1296 deinde

83 1316 154 1370 qui
188 1314 306 1354 labor
325 1323 361 1354 et
385 1322 563 1368 quantus
593 1316 793 1369 agminis:
823 1315 931 1355 ferre
954 1315 1046 1368 plus
1073 1315 1278 1354 dimidiati
1309 1317 1463 1356 mensis
1489 1317 1656 1365 cibaria,
1687 1317 1794 1358 ferre
1815 1320 1850 1359 si

81 1378 182 1432 quid
221 1377 272 1417 ad
309 1391 431 1417 usum
463 1378 615 1424 velint,
654 1378 763 1418 ferre
793 1377 974 1425 vallum;
1015 1390 1109 1417 nam
1141 1383 1325 1425 scutum,
1367 1378 1572 1431 gladium,
1614 1379 1774 1432 galeam
1806 1381 1849 1421 in

81 1453 209 1480 onere
241 1441 371 1480 nostri
404 1441 558 1480 milites
589 1455 673 1480 non
703 1441 795 1493 plus
829 1446 1050 1480 numerant
1081 1453 1206 1494 quam
1239 1454 1426 1488 umeros,
1458 1442 1657 1489 lacertoe,
1688 1456 1900 1487 manus.20

80 1506 205 1543 Arma
237 1504 348 1543 enim
381 1503 563 1543 membra
595 1503 738 1543 militis
773 1516 863 1542 esse
897 1502 1060 1542 dicunt:
1093 1516 1200 1556 quae
1234 1504 1401 1556 quidem
1433 1503 1490 1543 ita
1519 1509 1721 1556 geruntur
1740 1510 1850 1558 apte,

80 1572 145 1614 ut,
177 1567 211 1606 si
242 1579 344 1605 usus
375 1564 513 1612 fuerit,
545 1565 715 1605 abiectis
741 1564 954 1611 oneribus,
988 1565 1195 1617 expeditis
1227 1566 1350 1605 armis
1373 1571 1416 1606 ut
1445 1567 1642 1606 membris
1663 1580 1851 1620 pugnare

168 1726 197 1757 i.
225 1726 369 1756 dolorem
401 1726 426 1755 G
443 1725 464 1755 R
501 1742 533 1746 —
571 1724 693 1765 efficiat
724 1725 805 1760 GR;
845 1725 960 1765 efficiet
986 1725 1011 1756 B
1048 1743 1082 1746 —
1118 1723 1146 1753 5.
1175 1723 1243 1762 qui]
1268 1731 1353 1764 quae
1376 1724 1439 1754 GR
1471 1742 1501 1746 -
1527 1724 1740 1764 puplicarum
1764 1727 1790 1758 G
1816 1744 1852 1750 ——

83 1776 102 1806 8
140 1775 264 1806 umbris
295 1776 492 1806 occuluntur
518 1776 686 1814 parietum
717 1774 873 1806 Ribbeck
898 1776 997 1811 Trag.
1025 1776 1096 1806 Lat.
1124 1783 1156 1815 p.
1184 1774 1259 1805 ΞΥ.
1289 1791 1324 1796 -
1357 1774 1448 1805 Nihil
1469 1774 1587 1806 horwm
1609 1776 1744 1807 similest
1766 1776 1856 1815 apud

86 1825 178 1857 idem
203 1824 286 1856 ibid.
314 1827 506 1865 praeeunte
531 1824 717 1864 scaligero.
745 1825 802 1865 qui
829 1825 935 1856 habet.
958 1826 1061 1856 simile
1085 1825 1175 1864 apud
1199 1825 1266 1854 cet.
1290 1839 1323 1845 -
1354 1824 1405 1855 40.
1433 1825 1529 1863 Oueis
1550 1826 1652 1866 maqi'
1678 1825 1703 1856 O
1724 1843 1757 1847 -
1784 1826 1856 1857 Eu-

80 1879 153 1905 rota
181 1875 265 1910 (103
292 1875 356 1906 sed
382 1874 449 1905 vid.
478 1874 611 1913 Madxig
636 1874 678 1905 ad
706 1876 777 1906 (lic.
804 1875 848 1906 ile
873 1876 943 1907 Fin.
972 1885 1003 1916 p.
1031 1875 1093 1906 306
1119 1877 1151 1906 et
1177 1874 1239 1905 872
1263 1882 1316 1913 sq.
1340 1892 1373 1896 -
1401 1874 1494 1905 labor
1517 1875 1657 1906 Militiae
1679 1875 1851 1907 Bouhier:

81 1925 174 1956 labor
206 1925 322 1955 militia
349 1926 392 1958 C:
428 1924 539 1957 tabor.
573 1925 693 1955 Militia
719 1925 755 1955 Ο.
795 1927 887 1956 «Pro
918 1934 980 1962 co,
1014 1924 1108 1965 quod
1142 1934 1182 1955 ex
1209 1923 1410 1964 Archetypo
1444 1923 1567 1964 legitur
1591 1924 1696 1957 labor.
1723 1925 1855 1964 militia,

82 1975 180 2015 quasi
207 1976 384 2005 Lacaenac
409 1983 477 2006 non
502 1973 614 2006 solum
640 1975 785 2005 laborem
806 1976 1006 2013 palaestrae.
1035 1975 1192 2005 Eurotae.
1217 1973 1309 2007 solis,
1333 1974 1498 2012 pulveris,
1526 1974 1587 2005 sed
1613 1975 1717 2005 etiam
1734 1983 1857 2006 veram

80 2026 233 2056 militia-m
264 2026 511 2059 sustinuerint.
545 2025 619 2055 sine.
652 2025 759 2055 dubio
795 2024 1023 2056 scribendum
1049 2027 1100 2056 est
1128 2023 1222 2054 labar
1244 2024 1382 2054 militiae
1408 2024 1439 2058 [i.
1467 2033 1497 2055 e.
1524 2024 1620 2055 labor
1642 2025 1799 2056 militaris
1820 2037 1859 2051 =

82 2074 276 2106 laboriosae
302 2075 602 2112 exercitationes).
631 2083 700 2115 quo
727 2084 794 2106 uno
822 2074 873 2105 illa
894 2076 1066 2114 palaestra
1083 2073 1252 2113 --pulvis
1275 2076 1370 2105 recte
1389 2075 1775 2115 comprehenduntur.»
1801 2076 1857 2106 W.

86 2143 116 2146 -
151 2126 198 2154 ΙΙ.
223 2124 339 2163 studio]
366 2125 398 2154 ιἰι
423 2125 528 2154 studio
555 2125 592 2155 (1.
633 2124 717 2155 Vide
745 2125 1009 2156 Lachmannum
1034 2124 1076 2155 ad
1105 2125 1240 2155 Lucret.
1268 2132 1288 2164 p
1321 2124 1394 2155 ³231.
1420 2142 1451 2146 -
1478 2125 1620 2163 facilitas
1644 2123 1800 2164 Bentley.
1819 2140 1854 2148 --

85 2174 137 2204 13.
163 2175 230 2212 ipse
254 2173 346 2203 labor
371 2174 514 2212 quodam
538 2174 622 2204 callo
645 2173 775 2204 obducit
799 2175 976 2206 Charisius
1008 2183 1040 2214 p.
1068 2174 1120 2210 72.
1148 2175 1159 2205 Ι
1179 2184 1184 2204 ;
1224 2174 1291 2213 ipse
1315 2174 1408 2204 labor
1431 2175 1552 2205 callum
1575 2174 1713 2205 obduxit
1736 2174 1860 2204 Gram-

85 2224 232 2254 maticus
257 2222 301 2253 de
327 2223 516 2262 generibus
541 2232 568 2255 s.
597 2233 627 2254 v.
655 2224 787 2254 callum.
818 2243 852 2247 -
889 2226 940 2255 45.
968 2224 1092 2255 Militia
1117 2223 1326 2259 Lambinus.
1356 2224 1496 2255 Militiae
1520 2225 1543 2254 1.
1572 2225 1623 2255 Fr.
1652 2223 1856 2254 Gronovius.

84 2291 120 2296 —
148 2273 200 2304 46.
227 2273 272 2303 acl
300 2274 433 2303 modum
466 2273 509 2303 ad
541 2273 656 2303 tibiam
680 2274 724 2304 C:
760 2282 856 2303 mora.
887 2275 931 2304 ad
963 2273 1077 2304 tibiam
1102 2274 1125 2304 I.
1155 2274 1204 2304 Fr.
1233 2274 1438 2311 Gronovius.
1466 2273 1510 2305 0:
1538 2282 1656 2313 agmen
1679 2273 1723 2303 ad
1746 2272 1860 2303 tibiam

84 2323 280 2364 Tregderus
305 2325 341 2354 et
364 2325 443 2363 post
468 2332 549 2354 eum
575 2324 616 2355 M.
639 2324 753 2363 Haupt
777 2324 810 2354 in
837 2322 955 2355 Philol.
978 2323 1194 2354 Schneidew.
1216 2324 1242 2354 ΙΙ
1264 2332 1296 2364 p.
1318 2323 1378 2354 430
1396 2325 1430 2354 et
1447 2323 1596 2354 klotzius
1622 2324 1654 2354 in
1679 2321 1858 2363 Supplem.

85 2374 193 2405 Iahnii
219 2372 338 2404 Annal.
367 2372 484 2413 philol.
520 2375 554 2404 et
586 2373 778 2414 paedagog.
806 2374 907 2404 XVIII
941 2382 973 2414 p.
1001 2373 1063 2404 479
1090 2374 1241 2413 «partim
1268 2381 1306 2404 ex
1333 2372 1491 2403 Lambini
1516 2373 1734 2409 coniectura,
1769 2379 1860 2411 quae

86 2424 250 2455 incertior
274 2423 412 2454 videtur
435 2431 541 2463 quam
567 2425 603 2454 ut
627 2423 829 2463 recipienda
857 2423 969 2454 suerit.
998 2424 1143 2453 Constat
1168 2423 1260 2453 enim
1288 2422 1647 2453 Lacedaemoniorum
1665 2421 1860 2452 exercitum

87 2473 130 2505 ad
155 2473 274 2504 tibiam
299 2481 366 2503 non
392 2474 453 2503 iter·
475 2472 604 2511 faeere,
631 2472 694 2504 sed
720 2474 882 2503 instructa
906 2472 976 2503 acie
1001 2470 1173 2512 proelium
1199 2472 1334 2511 ingredi
1361 2481 1438 2504 esse
1457 2471 1609 2503 solitum.
1635 2471 1783 2511 Aymim's
1798 2478 1862 2500 au—

87 2526 159 2555 tem
184 2525 324 2554 nomine
350 2523 476 2553 iustam
501 2523 613 2553 aciem
632 2523 686 2553 vix
705 2522 890 2563 quisquam
917 2523 1155 2562 antiquiorum
1180 2531 1305 2562 prosae
1325 2524 1491 2554 orationis
1509 2523 1720 2563 scriptorum
1740 2519 1863 2561 appel-

87 2572 184 2610 lavit,
213 2581 327 2611 neque
355 2580 437 2602 vero
464 2581 506 2603 ne
532 2573 646 2603 Livius
672 2572 827 2612 quidem,
855 2573 914 2612 qui
940 2571 1114 2603 nonnullis
1139 2571 1224 2603 locis
1251 2573 1346 2608 (VIII,
1371 2573 1426 2603 30.
1450 2573 1550 2609 XXX,
1577 2573 1596 2603 6
1631 2590 1663 2594 —-
1686 2571 1784 2609 11,49
1808 2573 1861 2604 in-

86 2626 209 2654 structo
234 2623 366 2662 aymine
390 2624 442 2653 est
468 2623 500 2652 in
526 2621 826 2662 Marsehordnuny)
856 2630 973 2662 agmen
998 2630 1060 2662 pro
1084 2622 1170 2653 acies
1194 2623 1354 2663 posuisse
1379 2622 1530 2659 videtur,
1556 2622 1625 2653 hoc
1648 2624 1722 2653 tam
1747 2622 1861 2654 ambi-

87 2681 154 2713 guo
179 2672 255 2703 loco
279 2673 329 2703 sic
353 2671 487 2702 diceret
512 2670 566 2710 (cf.
592 2671 737 2709 XXXIII,
765 2672 783 2702 9
804 2671 959 2710 phalaia·
974 2688 1042 2709 --,
1068 2680 1185 2711 agmen
1210 2673 1317 2711 mageis
1341 2681 1441 2711 quam
1458 2673 1544 2702 acies
1560 2672 1735 2711 aptiorque
1750 2672 1863 2704 itineri

87 2730 188 2761 quam
215 2730 363 2761 pugnae,
398 2722 519 2759 XXIX,
547 2721 599 2753 36.
634 2722 727 2759 XXI,
753 2722 807 2753 57.
833 2722 933 2759 XXV,
960 2722 1025 2760 34).
1070 2723 1156 2753 Fieri
1185 2724 1320 2762 potest,
1359 2724 1395 2752 ut
1419 2722 1697 2762 superscriptum
1721 2720 1861 2762 aliquod

89 2770 281 2812 glossema,
316 2774 353 2802 ut
381 2772 424 2802 ad
454 2771 652 2811 mod(ut)um
681 2774 703 2803 t.
731 2772 785 2810 (cs.
813 2771 896 2803 Gell.
924 2773 947 2809 1,
976 2773 1028 2811 ii)
1058 2773 1144 2803 acies
1168 2770 1352 2812 expulerit.
1387 2772 1505 2811 Ipsum
1531 2771 1625 2802 enim
1651 2772 1860 2804 Ciceronem

88 2821 270 2861 scripsisse
302 2822 346 2852 ad
375 2821 472 2852 tibiae
494 2821 605 2852 modos
638 2822 690 2860 (ut
715 2822 784 2852 Liv.
812 2822 888 2859 Vll,
914 2822 933 2852 2
958 2822 1001 2852 ad
1024 2821 1164 2853 tibicinis
1186 2821 1298 2851 modos
1320 2820 1487 2860 saltantes)
1512 2820 1627 2852 minus
1651 2821 1723 2852 veri
1748 2820 1860 2853 simile

90 2873 177 2902 est.»
202 2871 256 2901 W.
285 2870 539 2902 «Scribendum
564 2870 720 2902 xidetur:
749 2880 891 2910 quorum
911 2872 1059 2911 procedit
1084 2871 1169 2911 (scil.
1196 2880 1325 2911 affinem,
1351 2870 1445 2910 quod
1471 2871 1686 2902 sumendum
1710 2880 1752 2903 ex
1772 2872 1862 2902 mili-

90 2920 184 2960 tiam)
209 2921 252 2951 ad
274 2921 426 2957 modum,
452 2921 472 2952 i.
500 2930 530 2952 e.
558 2921 639 2951 nach
665 2921 735 2952 dem
763 2921 879 2959 Takte,
906 2925 943 2953 ut
966 2922 1074 2954 verba
1101 2922 1143 2953 ad
1167 2921 1280 2952 tibiam
1304 2919 1417 2959 glossa
1442 2920 1544 2951 sint.»
1571 2921 1676 2952 Hfflz.
1699 2940 1734 2944 —
1762 2921 1814 2953 ⁴8.
1833 2925 1862 2953 et

91 2978 160 3002 om.
180 2971 251 3002 CO.
280 2970 505 3010 «Asyndeton
523 2970 764 3009 durissimum,
783 2980 853 3011 quo
870 2972 1013 3012 ayminis
1031 2971 1074 3003 ab
1094 2971 1300 3012 interposito
1318 2968 1491 3001 vocabulo
1507 2971 1690 3010 utriusque
1708 2969 1860 3002 membri

93 3020 271 3051 communi
296 3019 480 3057 divellitur,
507 3021 581 3051 iure
608 3021 766 3052 Daxisius
783 3022 946 3052 correxit.
973 3021 1022 3053 Cf.
1045 3022 1158 3053 Divin.
1177 3022 1202 3057 1,
1221 3021 1261 3051 52
1287 3021 1344 3059 qui
1367 3020 1420 3050 vir
1434 3023 1464 3050 et
1479 3023 1632 3059 quantus.
1659 3020 1727 3052 Fin.
1744 3021 1784 3056 ΙΙ,
1805 3020 1858 3052 67.

94 3069 197 3109 Legg.
224 3070 279 3107 ΙΙΙ,
305 3069 357 3100 ΞΟ.
385 3069 497 3100 Divin.
525 3070 557 3100 in
583 3069 710 3101 Caecil.
739 3069 757 3110 g
782 3069 835 3102 40.
863 3070 999 3102 Verrin.
1026 3072 1082 3107 ΙΙΙ,
1110 3071 1161 3102 66.
1190 3070 1230 3108 V,
1255 3069 1308 3100 ⁶23.
1330 3068 1391 3101 449
1416 3069 1506 3109 (quot
1529 3070 1612 3101 bella
1634 3071 1778 3101 maiores
1799 3079 1861 3100 no-

95 3122 180 3149 stros
201 3123 230 3149 et
254 3122 382 3157 quanta
404 3120 602 3160 suscepisse).
629 3121 665 3150 T.
693 3120 731 3150 D.
758 3121 813 3156 ΙΙΙ,
839 3121 891 3152 56.
919 3121 958 3157 V,
981 3121 1034 3153 29.
1062 3119 1258 3153 Ferendum
1283 3118 1479 3159 asyndeton
1505 3121 1558 3151 est
1580 3118 1725 3160 Philipp.
1752 3119 1792 3156 ΙΙ,
1818 3119 1853 3149 ’74

97 3168 211 3207 quibus
226 3168 320 3199 rebus
335 3169 448 3206 tantis,
467 3168 585 3199 talibus
598 3171 706 3209 gestis.
734 3169 783 3200 Cf.
803 3178 836 3210 p.
856 3168 994 3202 Plancio
1012 3170 1030 3210 S
1048 3171 1124 3201 ς29.»
1144 3170 1199 3200 W.
1219 3185 1253 3190 —
1274 3168 1325 3199 49.
1344 3172 1471 3200 scutum
1495 3178 1575 3201 cum
1594 3168 1720 3210 duplici
1738 3176 1859 3199 rasura

98 3218 125 3248 G
148 3217 263 3298 (fuizse
287 3217 531 3308 {il-detergsicut
553 3226 637 3257 eum)
659 3236 694 3241 —
722 3219 776 3250 ‘2¹-
800 3222 920 3259 gerunt
936 3220 961 3251 Ο
982 3238 1016 3242 -
1044 3220 1096 3251 ⁶22.
1121 3219 1222 3259 fuerit
1241 3216 1407 3259 Bentley:
1433 3219 1519 3259 foret
1543 3220 1587 3257 C;
1611 3219 1700 3259 serat
1718 3217 1859 3250 Lambi-

99 3274 182 3305 nus,
245 3291 252 3298 .
329 3288 338 3298 .
363 3268 376 3298 I
472 3268 504 3300 5.
