2249 3624
372 136 454 179 298
811 137 1238 179 TUSCULANARUM
1265 138 1700 179 DISPUTATIONUM

372 244 555 285 moriens
587 257 802 285 accusasse
833 249 1023 284 naturam
1054 244 1227 292 dicitur,
1263 244 1376 298 quod
1407 244 1538 284 cervis
1569 248 1610 284 et
1636 244 1875 285 cornicibus
1896 245 2022 285 vitam
2045 245 2137 285 diu-

371 311 553 354 turnam,
592 320 769 361 quorum
798 306 841 345 id
872 305 975 346 nihil
1006 307 1246 354 interesset,
1289 306 1549 354 hominibus,
1591 321 1768 360 quorum
1799 309 1980 348 maxime
2010 309 2139 349 inter-

372 367 537 416 fuisset,
577 375 659 409 tam
700 369 895 421 exiguam
935 369 1061 409 vitam
1099 368 1307 408 dedisset:
1354 381 1531 421 quorum
1575 369 1610 408 si
1650 374 1763 410 aetas
1803 371 2009 423 potuisset
2048 385 2139 412 esse

371 431 665 485 longinquior,
704 431 894 471 futurum
934 430 1062 471 fuisse
1092 436 1136 471 ut
1167 431 1363 470 omnibus
1395 430 1592 483 perfectis
1623 431 1781 472 artibus
1812 433 1925 472 omni
1957 433 2142 474 doctrina

340 493 588 534 5hominum
625 494 709 534 vita
748 493 998 533 erudiretur.
1060 493 1327 541 Querebatur
1369 493 1496 545 igitur
1536 506 1578 533 se
1617 498 1721 540 tum,
1767 508 1859 534 cum
1901 495 1972 535 illa
2000 495 2142 536 videre

372 556 594 608 coepisset,
627 556 825 608 extingui.
867 556 1008 604 Quid?
1041 569 1093 595 ex
1125 555 1272 594 ceteris
1304 555 1568 607 philosophis
1600 569 1738 595 nonne
1763 561 1955 610 optumus
1988 562 2028 598 et
2051 571 2143 611 gra-

371 619 578 659 vissumus
611 619 789 672 quisque
821 616 1041 658 confitetur
1072 617 1202 656 multa
1233 630 1276 656 se
1308 618 1500 669 ignorare
1528 623 1568 657 et
1599 618 1726 658 multa
1757 619 1835 659 sibi
1858 620 1982 659 etiam
2013 624 2142 673 atque

371 680 494 720 etiam
526 693 618 720 esse
650 680 880 720 discenda?
925 679 992 719 70.
1024 681 1169 733 Neque
1201 684 1360 726 tamen,
1393 693 1486 719 cum
1519 693 1563 720 se
1594 681 1635 719 in
1668 681 1804 720 media
1835 682 2027 729 stultitia,
2059 695 2143 735 qua

371 740 474 781 nibil
505 747 568 782 est
598 743 742 795 peius,
773 743 947 783 haerere
978 742 1247 794 intellegant,
1279 741 1540 794 aegritudine
1573 749 1842 795 premuntur;
1881 744 1997 784 nulla
2032 745 2143 784 enim

321 817 357 846 40
371 804 623 844 admiscetur
644 805 788 858 opinio
811 804 987 845 officiosi
1010 804 1182 844 doloris.
1231 804 1363 852 Quid,
1395 805 1465 857 qui
1488 818 1571 844 non
1598 810 1747 858 putant
1768 806 1996 859 lugendum
2014 807 2142 847 viris?

371 868 507 921 qualis
537 867 617 908 fuit
649 868 697 916 Q.
719 869 939 907 Maxumus
972 868 1149 907 efferens
1176 865 1306 906 filium
1328 866 1610 914 consularem,
1643 868 1778 920 qualis
1801 869 1845 907 L.
1866 869 2020 908 Paulus
2039 868 2143 909 duo-

368 929 444 969 bus
475 931 619 983 paucis
652 929 799 970 diebus
831 930 994 970 amissis
1016 928 1130 976 filiis,
1163 929 1299 983 qualis
1321 930 1373 968 M.
1398 929 1497 968 Cato
1523 935 1715 981 praetore
1737 930 1955 983 designato
1977 936 2141 971 mortuo

369 989 473 1039 filio,
506 993 650 1045 quales
673 992 839 1046 reliqui,
872 1006 977 1046 quos
1003 993 1046 1032 in
1069 992 1364 1032 Consolatione
1387 991 1656 1044 conlegimus.
1703 988 1771 1031 71.
1795 992 1908 1040 Quid
1928 993 2006 1032 hos
2028 993 2144 1033 aliud

367 1054 548 1107 placavit
578 1055 658 1095 nisi
689 1055 802 1109 quod
833 1056 989 1095 luctum
1022 1060 1061 1094 et
1092 1067 1320 1094 maerorem
1354 1066 1445 1092 esse
1477 1067 1559 1093 non
1590 1054 1792 1107 putabant
1814 1055 1921 1094 viri?
1952 1055 2063 1108 Ergo
2086 1055 2144 1104 id,

320 1129 354 1158 45
370 1117 481 1170 quod
519 1118 591 1158 alii
630 1123 792 1158 rectum
831 1119 1052 1171 opinantes
1092 1116 1345 1168 aegritudini
1387 1129 1430 1155 se
1472 1116 1610 1156 solent
1641 1116 1820 1164 dedere,
1863 1118 1906 1157 id
1948 1118 1991 1158 hi
2023 1124 2144 1173 turpe

369 1184 565 1232 putantes
603 1180 908 1233 aegritudinem
947 1179 1240 1232 reppulerunt:
1283 1191 1335 1218 ex
1374 1191 1459 1232 quo
1500 1179 1759 1232 intellegitur
1795 1180 1954 1220 nonin
1984 1186 2146 1230 natura,

369 1241 443 1282 sed
472 1242 515 1281 in
547 1243 745 1295 opinione
776 1256 868 1282 esse
900 1242 1219 1295 aegritudinem.

481 1305 637 1344 XXIX.
680 1305 831 1345 Contra
862 1304 1058 1344 dicuntur
1098 1304 1224 1343 haec:
1271 1303 1376 1352 Quis
1408 1309 1491 1343 tam
1524 1303 1713 1351 demens,
1751 1309 1797 1344 ut
1828 1318 1903 1344 sua
1934 1304 2146 1345 voluntate

369 1369 582 1407 maereat?
622 1369 780 1408 Natura
810 1367 943 1407 adfert
975 1366 1183 1413 dolorem,
1227 1366 1292 1405 cui
1325 1366 1494 1419 quidem
1528 1366 1721 1413 Crantor,
1758 1366 1977 1420 inquiunt,
2010 1373 2148 1407 vester

318 1442 355 1471 20
371 1429 604 1469 cedendum
646 1435 788 1483 putat3
835 1429 985 1483 premit
1025 1430 1133 1468 enin]
1174 1434 1298 1482 atque
1341 1429 1468 1468 instat
1509 1443 1586 1468 nec
1623 1429 1761 1469 resisti
1803 1434 1952 1482 potest.
2000 1430 2146 1483 Itaque

370 1492 515 1532 Oileus
548 1493 617 1532 ille
649 1493 758 1546 apud
792 1491 1064 1544 Sophoclem,
1100 1491 1171 1544 qui
1194 1491 1465 1530 Telamonem
1498 1497 1618 1532 antea
1650 1492 1700 1532 de
1722 1492 1860 1532 Aiacis
1890 1497 2025 1533 morte
2048 1506 2147 1532 con-

369 1555 524 1595 solatus
557 1560 689 1602 esset,
721 1556 755 1595 is
788 1569 882 1594 cum
913 1554 1143 1595 audivisset
1164 1553 1215 1593 de
1241 1567 1342 1601 suo,
1374 1553 1528 1593 fractus
1552 1559 1626 1594 est.
1667 1557 1727 1594 De
1750 1554 1869 1594 cuius
1892 1560 2146 1596 commutata

370 1624 507 1658 mente
539 1619 595 1657 sic
626 1618 798 1657 dicitur:

481 1682 582 1720 Nec
612 1694 733 1720 vero
765 1686 914 1720 tanta
946 1679 1224 1732 praeditus
1258 1679 1536 1731 sapientia

318 1754 354 1783 25
483 1743 766 1797 Quisquam
799 1748 899 1789 est,
935 1743 1022 1796 qui
1054 1742 1282 1782 aliorum
1315 1754 1616 1781 aerumnam
1649 1742 1816 1782 dictis
1849 1743 2106 1783 adlevans

481 1807 586 1846 Non
619 1807 774 1852 idem,
808 1820 917 1845 cum
948 1805 1166 1844 fortuna
1198 1809 1392 1843 mutata
1425 1805 1676 1858 impetum

483 1869 797 1915 Convertat,
831 1868 981 1908 clade
1013 1868 1194 1907 subita
1224 1867 1509 1919 frangatur
1541 1880 1651 1914 sua,

481 1932 541 1971 Ut
571 1932 667 1971 illa
699 1931 754 1971 ad
787 1931 928 1971 alios
962 1930 1107 1970 dicta
1138 1937 1187 1969 et
1221 1935 1513 1983 praecepta
1545 1929 1809 1969 excidant.

370 1995 479 2034 Haec
520 2008 614 2034 cum
655 1995 888 2048 disputant,
932 1994 1012 2032 hoc
1055 1992 1225 2032 student
1257 1992 1443 2039 efficere,
1485 1999 1660 2033 naturae
1692 1992 1839 2032 obsisti
1872 1992 1990 2032 nullo
2022 1992 2146 2032 modo

318 2066 354 2096 30
368 2070 515 2110 posse:
548 2056 576 2095 ii
608 2062 746 2096 tamen
776 2057 958 2096 fatentur
990 2056 1205 2108 graviores
1239 2055 1523 2107 aegritudines
1556 2055 1730 2108 suscipi,
1763 2068 1887 2107 quam
1910 2061 2057 2095 natura
2079 2069 2148 2095 co-

368 2125 447 2171 gat.
495 2119 612 2167 Quae
645 2125 708 2158 est
738 2120 865 2172 igitur
897 2119 1107 2158 amentia?
1141 2124 1185 2157 ut
1217 2131 1292 2157 nos
1322 2131 1493 2170 quoque
1526 2117 1637 2156 iden]
1671 2117 1721 2156 ab
1753 2117 1836 2156 illis
1867 2119 2146 2171 requiramus.

367 2179 434 2220 72.
468 2181 549 2220 Sed
583 2182 721 2235 plures
754 2188 851 2221 sunt
883 2194 1031 2221 causae
1064 2180 1320 2233 suscipiendi
1348 2179 1522 2219 doloris.
1571 2179 1753 2219 Primum
1776 2179 1846 2218 illa
1869 2181 2013 2233 opinio
2036 2180 2147 2228 mali,

369 2258 453 2298 quo
485 2245 573 2284 viso
605 2251 731 2298 atque
772 2258 971 2298 persuaso
1004 2243 1222 2295 aegritudo
1264 2242 1503 2295 insequitur
1534 2242 1795 2289 necessari03
1839 2242 1992 2282 deinde
2023 2243 2148 2283 etiam

369 2312 531 2360 gratum
563 2309 737 2347 mortuis
771 2321 813 2347 se
846 2307 1005 2352 facere,
1049 2307 1082 2345 si
1116 2306 1296 2357 graviter
1329 2318 1400 2344 eos
1433 2305 1623 2357 lugeant,
1659 2302 1926 2344 arbitrantur.
1975 2305 2149 2345 Accedit

318 2379 353 2408 35
369 2370 607 2422 superstitio
642 2370 854 2409 muliebris
884 2368 1114 2422 quaedam3
1148 2368 1405 2408 existumant
1427 2368 1537 2406 enim
1563 2367 1625 2407 dis
1658 2367 1950 2406 inmortalibus
1982 2381 2025 2407 se
2048 2367 2149 2407 faci-

368 2433 450 2472 lius
489 2433 586 2472 satis
625 2432 829 2479 facturos,
872 2433 904 2471 si
948 2445 1092 2471 eorum
1125 2431 1246 2483 plaga
1287 2429 1468 2482 perculsi
1500 2427 1691 2469 adflictos
1724 2442 1767 2468 se
1800 2435 1841 2468 et
1871 2436 2023 2470 stratos
2056 2444 2148 2470 esse

367 2495 589 2534 fateantur.
637 2495 717 2534 Sed
748 2495 852 2534 haec
883 2495 992 2533 inter
1025 2506 1068 2532 se
1093 2507 1217 2546 quam
1250 2497 1487 2545 repugnent
1518 2493 1710 2545 plerique
1731 2506 1816 2531 non
1836 2492 1993 2532 vident.
2039 2493 2150 2532 Lau-

370 2557 469 2596 dant
500 2557 608 2596 enim
642 2571 731 2603 eos,
767 2557 838 2610 qui
871 2569 1008 2608 aequo
1041 2556 1179 2595 animo
1215 2556 1464 2603 moriantur3
1498 2555 1568 2608 qui
1600 2554 1773 2594 alterius
1807 2559 1983 2594 mortem
2011 2567 2147 2608 aequo

370 2620 508 2661 animo
548 2620 705 2667 ferant,
750 2633 820 2659 eos
862 2623 1009 2672 putant
1048 2617 1376 2670 vituperandos:
1425 2618 1545 2669 quasi
1584 2616 1675 2655 fieri
1717 2616 1802 2655 ullo
1845 2617 1969 2656 modo
2001 2617 2147 2669 possit,

320 2690 356 2721 40
372 2683 485 2736 quod
518 2683 559 2721 in
591 2682 791 2722 amatorio
824 2694 1017 2720 sermone
1054 2680 1134 2720 dici
1168 2680 1296 2727 solet,
1331 2685 1376 2719 ut
1408 2679 1632 2732 quisquam
1665 2678 1758 2731 plus
1791 2679 1969 2718 alterum
2002 2678 2150 2731 diligat

372 2758 497 2798 quam
540 2758 597 2784 se.
660 2741 725 2783 73.
758 2743 1021 2783 Praeclarum
1063 2743 1167 2782 illud
1207 2749 1269 2782 est
1309 2748 1369 2789 et,
1416 2743 1450 2781 si
1484 2742 1676 2795 quaeris,
1717 2746 1876 2781 rectum
1908 2754 2076 2794 quoque
2108 2746 2148 2781 et

459 2918 488 2949 3.
516 2921 623 2948 lamen
647 2926 737 2948 corr.
764 2918 798 2948 in
833 2920 901 2947 lam
926 2917 949 2947 R
978 2934 1013 2938 —
1045 2916 1076 2946 5.
1107 2915 1291 2954 Quaerebat
1316 2917 1378 2946 GR
1407 2933 1440 2938 —
1477 2916 1506 2945 ἵ.
1535 2915 1627 2945 multi
1652 2914 1711 2944 sibi
1736 2914 1759 2944 C
1788 2914 1860 2953 (sed
1886 2914 1918 2945 in
1942 2914 1966 2944 B
1993 2913 2069 2945 ead.
2097 2922 2144 2946 m.

371 2968 465 2999 mulli
491 2967 523 2998 in
550 2968 653 2998 multa
679 2970 784 3006 corr.)
814 2985 847 2989 —
876 2969 976 3005 atque
999 2967 1097 2997 eliam
1123 2965 1190 2996 del.
1220 2966 1310 2997 Bake
1336 2964 1356 2996 l.
1378 2964 1396 2996 l.
1419 2974 1451 3005 p.
1472 2965 1524 2995 69.
1547 2983 1581 2986 —
1610 2965 1662 2996 ἸΟ.
1688 2965 1888 3005 iungendum
1914 2965 1937 2996 C
1959 2983 1994 2987 —
2023 2965 2074 2995 ll.
2095 2963 2145 3004 0.]

371 3027 458 3058 qucte
483 3016 613 3054 (deleta
642 3021 678 3055 α]
707 3020 731 3047 G
762 3034 804 3039 —
839 3017 994 3056 efferrens
1019 3016 1082 3046 GR
1107 3032 1149 3037 -—
1188 3016 1235 3056 L.]
1268 3015 1373 3045 lia-ius
1398 3016 1421 3046 C
1454 3032 1495 3036 ——
1524 3015 1646 3053 Jffazzlrcs
1678 3015 1771 3045 13¹3:
1807 3014 1942 3053 paullus
1966 3010 2081 3046 G‘2RO
2106 3030 2148 3035 -

372 3069 424 3099 112.
451 3067 565 3097 amisis
589 3067 626 3096 R¹
654 3084 688 3090 —
716 3067 775 3107 Μ]
803 3076 935 3097 marcus
961 3067 983 3096 C
1013 3083 1047 3087 —
1083 3065 1128 3096 13.
1156 3062 1376 3096 consolation?
1402 3066 1426 3094 G
1456 3083 1487 3086 —
1518 3064 1568 3095 22.
1596 3066 1633 3103 is]
1660 3065 1741 3095 idem
1763 3066 1794 3104 (i.
1815 3073 1844 3095 e.
1865 3065 2042 3095 mortuum
2069 3071 2146 3095 esse

372 3126 474 3149 suum
502 3117 653 3153 Aiacem)
680 3117 771 3147 Bake
797 3116 816 3147 Ι.
837 3115 858 3146 l.
880 3126 911 3156 p.
932 3116 983 3146 955.
1013 3132 1048 3136 —
1077 3116 1221 3145 audisset
1245 3117 1269 3145 Ο
1290 3132 1323 3135 -
1352 3115 1389 3144 cle
1413 3117 1462 3145 mn·
1489 3115 1512 3146 O
1539 3117 1681 3146 auctore
1708 3115 1857 3146 Das-isio.
1877 3131 1919 3135 —
1944 3114 1995 3145 ³25.
2023 3115 2076 3145 dic
2098 3122 2145 3145 m.

372 3176 445 3199 sec.
473 3175 647 3207 superscr.
674 3167 713 3196 lis
739 3167 763 3196 G
790 3184 825 3188 —
854 3167 905 3197 27.
933 3166 1024 3196 clade
1048 3168 1083 3195 vul
1106 3165 1214 3195 subita
1243 3165 1323 3195 (1-
1352 3164 1402 3195 28.
1430 3164 1468 3204 et]
1495 3174 1536 3195 ec
1561 3163 1599 3195 (3¹
1627 3182 1660 3187 -
1689 3164 1740 3195 30.
1767 3164 1800 3195 hi
1825 3165 1848 3196 C
1870 3180 1904 3186 —
1933 3164 1985 3196 34.
2012 3164 2053 3195 ab
2075 3165 2150 3195 aliis

374 3218 398 3249 C
428 3234 461 3238 —
490 3217 541 3248 35.
569 3216 630 3246 diis
655 3216 678 3247 C
708 3233 742 3237 —
770 3216 821 3247 39.
847 3216 980 3256 fumant
1005 3215 1043 3246 G¹
1070 3232 1105 3237 —
1132 3214 1185 3246 41.
1212 3213 1255 3255 se]
1281 3223 1312 3244 se
1337 3214 1442 3253 ipsum
1459 3216 1483 3246 G
1504 3214 1577 3255 (sed
1600 3215 1708 3254 ipsum
1732 3216 1928 3246 atramento
1951 3215 2148 3246 recentiore

373 3266 509 3309 punctis
535 3267 718 3306 notatum).
