2249 3624
28 0 41 356 l

868 230 1208 272 FRAGMENTA.
1830 228 1903 270 99⁴

161 334 279 384 Quod
320 336 353 374 si
393 334 518 375 ullum
562 346 753 386 umquam
793 334 940 374 animal
982 333 1307 373 consecrandum
1348 335 1439 383 suit,
1480 334 1580 374 illud
1612 335 1792 386 prolecto
1824 334 1908 372 fuit.

160 399 200 438 Si
241 399 381 439 Cadmi
422 398 640 449 progenies
678 403 747 436 aut
772 397 1007 448 Amphionis
1045 403 1114 436 aut
1141 396 1315 449 Tyndari
1347 398 1387 436 in
1417 396 1574 436 eaelum
1603 396 1781 436 tollenda
1807 399 1910 435 lama

157 461 248 511 fuit,
287 461 376 500 huic
419 460 528 499 idem
570 460 697 498 honos
739 466 850 499 certe
893 459 1093 499 dicandus
1135 467 1211 498 est.
1266 460 1383 507 Quod
1420 462 1585 511 quidem
1615 461 1755 498 faciam
1786 466 1909 510 teque

157 523 334 562 omnium
371 523 564 574 optimam
606 521 966 572 doctissimamque
1003 522 1327 573 approbantibus
1373 523 1434 561 dis
1475 522 1770 561 immortalibus
1810 523 1909 573 ipsis

156 586 197 624 in
233 597 374 624 eorum
413 590 530 623 coetu
578 583 749 623 locatam
794 584 845 623 ad
887 585 1116 635 opinionem
1158 586 1334 624 omnium
1372 585 1599 624 mortalium
1640 585 1941 624 consecrabo.5

157 647 485 698 (Lactantius
513 647 608 685 Inst.
639 645 662 684 l.
693 647 720 684 I.
753 659 787 684 c.
819 647 877 685 15.
914 648 949 696 ξ.
979 648 1063 695 20.)

254 712 290 750 6.
329 711 413 748 Nec
449 709 557 747 enim
590 708 779 747 omnibus
808 708 928 746 iidem
957 708 1010 746 illi
1040 710 1248 759 sapientes
1277 709 1456 748 arbitrati
1486 716 1581 749 sunt
1606 709 1780 748 cundem
1813 722 1908 748 cur-

157 785 246 812 sum
287 773 327 813 in
360 771 518 811 caelum
547 777 702 822 patere.
758 772 857 810 Nam
885 772 988 809 xitiis
1020 777 1060 809 et
1092 771 1319 810 sceleribus
1347 773 1642 811 contaminatos
1671 771 1842 823 deprimi
1870 772 1909 811 in

156 834 350 874 tenebras
376 839 498 884 atque
529 834 566 872 in
594 845 721 872 caeno
751 834 884 872 iacere
922 833 1172 882 docuerunt,
1206 840 1339 872 castos
1367 840 1501 873 autem
1526 813 1734 887 [adimos]‚
1769 846 1908 885 puros,

155 896 358 947 integros,
393 897 680 947 incorruptOS,
722 895 842 934 bonis
883 896 1002 934 etiam
1038 895 1182 935 studiis
1208 902 1330 947 atque
1371 897 1527 935 artibus
1568 896 1791 948 expolitos,
1830 896 1960 935 leniw

156 958 333 1010 quodam
366 964 406 997 et
433 957 536 997 sacili
565 957 683 1008 lapsu
710 956 761 997 ad
789 956 918 1006 deos,
947 957 987 996 id
1017 964 1079 996 est
1106 958 1157 998 ad
1186 964 1369 998 naturam
1391 960 1451 998 sui
1473 959 1658 1009 similem,
1681 958 1906 1010 pervolare.

156 1020 313 1071 (Idem
341 1022 436 1060 Inst.
468 1020 493 1058 l.
524 1021 585 1058 ΙΙΙ.
616 1032 649 1058 e.
685 1021 741 1059 19.
773 1020 807 1070 ξ.
843 1021 901 1069 6.)

251 1087 288 1123 7.
336 1084 388 1122 Μ.
425 1085 566 1120 Tullius
599 1086 637 1120 in
663 1096 730 1121 sua
764 1084 1012 1120 Consolatione
1035 1094 1242 1134 pugnasse
1275 1095 1319 1121 se
1347 1096 1512 1135 semper
1539 1090 1678 1122 contra
1710 1084 1909 1123 fortunam

155 1150 316 1195 loquitur
354 1158 529 1197 eamque
570 1158 592 1184 a
633 1157 676 1184 se
717 1157 881 1196 semper
915 1157 1007 1184 esse
1043 1151 1298 1196 superatam,
1344 1158 1435 1184 cum
1465 1146 1618 1185 sortiter
1656 1147 1908 1185 inimicorum

153 1210 333 1262 impetus
362 1209 626 1256 rettudisset,
665 1220 741 1246 nec
770 1214 854 1246 tum
883 1207 1048 1259 quidem
1077 1220 1121 1246 se
1154 1208 1205 1246 ab
1237 1220 1284 1247 ea
1312 1209 1506 1258 fractum,
1549 1221 1640 1247 cum
1669 1208 1787 1247 domo
1815 1208 1909 1260 pul—
1928 1213 1960 1242 ¹5

155 1284 227 1312 sus
261 1273 392 1324 patria
421 1271 612 1310 caruerit..
667 1272 767 1309 Tum
800 1277 950 1316 autem,
978 1283 1069 1309 cum
1098 1271 1279 1309 amiserit
1305 1271 1556 1310 carissimam
1590 1270 1732 1321 filiam,
1760 1272 1909 1310 victum

155 1347 200 1374 se
229 1347 251 1374 a
279 1335 439 1374 fortuna
468 1334 641 1384 turpiter
665 1334 904 1373 confitetur:
945 1333 1082 1382 Cedo,
1123 1338 1262 1382 inquit,
1307 1340 1347 1373 et
1387 1347 1550 1374 manum
1592 1334 1699 1373 tollo.
1754 1334 1909 1383 (Idem

154 1397 253 1436 ibid.
285 1409 321 1437 c.
352 1397 412 1436 28.
444 1397 479 1446 ξ.
516 1397 573 1443 9.)

253 1461 290 1499 8.
334 1460 424 1497 Sunt
464 1462 573 1496 etiam
605 1463 668 1506 qui
695 1462 782 1496 haec
811 1463 934 1496 omnia
960 1472 1091 1508 qenera
1118 1462 1329 1497 consolandi
1356 1462 1552 1507 colligant;
1584 1462 1678 1496 alius
1714 1463 1808 1497 enim
1835 1462 1909 1498 alio

154 1525 260 1560 modo
287 1529 468 1565 moretur,
511 1529 549 1559 ut
584 1525 656 1568 sere
683 1535 747 1558 nos
776 1526 813 1559 in
841 1524 1089 1560 Consolatione
1118 1526 1241 1560 omnia
1270 1526 1307 1559 in
1334 1525 1613 1560 consolationem
1644 1536 1755 1560 unam
1785 1527 1909 1561 conie-
1922 1525 1960 1555 20

154 1589 289 1630 cimus;
320 1594 398 1623 erat
424 1589 517 1623 enim
541 1589 580 1622 in
607 1592 743 1623 tumore
768 1590 911 1624 animus
938 1593 969 1623 et
994 1590 1108 1623 omnis
1131 1589 1169 1623 in
1197 1599 1235 1623 eo
1256 1588 1497 1634 temptabatur
1516 1589 1641 1623 oratio.
1704 1585 1909 1634 (Cicero

159 1649 279 1687 Tusc.
310 1647 335 1687 l.
366 1649 428 1686 ΙΙΙ.
460 1648 493 1697 ξ.
520 1649 604 1696 76.)

253 1714 286 1751 9.
330 1712 456 1757 Quid?
496 1716 559 1759 qui
596 1726 669 1750 non
703 1720 833 1760 putant
872 1715 1062 1760 luqendum
1097 1715 1214 1749 viris?
1251 1714 1372 1759 qualis
1411 1715 1480 1758 suit
1522 1712 1566 1757 Q.
1600 1712 1905 1758 Maximus-n,

155 1776 277 1821 quales
308 1777 457 1821 reliqui,
489 1787 576 1821 quos
606 1779 643 1813 in
676 1777 922 1814 Consolatione
950 1778 1170 1824 colleqimus.
1226 1775 1382 1824 (Idem
1409 1773 1507 1812 ibid.
1540 1775 1577 1825 ξ.
1613 1777 1693 1822 70.)

257 1837 318 1876 10.
359 1839 535 1875 Pulvillus
577 1840 795 1887 Capitolium
834 1843 1002 1876 dedicans
1042 1845 1222 1876 mortuum
1261 1846 1299 1875 ut
1327 1840 1566 1875 nuntiabatur
1591 1840 1709 1875 subito
1732 1841 1849 1886 filium
1875 1844 1958 1876 sefff»

159 1903 264 1937 iussit
293 1902 436 1938 absente
458 1904 615 1948 sepeli-ri.
671 1904 712 1941 L.
746 1904 896 1939 Paullus
922 1909 1051 1949 septem
1077 1905 1199 1939 diebus
1226 1905 1318 1938 inter
1345 1904 1498 1938 duorum
1534 1904 1720 1948 exsequias
1750 1903 1910 1948 filiorum

158 1966 385 2011 triumphans
411 1966 535 2001 urbem
561 1968 740 2013 inqressus
767 1973 829 2004 est.
885 1968 1133 2003 Praetermitto
1160 1966 1365 2007 maximos,
1391 1965 1556 2006 Catones,
1579 1964 1722 2011 Gallos,
1750 1966 1906 2008 Pisones,

159 2026 312 2069 Brutos,
359 2026 567 2070 Scaevolas,
607 2029 784 2072 Metellos,
830 2029 1003 2071 Scauros,
1046 2030 1224 2074 Marcios,
1265 2029 1426 2070 Crassos,
1457 2027 1649 2064 Marcellos
1686 2033 1790 2074 atque
1814 2030 1912 2074 Aufi-

157 2091 256 2132 dios,
297 2102 452 2136 quorum
489 2103 562 2127 non
588 2095 709 2128 minor
736 2095 774 2128 in
800 2094 896 2128 luctu
922 2104 1032 2139 quam
1060 2095 1097 2128 in
1125 2093 1226 2127 bellis
1257 2093 1372 2127 virtus
1399 2092 1469 2135 suit
1496 2096 1527 2126 et
1554 2102 1707 2136 quorum
1741 2092 1911 2126 orbitates

161 2156 201 2190 in
242 2152 505 2189 Consolationis
539 2155 632 2190 libro
663 2155 801 2191 Tullius
828 2157 1034 2202 explicavit.
1091 2153 1453 2203 (Hieronymus
1481 2151 1521 2189 in
1546 2151 1734 2202 Epitaph.
1771 2152 1960 2204 Nepo-so

156 2214 251 2253 tiani
281 2214 386 2266 Opp.
417 2215 460 2252 Τ.
492 2215 556 2253 IV.
574 2216 615 2254 P.
646 2216 688 2254 II.
719 2228 758 2267 p.
789 2218 874 2255 268.
905 2216 1056 2255 Bened.
1092 2216 1203 2255 Tom.
1242 2217 1268 2253 1.
1300 2226 1339 2265 p.
1371 2214 1454 2251 335.
1484 2212 1678 2262 Vallars.)

258 2276 317 2316 11.
352 2279 416 2326 (In
458 2277 743 2317 Consolatione
786 2279 1032 2318 mentionem
1060 2278 1281 2316 iniecturus
1311 2281 1397 2315 erat
1425 2276 1543 2313 etiam
1570 2276 1643 2314 Cn.
1678 2275 1908 2327 Caepionis,

157 2337 345 2388 Rutiliae,
379 2344 458 2377 cet.
489 2340 569 2378 Csr.
599 2339 652 2379 ad
677 2342 853 2380 Atticum
885 2342 942 2391 12,
972 2341 1019 2380 20
1044 2341 1085 2379 in
1113 2340 1207 2379 fine.
1240 2339 1299 2389 12,
1321 2338 1383 2387 22,
1405 2339 1441 2377 2.
1466 2338 1523 2388 12,
1543 2338 1603 2387 24,
1623 2339 1657 2377 2.
1683 2338 1779 2388 On.)

399 2495 465 2537 IX.
523 2497 676 2541 LIBER
707 2499 774 2540 DE
805 2499 919 2543 SUlS
952 2498 1212 2542 CONSILIIS
1245 2497 1359 2540 SIVE
1394 2496 1677 2539 EXPOSITIO
1924 2511 1960 2541 35

721 2611 1083 2655 CONSILIORUM
1121 2609 1350 2654 SUORUM.

884 2725 1187 2759 ARGUMENTUM.

261 2827 362 2867 Cum
391 2827 533 2867 Cicero
562 2826 689 2878 gratia
717 2823 826 2876 apud
854 2822 1050 2874 populum
1078 2823 1118 2861 in
1146 2822 1234 2861 dies
1262 2822 1390 2871 magis
1419 2821 1631 2871 magisque
1660 2825 1777 2859 aucta
1804 2819 1911 2858 invi-

162 2887 267 2928 diam
297 2889 373 2928 sibi
401 2890 596 2929 conflaret
621 2888 828 2927 hominum
855 2887 895 2924 in
924 2886 1083 2925 civitate
1110 2884 1356 2936 potentium,
1400 2888 1443 2921 ut
1472 2883 1608 2921 Crassi
1637 2888 1677 2921 et
1705 2882 1907 2930 Caesaris,

160 2949 308 2990 librum
348 2951 399 2990 de
440 2952 548 2990 suis
588 2948 828 2989 consiliis
869 2948 954 2987 sive
995 2947 1382 2998 expositionem
1423 2943 1762 2983 consiliorum
1796 2954 1962 2984 suo-40

246 3149 280 3181 2.
318 3149 516 3191 Amphionis]
542 3148 660 3181 Aldus.
686 3150 710 3180 1.
737 3148 781 3179 M.
808 3148 1002 3189 Heusinger
1026 3149 1059 3179 in
1083 3148 1175 3178 Actis
1200 3146 1277 3176 Soc,
1305 3145 1376 3176 Lat.
1407 3145 1477 3175 len.
1498 3145 1527 3175 l.
1548 3152 1582 3184 p,
1600 3145 1653 3175 55.
1673 3142 1745 3181 (Est
1762 3140 1910 3178 Chloris,

161 3196 285 3237 Hygin.
322 3199 404 3230 Fab.
433 3199 496 3238 40.)
543 3198 786 3238 Amphitryonis
822 3197 931 3228 Codd.
962 3216 996 3220 —
1039 3197 1090 3228 ⁴0.
1130 3195 1202 3236 leni]
1230 3195 1343 3234 Sigon.
1370 3194 1431 3225 tevi
1457 3193 1567 3225 Codd.
1599 3211 1633 3216 -
1660 3193 1714 3225 28.
1755 3190 1909 3231 Marcios]

160 3245 264 3279 Varia
287 3246 390 3280 lectio
415 3247 507 3289 apud
532 3247 753 3279 Vallarsium.
780 3245 850 3278 Cfr.
878 3246 948 3279 Val.
975 3247 1061 3278 Max.
1090 3246 1140 3283 40,
1167 3248 1197 3281 l,
1224 3244 1417 3289 3.‚(Totum
1447 3246 1565 3275 autem
1597 3245 1702 3283 caput
1735 3250 1777 3273 ex
1810 3242 1911 3273 Cice-

162 3297 256 3329 ronis
281 3296 522 3330 Consolatione
546 3297 774 3339 desumptum
796 3296 958 3336 videtur.)
982 3295 1110 3328 Marios
1132 3292 1246 3334 volgo.
