2249 3624
559 158 643 197 Lm.
676 156 725 195 v.
765 155 862 196 CAP.
894 154 1254 194 xxv-xxva.
1294 151 1353 205 §§
1384 149 1579 191 70—76.
1869 146 1943 188 35⁴

186 269 247 308 Ex
288 278 370 320 qua
409 276 500 304 cum
540 275 699 303 summa
740 261 896 301 utilitas
929 260 1070 300 existit
1101 259 1150 299 ad
1184 272 1248 298 res
1288 257 1600 311 ponderandas,
1631 262 1717 297 tum
1759 270 1952 297 maxume

186 332 364 383 ingenua
399 326 619 367 delectatio
652 331 691 364 et
723 324 845 375 digna
879 323 1096 376 sapientia.
1144 322 1223 360 Sed
1258 321 1358 360 hacc
1381 322 1467 360 otii.
1514 322 1716 361 Transeat
1743 321 1850 360 idem
1875 322 1953 361 iste

186 393 351 445 sapiens
382 389 432 429 ad
464 402 550 428 rem
584 387 791 440 publicam
826 386 1034 425 tuendam.
1077 386 1185 432 Quid
1210 398 1259 424 eo
1282 385 1412 437 possit
1434 398 1525 423 esse
1548 383 1840 436 praestantius,
1861 396 1953 422 cum

185 452 407 507 prudentia
447 450 669 489 utilitatem
711 449 863 488 civium
896 454 1057 493 cernat,
1102 447 1259 485 iustitia
1298 447 1397 486 nihil
1432 447 1472 485 in
1505 460 1620 485 suam
1654 447 1823 486 domum
1856 446 1954 486 inde

186 516 361 559 derivet,
403 513 576 565 reliquis
620 518 758 551 utatur
799 517 858 550 tot
899 518 979 549 tam
1016 510 1223 562 variisque
1257 510 1509 548 virtutibus?
1553 510 1743 561 Adiunge
1774 508 1987 548 sructumts

185 576 480 620 amicitiarum,
515 576 553 614 in
589 588 671 627 qno
704 574 837 612 doctis
871 573 1050 624 positum
1084 578 1145 611 est
1176 586 1268 610 cuin
1301 572 1522 611 consilinm
1556 574 1690 612 omnis
1718 573 1828 613 vitae
1859 585 1957 612 con-

186 639 368 680 sentiens
406 645 445 677 et
486 651 617 690 paene
660 636 924 688 conspirans,
966 642 1049 673 tum
1083 648 1242 673 summa
1275 634 1510 673 incunditas
1543 649 1564 674 e
1602 635 1813 674 cotidiano
1845 634 1957 674 cultu

186 708 312 754 atque
337 701 461 739 victu.
505 699 616 747 Quid
640 699 741 737 hacc
767 697 932 736 tandein
958 697 1036 735 vita
1062 696 1271 735 desiderat
1292 710 1374 749 quo
1398 697 1450 736 sit
1472 697 1659 738 beatior?
1692 698 1757 737 cui
1781 697 1958 737 refertae

187 770 245 803 tot
287 764 499 816 tantisque
531 761 692 813 gaudiis
724 759 889 798 fortuna
933 759 1023 811 ipsa
1055 758 1174 797 cedat
1206 772 1377 798 necessu
1411 765 1484 798 cst.
1537 760 1659 807 Quod
1701 761 1733 799 si
1774 760 1959 813 gaudere

187 826 337 866 talibus
372 825 490 863 bonis
523 824 673 868 animi,
717 823 754 861 id
789 828 852 861 est
885 821 1128 866 virtutibus,
1171 820 1337 860 beatum
1371 828 1451 867 est,
1484 836 1714 875 omnesque
1746 824 1959 876 sapientes
1974 832 2009 860 10

185 888 249 928 his
295 887 458 939 gaudiis
501 886 792 940 perfruuntur,
835 884 971 924 omnis
1012 898 1082 922 eos
1127 883 1269 923 beatos
1310 897 1401 922 esse
1439 883 1627 924 conliteri
1670 900 1843 926 necesse
1883 892 1959 926 est.

188 950 336 989 XXVI.
379 948 443 987 73.
484 951 530 988 A.
576 949 765 988 Etiamne
808 947 849 986 in
896 946 1080 986 cruciatu
1124 953 1248 998 atque
1300 948 1551 986 tormentis?
1608 948 1661 987 Μ.
1707 950 1771 988 An
1812 955 1855 989 tu
1894 962 1960 989 me

187 1012 230 1051 in
262 1011 371 1051 viola
404 1011 579 1064 putabas
612 1017 684 1050 ant
716 1011 757 1049 in
789 1023 883 1049 rosa
915 1009 1082 1048 dicere?
1128 1011 1190 1047 An
1222 1009 1418 1061 Epicuro,
1450 1011 1520 1062 qui
1554 1016 1713 1050 tantum
1743 1012 1867 1052 modo
1898 1013 1962 1052 in-

188 1074 277 1114 duit
309 1087 528 1126 personam
563 1072 802 1127 philosophi
832 1078 871 1112 et
893 1072 972 1110 sihi
995 1072 1082 1124 ipse
1104 1071 1182 1111 hoc
1205 1084 1356 1111 nomen
1381 1072 1615 1124 inscripsit,
1648 1073 1786 1114 dicere
1808 1075 1962 1123 licebit,

187 1137 298 1191 quod
332 1137 521 1190 quidem,
566 1142 610 1175 ut
642 1136 765 1174 habet
798 1149 841 1174 se
875 1147 959 1181 res,
1001 1148 1065 1173 me
1107 1140 1244 1174 tamen
1284 1134 1509 1187 plaudente
1541 1135 1661 1183 dicit,
1705 1136 1865 1177 nullum
1899 1146 2012 1177 εει-45

187 1200 317 1253 pienti
350 1212 441 1238 esse
475 1205 659 1251 tempus,
694 1198 816 1237 etiam
850 1198 882 1237 si
916 1203 1072 1243 uratur,
1107 1202 1370 1250 torqueatur,
1403 1203 1580 1245 secetur,
1613 1199 1715 1251 quin
1736 1201 1870 1252 possit
1892 1214 1964 1240 ex-

187 1263 385 1302 clamare:
421 1261 583 1309 «Quam
619 1274 693 1313 pro
726 1260 857 1299 nihilo
891 1261 1054 1313 pntol»
1090 1273 1183 1299 cum
1219 1260 1463 1311 praesertim
1495 1274 1619 1300 omne
1641 1262 1795 1303 malum
1818 1263 1964 1303 dolore

188 1324 378 1370 deliniat,
416 1324 572 1363 bonum
606 1323 840 1376 voluptate,
877 1322 980 1362 haec
1012 1329 1154 1362 nostra
1186 1322 1361 1362 honesta
1393 1323 1530 1376 turpia
1562 1323 1741 1365 inrideat
1771 1325 1964 1380 dicatque

189 1402 265 1428 nos
298 1388 337 1427 in
369 1386 542 1426 vocibus
575 1392 802 1438 occupatos
835 1385 971 1424 inanis
1003 1399 1129 1425 sonos
1160 1385 1356 1432 fundere,
1389 1399 1527 1439 neque
1559 1387 1785 1440 quicquam
1813 1388 1865 1428 ad
1887 1402 1965 1428 nos

189 1450 397 1504 pertinere
431 1449 508 1487 nisi
542 1448 655 1501 quod
687 1454 760 1487 aut
787 1448 878 1487 leve
900 1454 969 1486 aut
990 1460 1184 1499 asperum
1209 1449 1249 1487 in
1274 1462 1451 1501 corpore
1473 1450 1699 1490 sentiatur:
1730 1450 1829 1491 huic
1851 1463 2013 1504 ergone

189 1519 233 1552 ut
265 1512 374 1558 dixi,
407 1525 491 1550 non
526 1511 697 1550 multum
732 1510 943 1550 differenti
974 1523 995 1549 a
1034 1511 1191 1550 iudicio
1222 1511 1405 1552 ferarum
1437 1512 1625 1552 oblivisci
1656 1513 1800 1554 licebit
1830 1515 1894 1554 sui
1925 1520 1968 1554 et

190 1583 275 1616 tum
314 1574 523 1614 fortunam
567 1579 856 1619 contemnere,
900 1587 993 1612 cum
1036 1575 1087 1613 sit
1119 1588 1241 1614 omne
1274 1581 1314 1614 et
1353 1575 1509 1614 bonum
1541 1575 1630 1616 eius
1663 1581 1704 1616 et
1739 1576 1894 1616 malum
1924 1577 1968 1616 in

189 1645 396 1692 potestate
429 1638 642 1682 fortunae,
675 1642 759 1675 tum
792 1635 932 1675 dicere
965 1651 1008 1676 se
1039 1637 1205 1676 beatum
1240 1638 1281 1676 in
1313 1651 1476 1677 summo
1509 1639 1694 1679 cruciatu
1725 1645 1852 1693 atque
1882 1646 1968 1680 tor-

191 1702 362 1748 mentis,
395 1714 487 1740 cum
520 1699 787 1738 constituerit
817 1712 900 1737 non
935 1699 1058 1738 modo
1091 1713 1299 1739 summum
1332 1701 1487 1740 malum
1519 1715 1611 1741 esse
1643 1701 1856 1750 dolorem,
1893 1702 1967 1742 sed

190 1765 313 1804 etiam
347 1763 514 1803 solum?
564 1759 630 1800 74.
664 1763 747 1800 Nec
780 1775 878 1801 vero
911 1762 981 1801 illa
1014 1762 1091 1802 sibi
1123 1763 1307 1802 remedia
1338 1765 1593 1817 comparavit
1622 1764 1672 1804 ad
1706 1765 1967 1806 tolerandum
1981 1771 2018 1801 25

190 1826 396 1872 dolorem,
430 1822 666 1864 firmitatem
688 1824 829 1871 animi,
865 1825 1139 1876 turpitudinis
1163 1826 1470 1874 verecundiam,
1502 1828 1846 1869 exercitationem
1869 1842 1969 1869 con-

191 1887 540 1939 suetudinemque
565 1886 764 1938 patiendi,
800 1884 1038 1940 [praecepta
1058 1885 1347 1941 fortitudinis,]
1373 1889 1568 1930 duritiam
1590 1890 1767 1938 virilem,
1790 1891 1863 1932 sed
1886 1905 1969 1932 una

192 1965 236 1992 se
269 1951 370 1991 dicit
401 1949 691 1989 recordatione
731 1949 1005 2002 adquiescere
1051 1951 1365 2003 praeteritarum
1396 1952 1680 2005 voluptatum,
1721 1960 1769 1994 ut
1808 1956 1841 1995 si
1873 1955 1969 2009 quis

193 2022 409 2060 aestuans,
453 2026 546 2052 cum
585 2013 666 2051 vim
707 2012 859 2052 caloris
893 2026 975 2052 non
1009 2013 1130 2052 facile
1160 2014 1363 2066 patiatur,
1401 2015 1612 2055 recordari
1643 2017 1743 2057 velit
1772 2031 1864 2060 sese
1895 2018 1970 2058 ali-

195 2077 361 2132 quando
404 2077 446 2116 in
485 2076 676 2128 Arpinati
719 2082 863 2115 nostro
902 2075 1052 2127 gelidis
1083 2076 1326 2116 fluminibus
1357 2078 1655 2119 circumfusum
1685 2078 1830 2120 fuisse.
1876 2081 2021 2120 Nonae

193 2141 305 2180 enim
338 2139 471 2186 video,
506 2152 590 2191 qno
624 2137 749 2178 modo
782 2137 929 2177 sedare
961 2138 1124 2191 possint
1155 2139 1263 2179 mala
1294 2142 1534 2193 praesentia
1574 2143 1822 2194 praeteritae
1853 2143 1971 2184 volu-

194 2208 342 2256 ptates.
392 2201 458 2241 75.
493 2202 573 2241 Sed
606 2215 698 2241 cum
731 2201 765 2240 is
798 2201 908 2241 dicat
940 2214 1104 2254 semper
1134 2202 1302 2242 beatum
1335 2217 1429 2244 esse
1461 2205 1708 2257 sapientem,
1742 2206 1808 2245 cui
1831 2206 1970 2246 dicere

194 2264 292 2312 hoc,
325 2265 357 2305 si
390 2265 467 2304 sibi
500 2270 692 2304 constare
725 2264 869 2311 vellet,
901 2279 985 2303 non
1019 2264 1183 2311 liceret,
1215 2265 1413 2318 quidnam
1443 2266 1681 2307 faciendum
1709 2274 1772 2308 est
1801 2269 1866 2316 iis,
1898 2270 1972 2322 qui

197 2328 297 2367 nihil
330 2328 635 2380 expetendum,
681 2327 781 2367 nihil
814 2328 853 2367 in
888 2327 1009 2366 bonis
1042 2327 1280 2366 ducendum
1314 2329 1428 2382 quod
1460 2329 1680 2370 honestate
1713 2336 1852 2371 careat
1883 2332 1973 2371 exi-

196 2392 411 2431 stumant?
458 2391 524 2430 Me
567 2389 735 2443 quidem
775 2395 945 2429 auctore
987 2390 1110 2429 etiam
1155 2390 1420 2443 Peripatetici
1451 2399 1698 2447 veteresque
1730 2394 2021 2434 Academici3⁵

195 2453 400 2493 balbutire
432 2453 659 2506 aliquando
691 2452 885 2492 desinant
915 2459 1144 2506 aperteque
1177 2458 1219 2492 et
1249 2454 1359 2494 clara
1380 2467 1480 2495 voce
1507 2455 1690 2496 audeant
1711 2456 1850 2497 dicere
1873 2458 1972 2498 bea-

196 2521 278 2555 tam
309 2517 435 2556 vitam
466 2515 508 2554 in
540 2514 772 2554 Phalaridis
804 2520 968 2555 taurum
1001 2516 1311 2556 descensuram.

310 2577 480 2617 XXVII.
514 2575 579 2616 76.
612 2577 703 2618 Sint
735 2578 845 2617 enim
878 2578 953 2618 tria
985 2591 1139 2631 genera
1169 2579 1397 2628 bonorum,
1429 2586 1475 2620 ut
1503 2581 1588 2620 iam
1619 2594 1643 2621 a
1673 2581 1837 2635 laqueis
1864 2582 1973 2623 Stoi-

285 2740 314 2772 4.
340 2740 520 2780 prudentia
545 2739 750 2772 Lambinus:
784 2741 943 2772 contineri
965 2742 1145 2781 prudentia
1171 2743 1194 2773 C
1225 2759 1259 2763 -
1294 2743 1324 2773 6.
1351 2751 1427 2773 cum
1451 2743 1493 2774 C:
1527 2746 1595 2773 tum
1620 2743 1645 2774 O
1672 2760 1706 2765 -—
1737 2744 1768 2775 8.
1796 2743 1896 2785 victu]
1919 2745 1976 2776 ui-

200 2793 312 2821 etur-us
337 2790 360 2821 C
390 2807 423 2812 —-
451 2790 514 2831 cni]
540 2791 593 2821 cui
618 2791 666 2821 rei
691 2791 714 2821 C
744 2808 778 2812 —
806 2792 926 2830 referta
954 2792 976 2822 R
1009 2810 1038 2814 —
1074 2794 1119 2824 11.
1148 2794 1295 2832 confiteri
1319 2793 1428 2824 beatos
1451 2802 1515 2825 esse
1534 2793 1559 2824 Ο
1580 2810 1615 2816 -
1644 2794 1695 2825 ⁴2.
1721 2803 1761 2825 ne
1785 2794 1818 2825 in
1844 2795 1870 2826 R
1895 2803 1976 2826 era-

201 2847 276 2870 sum
303 2842 367 2870 est.
400 2858 432 2862 —
464 2840 512 2871 13.
540 2841 595 2879 qui
620 2841 676 2871 G¹:
712 2841 791 2881 quia
817 2842 931 2872 G2n13
962 2860 995 2864 —
1026 2843 1075 2873 16.
1103 2843 1203 2874 etiam
1226 2843 1252 2872 si
1278 2842 1324 2873 C:
1360 2846 1389 2873 et
1413 2844 1439 2872 si
1464 2844 1488 2873 Ο
1518 2859 1552 2864 -
1584 2843 1636 2874 225.
1665 2843 1887 2875 tollerandum
1911 2844 1977 2878 GR

203 2904 235 2909 —-
264 2889 317 2919 27.
347 2894 525 2927 praccepta
553 2890 757 2929 fortitudinis
785 2890 852 2921 (iel.
881 2891 1086 2930 Seyffertus.
1117 2909 1149 2913 -
1181 2893 1232 2924 28.
1258 2893 1481 2932 uoluptatium
1505 2894 1543 2925 C.
1572 2894 1830 2928 «Scribendum
1854 2898 1908 2927 est
1933 2903 1975 2927 ex

202 2938 402 2979 Archetypo
420 2940 657 2979 voluptatium,
685 2943 721 2971 ut
745 2940 838 2981 apud
857 2941 988 2972 Livium
1008 2941 1123 2977 xxiv,
1143 2942 1162 2973 8
1187 2951 1229 2973 cx
1255 2942 1460 2975 melioribus
1485 2943 1588 2975 codd.
1616 2944 1741 2977 editur.
1777 2947 1826 2979 De
1851 2945 1977 2978 melio-

203 2995 280 3018 rum
305 2988 408 3019 codd.
435 2988 718 3028 frequentissima
752 2991 922 3030 scriptura
948 2992 1133 3022 civitatium
1159 2992 1202 3023 cf.
1231 2992 1300 3024 Cic.
1329 2993 1372 3024 de
1401 2994 1483 3033 Rep.
1512 2994 1555 3031 ΙΙ,
1582 2994 1611 3026 8.
1647 2995 1733 3036 Epp.
1752 2996 1796 3028 ad
1823 2998 1914 3029 Fam.
1933 2998 1973 3035 X,

203 3037 234 3074 8,
260 3038 289 3068 6.
316 3038 386 3074 ΧΗ,
414 3039 465 3074 13,
493 3038 523 3069 3.
551 3039 657 3069 Tacit.
685 3043 773 3070 Ann.
802 3041 855 3072 ill.
883 3041 934 3072 63.
964 3041 1019 3072 IV.
1048 3040 1098 3071 Η..
1134 3042 1218 3072 Hist.
1239 3042 1262 3074 1.
1282 3042 1334 3074 54.
1370 3044 1499 3074 Liviani
1525 3044 1669 3084 quidem
1688 3046 1791 3078 codd.
1812 3048 1977 3080 meliores

204 3085 275 3117 fere
301 3095 444 3128 semper
467 3091 639 3125 aetatium,
665 3090 860 3121 ciritatmm.
882 3090 1138 3130 difficultatium,
1157 3091 1386 3129 simultatium,
1412 3093 1641 3126 utilitatium.»
1660 3095 1714 3127 W.
1739 3098 1782 3128 At
1800 3097 1842 3129 cf.
1863 3097 1902 3138 ἓξ
1921 3097 1975 3130 94.

205 3136 256 3167 96.
277 3136 318 3168 al.
343 3155 374 3159 -
396 3138 448 3169 ς29.
469 3146 535 3168 esse
551 3138 574 3168 G
591 3138 615 3168 B
635 3140 669 3168 et
688 3138 776 3171 (ead.
799 3148 843 3170 m.
864 3148 954 3170 corr.
977 3139 1009 3170 in
1027 3148 1101 3170 sese*
1128 3140 1170 3171 ὃς
1197 3149 1229 3171 se
1246 3144 1270 3172 O
1293 3159 1324 3163 —-
1346 3141 1397 3173 33.
1424 3142 1474 3174 his
1497 3143 1521 3175 C
1537 3144 1562 3175 O
1583 3162 1617 3168 -
1644 3144 1695 3176 35.
1714 3155 1766 3177 me
1783 3147 1913 3187 quidem
1929 3163 1978 3170 --

205 3186 383 3224 aliquando
413 3188 561 3218 desinant
593 3188 721 3218 Nonius
748 3196 781 3228 p.
809 3188 860 3219 80.
890 3205 924 3210 —
959 3191 1158 3220 auctoritate
1182 3198 1271 3221 corr.
1299 3191 1331 3223 in
1357 3196 1493 3224 auctore
1516 3193 1541 3225 R
1565 3211 1607 3216 —
1635 3194 1687 3226 36.
1714 3194 1888 3227 balbuttire
1911 3196 1978 3228 GR

207 3238 241 3266 et
265 3236 406 3268 Nonius.
435 3238 600 3277 (caecuttis
626 3238 732 3268 Varro
758 3246 812 3278 ap.
840 3238 989 3270 Nonium
1015 3247 1047 3279 p.
1069 3239 1122 3279 35,
1141 3238 1177 3274 lu
1205 3241 1404 3272 caet-urcium
1423 3241 1517 3277 idem
1534 3251 1589 3284 ap.
1610 3244 1765 3276 eundem
1782 3253 1816 3286 p.
1835 3245 1889 3285 86,
1909 3244 1975 3285 42.)

209 3299 242 3306 —
270 3285 309 3316 37
349 3286 561 3318 accensurum
585 3287 666 3319 GR.
