2249 3624
627 189 787 228 Lm.11.
829 189 1255 230 cinxia—xxa.
1294 189 1354 243 §§
1376 188 1565 234 72-78.
1905 189 1987 230 705

220 308 384 343 omnes,
428 295 500 348 qui
543 307 630 333 rem
671 294 880 348 publicam
921 296 1231 348 gubernabunt,
1275 298 1496 337 consulere
1528 295 1737 336 debebunt
1769 302 1813 336 ut
1845 309 1984 336 earum

219 372 353 399 rerum
386 358 505 410 copia
537 357 602 403 sit,
635 370 744 410 quae
777 364 873 396 sunt
906 358 955 397 ad
989 359 1138 399 vit-tuni
1173 361 1442 399 necessariae.
1497 359 1679 408 Quarum
1712 360 1848 413 qualis
1876 373 1986 399 com-

217 421 373 475 paratio
414 417 500 458 lieri
546 419 679 459 soleat
721 425 760 459 et
804 420 976 467 debeat,
1023 436 1101 460 non
1134 428 1195 461 est
1228 436 1396 462 necesse
1429 422 1664 474 disputare;
1708 428 1770 462 est
1801 422 1910 462 enim
1944 423 1984 462 in

218 487 434 537 promptu:
475 487 633 521 tantum
668 482 785 521 locus
818 483 1087 534 attingendus
1121 484 1209 523 fnit.
1272 484 1336 523 753.
1373 485 1504 538 Caput
1536 491 1672 524 autem
1706 491 1767 524 est
1801 486 1839 524 in
1874 485 1985 524 omni

218 543 511 599 procuratione
545 544 700 596 negotii
735 550 771 583 et
806 547 991 584 muneris
1026 546 1200 598 publici,
1242 553 1285 586 ut
1316 548 1512 587 avaritiae
1546 548 1724 600 pellatur
1755 548 1876 587 etiam
1911 548 2016 586 mi-5

217 608 327 648 nima
359 606 551 658 suspitio.
624 606 870 653 «Utinam»,
904 608 1043 660 inquit
1078 610 1120 647 (Ι.
1145 610 1314 648 Pontius
1349 610 1533 657 Samnis,
1579 609 1659 649 «ad
1695 609 1764 648 illa
1797 615 1985 661 tempora

217 683 280 709 me
322 668 489 707 fortuna
530 669 825 708 reservavisset
868 675 909 708 et
953 675 1036 708 tum
1082 684 1213 710 essem
1258 678 1402 717 natuS,
1452 672 1619 725 quando
1662 672 1832 711 Romani
1874 671 1985 710 dona

215 731 404 783 accipere
437 732 697 784 coepissent!
748 745 829 770 non
873 745 1006 771 essem
1046 746 1190 786 passus
1231 733 1388 773 diutius
1422 747 1495 773 eos
1529 735 1772 787 imperare.»
1836 736 1893 773 Ne
1925 733 1984 773 illi

216 794 343 834 multa
375 794 541 834 saecula
572 793 854 846 exspectanda
887 793 1076 841 suoi-uun
1110 795 1232 834 modo
1265 796 1375 834 enim
1411 796 1486 834 hoc
1521 798 1673 836 malum
1707 797 1747 836 in
1771 799 1875 836 lianc
1898 810 1983 836 rem

216 857 424 910 publicam
468 856 630 896 invasit.
706 857 850 908 ltaque
890 856 1010 895 facile
1052 858 1184 910 patior
1223 864 1307 897 tum
1352 859 1490 910 potius
1532 860 1723 899 Pontium
1755 859 1905 907 fuisse,
1950 860 2034 899 sito

215 918 384 973 quidem
426 919 467 958 in
508 918 581 958 illo
626 924 784 958 tantum
823 918 901 958 suit
939 919 1117 958 roboris.
1178 920 1370 959 Nondum
1413 927 1576 961 centnm
1619 927 1658 961 et
1699 922 1843 962 decem
1886 923 1984 962 anni

216 987 333 1029 sunt,
366 995 459 1021 cum
493 981 544 1021 de
576 982 767 1034 pecuniis
801 981 1047 1034 repetundis
1080 994 1101 1020 a
1133 982 1178 1020 L.
1206 982 1356 1021 Pisone
1391 983 1470 1022 lata
1503 984 1570 1023 lex
1604 990 1685 1031 est,
1718 984 1831 1024 nulla
1863 991 1985 1025 antea

215 1057 306 1084 cum
337 1043 499 1083 fuisset.
560 1045 611 1084 At
651 1058 750 1084 vero
791 1049 936 1098 postea
981 1049 1040 1083 tot
1073 1044 1184 1096 leges
1218 1049 1257 1083 et
1291 1058 1522 1096 proxumae
1555 1060 1747 1099 quaeque
1781 1047 1984 1094 duriores,

217 1112 278 1146 tot
307 1107 380 1152 rei,
413 1111 473 1146 tot
505 1105 703 1153 damnati,
736 1113 894 1146 tantum
931 1104 1152 1159 [Italicum]
1187 1106 1341 1146 bellum
1366 1113 1536 1161 propter
1557 1109 1805 1149 iudiciorum
1830 1116 1983 1149 metum

216 1168 465 1214 excitatum,
500 1174 613 1208 tanta
645 1169 819 1209 sublatis
852 1169 1014 1222 legibus
1047 1175 1086 1208 et
1117 1169 1282 1209 iudiciis
1316 1170 1518 1222 expilatio
1552 1170 1819 1224 direptioque
1850 1173 2034 1212 socio—⁴5

216 1244 325 1277 rum,
364 1236 411 1269 ut
443 1230 718 1271 inbecillitate
752 1232 949 1278 aliorum,
992 1245 1074 1271 non
1107 1238 1246 1271 nostra
1282 1232 1431 1272 virtute
1464 1232 1690 1272 valeamus.
1752 1235 1885 1274 xxlt.
1916 1233 1983 1274 76.

217 1292 377 1332 Laudat
415 1292 655 1333 Africanum
699 1294 943 1340 Panaetius,
991 1294 1103 1346 quod
1146 1294 1270 1334 fuerit
1311 1294 1537 1334 abstinens.
1616 1295 1772 1343 Quidni
1815 1296 1984 1337 laudet?

217 1355 296 1395 Sed
328 1354 370 1393 in
402 1354 474 1394 illo
507 1356 586 1395 alia
618 1356 788 1396 maiora.
849 1357 957 1396 Laus
989 1356 1268 1396 abstinentiae
1301 1371 1383 1395 non
1416 1357 1597 1397 hominis
1629 1363 1692 1397 est
1723 1358 1878 1406 solum,
1911 1359 1984 1399 sed

217 1417 338 1457 etiam
379 1422 615 1471 temporum
653 1419 834 1458 illorum.
905 1418 1027 1458 Omni
1064 1419 1338 1458 Macedonum
1380 1432 1502 1471 gaza,
1545 1433 1652 1473 quae
1683 1420 1762 1459 fuit
1793 1422 1984 1468 maxima,

215 1480 373 1533 potitus
408 1476 502 1534 [est]
537 1481 689 1520 Paulus
728 1486 889 1520 tantum
923 1481 963 1519 in
996 1482 1203 1520 aerarium
1236 1483 1440 1534 pecuniae
1471 1482 1650 1529 invexit,
1692 1489 1735 1522 ut
1769 1485 1892 1524 unius
1924 1484 1985 1523 in·
2000 1492 2036 1521 90

216 1542 418 1595 peratoris
461 1543 616 1595 praeda
655 1543 781 1583 finem
824 1544 1010 1583 attulerit
1043 1544 1318 1583 tributorum:
1359 1550 1399 1583 at
1430 1544 1499 1584 hic
1530 1544 1633 1584 nihil
1667 1545 1837 1585 domum
1870 1559 1985 1586 suam

215 1604 357 1644 intulit
395 1610 561 1658 praeter
601 1606 842 1646 memoriam
884 1607 1066 1646 nominis
1099 1607 1410 1659 sempiternam.
1474 1608 1661 1646 Imitatus
1692 1614 1850 1660 patrem
1881 1608 1988 1648 Afri-

217 1680 342 1707 canus
375 1668 505 1708 nihilo
538 1669 788 1721 locupletior
819 1668 1074 1721 Karthagine
1108 1682 1265 1708 eversa.
1319 1668 1459 1717 Quid?
1494 1670 1565 1722 qui
1599 1670 1688 1709 eius
1720 1671 1879 1724 collega
1910 1671 1988 1711 fuit

217 1730 259 1769 in
289 1743 476 1778 censura,
510 1731 553 1769 L.
575 1732 811 1777 Mummius,
844 1744 943 1770 num
977 1731 1078 1784 quid
1112 1732 1336 1785 copiosior,
1369 1746 1459 1772 cum
1488 1731 1818 1785 copiosissimam
1842 1735 1985 1774 urbem

217 1792 404 1833 funditus
436 1793 704 1833 sustulisset?
756 1794 918 1833 ltaliam
952 1806 1100 1833 ornare
1134 1807 1258 1847 quam
1292 1795 1459 1833 domum
1494 1807 1610 1834 suam
1644 1795 1810 1835 maluit:
1842 1809 1987 1850 quam·
2002 1806 2037 1834 25

219 1868 343 1909 quam
379 1856 498 1896 Italia
529 1861 677 1895 ornata
718 1857 866 1895 domus
902 1856 994 1908 ipsa
1028 1855 1127 1894 mibi
1162 1856 1325 1896 videtur
1357 1857 1552 1897 ornatior.
1614 1854 1680 1895 77.
1712 1858 1880 1898 Nullum
1913 1859 1990 1911 igi-

219 1923 283 1958 tur
312 1919 457 1958 vitium
489 1919 664 1958 taetrius
698 1925 777 1965 est,
810 1924 855 1957 ut
887 1932 957 1965 eo,
990 1918 1102 1957 unde
1135 1918 1325 1971 digressa
1346 1924 1424 1966 est,
1447 1918 1598 1958 referat
1619 1932 1663 1958 se
1686 1921 1840 1968 oratio,
1864 1934 1989 1974 quam

219 1981 403 2029 avaritia,
438 1981 684 2034 praesertim
718 1982 758 2020 in
792 1981 1053 2033 principibus
1085 1986 1124 2019 et
1154 1995 1240 2021 rem
1273 1981 1483 2034 publicam
1516 1981 1858 2034 gubernantibus.
1908 1984 1990 2022 Ha·

218 2042 316 2083 bere
348 2043 461 2083 enim
494 2044 688 2096 quaestui
720 2056 805 2083 rem
838 2043 1047 2097 publicam
1088 2056 1171 2082 non
1206 2044 1331 2083 modo
1364 2050 1482 2097 turpe
1515 2049 1599 2090 est,
1638 2044 1709 2083 sed
1743 2045 1989 2085 sceleratum

219 2106 343 2146 etiam
376 2110 417 2146 et
447 2104 665 2146 nefarium.
725 2106 890 2159 ltaque,
924 2105 1036 2158 quod
1061 2106 1212 2158 Apollo
1236 2106 1407 2160 Pythius
1440 2106 1652 2146 oraculum
1684 2107 1836 2154 edidit,
1868 2108 2039 2161 Spar-30

219 2174 302 2208 tam
342 2168 457 2208 nulla
497 2182 542 2208 re
580 2168 660 2208 alia
699 2168 780 2207 nisi
823 2168 998 2207 avaritia
1038 2181 1130 2207 esse
1168 2169 1417 2220 perituram,
1461 2170 1502 2208 id
1534 2169 1700 2209 videtur
1737 2183 1819 2209 non
1853 2170 1989 2209 solum

220 2231 571 2278 Lacedaemoniis,
605 2230 675 2270 sed
710 2231 834 2270 etiam
869 2230 1063 2269 omnibus
1096 2231 1308 2283 opulentis
1339 2232 1508 2284 populis
1540 2231 1812 2284 praedixisse.
1867 2232 1990 2272 Nulla

219 2298 358 2332 autem
400 2307 443 2333 re
483 2293 707 2333 conciliare
738 2292 904 2332 facilius
936 2292 1275 2332 benevolentiam
1306 2293 1586 2333 multitudinis
1619 2298 1797 2347 possunt
1828 2293 1878 2340 ii,
1920 2295 1990 2346 qui

219 2356 279 2395 rei
319 2355 514 2408 publicae
553 2362 773 2410 praesunt,
817 2368 940 2408 quam
982 2355 1235 2395 abstinentia
1276 2361 1316 2394 et
1348 2356 1619 2395 continentia.
1677 2354 1744 2394 78.
1778 2355 1860 2404 Qui
1893 2369 1990 2395 vero

307 2530 338 2560 2.
364 2530 408 2560 ad
430 2530 555 2560 uictum
579 2537 645 2568 op:
672 2537 742 2559 om.
764 2528 885 2559 BHbo
913 2545 947 2550 —
979 2528 1009 2559 3.
1030 2529 1202 2567 disputare
1226 2536 1349 2559 necesse
1374 2536 1393 2566 p
1420 2544 1454 2549 —
1484 2527 1514 2559 4.
1534 2530 1640 2567 Caput
1656 2532 1767 2559 autem
1782 2545 1832 2551 --
1847 2532 1993 2561 muneris

218 2577 339 2618 publici
363 2587 432 2610 om.
453 2579 473 2610 b
503 2595 536 2600 —
565 2582 607 2610 est
632 2582 666 2608 ut
690 2580 723 2609 in
750 2586 798 2617 cp
823 2596 864 2600 ——
889 2579 918 2609 5.
947 2581 983 2609 ut
1007 2587 1076 2609 om.
1098 2586 1144 2616 cp
1171 2595 1206 2599 —
1234 2578 1263 2608 6.
1283 2577 1425 2616 suspicio
1449 2577 1525 2608 boo
1555 2594 1590 2601 —
1618 2577 1647 2608 7.
1668 2578 1800 2616 quando
1825 2577 1990 2620 Biiabp:

220 2628 247 2659 si
270 2629 402 2667 quando
426 2637 472 2660 oo
500 2645 533 2650 —
562 2628 711 2666 accipere
734 2628 821 2658 dona
845 2628 865 2658 b
894 2644 928 2648 —
963 2628 992 2659 8.
1019 2623 1091 2658 λ’άο
1116 2635 1133 2658 o
1164 2642 1198 2648 -
1227 2627 1256 2659 9.
1283 2628 1367 2658 hanc
1392 2636 1460 2657 om.
1483 2635 1500 2657 c
1528 2644 1562 2648 —
1592 2628 1643 2657 Η.
1669 2627 1798 2658 roboris
1821 2636 1890 2660 om.
1912 2638 1991 2670 cpo

224 2694 259 2700 —
285 2678 437 2709 Nondum
461 2678 546 2710 enim
569 2681 697 2708 centum
722 2685 739 2707 c
781 2695 811 2698 —
853 2678 903 2708 42.
930 2677 1113 2716 repetendis
1137 2685 1214 2716 aop
1254 2694 1286 2698 —
1326 2677 1380 2708 lea:
1404 2680 1447 2707 est
1474 2677 1610 2715 llabp:
1645 2680 1690 2707 est
1713 2677 1767 2707 leae
1792 2677 1846 2708 Bc
1876 2696 1908 2700 —-
1938 2680 1990 2711 ⁴3.

221 2731 278 2758 aut
300 2737 378 2759 vero
402 2729 422 2759 b
459 2745 492 2750 —
528 2726 579 2759 44.
607 2728 779 2766 dampnati
804 2736 824 2766 p
858 2744 891 2748 —
927 2730 1056 2757 tautum
1080 2727 1215 2757 iliacum
1239 2726 1355 2757 bellum
1385 2727 1426 2760 ss;
1464 2727 1545 2755 tanta·
1571 2725 1709 2756 militari
1733 2734 1806 2757 cum
1830 2726 1947 2759 bellum
1971 2728 1992 2760 b

221 2794 262 2799 -—-
285 2777 438 2808 Italicum
469 2776 535 2808 del.
563 2777 654 2807 Bake
687 2776 801 2807 Srliol.
830 2777 1004 2817 Hypomn.
1038 2777 1081 2806 IV
1112 2786 1144 2817 1).
1168 2777 1240 2807 496.
1280 2793 1320 2798 -—
1366 2776 1412 2805 15.
1440 2775 1656 2813 direptioque]
1682 2775 1866 2815 iudicioque
1894 2787 1915 2817 p
1954 2793 1989 2800 -

224 2827 274 2858 Π.
301 2829 503 2867 affricanum
527 2835 579 2858 ac
618 2844 652 2848 —
695 2826 744 2857 48.
772 2827 804 2856 in
830 2826 888 2856 illa
913 2826 983 2857 alia
1011 2827 1031 2857 b
1069 2843 1102 2847 —
1143 2825 1359 2856 abstinentiae
1385 2833 1459 2864 cp:
1494 2825 1677 2863 sapientiae
1700 2825 1833 2857 Bllab
1870 2845 1901 2849 -
1939 2829 1991 2860 49.

223 2876 340 2908 Omnia
362 2879 381 2909 b
408 2895 441 2899 —
470 2879 522 2909 ⁶20.
546 2879 671 2917 potitus
697 2878 717 2907 l.
740 2877 771 2907 F.
795 2877 1004 2916 Heusinger:
1029 2876 1152 2915 potitus
1176 2880 1219 2906 est
1246 2878 1328 2915 (Ipo
1355 2893 1395 2897 —
1427 2875 1460 2904 ln
1488 2876 1660 2905 aerarium
1685 2879 1814 2906 tantum
1834 2878 1994 2916 pecuniae

223 2933 257 2961 a:
285 2928 319 2958 in
344 2928 515 2958 aerarium
536 2929 694 2966 pecuniae
720 2929 799 2966 (0111.
819 2928 955 2964 lantum]
984 2926 1023 2963 b;
1059 2929 1189 2956 tantam
1214 2927 1243 2955 in
1271 2925 1442 2955 (wi-arium
1463 2924 1640 2962 pecuniam
1665 2932 1712 2964 cp
1738 2943 1779 2947 —
1810 2926 1864 2958 ⁶24.
1883 2927 1994 2958 Adhuc

223 2975 320 3007 nichil
343 2985 363 3016 p
392 2995 423 2999 —
453 2978 585 3007 dumam
609 2986 703 3007 suam
723 2985 756 3015 p.
785 2985 825 3006 m.
855 2986 887 3006 η.
914 2976 1147 3014 sempiternam
1171 2975 1282 3006 detulit
1308 2982 1396 3013 epo.
1431 2973 1516 3004 Vide
1543 2982 1585 3004 ne
1612 2977 1802 3014 utrumque
1828 2975 1991 3015 verbum,

225 3026 258 3055 et
280 3025 389 3056 intulit
413 3028 445 3057 et
470 3027 599 3064 detulit,
632 3028 674 3057 sit
704 3026 923 3066 grammatici
954 3025 1099 3056 alicuius
1129 3024 1428 3065 supplementum.
1470 3042 1503 3045 —
1546 3024 1598 3054 ⁵32.
1623 3025 1773 3063 patriam
1798 3025 1824 3056 11
1865 3044 1897 3048 —
1937 3026 1988 3058 23.

224 3074 312 3104 nullo
336 3082 386 3114 cp
424 3092 458 3096 —
496 3076 692 3116 carthayine
717 3076 739 3106 C
780 3091 814 3097 —
852 3075 913 3113 fuit
939 3075 1106 3105 incessum
1133 3076 1201 3111 ab;
1230 3075 1291 3112 fuit
1318 3075 1347 3103 in
1374 3082 1513 3104 censura
1536 3074 1599 3113 suit
1624 3081 1642 3104 ο
1680 3091 1715 3096 -
1753 3074 1805 3106 Ξ4.
1834 3085 1913 3107 num
1938 3077 1994 3115 qui

227 3123 312 3154 Hab
344 3140 378 3145 -
418 3125 471 3156 26.
498 3127 650 3156 ornatior
675 3126 805 3155 uidetur
829 3132 877 3163 cp
917 3141 951 3146 —
990 3125 1042 3154 ΞΠ.
1068 3127 1103 3155 ut
1127 3133 1175 3161 eo,
1203 3124 1286 3154 unde
1309 3124 1457 3162 ‹Ityr-essa
1480 3125 1537 3160 est,
1564 3123 1686 3162 reserat
1711 3124 1841 3155 Nonius
1867 3134 1899 3165 p.
1917 3124 1991 3157 381.

231 3189 263 3193 —
290 3173 435 3212 cliyressa
460 3183 477 3205 c
503 3176 537 3206 et
560 3175 707 3206 Nonius:
735 3183 865 3214 egressa
891 3173 1062 3209 BHabo;
1089 3174 1240 3213 dem-essa
1265 3171 1467 3203 Lambinus.
1510 3171 1559 3204 Cs.
1581 3173 1675 3204 Brut.
1702 3173 1811 3213 3300.
1855 3174 1989 3206 Verrin.

228 3220 270 3250 lv
295 3221 382 3262 535.
410 3222 453 3254 de
479 3223 575 3255 deor.
603 3227 672 3255 nat.
702 3224 745 3254 111
771 3224 858 3263 360.
887 3222 929 3253 dc
956 3223 1098 3253 divinat.
1126 3224 1137 3253 l
1162 3224 1270 3263 ξ109.
1309 3240 1343 3246 —
1380 3225 1430 3254 ⁴25.
1457 3227 1485 3254 et
1511 3224 1649 3255 Bllab:
1678 3233 1747 3256 om.
1769 3233 1846 3265 cpo
1875 3242 1909 3247 —-
1938 3226 1991 3258 29.

229 3275 343 3309 questu
365 3281 434 3303 rem
451 3282 488 3312 p.
515 3281 555 3311 ος
595 3277 742 3313 questum
768 3273 799 3303 in
826 3281 861 3303 re
879 3281 913 3311 p.
941 3280 962 3311 p
1000 3288 1033 3293 —
1073 3272 1125 3302 30.
1153 3272 1327 3302 oraculum
1358 3280 1466 3312 acp:
1505 3273 1654 3304 oraclum
1686 3274 1708 3304 B
1726 3274 1772 3312 Η,
1811 3274 1925 3305 oraelu
1950 3275 1989 3313 b;

230 3320 364 3351 oraculo
388 3320 453 3352 alii.
482 3338 516 3344 -
544 3323 597 3355 31.
624 3323 693 3355 alia
719 3331 789 3354 om.
810 3330 828 3353 c
857 3340 891 3345 —-
918 3330 982 3355 esse
1006 3330 1076 3353 om.
1096 3330 1114 3353 0
1140 3338 1175 3344 -
1203 3322 1254 3354 33.
1280 3322 1305 3353 ii
1329 3322 1401 3354 Bb:
1433 3326 1469 3354 ut
1493 3322 1540 3361 H;
1571 3323 1603 3354 hi
1628 3331 1666 3362 a,
1691 3323 1737 3362 hij
1761 3330 1797 3361 o;
1824 3331 1893 3354 om.
1912 3331 1945 3363 p.

313 3386 430 3418 emano
456 3388 491 3418 Τ.
509 3387 560 3420 lv.
1679 3382 1732 3423 45
