2249 3624
0 0 19 190 —-———=

861 240 1198 281 FRAGMENTA.
1830 236 1911 277 975

259 346 291 384 1.
336 343 646 394 (Xenophon
676 344 828 380 Oecon.
861 355 895 380 c.
924 343 958 380 4.
992 345 1026 391 ξ.
1055 344 1236 387 20-25.)
1303 343 1403 381 Cum
1433 343 1483 381 ad
1514 343 1662 393 Cyrum
1696 343 1908 391 minorem,

156 419 293 457 regem
323 408 552 455 Persarum,
582 412 860 456 praestantem
891 407 1051 456 ingenio
1081 412 1204 457 atquc
1232 407 1388 457 imperii
1418 405 1564 456 gloria,
1596 405 1804 457 Lysander
1833 407 1910 444 La-

155 469 460 518 cedaemonius,
490 470 551 507 vir
579 481 760 507 summac
781 470 954 512 xirtutis,
985 472 1170 508 venisset
1198 470 1339 508 Sardis
1367 477 1398 507 et
1424 473 1580 518 reliqua,
1610 484 1702 518 qnae
1729 474 1909 507 continen-

156 540 213 570 tur
240 536 333 570 libro
362 543 406 565 m:
427 543 621 566 ειεπι-ῐιἩἻἘ
649 546 682 570 c.
711 536 765 570 17.
799 534 833 581 ξ.
856 533 916 571 59.

253 596 288 634 2.
329 594 630 646 (Xenophon
660 596 812 634 Oecon.
845 608 878 633 c.
906 597 941 634 6.
975 596 1122 643 Ξ.12.)
1184 596 1308 633 Homo
1338 608 1387 634 ex
1416 608 1463 634 eo
1490 608 1660 634 numero
1689 596 1942 645 liominum,5

155 659 223 710 qui
252 658 362 710 apud
390 670 464 696 nos
492 657 567 696 hoc
596 660 759 696 nominc
788 657 1020 709 dignantur.
1077 659 1334 706 (Priscian
1352 671 1405 697 us
1433 658 1457 697 l.
1483 660 1576 698 Vlll.
1599 672 1632 698 c.
1655 661 1690 698 4.
1720 659 1754 709 ξ.
1780 661 1860 708 19.)

255 723 289 759 3.
333 722 637 772 (Xenophon
673 722 825 759 Oecon.
859 734 891 759 c.
920 725 954 758 7.
988 722 1022 769 ξ.
1054 722 1111 763 9.)
1172 720 1276 768 Quid
1315 723 1449 771 igitur,
1484 735 1558 774 pro
1593 721 1714 760 deum
1743 723 1912 760 immor-

155 784 320 833 talium,
360 784 534 835 primum
574 796 663 823 eam
700 783 906 833 docebaS,
947 784 1128 835 quaeso?
1193 785 1448 831 (Donatus
1483 786 1523 824 in
1551 786 1713 824 Terent.
1753 785 1910 824 Phorm.

155 850 192 895 2,
223 848 258 896 3,
288 846 345 889 4.)

255 915 290 949 4.
334 911 529 957 Xenophon
570 910 793 946 Atheniensis
834 921 874 945 eo
915 911 1035 955 libro,
1079 913 1142 956 qui
1183 910 1438 948 Oeconomicus
1479 913 1709 954 inscribitur,
1751 914 1915 958 prodidit
1930 921 1964 949 to

157 976 211 1021 (c.
229 976 265 1010 7.
299 972 334 1022 ξ.
360 972 536 1011 18-28.)
565 970 747 1009 maritale
777 971 1008 1019 coniugium
1039 972 1097 1008 sic
1127 978 1404 1024 comparatum
1434 985 1526 1011 csse
1556 979 1723 1022 natura,
1764 979 1806 1011 ut
1835 985 1914 1012 non

158 1034 289 1074 solum
316 1033 635 1079 iucundissima,
667 1045 808 1071 verum
847 1034 968 1071 etiam
999 1033 1213 1072 utilissima
1242 1035 1346 1073 vitae
1382 1036 1556 1074 societas
1592 1036 1782 1073 iniretur:
1822 1048 1915 1074 nam

158 1098 352 1149 primum,
380 1100 476 1144 quod
503 1099 611 1133 eliam
642 1096 760 1131 Cicero
789 1099 863 1137 ait,
896 1107 947 1132 ne
977 1108 1106 1145 genus
1136 1096 1354 1135 humanum
1391 1098 1585 1148 temporis
1622 1097 1916 1148 longinquitate

160 1159 380 1207 occideret,
410 1164 577 1210 propter
606 1158 680 1196 hoc
708 1170 862 1195 marem
893 1170 984 1195 cum
1012 1159 1160 1197 femina
1190 1170 1282 1197 esse
1304 1160 1582 1198 coniunctum:
1615 1159 1765 1198 deinde
1795 1166 1838 1198 ut
1866 1172 1916 1198 ex

159 1223 234 1261 hac
263 1220 406 1260 cadem
437 1221 631 1258 socictate
660 1219 900 1258 mortalibus
928 1219 1129 1259 adiutoria
1164 1223 1387 1260 senectutis
1415 1234 1490 1260 nec
1517 1223 1652 1261 minus
1680 1233 1967 1273 propugna-t5

161 1285 251 1324 cula
278 1289 637 1335 praepararentur.
702 1283 801 1321 Tum
831 1284 975 1331 etiam,
1017 1296 1107 1321 cum
1138 1285 1268 1322 victus
1298 1290 1337 1322 et
1365 1284 1497 1323 cultus
1524 1285 1724 1325 humanus
1752 1298 1832 1325 non
1860 1286 1917 1324 uti

160 1347 254 1385 feris
295 1348 336 1384 in
362 1344 577 1397 propatulo
607 1358 653 1383 ac
682 1344 941 1383 silxestribus
978 1344 1097 1395 locis,
1142 1345 1215 1384 sed
1255 1346 1362 1384 domi
1402 1346 1479 1385 sub
1514 1353 1620 1385 tecto
1662 1347 1918 1387 accurandus

162 1415 262 1458 erat,
292 1409 573 1447 necessarium
609 1408 680 1446 fuit
707 1407 946 1446 alterutrum
977 1409 1072 1447 soris
1101 1415 1140 1448 ct
1169 1409 1245 1448 sub
1275 1410 1341 1447 dio
1371 1422 1484 1459 esse,
1519 1411 1587 1461 qui
1616 1409 1757 1449 labore
1786 1416 1826 1449 et
1853 1411 1919 1449 in—

162 1472 319 1510 dustria
349 1476 605 1522 compararet
633 1483 739 1521 quae
769 1472 886 1509 tectis
917 1472 1253 1521 reconderentur,
1286 1474 1317 1511 si
1352 1472 1518 1524 quidem
1547 1473 1610 1511 vel
1639 1474 1827 1512 rusticari
1856 1472 1920 1512 vel

163 1535 355 1584 navigare
384 1533 449 1571 vel
479 1535 600 1572 etiam
632 1546 781 1583 genere
811 1533 888 1572 alio
918 1536 1116 1585 negotiari
1146 1548 1318 1574 necesse
1345 1541 1454 1584 erat,
1490 1542 1532 1574 ut
1562 1536 1720 1587 aliquas
1747 1535 1920 1575 faculta-
1933 1549 1970 1578 20

165 1603 226 1636 tes
255 1598 579 1647 acquireremus:
643 1597 744 1635 Cum
780 1609 877 1634 vero
911 1604 1078 1648 paratae
1116 1610 1180 1636 res
1216 1598 1292 1637 sub
1321 1604 1472 1637 tectum
1513 1605 1652 1638 essent
1686 1604 1919 1650 congestae,

165 1659 288 1699 alium
317 1672 410 1698 esse
438 1661 633 1710 oportuit,
664 1660 731 1709 qui
763 1666 802 1697 et
830 1659 960 1698 illatas
990 1661 1216 1699 custodiret
1251 1667 1290 1699 et
1320 1674 1366 1701 ea
1396 1662 1616 1700 conficeret
1641 1674 1785 1713 opera,
1816 1673 1922 1712 quae

168 1721 276 1760 domi
308 1720 510 1760 deberent
539 1720 829 1760 administrari.
886 1722 985 1760 Nam
1017 1728 1055 1760 et
1084 1723 1219 1773 fruges
1247 1730 1467 1774 ceteraque
1494 1723 1685 1763 alimenta
1713 1724 1923 1762 terrestria

168 1783 407 1833 indigebant
449 1789 577 1831 tecto.
617 1789 656 1822 et
695 1785 828 1822 ovium
868 1790 1183 1835 ceterarumque
1221 1785 1427 1836 pecudum
1466 1787 1570 1825 fetus
1604 1793 1728 1838 atque
1768 1787 1922 1825 fructus

168 1846 306 1885 clauso
343 1845 601 1885 custodiendi
644 1853 782 1894 erant,
821 1859 897 1884 nec
925 1848 1058 1885 minus
1088 1847 1246 1898 reliqua
1274 1848 1489 1898 utensilia,
1528 1849 1678 1900 quibus
1707 1855 1776 1889 aut
1804 1848 1973 1889 alitur-25

167 1909 376 1947 hominum
405 1921 534 1957 genus
564 1915 632 1947 aut
661 1910 783 1947 etiam
812 1909 1022 1948 excolitur.
1080 1911 1165 1956 Qua
1188 1923 1230 1948 re
1259 1923 1349 1949 cum
1382 1909 1452 1964 [et]
1484 1924 1651 1962 operam
1679 1918 1719 1951 et
1745 1912 1922 1962 diligen-

168 1973 264 2010 tiam
294 1983 356 2020 ea,
387 1982 492 2021 quae
521 1971 828 2022 proposuimuS,
872 1971 1157 2010 ‹lesi‹tlerarent
1195 1985 1270 2010 nec
1299 1974 1442 2022 exigua
1480 1986 1577 2012 cura
1604 1975 1697 2014 foris
1731 1976 1923 2026 acquire-

169 2040 312 2072 rentur
341 2045 446 2084 quae
476 2032 583 2071 domi
614 2034 807 2072 custodiri
838 2040 1058 2084 oporteret,
1091 2036 1192 2084 iure,
1223 2040 1266 2073 ut
1293 2035 1399 2084 dixi,
1434 2033 1486 2088 [a]
1520 2042 1662 2075 natura
1692 2044 1924 2089 comparata

171 2103 233 2136 est
263 2094 419 2149 [opera]
453 2096 635 2134 mulieris
665 2096 715 2135 ad
746 2095 1012 2135 domesticam
1053 2096 1329 2147 diligentiam,
1359 2099 1435 2137 viri
1468 2105 1604 2137 autem
1637 2099 1687 2138 ad
1721 2101 1924 2139 exercita-

171 2162 322 2198 tionem
350 2159 552 2197 sorensem
582 2165 622 2197 et
650 2166 902 2198 extraneam.
957 2161 1098 2211 Itaque
1117 2161 1202 2198 viro
1225 2160 1381 2200 calores
1402 2167 1441 2199 et
1462 2162 1610 2211 frigora
1638 2162 1976 2213 perpetienda,3o

171 2229 255 2262 tum
285 2224 406 2261 etiam
447 2223 592 2261 itinera
620 2227 660 2260 et
684 2221 848 2260 labores
876 2223 989 2273 pacis
1019 2236 1065 2261 ac
1090 2223 1202 2271 belli,
1232 2223 1272 2261 id
1303 2230 1378 2272 est,
1409 2225 1684 2263 rusticationis
1712 2231 1752 2264 et
1776 2226 1926 2265 milita-

173 2287 277 2324 rium
319 2284 643 2336 stipendiorum,
687 2285 790 2323 deus
832 2285 998 2331 tribuit,
1038 2285 1195 2324 mulieri
1237 2286 1456 2338 deinceps,
1499 2286 1609 2338 quod
1646 2288 1836 2327 omnibus
1864 2288 1926 2327 his

173 2348 299 2387 rebus
325 2360 415 2386 eam
442 2348 594 2386 fecerat
621 2347 854 2396 inhabilem,
877 2347 1100 2387 domestica
1129 2350 1291 2399 negotia
1317 2349 1496 2389 curanda
1520 2349 1698 2389 tradidit.
1754 2352 1802 2390 Et
1821 2364 1927 2403 quo-

174 2411 282 2449 niam
310 2410 416 2448 hunc
443 2422 585 2449 sexum
615 2409 826 2449 custodiae
855 2417 895 2449 et
921 2410 1157 2461 diligentiae
1182 2413 1476 2462 assignaverat,
1508 2412 1658 2452 idcirco
1686 2413 1927 2453 timidiorem

175 2472 354 2511 reddidit
382 2484 505 2522 quam
534 2471 704 2509 mitem.
775 2474 874 2511 Nam
903 2479 1035 2511 metus
1064 2473 1281 2524 plurimum
1311 2475 1465 2512 confert
1496 2475 1547 2513 ad
1575 2473 1824 2525 diligentiam
1853 2488 1927 2515 cu—
1943 2488 1980 2518 35

177 2534 393 2574 stodiendi.
461 2534 578 2581 Quod
617 2540 752 2573 autem
787 2548 960 2574 necesse
995 2542 1081 2575 erat
1115 2537 1211 2575 foris
1240 2542 1280 2574 et
1306 2538 1346 2575 in
1375 2543 1515 2587 aperto
1544 2538 1691 2576 victum
1721 2550 1930 2589 quaeren—

177 2598 286 2637 tibus
313 2610 394 2636 non
420 2610 643 2648 numquam
682 2598 869 2637 iniuriam
909 2599 1171 2650 propulsare,
1215 2599 1368 2638 idcirco
1402 2601 1533 2638 virum
1567 2611 1689 2650 quam
1717 2600 1929 2639 mulierem

177 2661 272 2698 fecit
302 2659 577 2699 audaciorem.
646 2660 747 2706 Quia
786 2672 883 2698 vero
919 2662 1047 2712 partis
1087 2660 1236 2712 opibus
1271 2673 1402 2711 aeque
1441 2662 1511 2700 fuit
1538 2673 1640 2713 opus
1668 2663 1863 2702 memoria
1891 2668 1932 2702 et

179 2722 406 2773 diligentia,
447 2734 528 2760 non
565 2721 761 2759 minorem
794 2722 968 2760 feminae
998 2735 1120 2773 quam
1148 2724 1234 2761 viro
1263 2735 1402 2761 earum
1431 2736 1566 2762 rerum
1594 2723 1734 2763 tribuit
1759 2737 1931 2776 posses-

179 2786 351 2824 sionem.
419 2785 518 2822 Tum
559 2783 707 2831 etiam,
750 2783 860 2833 quod
898 2784 1072 2835 simplex
1113 2791 1255 2824 natura
1296 2797 1376 2823 non
1415 2797 1557 2823 omnes
1592 2797 1659 2824 res
1694 2786 1983 2830 commodasti«)

181 2846 369 2898 amplecti
398 2845 578 2893 valebat,
608 2846 761 2884 idcirco
790 2846 963 2885 alterum
991 2847 1158 2886 alterius
1186 2847 1370 2897 indigere
1398 2847 1546 2897 voluit,
1576 2849 1791 2899 quoniam,
1821 2848 1932 2901 quod

183 2908 297 2948 alteri
336 2907 472 2957 deest,
510 2913 673 2958 praesto
710 2907 953 2958 plerumque.
989 2915 1050 2948 est
1079 2909 1207 2948 alteri.
1275 2912 1440 2947 Haecin
1471 2910 1706 2948 Oeconomico
1736 2913 1933 2959 Xenophon

187 2969 248 3024 [et]
279 2973 405 3008 deinde
433 2972 572 3012 Cicero,
604 2974 667 3017 qui
694 2983 772 3007 eum
800 2971 952 3008 Latinae
979 2976 1226 3009 consuetudini
1254 2975 1424 3015 tradidit,
1456 2985 1528 3009 non
1556 2976 1732 3011 inutiliter
1757 2977 1933 3012 disserue-

183 3040 279 3071 runt.
335 3031 631 3081 (Columella
658 3031 683 3069 l.
711 3032 792 3069 XII.
825 3033 950 3071 Praef.
976 3035 1010 3083 ξ.
1036 3035 1167 3081 1-7.)

283 3095 319 3134 5.
361 3093 661 3145 (Xenophon
696 3094 848 3132 Oecon.
890 3107 923 3132 c.
954 3099 990 3133 7.
1028 3096 1062 3143 ξ.
1094 3098 1140 3135 36
1168 3097 1252 3146 sq.)
1313 3095 1368 3133 Ea
1408 3106 1530 3145 porro
1570 3096 1982 3146 persuasissimum45

186 3155 339 3195 habere
374 3155 545 3194 debebit
577 3161 647 3195 aut
680 3156 720 3194 in
748 3161 874 3194 totum
909 3163 978 3195 aut
1007 3164 1117 3196 certe
1154 3157 1374 3208 plurimum
1407 3155 1516 3195 domi
1550 3168 1594 3195 se
1623 3159 1770 3197 morari
1808 3171 1932 3210 opor-

274 3306 327 3338 25.
357 3306 500 3339 claustro
523 3306 642 3339 Lamb.
672 3325 707 3331 —
734 3306 787 3339 40.
824 3308 988 3340 commode
1010 3306 1214 3340 Schneideri
1236 3315 1333 3348 susp.
