2249 3624
278 127 358 168 544
940 128 1009 167 DE
1043 127 1395 167 DIVINATIONE

277 247 408 274 necne
448 233 549 286 quid
590 233 749 272 refert?
808 232 920 271 Nihil
960 232 1010 271 ad
1051 232 1265 284 auspicia;
1314 233 1386 272 sed
1417 233 1535 286 quia,
1579 246 1673 273 cum
1704 241 1945 287 pascuntur,
1978 249 2050 276 ne-

277 310 392 336 cesse
433 302 495 336 est
537 294 696 348 aliquid
741 308 793 332 ex
832 307 903 333 ore
946 294 1096 333 cadere
1139 300 1179 333 et
1209 300 1359 334 terram
1392 295 1559 347 pavire,
1600 296 1868 350 terripavium
1901 297 2049 350 primo,

276 365 371 411 post
402 357 674 410 terripudium
706 357 861 396 dictum
894 362 982 403 est;
1028 357 1109 395 hoc
1141 356 1312 409 quidem
1345 358 1426 396 iam
1457 357 1685 410 tripudium
1718 358 1882 397 dicitur.
1945 359 2046 399 Cum

273 421 401 473 igitur
441 421 521 461 offa
562 419 712 458 cecidit
752 432 805 457 ex
844 432 914 457 ore
954 418 1086 471 pulli,
1132 424 1218 457 tum
1259 419 1494 471 auspicanti
1530 420 1761 473 tripudium
1799 421 2048 462 solistimum

242 484 501 522 snuntiatur.

389 545 559 583 XXXV.
606 542 672 582 73.
718 544 828 595 Ergo
868 542 947 582 hoc
987 543 1221 595 auspicium
1261 543 1391 583 divini
1439 544 1661 597 quicquam
1701 545 1854 585 habere
1895 551 2047 599 potest,

273 607 387 662 quod
426 615 510 647 tam
550 607 601 646 sit
639 612 827 645 coactum
867 611 908 644 et
946 607 1224 658 expressum?
1270 620 1355 659 quo
1387 608 1719 660 antiquissumos
1751 621 1932 661 augures
1963 623 2048 649 non

273 684 364 710 esse
397 683 494 709 usos
525 674 773 720 argumento
806 674 881 714 est,
914 669 1027 720 quod
1060 666 1272 707 decretum
1305 669 1473 721 collegii
1506 674 1625 709 vetus
1656 670 1859 710 habemus
1881 684 2049 710 omnem

271 746 389 772 avem
432 730 659 783 tripudium
697 729 835 769 facere
876 743 1017 782 posse.
1077 731 1185 769 Tum
1226 731 1353 783 igitur
1390 737 1500 771 esset
1540 732 1804 784 auspicium,
1845 733 1879 772 si
1924 733 2048 773 modo

221 807 258 836 4ο
272 801 382 835 esset
421 794 458 833 ei
498 793 673 832 liberum
707 806 751 831 se
784 792 1044 839 ostendisse;
1087 798 1174 832 tum
1206 793 1295 832 avis
1326 793 1399 833 illa
1430 793 1562 833 videri
1595 800 1738 847 posset
1769 795 1976 848 interpres
2009 801 2050 835 et

271 857 439 897 satelles
471 856 594 894 Iovis.
654 855 771 893 Nunc
813 868 911 894 vero
952 855 1113 894 inclusa
1153 855 1194 894 in
1233 868 1360 895 cavea
1391 861 1432 894 et
1462 855 1571 895 fame
1603 862 1749 896 enecta
1782 857 1816 896 si
1848 857 1890 896 in
1923 858 2046 897 offam

269 920 396 973 pultis
436 918 596 957 invadit
636 923 676 956 et
716 917 750 956 si
785 917 949 970 aliquid
989 931 1042 956 ex
1080 917 1168 957 eius
1209 930 1281 956 ore
1313 918 1483 964 cecidit,
1523 919 1600 957 hoc
1634 924 1676 957 tu
1709 919 1946 972 auspicium
1977 923 2049 958 aut

270 981 348 1021 boc
379 982 502 1021 modo
526 979 748 1018 Romulum
781 980 991 1032 auspicari
1024 979 1191 1018 solitum
1224 982 1374 1032 putas?
1434 977 1500 1018 74.
1532 980 1618 1019 Iam
1652 981 1702 1019 de
1735 981 1848 1020 caelo
1881 994 2048 1020 servare

268 1058 354 1084 non
384 1045 499 1096 ipsos
531 1055 678 1081 censes
712 1041 872 1089 solitos,
904 1042 976 1094 qui
999 1041 1355 1093 auspicabantur?
1388 1055 1498 1081 nunc
1519 1041 1728 1094 imperant
1749 1043 1952 1096 pullario,
1976 1042 2047 1082 ille

219 1118 254 1147 45
268 1106 492 1147 renuntiat.
552 1104 729 1144 Fulmen
761 1105 976 1143 sinistrum
1008 1104 1238 1156 auspicium
1270 1109 1488 1156 optumum
1520 1104 1722 1145 habemus
1745 1104 1796 1145 ad
1819 1105 1954 1145 omnis
1977 1118 2044 1144 res

267 1175 562 1223 praeterquam
593 1166 644 1206 ad
677 1167 870 1214 comitia;
903 1166 1017 1219 quod
1050 1166 1221 1219 quidem
1252 1166 1491 1206 institutum
1522 1167 1583 1207 rei
1608 1168 1800 1219 publicae
1823 1181 1948 1208 causa
1970 1173 2046 1215 est,

266 1238 313 1271 ut
343 1230 607 1270 comitiorum
646 1229 712 1268 vel
750 1229 792 1268 in
833 1229 998 1268 iudiciis
1038 1228 1183 1281 populi
1215 1229 1280 1268 vel
1312 1230 1354 1268 in
1386 1230 1475 1269 iure
1506 1229 1647 1282 legum
1679 1230 1745 1269 vel
1776 1231 1817 1270 in
1850 1229 2045 1270 creandis

265 1293 578 1347 magistratibus
610 1292 819 1345 principes
851 1292 1026 1330 civitatis
1058 1296 1200 1330 essent
1219 1291 1484 1344 interpretes.
1529 1294 1583 1332 At
1604 1293 1668 1332 Ti.
1691 1292 1867 1332 Gracchi
1890 1292 2043 1332 litteris

267 1356 408 1408 Scipio
431 1361 470 1394 et
491 1354 664 1407 Figulus
686 1354 900 1400 consules,
924 1366 1016 1392 cum
1039 1366 1220 1405 augures
1242 1354 1499 1394 iudicassent
1520 1367 1591 1394 eos
1614 1354 1714 1394 vitio
1746 1360 1907 1394 creatos
1940 1366 2046 1400 esse,

215 1431 252 1459 20
266 1419 510 1471 magistratu
533 1430 576 1457 se
598 1417 914 1456 abdicaverunt.
962 1416 1066 1463 Quis
1097 1421 1220 1468 negat
1250 1429 1454 1468 augurum
1488 1415 1754 1469 disciplinam
1786 1419 1908 1456 esse?
1940 1415 2046 1457 divi-

265 1482 481 1521 nationem
514 1493 636 1532 nego.
696 1481 750 1518 At
780 1478 1027 1531 haruspices
1059 1477 1225 1525 divini;
1269 1491 1375 1532 quos
1407 1491 1500 1518 cum
1532 1479 1594 1517 Ti.
1628 1478 1837 1518 Gracchus
1877 1484 2046 1532 propter

266 1550 444 1584 mortem
476 1543 739 1595 repentinam
772 1541 881 1588 eius,
913 1541 986 1593 qui
1019 1542 1060 1580 in
1091 1540 1383 1593 praerogativa
1414 1540 1633 1580 referenda
1665 1539 1804 1580 subito
1837 1539 2046 1580 concidis-

266 1613 347 1655 set,
388 1608 431 1647 in
463 1611 654 1646 senatum
685 1604 1015 1650 introduxisset,
1056 1616 1140 1643 non
1180 1603 1338 1642 iustum
1378 1609 1614 1655 rogatorem
1652 1604 1783 1643 fuisse
1826 1603 2040 1643 dixerunt.

264 1669 332 1710 75.
365 1671 549 1710 Primum
582 1667 677 1706 vide
709 1680 761 1705 ne
793 1667 834 1705 in
868 1680 962 1705 eum
995 1665 1201 1713 dixerint,
1244 1666 1317 1719 qui
1349 1671 1516 1718 rogator
1548 1666 1760 1705 centuriae
1790 1665 1964 1712 fuisset;
2007 1665 2043 1705 is

214 1744 251 1774 25
266 1734 376 1773 enim
409 1737 498 1771 erat
528 1736 738 1776 mortuus3
771 1728 813 1767 id
844 1734 980 1768 autem
1014 1729 1104 1767 sine
1133 1728 1389 1768 divinatione
1414 1730 1650 1768 coniectura
1673 1732 1867 1781 poterant
1889 1727 2041 1767 dicere.

264 1796 424 1836 Deinde
456 1794 634 1833 fortasse
666 1804 779 1837 casu,
812 1791 885 1844 qui
915 1790 1032 1830 nullo
1064 1791 1188 1830 modo
1219 1797 1282 1830 est
1313 1804 1365 1830 ex
1385 1791 1467 1830 hoc
1489 1804 1644 1843 genere
1667 1790 1894 1830 tollendus.
1927 1789 2041 1838 Quid

265 1861 375 1899 enim
412 1858 519 1897 scire
556 1855 721 1894 Etrusci
763 1853 1008 1905 haruspices
1047 1859 1118 1892 aut
1161 1854 1212 1893 de
1249 1853 1520 1893 tabernaculo
1559 1859 1671 1893 recte
1712 1860 1834 1906 capto
1876 1858 1948 1892 aut
1989 1851 2040 1892 de

261 1921 439 1975 pomerii
478 1920 568 1959 iure
608 1918 867 1970 potuerunt?
919 1916 1127 1968 Equidem
1168 1917 1381 1956 adsentior
1420 1916 1461 1955 C.
1494 1916 1692 1955 Marcello
1734 1915 1871 1967 potius
1915 1928 2041 1968 quam

262 1987 370 2037 App.
393 1982 580 2028 Claudio,
613 1980 685 2033 qui
715 1979 838 2018 ambo
871 1979 951 2017 mei
983 1979 1169 2031 collegae
1199 1979 1383 2025 fuerunt,
1417 1980 1696 2031 existimoque
1728 1978 1794 2017 ius
1816 1991 2038 2031 augurum,

211 2048 340 2086 30etsi
383 2044 656 2085 divinationis
702 2042 902 2095 opinione
944 2042 1151 2093 principio
1193 2042 1470 2081 constitutum
1509 2042 1582 2088 sit,
1622 2047 1762 2080 tamen
1801 2046 1948 2093 postea
1978 2040 2039 2080 rei

260 2109 453 2162 publicae
484 2119 610 2146 causa
641 2110 934 2145 conservatum
965 2117 1013 2143 ac
1044 2110 1265 2143 retentum.

374 2170 572 2210 XXXVI.
613 2167 681 2207 76.
720 2166 802 2206 Sed
841 2166 892 2206 de
924 2168 1002 2205 hoc
1034 2167 1125 2206 loco
1158 2166 1274 2219 plura
1305 2166 1349 2205 in
1379 2166 1494 2213 aliis,
1533 2179 1644 2205 nunc
1676 2166 1894 2205 hactenus.
1956 2165 2041 2205 Ex-

261 2240 378 2273 terna
410 2233 521 2272 enim
553 2231 750 2283 auguria,
794 2242 902 2282 quae
945 2235 1040 2268 sunt
1078 2242 1161 2268 non
1200 2235 1283 2268 tam
1315 2227 1539 2268 artificiosa
1572 2241 1697 2281 quam
1729 2228 2039 2281 superstitiosa,

260 2296 494 2336 videamus.
549 2290 755 2332 Omnibus
785 2291 872 2330 fere
904 2292 1049 2331 avibus
1081 2297 1266 2338 utuntur,
1298 2304 1375 2330 nos
1406 2290 1630 2331 admodum
1655 2291 1818 2344 paucis3
1850 2290 1933 2331 alia
1954 2291 2039 2330 illis

210 2359 427 2398 35sinistra
468 2362 586 2402 sunt,
626 2355 707 2394 alia
738 2354 907 2393 nostris.
969 2354 1138 2393 Solebat
1177 2367 1229 2393 ex
1267 2367 1331 2392 me
1363 2354 1584 2393 Deiotarus
1625 2354 1863 2406 percontari
1906 2352 2038 2393 nostri

260 2420 424 2473 augurii
456 2418 736 2471 disciplinam,
769 2429 847 2469 ego
881 2430 933 2455 ex
963 2417 1035 2455 illo
1069 2416 1155 2456 sui:
1189 2415 1230 2455 di
1258 2415 1525 2455 inmortales!
1559 2421 1761 2469 quantum
1791 2415 2034 2455 differebatl

259 2489 308 2522 ut
338 2482 543 2535 quaedam
575 2487 715 2521 essent
747 2481 869 2519 etiam
902 2478 1120 2518 contraria.
1174 2481 1310 2531 Atque
1343 2478 1413 2518 ille
1444 2479 1491 2518 iis
1524 2491 1689 2532 semper
1711 2478 1923 2526 utebatur,
1946 2492 2037 2526 nos,

260 2546 342 2585 nisi
374 2545 472 2585 dum
503 2558 527 2584 a
557 2543 715 2597 populo
747 2542 937 2594 auspicia
968 2547 1138 2595 accepta
1167 2541 1392 2589 habemus,
1425 2555 1551 2594 quam
1581 2541 1759 2580 multum
1781 2540 1832 2580 iis
1853 2541 2037 2580 utimur?

346 2770 376 2801 3.
404 2770 539 2801 dicisum
563 2771 587 2800 A
628 2786 660 2790 -—
699 2769 822 2806 hocque
845 2767 931 2798 idem
954 2767 1023 2797 iam
1047 2766 1207 2797 Davisius
1242 2781 1277 2787 ——
1308 2763 1432 2795 dicitur
1455 2772 1525 2795 om.
1552 2762 1579 2794 V
1615 2780 1648 2785 -—
1684 2762 1715 2795 4.
1742 2763 1935 2794 solistimum
1958 2761 2033 2794 AV:

258 2820 461 2851 sollistimum
486 2820 563 2856 1303
599 2818 640 2850 cf.
669 2820 680 2849 Ι
705 2818 723 2858 ,ξ
744 2818 781 2849 ’28
816 2835 850 2839 -
887 2817 918 2847 5.
945 2817 1103 2846 nuntiant
1120 2815 1146 2845 V
1180 2833 1214 2837 -—
1256 2815 1286 2846 8.
1305 2824 1383 2845 usus
1406 2823 1471 2845 esse
1496 2814 1546 2851 Vl7
1580 2822 1655 2844 usos
1678 2822 1744 2845 esse
1769 2812 1810 2844 V2
1834 2830 1868 2835 —
1906 2812 2037 2852 colloyii

258 2871 311 2906 A1,
337 2871 458 2909 colligyti
483 2872 522 2900 A²
549 2886 582 2891 —
612 2869 663 2899 40.
690 2870 718 2899 ei
744 2869 789 2898 C:
816 2868 872 2898 avi
898 2867 1121 2905 Hottingerus
1149 2882 1183 2886 -
1213 2865 1263 2895 11⁴2.
1290 2865 1415 2895 inuasit
1439 2864 1599 2895 Davisius
1626 2879 1662 2886 —
1691 2863 1744 2895 43.
1762 2871 1896 2894 servare
1911 2861 2034 2902 vulgo:

257 2921 389 2951 seruari
414 2921 437 2950 (1
466 2936 498 2940 -
530 2919 579 2950 14.
600 2920 820 2957 auspicantur
836 2916 875 2948 Αι
903 2933 936 2938 -
964 2915 1061 2955 nunc]
1080 2924 1144 2945 non
1161 2914 1188 2944 V
1215 2931 1248 2935 —
1278 2915 1330 2945 45.
1356 2913 1512 2944 habemus
1537 2914 1687 2945 Marsus:
1715 2913 1802 2953 quod
1825 2912 1979 2943 habemus
1996 2911 2034 2950 C,

257 2970 388 3009 quidem
410 2970 566 3000 habemus
589 2969 667 3000 cod.
696 2968 860 2999 Pithoeus
884 2965 973 2998 alter
1010 2983 1044 2988 —
1083 2973 1192 2995 omnes
1216 2964 1319 2995 BVO
1346 2980 1382 2985 —
1421 2964 1472 2994 47.
1499 2964 1743 2994 commotior-em
1767 2961 1807 2993 Αι
1834 2979 1868 2984 -
1895 2962 1930 2992 t'n
1953 2962 2034 2992 ante

256 3021 330 3050 iure
354 3026 424 3049 om.
452 3020 474 3049 B
508 3036 542 3041 --
576 3020 627 3050 s18.
653 3019 804 3048 ciuitates
827 3014 867 3048 A¹
900 3033 934 3037 -
968 3015 1012 3056 al]
1032 3024 1072 3045 ac
1096 3013 1137 3046 Α2
1163 3031 1196 3035 -
1232 3014 1283 3044 49.
1307 3014 1427 3053 figulos
1450 3011 1489 3044 A¹
1517 3031 1551 3035 —
1577 3012 1680 3053 cons.]
1700 3021 1780 3052 quos
1803 3011 1868 3043 AV
1893 3027 1927 3033 —
1960 3019 2035 3042 cum

256 3071 283 3100 A
316 3069 347 3099 in
375 3077 442 3099 ras.
470 3068 577 3099 habet
613 3085 647 3090 -
684 3068 782 3097 uilios
806 3068 831 3097 A
871 3083 905 3087 —
943 3066 995 3096 Ἣ.
1022 3073 1104 3105 neyo
1129 3063 1218 3095 linea
1244 3065 1446 3094 transversa
1480 3062 1548 3094 del.
1575 3063 1599 3094 B
1638 3078 1674 3084 -—
1712 3062 1757 3103 αι]
1780 3064 1839 3092 aut
1863 3061 1890 3092 V
1916 3076 1951 3082 —
1977 3060 2031 3091 25.

254 3122 386 3158 poterat
410 3118 437 3147 V
465 3135 499 3140 —
536 3118 588 3149 28.
614 3118 774 3156 pomoerii
800 3119 824 3146 0
851 3132 885 3137 —-
925 3114 958 3146 C.
987 3123 1078 3145 corr.
1106 3114 1138 3144 in
1164 3114 1202 3145 G.
1228 3115 1255 3144 Α
1285 3130 1314 3135 -—
1351 3113 1405 3143 29.
1432 3113 1510 3151 apio
1534 3114 1579 3148 A,
1606 3112 1704 3151 appio
1728 3112 1752 3143 Β
1781 3127 1815 3134 -
1851 3110 2033 3151 augurium

257 3166 379 3198 maluit
403 3166 565 3205 Orethus,
598 3175 677 3197 cum
710 3167 753 3196 ita
779 3165 948 3204 scriptum
974 3164 1018 3194 sit
1049 3164 1077 3194 ΙΙ
1103 3162 1178 3202 §70
1212 3179 1246 3183 —
1289 3162 1342 3193 30.
1368 3164 1395 3193 si
1419 3166 1529 3193 tamen
1552 3160 1592 3193 Αι
1629 3178 1664 3184 -
1703 3163 1756 3193 32.
1783 3165 1917 3193 actenus
1939 3162 1965 3191 A
1992 3175 2027 3181 -

257 3216 309 3248 33.
337 3217 513 3256 artificiose
536 3214 577 3246 Ψ
603 3232 637 3237 -
663 3216 895 3255 supersticiosa
917 3213 975 3245 AV
1003 3229 1038 3235 —
1066 3212 1119 3243 35.
1142 3213 1356 3252 percunctari
1374 3212 1401 3244 V
1427 3229 1462 3234 —
1497 3212 1550 3244 36.
1576 3220 1635 3252 eqo
1658 3214 1689 3243 ec
1710 3212 1783 3243 illos
1804 3211 1875 3243 uidi
1897 3211 1976 3241 inm.
2003 3207 2030 3242 V

260 3283 296 3290 -—
322 3266 377 3298 37.
393 3268 442 3299 his
459 3267 483 3298 C
505 3284 539 3289 —
565 3266 618 3297 38.
643 3266 692 3296 his
714 3266 752 3297 B.
