2249 3624
646 176 734 217 Lm.
766 177 817 216 ΙΙ.
859 175 955 217 Cam.
988 177 1127 216 1-11,
1165 175 1224 229 §§
1257 174 1391 217 4-6,
1825 175 1906 218 403

141 282 252 339 quod
282 295 437 323 numen
467 283 853 335 praestantissimae
885 285 1060 330 mentis,
1092 297 1176 336 quo
1208 284 1310 323 baec
1342 285 1572 335 regantur?
1620 282 1744 331 Quod
1776 285 1818 323 ni
1851 284 1908 324 ita

142 351 272 392 esset,
304 345 374 398 qui
406 346 610 399 potuisset
641 346 821 384 adsensu
854 347 1038 387 omnium
1072 348 1210 386 (licere
1242 347 1421 390 Ennius,

182 408 374 462 Aspice
405 409 496 447 hoc
528 408 788 447 sublimen
812 410 1054 455 candens,
1087 423 1233 462 quem
1258 410 1505 448 invocant
1527 422 1701 448 omnes
1725 409 1908 456 Iovem,

141 472 257 512 illum
289 483 387 510 vero
419 476 460 510 et
490 471 628 510 Iovem
661 476 702 510 et
733 470 1037 511 dominatorem
1071 486 1206 512 rerum
1241 478 1281 511 et
1301 472 1443 511 omnia
1473 477 1576 511 nutu
1609 477 1822 524 regentem
1855 478 1909 519 et,

140 539 187 573 ut
217 533 327 573 idem
359 533 546 580 Ennius,
1924 542 1943 570 5

535 600 738 648 patrem
773 594 1056 649 divumque
1090 597 1478 650 hominumque

141 663 181 699 et
209 662 475 712 praesentem
509 670 556 697 ac
586 663 902 710 praepotentem
935 659 1059 698 deum
1072 662 1089 698 ‘l
1123 659 1246 706 Quod
1270 660 1340 712 qui
1363 660 1544 707 dubitet,
1575 659 1686 699 haud
1719 673 1818 700 sane
1850 660 1913 699 in-

139 721 316 774 tellego,
355 733 430 760 cur
469 733 552 760 non
589 719 719 767 idem,
762 720 823 759 sol
862 721 914 759 sit
949 733 1001 759 an
1042 722 1182 761 nullus
1215 722 1288 767 sit,
1329 719 1519 761 dubitare
1550 722 1697 775 possit.
1757 722 1795 761 5.
1829 722 1913 771 Qui

139 784 249 824 enim
296 789 358 823 est
405 783 485 822 hoc
532 782 605 822 illo
652 782 923 822 evidentius?
968 782 1092 830 Quod
1129 784 1209 823 nisi
1242 785 1455 835 cognitum
1488 784 1914 839 conprehensumque

138 847 285 887 animis
316 846 590 892 haberemus,
623 858 707 884 non
740 850 823 885 tam
855 845 1016 884 stabilis
1048 846 1191 898 opinio
1214 852 1478 899 permaneret
1498 860 1575 886 nec
1597 846 1964 888 confirmareturw

140 909 413 949 diuturnitate
454 908 654 960 temporis
694 920 772 947 nec
803 920 885 946 una
917 921 1008 947 cum
1042 908 1191 947 saeclis
1223 908 1519 962 aetatibusque
1550 909 1767 950 hominum
1798 911 1915 951 inve·

136 972 261 1012 terari
304 971 522 1026 potuisset.
575 971 740 1010 Etenim
783 970 973 1009 videmus
1015 975 1174 1009 ceteras
1213 970 1436 1022 opiniones
1476 968 1591 1011 fictas
1628 977 1755 1025 atque
1786 986 1914 1013 vanas

137 1035 412 1075 diuturnitate
445 1033 697 1074 extabuisse.
750 1033 855 1081 Quis
896 1033 1005 1072 enim
1038 1033 1427 1085 Hippocentaurum
1459 1033 1589 1073 fuisse
1621 1040 1692 1074 aut
1724 1035 1916 1076 Chimae-

135 1110 223 1138 ram
265 1098 416 1150 putat?
461 1109 622 1149 quaeve
661 1110 767 1136 anus
807 1101 890 1135 tam
932 1107 1077 1134 excors
1120 1095 1300 1134 inveniri
1338 1099 1494 1148 potest,
1537 1109 1642 1150 quae
1673 1097 1766 1144 illa,
1807 1111 1915 1151 quae

137 1159 349 1212 quondam
380 1159 673 1207 credebantur,
706 1158 817 1212 apud
850 1157 1009 1197 inferos
1032 1162 1225 1211 portenta
1247 1158 1525 1198 extimescat?
1558 1159 1782 1211 opinionis
1803 1161 1966 1200 enim⁴5

138 1228 367 1262 commenta
399 1221 511 1261 delet
542 1222 649 1269 dies,
681 1227 856 1261 naturae
887 1220 1045 1260 iudicia
1075 1218 1306 1259 confirmat.
1357 1221 1502 1274 ltaque
1535 1226 1576 1261 et
1606 1222 1646 1261 in
1671 1228 1815 1262 nostro
1841 1235 1917 1276 po-

136 1285 237 1337 pulo
269 1289 310 1324 et
347 1284 389 1323 in
431 1284 581 1324 ceteris
613 1284 788 1323 deorum
819 1283 957 1323 cultus
990 1282 1329 1336 religionumque
1362 1284 1603 1324 sanctitates
1634 1286 1843 1325 exsistunt
1873 1286 1916 1325 in

138 1346 228 1386 dies
259 1346 439 1386 maiores
470 1351 596 1399 atque
630 1347 841 1386 meliores.
900 1344 939 1384 6.
972 1345 1105 1398 quue
1137 1345 1275 1384 evenit
1304 1359 1389 1385 non
1419 1351 1576 1386 temere
1598 1360 1675 1387 nec
1698 1361 1810 1395 casu,
1842 1348 1917 1389 sed

137 1409 248 1463 quod
290 1414 332 1450 et
368 1414 614 1463 praesentes
647 1423 772 1462 saepe
804 1408 846 1448 di
878 1408 959 1447 vim
992 1420 1110 1447 suam
1143 1406 1375 1455 declarant,
1419 1413 1463 1448 ut
1494 1414 1535 1448 et
1564 1410 1675 1462 apud
1708 1411 1916 1462 Regillum

135 1472 251 1512 bello
281 1472 548 1519 Latinorum,
589 1485 681 1511 cum
715 1475 763 1511 Α.
797 1470 1037 1511 Postumius
1071 1469 1250 1510 dictator
1286 1484 1380 1510 cum
1412 1471 1585 1511 Octavio
1616 1473 1802 1513 Mamilio
1833 1474 1967 1513 Tu-20

136 1535 308 1575 sculano
339 1534 503 1588 proelio
535 1534 772 1582 dimicaret,
802 1533 847 1572 in
878 1538 1022 1574 nostra
1053 1534 1141 1573 acie
1172 1534 1318 1574 Castor
1350 1539 1391 1575 et
1422 1535 1574 1575 Pollux
1605 1549 1657 1575 ex
1689 1535 1810 1588 equis
1840 1549 1918 1588 pu-

138 1610 266 1650 gnare
298 1597 376 1637 visi
407 1602 525 1646 sunt,
558 1603 599 1637 et
629 1597 860 1637 recentiore
892 1597 1091 1637 memoria
1122 1597 1234 1637 idem
1267 1597 1534 1650 Tyndaridae
1564 1598 1732 1638 Persem
1763 1598 1916 1638 victum

137 1661 453 1700 nuntiaverunt.
510 1662 552 1700 P.
586 1661 698 1700 enim
730 1660 944 1707 Vatinius,
981 1672 1083 1699 avus
1114 1658 1242 1699 huius
1274 1660 1579 1709 adulescentis,
1618 1674 1712 1700 cum
1744 1674 1765 1701 e
1797 1674 1917 1714 prae-

135 1723 297 1764 fectura
328 1724 503 1764 Reatina
533 1725 707 1764 Romam
739 1723 926 1763 venienti
958 1728 1086 1762 noctu
1119 1722 1201 1762 duo
1233 1723 1410 1763 iuvenes
1442 1737 1534 1763 cum
1568 1725 1687 1778 equis
1717 1724 1822 1764 albis
1854 1724 1917 1764 di-

135 1785 300 1826 xissent
328 1800 470 1839 regem
502 1788 669 1827 Persem
701 1787 773 1826 illo
805 1785 872 1826 die
904 1790 1093 1839 captum,
1124 1786 1288 1825 senatui
1321 1786 1527 1826 nuntiavit
1557 1792 1598 1827 et
1628 1788 1762 1840 primo
1795 1788 1915 1841 quasi
1929 1796 1966 1826 25

136 1855 295 1890 temere
334 1848 384 1889 de
426 1863 471 1890 re
511 1850 680 1903 publica
718 1849 884 1889 locutus
920 1849 963 1888 in
1007 1861 1215 1889 carcerem
1248 1850 1461 1889 coniectus
1493 1854 1577 1898 est,
1609 1855 1704 1904 post
1735 1864 1758 1890 a
1787 1850 1915 1891 Paulo

137 1911 288 1952 litteris
321 1912 477 1961 allatis,
509 1926 602 1952 cum
634 1913 746 1952 idem
778 1913 868 1952 dies
900 1912 1179 1959 constitisset,
1211 1917 1251 1951 et
1281 1925 1380 1964 agro
1412 1926 1434 1952 a
1466 1918 1613 1952 senatu
1636 1919 1676 1953 et
1696 1913 1914 1953 vacatione

137 1975 315 2016 donatus
348 1981 423 2016 est.
473 1976 610 2029 Atque
642 1976 765 2015 etiam
798 1989 892 2015 cum
923 1975 976 2015 ad
1006 1975 1177 2015 fluvium
1203 1976 1373 2028 Sagram
1400 1975 1662 2016 Crotoniatas
1684 1975 1806 2016 Locri
1828 1988 1914 2015 ma-

135 2038 252 2077 ximo
284 2038 447 2092 proelio
479 2039 749 2085 devicissent,
789 2052 838 2078 eo
879 2038 971 2092 ipso
1004 2038 1072 2077 die
1109 2038 1296 2078 auditam
1335 2052 1428 2079 esse
1460 2052 1551 2079 eam
1590 2052 1771 2092 pugnam
1802 2037 1914 2078 ludis

137 2098 357 2154 Olympiae
402 2101 630 2141 memoriae
675 2101 890 2154 proditum
929 2106 1003 2141 est.
1064 2101 1198 2154 Saepe
1238 2102 1479 2141 Faunorum
1511 2115 1635 2143 voces
1675 2100 1965 2149 exauditae‚3o

222 2263 253 2294 4.
281 2271 395 2293 nomen
425 2262 463 2294 B¹
492 2281 535 2285 —
565 2264 972 2302 praestautissinzamcntis
1000 2264 1025 2295 B
1066 2281 1099 2284 —
1135 2266 1213 2304 quot
1244 2264 1279 2294 ni
1308 2264 1332 2295 B
1369 2281 1404 2286 -
1438 2264 1469 2296 3.
1496 2264 1654 2297 sublimen
1683 2263 1831 2306 Appulei
1857 2263 1911 2304 (de

135 2311 268 2344 mundo
294 2321 323 2344 c,
351 2312 391 2344 33
416 2321 450 2353 p.
477 2313 540 2345 363
565 2314 665 2353 Oud.)
693 2314 771 2346 cod.
792 2314 1060 2353 Benedictinus,
1087 2313 1241 2354 Scaliger
1264 2313 1308 2345 ad
1326 2314 1425 2345 Varr.
1444 2313 1488 2345 de
1506 2315 1544 2345 R.
1566 2315 1603 2345 R.
1631 2323 1664 2355 p.
1683 2315 1746 2347 235
1773 2316 1912 2348 veteres

135 2360 282 2403 Appulei
308 2360 416 2393 libros
441 2364 620 2396 antestans
641 2363 694 2404 (cf.
716 2363 843 2395 Ritsclil
868 2365 958 2396 Mus.
985 2364 1094 2395 Rhen.
1115 2365 1154 2395 N.
1175 2364 1207 2394 S.
1227 2363 1285 2394 vu
1311 2372 1343 2404 p.
1363 2364 1426 2395 556
1445 2364 1555 2404 sqq.):
1581 2364 1639 2395 sub
1663 2365 1784 2396 lumine
1807 2364 1911 2396 codd.

135 2411 296 2443 Vossiani
320 2410 490 2452 Appule13
522 2413 690 2445 sublimem
722 2414 811 2446 Festi
842 2413 956 2455 glossa
983 2414 1028 2454 (p.
1048 2413 1110 2444 306
1136 2413 1210 2452 M.);
1243 2413 1378 2444 sublime
1402 2412 1489 2451 210,
1517 2413 1595 2445 cod.
1624 2415 1712 2446 Festi
1739 2415 1783 2455 (in
1808 2423 1912 2447 versu

137 2460 322 2500 Enniano),
354 2461 501 2503 Appulei
528 2462 764 2502 Flooentinus,
798 2463 933 2495 Probus
966 2464 1014 2503 (in
1038 2462 1165 2503 Vergil.
1194 2462 1264 2494 Ecl.
1293 2464 1323 2501 6,
1350 2463 1385 2494 34
1415 2472 1448 2504 p.
1469 2464 1503 2494 44
1535 2462 1635 2503 Keil).
1668 2464 1719 2495 Cf.
1746 2464 1764 2504 5
1790 2464 1844 2496 65.
1870 2465 1913 2496 111

138 2510 179 2552 §S
205 2512 256 2543 40.
284 2510 337 2543 40.
365 2528 401 2534 -
437 2512 557 2543 cadens
584 2513 609 2544 C
642 2530 678 2536 —
716 2514 876 2545 inuocant
904 2522 995 2545 corr.
1022 2522 1065 2545 ex
1092 2513 1229 2544 inuocat:
1257 2513 1301 2550 Β;
1334 2516 1458 2544 uocant
1492 2514 1615 2545 Festus
1640 2514 1675 2545 et
1698 2513 1846 2546 Probus.
1875 2533 1911 2538 —

136 2559 168 2593 4.
194 2561 289 2603 nutu]
314 2565 406 2593 motu
428 2561 457 2594 ⁵21
485 2579 520 2586 —
554 2563 585 2594 5.
610 2566 646 2594 ut
668 2563 754 2595 idem
777 2564 811 2595 in
835 2572 904 2595 ras.
931 2566 959 2596 A
985 2582 1021 2587 —
1053 2564 1084 2595 7.
1110 2562 1210 2603 haud]
1236 2566 1297 2595 aut
1319 2564 1357 2595 B¹
1385 2581 1419 2586 —
1447 2562 1477 2595 8.
1507 2564 1570 2603 Qui
1593 2565 1680 2595 enim
1704 2563 1911 2596 Lambinus:

138 2612 218 2651 quid
243 2612 329 2643 enim
359 2611 439 2645 210.
473 2611 523 2644 Cf.
550 2612 687 2654 Madvig
711 2614 836 2655 Opuse
863 2613 971 2645 Acad.
997 2614 1024 2645 Il
1049 2622 1083 2654 p.
1109 2613 1171 2645 265
1197 2613 1278 2645 adn.
1308 2631 1343 2635 —
1375 2614 1427 2644 44.
1453 2614 1569 2644 saeclis
1591 2614 1680 2644 AB:
1707 2614 1800 2645 seclis
1823 2614 1912 2654 CE,

136 2662 250 2693 seculis
273 2663 297 2694 Ο
317 2678 353 2685 -
380 2665 550 2701 aetateque
575 2659 614 2694 C¹
633 2681 668 2686 —
692 2664 873 2695 inveterari
897 2663 974 2695 cod.
1003 2662 1264 2703 Glogaviensis:
1296 2663 1483 2695 inueterare
1506 2661 1559 2699 ‘lh
1587 2662 1650 2695 sed
1675 2664 1756 2696 vide
1781 2664 1915 2696 Schoe-

136 2719 307 2744 mannum
330 2713 419 2744 Diss.
444 2712 487 2744 Vl
511 2721 545 2753 p.
573 2712 624 2744 43.
655 2731 689 2736 —
717 2714 769 2745 ⁴15.
795 2714 936 2745 condam
961 2714 984 2744 C
1011 2731 1047 2736 —
1077 2717 1159 2753 apul
1182 2715 1205 2745 A
1222 2714 1245 2744 B
1262 2714 1286 2744 E
1315 2730 1350 2735 -—
1379 2713 1542 2752 opinionis
1566 2714 1590 2744 C
1608 2712 1654 2743 E:
1682 2714 1850 2754 opinione,
1877 2715 1916 2746 ut

137 2762 277 2794 videtur
300 2763 334 2794 in
359 2762 435 2794 loco
461 2762 623 2801 omniuo,
650 2765 695 2801 Α;
721 2765 872 2803 opinione
897 2764 1086 2805 (superscr.
1105 2762 1138 2803 u)
1164 2764 1212 2801 B;
1241 2763 1440 2803 opinionum
1464 2763 1489 2794 Ο
1515 2779 1550 2784 -
1578 2762 1630 2794 48.
1657 2772 1697 2795 ne
1719 2772 1801 2795 casu
1822 2766 1850 2796 A
1877 2782 1913 2788 —

139 2812 192 2844 49.
209 2816 240 2844 et
258 2811 308 2845 ⁵21:
336 2822 406 2845 om.
426 2814 463 2846 O.
488 2813 566 2845 Vid.
585 2814 722 2854 Madvig
738 2815 783 2846 ad
801 2815 871 2847 Cic.
892 2814 936 2846 de
956 2815 1026 2846 Fin.
1046 2823 1079 2855 p.
1099 2813 1176 2846 804.
1193 2831 1227 2835 —
1243 2816 1433 2853 praesentes
1448 2814 1498 2844 A:
1524 2814 1752 2853 praesentiam
1768 2814 1791 2845 B
1808 2814 1832 2846 C
1850 2814 1875 2846 E
1890 2814 1916 2845 O

139 2860 185 2900 (ὶῒι
203 2863 237 2894 in
260 2871 329 2895 ras.
347 2864 383 2902 B)
413 2880 448 2885 --
475 2863 523 2894 ἀίί
542 2864 586 2894 ui’
614 2864 657 2904 (in
683 2872 752 2896 ras.
772 2873 818 2896 m.
845 2874 917 2897 sec.
938 2864 1047 2896 multo
1072 2864 1281 2904 recentiore)
1307 2865 1355 2896 A:
1385 2864 1453 2895 divi
1476 2863 1546 2895 vim
1568 2862 1647 2900 alii;
1675 2863 1746 2894 diui
1768 2863 1793 2895 B
1809 2863 1832 2895 C
1850 2863 1875 2894 E
1891 2863 1916 2894 O

141 2927 176 2932 ——
201 2914 240 2943 ut
267 2915 313 2944 esc
341 2913 432 2952 apud
462 2913 485 2944 C
502 2913 526 2944 E
559 2930 594 2936 -—
627 2918 709 2953 apul
738 2916 802 2946 AB
830 2933 865 2938 —
891 2915 944 2946 20.
971 2923 1045 2946 cum
1068 2914 1120 2955 Α,]
1145 2923 1234 2946 cuna
1257 2916 1302 2952 A;
1338 2922 1412 2945 cum
1438 2914 1555 2954 (erasa
1581 2915 1659 2954 post
1682 2922 1715 2944 m
1738 2912 1868 2953 littera)
1892 2913 1916 2944 B

142 2975 176 2982 —
203 2962 364 2994 mammio
399 2963 527 3000 ABC;
563 2960 714 2995 memmio
741 2964 766 2995 E
799 2983 834 2987 -
866 2965 920 2996 2¹.
944 2966 1075 3005 praelio
1105 2966 1131 2996 A
1148 2966 1171 2996 C
1188 2965 1212 2995 E
1247 2982 1281 2987 -—
1318 2963 1445 3005 nostra]
1469 2972 1511 2995 no
1542 2964 1576 2995 in
1600 2972 1669 2996 ras.
1696 2962 1804 2995 habet
1827 2965 1854 2995 Α
1880 2979 1915 2985 -—

140 3009 193 3042 22.
218 3019 344 3050 persem
368 3009 419 3044 a:
445 3013 561 3044 Persen
585 3014 611 3045 Ο
637 3031 674 3037 -
700 3015 753 3046 23.
780 3016 1027 3048 nunciauerunt
1042 3016 1066 3047 B
1087 3033 1122 3037 —
1149 3014 1197 3055 I’.]
1219 3014 1375 3055 publilius
1397 3016 1421 3045 Α
1438 3014 1462 3045 Β
1480 3016 1487 3053 4
1507 3013 1641 3054 publius
1658 3014 1682 3046 C
1704 3031 1738 3036 —
1764 3013 1922 3046 uatienus

139 3057 170 3092 ‘R
196 3077 230 3083 -
255 3060 309 3092 24.
336 3061 435 3101 albis,
470 3062 546 3103 syll.
573 3063 620 3094 bis
650 3064 683 3095 in
713 3073 797 3103 ras.,
831 3067 857 3097 A
884 3083 918 3087 -—
953 3066 1006 3097 25.
1029 3074 1159 3105 per-sem
1185 3065 1230 3096 E:
1263 3072 1357 3103 perse
1381 3064 1469 3102 AB;
1493 3073 1611 3104 persen
1636 3064 1700 3096 CO
1728 3082 1762 3086 —
1790 3063 1919 3096 senatui

139 3111 296 3141 nuntiam
318 3114 363 3142 sel
385 3112 494 3151 primo
518 3114 561 3150 Α;
589 3114 716 3144 senatui
739 3115 985 3147 nunciauissenl
1004 3116 1114 3155 primo
1140 3114 1213 3154 (litt.
1230 3124 1251 3145 n
1269 3115 1352 3145 ante
1377 3117 1388 3145 l
1413 3114 1602 3154 expuncta)
1620 3115 1661 3152 133
1688 3114 1816 3145 senalui
1831 3122 1919 3144 nun-

141 3160 251 3192 tiasset
271 3161 380 3200 primo
405 3162 454 3199 C;
481 3163 609 3193 senatui
631 3164 852 3196 nunciauissel
871 3165 984 3204 primo
1008 3166 1055 3203 E;
1082 3165 1276 3203 senatuique
1298 3164 1531 3203 nuntiavisset,
1553 3166 1665 3204 primo
1690 3163 1767 3195 cod.
1795 3162 1919 3202 Gloga-

142 3209 283 3241 viensis.
313 3227 348 3232 —
374 3210 428 3242 26.
454 3218 502 3242 re.
526 3210 562 3251 ᾗ.
588 3214 614 3243 Α
642 3230 676 3235 -
704 3222 725 3243 a
749 3222 826 3254 sup.
854 3213 912 3245 lin.
938 3217 983 3252 Α;
1011 3223 1081 3246 om.
1109 3215 1133 3245 E
1162 3232 1196 3236 —
1222 3214 1275 3244 27.
1303 3222 1325 3243 a
1349 3221 1426 3254 sup.
1453 3212 1511 3245 lin.
1530 3214 1553 3245 B
1581 3230 1616 3236 —
1648 3213 1701 3246 28.
1728 3212 1921 3244 crotoniatis

142 3258 183 3289 Αἱ
211 3274 244 3282 -—
273 3259 354 3299 post
376 3259 459 3292 locri
482 3269 643 3293 rasuram
667 3263 771 3294 unius
795 3262 851 3295 vel
876 3263 1026 3295 duarum
1050 3263 1247 3296 litterarum
1270 3262 1380 3295 habet
1401 3264 1430 3295 A
1457 3280 1492 3286 —-
1519 3263 1573 3296 29.
1594 3263 1726 3304 praelio
1749 3263 1813 3295 AB
1829 3262 1853 3294 C
1883 3278 1918 3284 —

144 3306 197 3340 30.
222 3308 329 3350 olvpie
351 3310 398 3349 A;
423 3309 563 3352 olympio
585 3311 634 3350 B;
660 3311 814 3353 olimpiae
838 3313 887 3352 C;
913 3313 1045 3354 olimpie
1067 3312 1106 3345 E.
