2249 3624
363 153 407 196 24
419 156 444 196 8
796 158 1225 198 TUSCULANARUM
1255 158 1689 200 DISPUTATIONUM

362 277 407 303 se
437 264 676 317 pertinere?
706 264 815 316 Ergo
846 264 1017 304 arbores
1048 269 1158 304 seret
1189 264 1364 317 diligens
1396 265 1594 317 agricola,
1628 279 1804 318 quarum
1839 266 2016 319 aspiciet
2051 267 2121 306 ba-

363 339 451 365 cam
479 326 569 379 ipse
590 339 839 379 numquam:
871 327 934 366 vir
955 320 1277 379 magnus‘leges,
1307 327 1509 373 instituta,
1540 340 1626 366 rem
1648 327 1855 379 publicam
1877 342 1961 367 non
1983 331 2121 368 seret?

365 387 474 436 Quid
515 388 749 441 procreatio
791 388 1037 435 liberorum,
1079 389 1178 441 quid
1222 389 1465 442 propagatio
1502 390 1704 436 nominis,
1743 390 1843 442 quid
1876 391 2123 443 adoptiones

363 446 556 496 filiorum,
588 449 689 502 quid
719 455 1061 489 testamentorum
1093 451 1324 502 diligentia,
1357 452 1456 504 quid
1489 452 1580 503 ipsa
1611 451 1927 503 sepulchrorum
1963 450 2125 505 [monu-

331 508 517 563 5menta]
556 512 694 563 elogia
724 510 956 564 significant
986 513 1065 551 nisi
1096 525 1172 551 nos
1201 512 1339 552 futura
1369 513 1489 553 etiam
1512 513 1725 564 cogitare?
1766 511 1831 552 32.
1857 513 1967 561 Quid
1994 514 2126 554 iilud?

362 586 459 611 num
501 573 662 613 dubitas
701 574 802 626 quin
840 574 1052 627 specimen
1084 580 1255 614 naturae
1287 576 1378 627 capi
1410 575 1554 615 deceat
1585 589 1638 614 ex
1669 575 1825 627 optima
1858 589 2024 629 quaque
2055 590 2129 616 na-

362 637 482 674 tura?
525 635 642 683 Quae
683 641 745 675 est
780 635 927 676 melior
966 637 1091 688 igitur
1128 637 1168 675 in
1207 637 1421 676 hominum
1455 651 1607 689 genere
1638 643 1783 677 natura
1814 651 1939 691 quam
1972 652 2128 685 eorum,

362 697 432 748 qui
465 711 507 736 se
539 703 658 737 natos
689 698 739 737 ad
770 698 959 738 homines
991 699 1216 745 iuvandos,
1256 700 1472 746 tutandos,
1506 700 1814 739 conservandos
1845 700 2128 742 arbitrantur?

361 759 474 799 Abiit
493 759 543 799 ad
569 761 670 800 deos
696 761 919 800 Hercules:
952 775 1179 815 numquam
1201 761 1374 809 abisset,
1406 762 1507 809 nisi,
1541 775 1634 801 cum
1658 762 1766 801 inter
1787 762 1978 804 homines
2002 770 2126 813 esset,

311 831 346 860 io
362 834 453 860 eam
484 822 565 862 sibi
595 823 704 862 viam
736 823 993 863 munivisset.

472 884 561 923 XV,
601 885 750 924 Vetera
779 885 861 924 iam
893 885 971 925 ista
1003 891 1042 926 et
1076 886 1278 938 religione
1311 887 1497 926 omnium
1531 892 1789 925 consecrata.
1837 887 1946 934 Quid
1978 888 2019 927 in
2051 888 2128 928 hac

361 959 404 985 re
436 946 602 998 publica
632 952 695 986 tot
724 952 946 1001 tantosque
977 949 1087 988 viros
1120 949 1172 987 ob
1204 962 1289 988 rein
1321 949 1528 1001 publicam
1561 947 1803 987 interfectos
1834 950 2037 1001 cogitasse
2068 963 2131 989 ar-

361 1008 588 1047 bitramur?
608 1009 796 1049 isdemne
821 1016 866 1050 ut
886 1008 1039 1050 finibus
1061 1025 1211 1050 nomen
1236 1025 1354 1050 suum
1379 1011 1530 1064 quibus
1553 1010 1637 1049 vita
1659 1011 1978 1050 terminaretur?
2000 1014 2130 1052 Nemo

361 1083 558 1123 umquam
590 1072 678 1110 sine
711 1085 862 1124 magna
894 1086 966 1126 spe
997 1073 1302 1112 inmortalitatis
1335 1087 1377 1112 se
1410 1086 1486 1125 pro
1519 1072 1647 1125 patria
1672 1072 1840 1111 offerret
1870 1073 1921 1112 ad
1944 1080 2131 1114 mortem.

311 1141 346 1169 45
362 1129 426 1171 33.
471 1133 606 1172 Licuit
648 1147 740 1173 esse
779 1135 914 1174 otioso
957 1135 1250 1181 Themistocli,
1298 1135 1417 1174 licuit
1455 1134 1788 1187 Epaminondae,
1831 1134 1969 1182 licuit,
2011 1151 2062 1176 ne
2095 1142 2135 1176 et

361 1201 501 1236 vetera
532 1201 572 1235 et
602 1202 775 1236 externa
806 1209 1021 1249 quaeram,
1054 1196 1179 1244 mihi;
1213 1197 1284 1236 sed
1308 1197 1450 1236 nescio
1483 1210 1566 1249 quo
1599 1198 1723 1236 modo
1746 1197 1936 1237 inhaeret
1955 1199 1997 1238 in
2019 1212 2135 1239 men-

361 1259 468 1298 tibus
501 1260 621 1312 quasi
652 1259 885 1298 saeclorum
918 1259 1129 1312 quoddam
1165 1260 1387 1310 augurium
1420 1259 1678 1305 futurorum,
1711 1259 1840 1312 idque
1872 1260 1914 1299 in
1944 1262 2135 1301 maximis

361 1321 543 1373 ingeniis
582 1321 882 1374 altissimisque
923 1322 1074 1361 animis
1115 1328 1155 1361 et
1195 1323 1359 1361 exsistit
1402 1321 1582 1360 maxime
1629 1326 1668 1360 et
1707 1327 1881 1373 apparet
1921 1322 2134 1363 facillime.

362 1383 457 1430 Quo
498 1383 667 1436 quidem
709 1384 878 1436 dempto
919 1385 1012 1437 quis
1049 1390 1129 1423 tani
1162 1388 1272 1423 esset
1303 1396 1445 1422 amens
1478 1383 1550 1436 qui
1582 1396 1748 1435 semper
1778 1383 1820 1422 in
1851 1383 2064 1424 laboribus
2096 1390 2137 1424 et

311 1446 561 1498 aopericulis
584 1446 775 1485 viveret?
835 1443 899 1484 34.
931 1448 1101 1500 Loquor
1132 1445 1182 1485 de
1214 1445 1496 1499 principibus:
1530 1445 1631 1499 quid
1659 1448 1838 1498 poetae?
1871 1459 2008 1486 nonne
2040 1450 2137 1499 post

362 1513 538 1548 mortem
569 1508 781 1548 nobilitari
816 1508 995 1548 volunt?
1041 1509 1158 1549 Unde
1191 1522 1289 1561 ergo
1322 1509 1454 1548 illud?

530 1571 786 1623 Aspicite,
818 1584 842 1610 o
875 1571 1038 1619 cives,
1071 1572 1211 1611 senis
1244 1571 1374 1610 Enni
1407 1572 1658 1624 imaginis
1690 1571 1924 1610 formam.

585 1634 685 1672 Hic
717 1638 949 1673 vestrum
985 1635 1169 1687 panxit
1201 1635 1422 1673 maxima
1453 1633 1587 1673 facta
1619 1640 1839 1686 patrum.

362 1697 597 1736 Mercedem
620 1696 779 1748 gloriae
802 1694 962 1749 flagitat
982 1697 1032 1736 ab
1055 1697 1126 1743 iis,
1151 1710 1329 1750 quorum
1353 1701 1490 1748 patres
1514 1696 1723 1735 adfecerat
1747 1696 1893 1748 gloria,
1915 1696 2133 1749 idemque:

311 1765 348 1794 25
530 1760 688 1798 Nemo
721 1772 791 1797 me
824 1759 1058 1798 lacrimis
1089 1760 1295 1798 decoret
1325 1772 1412 1797 nec
1438 1760 1628 1811 funcra
1654 1760 1786 1811 fletu

586 1822 751 1861 Faoeit.
785 1824 902 1860 cur?
937 1821 1108 1861 volito
1142 1822 1293 1860 vivos
1325 1835 1418 1873 per
1451 1834 1541 1860 ora
1574 1822 1757 1860 virum.

364 1883 444 1925 Sed
477 1885 576 1938 quid
603 1886 773 1938 poetas?
806 1884 975 1937 opifices
1004 1889 1095 1937 post
1123 1889 1297 1923 mortem
1326 1883 1540 1922 nobilitari
1568 1883 1725 1923 volunt.
1774 1883 1886 1931 Quid
1912 1883 2020 1922 enim
2045 1882 2138 1921 Phi-

362 1947 452 1987 dias
475 1947 537 1987 sui
562 1947 738 1986 similem
763 1947 944 1999 speciem
968 1946 1138 1986 inclusit
1159 1947 1201 1985 in
1224 1947 1372 1999 clupeo
1390 1945 1614 1993 Minervae,
1638 1959 1728 1985 cum
1752 1945 1982 1985 inscribere
2000 1957 2140 1983 nomen

363 2092 424 2122 que
453 2084 532 2113 mihi
562 2082 635 2113 libet
666 2083 877 2120 exclwnwe,
911 2085 945 2112 ut
972 2083 1001 2111 in
1029 2082 1242 2121 Synephebis,
1275 2084 1331 2112 aut
1367 2081 1416 2111 ille
1447 2082 1526 2110 ante
1553 2081 1585 2110 in
1614 2082 1671 2110 aut
1700 2082 1745 2110 est
1778 2079 1949 2111 excidisse
1981 2079 2136 2111 videtur:

363 2135 425 2166 nisi
452 2134 538 2164 torte
565 2134 687 2164 Cicero
712 2141 752 2162 ex
779 2133 971 2162 melaniam
996 2132 1117 2163 ‹lurius
1150 2131 1288 2170 intelligi
1315 2130 1421 2161 voluit
1447 2131 1669 2161 manniatur.
1709 2131 1827 2160 Latine
1853 2129 1919 2159 dici
1945 2130 2051 2168 inquit
2077 2140 2138 2171 pro

359 2184 467 2222 inquit
491 2183 629 2221 aliquis,
665 2183 769 2220 inquit
798 2183 1012 2213 adversarius
1038 2184 1083 2218 {ut
1110 2182 1127 2221 ἕ
1153 2182 1208 2219 93)
1236 2181 1326 2211 aliud
1352 2183 1414 2211 est.
1456 2179 1545 2210 itaci.
1575 2180 1592 2220 ξ,
1618 2180 1657 2210 98
1686 2179 1885 2210 subiectum
1912 2178 2008 2210 verbi
2036 2180 2139 2219 inquit

364 2243 406 2265 ex
439 2233 557 2265 mitiles
584 2233 721 2273 ylariosi
751 2232 849 2263 facile
882 2231 1100 2271 intelligitur:
1140 2241 1171 2271 p.
1207 2232 1293 2262 Sest.
1323 2232 1339 2270 g
1372 2231 1427 2261 102
1461 2231 1565 2268 inquis
1597 2231 1671 2260 sine
1699 2229 1858 2260 subiecto
1895 2231 2046 2270 positum
2073 2234 2137 2268 est,

364 2283 463 2324 quasi
489 2281 738 2323 praecederet:
768 2292 787 2313 α
816 2284 939 2321 poeta
971 2282 1137 2312 verissime
1166 2283 1286 2312 (tiorum
1314 2284 1392 2311 estc»
1420 2282 1472 2312 W.
1512 2281 1573 2311 Alii
1600 2290 1666 2311 non
1694 2281 1808 2311 minus
1834 2280 1923 2311 bene
1950 2280 2139 2321 suppleve-

365 2335 445 2365 runt
467 2337 503 2364 ιιιι
526 2333 574 2364 ait
603 2333 761 2363 Statius
788 2334 822 2364 in
854 2333 906 2363 152:
941 2332 983 2363 ct.
1012 2333 1096 2363 Cato
1123 2333 1163 2362 M<
1194 2335 1210 2371 3·
1240 2331 1289 2362 24.
1321 2349 1355 2352 -
1384 2331 1415 2360 in
1440 2332 1507 2361 sine
1529 2330 1638 2369 phebis
1663 2331 1744 2361 GR:
1772 2331 1805 2360 in
1829 2331 2026 2370 sinephoebis
2051 2333 2073 2363 B
2102 2350 2137 2354 —

363 2384 394 2414 2.
422 2392 486 2413 non
509 2381 601 2422 seret]
632 2386 776 2413 conseret
802 2384 825 2413 C
864 2401 895 2404 -
934 2382 962 2412 3.
992 2383 1148 2421 progyalio
1174 2382 1196 2412 R
1233 2399 1260 2402 —
1303 2381 1332 2412 li.
1361 2385 1571 2411 nionuiiecnla
1599 2381 1705 2419 elogyia
1733 2382 1775 2411 tl·-
1809 2386 2036 2421 monumenta,
2063 2384 2141 2421 quid

363 2434 470 2474 elogia
491 2433 526 2463 Ο.
557 2435 782 2472 (monumenta
810 2432 943 2471 primus
976 2431 1117 2462 seclusit
1142 2431 1365 2470 Tregderus)
1395 2448 1428 2451 —
1463 2430 1508 2461 ti,
1537 2432 1633 2469 offert
1654 2431 1744 2460 Bake
1770 2429 1789 2460 l.
1811 2429 1831 2462 l.
1859 2440 1893 2472 p.
1914 2432 1966 2469 76,
1994 2432 2054 2463 sed
2074 2433 2142 2464 sine

364 2493 488 2524 magna
520 2492 574 2522 spe
598 2485 651 2513 est
680 2482 773 2513 iden]
801 2482 894 2522 quod
921 2482 981 2512 nisi
1010 2490 1134 2520 magma
1159 2490 1230 2520 spes
1253 2485 1340 2511 esset.
1378 2498 1410 2502 -—
1457 2482 1503 2510 tii.
1532 2481 1566 2510 m
1598 2488 1774 2519 superscr.
1803 2481 1879 2511 ead.
1909 2489 1954 2512 m.
1984 2482 2016 2513 in
2051 2483 2074 2512 G
2105 2500 2138 2505 —-

367 2534 615 2565 wtseculorwn
640 2533 664 2563 O
688 2549 720 2553 -
752 2533 802 2562 49.
831 2532 917 2570 quod
941 2533 964 2561 G
981 2532 1003 2562 n
1034 2531 1105 2561 scd
1132 2532 1162 2561 in
1190 2532 1211 2560 G
1240 2530 1351 2562 littera
1374 2531 1393 2559 (1
1419 2532 1547 2570 puncto
1575 2532 1687 2560 notata
1708 2530 1769 2568 est)
1798 2547 1830 2551 -
1860 2531 1912 2561 ΞΟ.
1940 2532 2025 2569 quod
2050 2540 2140 2563 corr.

366 2583 399 2613 in
416 2583 494 2623 quid
512 2584 535 2613 G
556 2599 588 2604 -
620 2582 670 2613 23.
689 2583 800 2620 pinxit
818 2582 842 2613 C
865 2598 897 2602 —
927 2581 978 2612 ⁵22.
999 2581 1039 2611 ab
1063 2581 1110 2610 his
1129 2582 1152 2611 t:
1175 2598 1208 2602 —
1240 2582 1288 2611 23
1315 2582 1441 2611 decoret
1458 2599 1474 2603 -
1488 2599 1504 2602 -
1521 2580 1609 2619 fiiri!
1628 2589 1696 2610 oni.
1718 2580 1754 2610 C.
1784 2581 1908 2611 “Miror
1925 2581 2140 2621 Tregderum

366 2632 516 2663 duorum
549 2632 651 2663 codd.
679 2632 875 2662 auctoritati
909 2632 1043 2661 tantuin
1077 2630 1258 2664 tribuisse,
1294 2632 1329 2660 ut
1362 2631 1393 2661 in
1420 2630 1545 2661 inediis
1571 2630 1667 2660 Ennii
1693 2629 1857 2660 versibus
1882 2630 1990 2661 verba
2016 2632 2143 2662 decoret

366 2691 422 2712 nec
446 2682 566 2720 funera
587 2683 666 2721 fletu
688 2682 777 2720 saucit
802 2682 990 2712 omitteret.
1026 2682 1146 2719 Neque
1173 2689 1256 2710 vero
1283 2681 1405 2710 Cicero
1432 2688 1599 2719 uniquam
1625 2679 1674 2709 sic
1694 2679 1828 2709 medios
1846 2688 1971 2711 versus
1990 2680 2139 2716 niutilat;

368 2731 409 2762 cf,
439 2730 607 2762 Einendd.
636 2732 719 2771 Epp,
748 2740 779 2771 p.
808 2731 838 2761 3.
885 2732 1007 2761 Mirum
1034 2731 1137 2761 etiam
1164 2730 1191 2760 si
1219 2730 1412 2768 posteriore
1439 2729 1514 2760 lot-0
1542 2728 1570 2767 ’,ξ
1602 2729 1668 2758 117.
1696 2728 1738 2758 cf.
1768 2730 1840 2759 (lat.
1869 2730 1911 2760 M.
1938 2729 1956 2769 g
1982 2730 2032 2767 73)
2059 2738 2143 2760 sen-

368 2781 513 2810 tentiani
538 2780 653 2819 (Nemo
670 2799 715 2803 --
734 2781 835 2821 faxis)
860 2779 1027 2816 absolvit,
1064 2780 1179 2820 priore
1207 2781 1398 2819 interrupit.
1440 2779 1498 2818 <De
1526 2778 1642 2818 pravis
1667 2777 1745 2808 cod.
1773 2778 1866 2817 Regii
1891 2778 2142 2810 omissionibus

368 2829 410 2861 cf.
439 2829 478 2869 §g
506 2830 554 2860 16.
581 2830 633 2860 ⁶20.
660 2832 699 2869 ΙΙ,
719 2831 749 2862 7.
777 2832 831 2867 lli,
858 2832 904 2861 13.
926 2829 1003 2868 al.)»
1029 2830 1083 2860 W.
1108 2848 1141 2850 —
1172 2830 1221 2860 27.
1245 2829 1370 2869 poetas]
1393 2832 1494 2868 putas
1517 2829 1540 2858 <J
1571 2845 1603 2849 -
1634 2828 1683 2858 28.
1704 2837 1819 2858 nomen
1845 2828 2042 2859 Ernestius:
2070 2836 2140 2859 om.

369 2880 444 2910 CO.
475 2879 627 2910 «Excidit
652 2881 684 2910 in
710 2880 923 2920 Archetypo,
954 2882 987 2909 ut
1012 2878 1075 2910 alia
1103 2878 1222 2912 multa,
1250 2880 1299 2909 sic
1326 2880 1358 2909 ll.
1380 2878 1399 2909 l.
1420 2881 1498 2908 ante
1521 2887 1581 2908 non
1601 2878 1686 2912 sive,
1713 2880 1750 2908 ut
1769 2878 1925 2909 Ernestio
1942 2878 2056 2908 visum
2075 2879 2140 2914 est,

368 2937 482 2959 nomen
518 2929 590 2959 sive
621 2938 736 2960 nomen
768 2938 872 2959 suum.
915 2930 951 2961 Ut
977 2929 1070 2959 enini
1096 2929 1270 2960 inscribere
1294 2928 1453 2960 absolute
1480 2929 1563 2967 (eine
1586 2928 1764 2967 Aufsclirift
1788 2927 1984 2967 anbrinyen)
2009 2935 2141 2967 ponere

370 2978 520 3013 licuerit,
549 2978 640 3017 quod
668 2980 750 3010 inihi
776 2979 919 3019 quidem
946 2978 1092 3009 dubium
1111 2981 1175 3014 est,
1202 2981 1320 3009 tamen
1344 2979 1377 3009 li.
1397 2978 1432 3012 1.,
1460 2978 1541 3017 quid
1570 2977 1762 3009 inscribere
1788 2987 1856 3009 non
1881 2976 2046 3015 licuisset,
2074 2977 2141 3008 dici

371 3037 516 3060 necesse
543 3028 603 3058 suit
628 3029 718 3067 (nani
745 3031 886 3068 praeter
908 3038 1026 3059 nomen
1051 3028 1192 3059 artificis
1211 3027 1272 3058 alia
1294 3036 1434 3067 quoque
1462 3026 1602 3057 inscribi
1627 3029 1846 3067 potuerunt),
1873 3034 1954 3057 cum
1978 3035 2142 3066 praeser-

369 3080 432 3110 tim
457 3078 507 3108 sui
530 3078 669 3108 similem
692 3078 828 3116 speciem
853 3078 1067 3118 requireret,
1106 3078 1200 3116 quod
1225 3080 1302 3117 (per
1327 3078 1537 3119 chiasmuin)
1569 3086 1609 3108 ex
1636 3079 1809 3108 contrario
1836 3078 2058 3117 poneretur.»
2086 3077 2138 3107 W.

372 3130 407 3160 ln
435 3128 622 3159 novissima
650 3127 800 3158 editione
834 3127 986 3159 Klotzius
1011 3128 1172 3159 codicum
1206 3127 1391 3158 lectionem
1419 3127 1575 3157 defendit
1600 3128 1722 3157 usitata
1750 3126 1895 3157 formula
1920 3129 2065 3156 statuam
2089 3126 2142 3155 in-

371 3178 511 3215 scribere
536 3178 707 3217 (Accusat.
726 3178 754 3208 11
780 3177 797 3217 ξ,
824 3178 897 3219 467)
923 3181 1027 3218 atque
1054 3178 1260 3217 cogitatione
1286 3176 1437 3206 adsumit
1459 3176 1648 3206 Minervam
1667 3175 1720 3206 vel
1745 3176 1858 3215 potius
1878 3176 2051 3206 Minervae
2069 3175 2143 3206 sta-

375 3231 483 3260 tuam.
511 3227 579 3259 Sed
605 3237 681 3268 quis
709 3229 915 3259 Ciceronem
946 3228 1067 3259 credat
1092 3229 1178 3259 intra
1206 3227 1437 3267 paucissimos
1461 3234 1585 3257 versus
1612 3226 1668 3263 (cf,
1690 3236 1723 3266 p.
1750 3226 1824 3262 ⁶2⁴9,
1845 3223 1874 3263 Ξ)
1900 3226 1933 3256 in
1958 3224 2068 3256 verbo
2092 3225 2145 3255 in-

372 3278 512 3310 scribere
528 3280 599 3309 tam
618 3278 794 3309 diversam
816 3280 1029 3310 structuram
1056 3277 1283 3309 adhibuisse?
1309 3276 1358 3308 uf.
1379 3276 1489 3316 Bergk
1512 3276 1663 3307 Zeitschr.
1680 3276 1704 3315 f.
1723 3274 1891 3307 Allerthw.
1912 3274 1993 3306 4847
2017 3283 2049 3314 p.
2067 3274 2141 3305 255.
