2249 3624
634 158 721 198 Lm.
753 159 819 198 lv.
863 158 958 198 CAP.
991 158 1195 198 x—xll.
1235 156 1262 211 §
1326 155 1517 197 ί,ξ’-627.
1877 149 1949 193 311

307 265 378 305 XI.
409 264 543 309 Haec,
576 276 681 316 qnae
712 263 828 309 dieo,
861 264 1115 315 cogitatione
1146 264 1253 303 inter
1284 278 1327 302 se
1359 264 1577 310 differunt,
1609 277 1652 303 re
1687 261 1856 316 quidem
1889 274 1958 302 co-

195 328 335 383 pulata
378 332 492 373 sunt,
532 338 664 378 eaque
706 326 898 365 oriuntur
937 339 986 365 ex
1028 326 1199 365 libidine
1241 331 1278 365 ct
1322 340 1372 365 ex
1413 326 1583 366 laetitia.
1638 327 1740 365 Nam
1773 338 1864 363 cum
1898 330 1960 363 est

194 389 412 442 concupita
453 389 629 442 pecunia
670 402 744 427 nec
776 388 958 427 adhibita
991 390 1188 428 continuo
1222 390 1323 428 ratio
1355 389 1475 441 quasi
1508 388 1712 441 quaedam
1746 386 1958 426 Socratica

194 452 418 496 medicina,
451 463 556 504 quae
589 457 751 490 sanaret
784 464 872 489 eam
906 450 1193 503 ‹nipi‹litat‹nn‚
1228 457 1439 504 permanat
1473 451 1511 489 in
1542 464 1666 490 venas
1699 455 1739 490 et
1771 449 1960 489 inhaeret

193 516 234 555 in
265 512 492 553 visceribus
531 512 631 552 illud
665 513 817 551 malum
862 513 1109 565 exsistitqne
1144 513 1312 551 morbus
1345 519 1381 552 et
1415 514 1662 563 aegrotatio,
1695 527 1803 568 qnae
1835 512 1990 552 evellis

193 577 422 616 inveterata
455 588 536 613 non
572 580 765 627 possunt,
798 574 922 626 eique
956 574 1099 612 morbo
1134 588 1284 613 nomen
1319 582 1379 614 est
1411 576 1596 614 avaritia.
1648 573 1714 615 ΞΥ).
1740 576 1960 615 Similiter-

193 650 274 692 que
306 637 432 676 ceteri
464 637 617 683 morbi,
661 642 701 675 ut
734 636 892 687 gloriae
925 637 1150 689 cupiditas,
1186 642 1228 675 ut
1262 638 1559 683 mulierositas,
1593 644 1633 677 ut
1666 639 1719 677 ita
1752 637 1958 690 appellem

193 713 303 745 eam,
336 712 442 752 quae
474 698 631 738 Graece
664 702 895 750 (szloymvtu
929 698 1100 743 dicitnr,
1136 699 1350 751 ceterique
1383 699 1574 738 similiter
1607 700 1737 739 morbi
1771 704 1960 752 aegrota-

193 763 411 814 tionesque
444 766 680 799 nascnntur.
730 761 847 809 Quae
880 766 1016 799 autem
1050 767 1146 800 sunt
1174 761 1238 800 his
1272 762 1496 808 contraria,
1539 775 1584 801 ea
1619 763 1729 801 nasci
1762 768 1962 815 putantur

193 837 215 864 a
248 830 379 868 metu,
422 828 467 862 nt
496 822 637 861 odium
671 823 912 867 mulierum,
953 822 1074 875 quale
1109 825 1146 862 in
1179 823 1399 875 ,ineos-wire>
1432 824 1528 862 Atili
1563 830 1644 871 est,
1679 831 1722 863 ut
1756 825 1795 863 in
1828 823 2010 863 homi-to

194 900 290 926 num
331 884 572 924 universum
610 898 764 937 genus,
809 884 921 938 quod
959 886 1195 938 accepimns
1228 886 1277 924 (le
1310 887 1508 933 Timone,
1550 888 1619 939 qui
1649 884 1960 939 μισάνθρωπος

193 947 448 1001 appellatur,
493 952 537 986 ut
577 947 886 1000 inhospitalitas
927 953 1010 986 est:
1058 961 1165 1001 quae
1207 962 1348 988 omnes
1389 949 1698 999 aegrotationes
1740 950 1868 989 animi
1909 961 1961 988 ex

195 1010 373 1064 quodam
405 1015 515 1049 metu
548 1016 774 1049 nascuntur
805 1023 945 1049 earum
980 1023 1133 1056 rerum,
1167 1024 1270 1063 quas
1300 1010 1461 1062 fugiunt
1487 1018 1526 1049 et
1548 1010 1738 1051 oderunt.
1783 1010 1850 1051 ⁶26.
1882 1012 1961 1050 De-

194 1072 340 1113 liniunt
379 1078 515 1112 antem
557 1073 681 1112 animi
720 1072 1048 1125 aegrotationem
1083 1073 1366 1125 opinationem
1401 1072 1687 1113 vehementem
1721 1074 1770 1113 de
1804 1088 1847 1114 re
1879 1087 1961 1113 non

193 1136 450 1189 expetenda,
492 1141 700 1188 tamquam
745 1134 864 1173 valde
896 1134 1130 1187 expetenda
1163 1136 1232 1181 sit,
1275 1135 1560 1174 inhaerentem
1594 1141 1634 1174 et
1665 1136 1829 1188 penitus
1861 1136 1962 1175 insi-
1977 1131 2012 1174 ⁴5²

192 1204 288 1239 tam.
335 1198 456 1245 Quod
489 1203 627 1237 autem
659 1197 842 1236 nascitur
874 1211 926 1236 ex
958 1198 1190 1236 offensione
1222 1197 1277 1237 ita
1309 1195 1532 1244 deliniunt,
1564 1197 1806 1250 opinionem
1838 1198 1962 1237 vehe-

194 1265 373 1300 mentem
416 1259 466 1299 (le
506 1273 550 1299 re
590 1273 671 1299 non
714 1257 914 1306 fugienda
954 1260 1238 1299 inhaerentem
1272 1265 1311 1299 et
1352 1260 1517 1313 penitus
1548 1260 1713 1299 insitam
1748 1266 1961 1313 tamquam

192 1322 409 1375 fugienda:
442 1322 545 1361 haec
577 1327 713 1361 antem
746 1321 932 1374 opinatio
966 1329 1027 1361 est
1059 1322 1253 1362 iudicatio
1277 1336 1320 1361 se
1343 1322 1447 1361 scire
1470 1321 1583 1375 quod
1607 1323 1776 1364 nesciat.
1807 1324 1962 1375 Aegro-

191 1384 337 1425 tationi
369 1390 506 1423 antem
529 1384 624 1423 talia
649 1384 850 1436 quaedam
875 1384 1059 1423 subiecta
1084 1390 1199 1424 sunt:
1232 1385 1420 1430 avaritia,
1451 1385 1635 1431 ambitio,
1667 1384 1963 1431 mulierositaS,

196 1446 448 1500 pervicacia,
481 1446 706 1498 ligurritio,
733 1446 982 1493 vinolentia,
1015 1447 1222 1500 cuppedia
1254 1452 1293 1486 et
1324 1448 1356 1486 si
1390 1460 1472 1500 qua
1504 1447 1672 1487 similia.
1722 1448 1795 1486 Est
1824 1452 1962 1486 autem
1977 1457 2013 1485 20

193 1508 365 1548 avaritia
399 1508 585 1561 opinatio
617 1509 842 1548 vehemens
869 1508 918 1547 de
942 1510 1137 1562 pecunia,
1172 1511 1290 1562 quasi
1315 1509 1435 1549 valde
1459 1510 1693 1562 expetenda
1715 1509 1788 1555 sit,
1820 1509 1965 1548 inhae-

196 1586 293 1612 rens
326 1577 365 1611 et
396 1572 563 1624 penitus
595 1571 741 1618 insita,
782 1571 1015 1623 similisque
1057 1578 1119 1611 est
1149 1572 1337 1611 eiusdem
1370 1573 1531 1624 generis
1563 1569 1751 1611 delinitio
1784 1571 1966 1624 reliqua-

195 1649 301 1674 rum.
350 1631 416 1672 97.
450 1634 740 1673 Offensionum
769 1640 906 1673 autem
931 1633 1194 1674 definitiones
1217 1640 1311 1674 sunt
1333 1634 1422 1673 eius
1445 1634 1570 1680 modi,
1594 1639 1638 1673 ut
1659 1632 1965 1685 inhospitalitas

195 1698 248 1737 sit
278 1696 422 1749 opinio
454 1696 678 1735 vehemens
710 1696 830 1735 valde
868 1694 1113 1748 fugiendum
1146 1710 1237 1736 esse
1267 1696 1477 1749 hospitem
1509 1708 1642 1747 eaque
1673 1694 1894 1735 inhaerens
1925 1698 1966 1733 et

198 1760 365 1813 penitus
397 1759 545 1805 insita,
587 1759 864 1811 similiterque
896 1756 1091 1798 delinitur
1122 1766 1161 1798 et
1194 1759 1413 1799 mulierum
1446 1758 1613 1804 odium,
1655 1762 1700 1797 ut
1731 1755 1963 1811 Hippolyti,
1978 1769 2015 1798 25

194 1828 254 1869 et,
287 1827 331 1860 nt
361 1821 568 1867 Timonis,
600 1821 765 1873 generis
794 1821 978 1861 humani.

305 1884 396 1923 Xll.
419 1884 560 1936 Atque
583 1889 628 1922 nt
649 1884 699 1922 ad
724 1883 972 1924 valetudinis
995 1883 1313 1924 similitudinem
1332 1884 1547 1923 veniamus
1569 1895 1702 1936 eaque
1725 1880 1965 1922 conlatione

193 1951 359 1986 utamur
389 1945 630 1998 aliquando,
664 1946 736 1985 sed
770 1946 948 1998 parcius,
981 1960 1105 2000 quam
1138 1947 1274 1986 solent
1307 1947 1448 1993 Stoici,
1481 1951 1527 1985 ut
1556 1950 1653 1985 sunt
1683 1944 1755 1985 alii
1776 1943 1827 1983 ad
1859 1943 1965 1983 alios

193 2008 360 2048 morbos
404 2007 703 2060 procliviores,
746 2010 888 2061 itaque
931 2009 1108 2048 dicimus
1152 2008 1450 2061 gravedinosos
1486 2007 1715 2062 quosdam,
1758 2005 1964 2059 quosdam

193 2070 469 2116 torminosos,
502 2083 585 2109 non
617 2070 716 2123 quia
747 2071 829 2110 iam
861 2071 962 2118 sint,
996 2070 1068 2110 sed
1101 2072 1198 2124 quia
1230 2084 1375 2124 saepe,
1409 2070 1468 2110 sic
1500 2071 1570 2110 alii
1602 2069 1655 2110 ad
1686 2074 1864 2115 metum,
1893 2067 2016 2110 aliiso

195 2131 247 2172 ad
281 2132 405 2172 aliam
435 2132 805 2184 perturbationem.
850 2133 915 2173 Ex
946 2146 1030 2186 quo
1063 2133 1105 2172 in
1136 2133 1228 2173 aliis
1259 2134 1464 2180 anxietas,
1495 2131 1607 2173 unde
1638 2132 1768 2179 anxii,
1799 2131 1843 2171 in
1873 2130 1967 2172 aliis

281 2336 312 2366 2.
339 2344 379 2366 ea
404 2343 488 2374 qnae
512 2334 572 2365 GR
602 2354 633 2358 —
669 2344 711 2365 ec
740 2336 820 2366 ante
851 2335 978 2366 laetitia
1004 2344 1072 2366 om.
1101 2336 1125 2366 Ο
1153 2353 1187 2357 ——
1222 2335 1252 2366 4.
1281 2339 1374 2366 sanet
1397 2335 1422 2366 Ο
1451 2353 1483 2357 -
1520 2336 1550 2366 5.
1578 2335 1705 2366 eoesislit
1729 2335 1784 2374 qui
1809 2334 1871 2365 GR
1897 2334 1970 2373 (que

195 2386 227 2417 iu
253 2394 373 2416 rasura
398 2386 438 2416 Bl
468 2403 501 2407 —
536 2385 628 2416 evelli
653 2385 851 2425 Wopkens:
890 2386 988 2416 auelli
1020 2386 1044 2415 C
1081 2403 1114 2407 —-
1148 2386 1179 2416 6.
1205 2386 1418 2423 similiterque
1435 2402 1481 2407 -—
1498 2385 1659 2425 filoyenea
1688 2384 1809 2414 dicitur
1837 2383 1968 2414 Nonius

194 2445 227 2477 p.
248 2435 320 2467 ⁴402.
352 2452 395 2457 —
418 2434 576 2466 Similiter
600 2443 685 2472 quae
709 2436 733 2465 G
751 2435 772 2465 R
802 2453 836 2456 —
864 2436 882 2465 8
923 2444 962 2465 ea
990 2436 1013 2464 G
1032 2435 1051 2464 R
1070 2431 1104 2465 Βί
1133 2453 1166 2456 —
1194 2434 1399 2477 (μλογυνια
1418 2436 1463 2470 C}
1491 2432 1715 2476 (μλογύνεια
1739 2434 1764 2464 O
1791 2450 1825 2454 —
1853 2433 1970 2464 ceteri·

194 2494 254 2525 que
276 2485 425 2516 similiter
442 2482 525 2523 cet]
554 2484 696 2515 «Cicero
722 2492 802 2514 cum
828 2483 988 2515 scribere
1015 2484 1164 2515 deberet
1188 2487 1247 2515 aut
1271 2485 1493 2523 &militm-quc
1516 2486 1612 2516 ceteri
1637 2483 1758 2520 morbi,
1786 2486 1819 2513 ut
1842 2483 1971 2523 9loriae

193 2535 375 2571 cupiditas,
400 2536 435 2563 ut
451 2551 468 2555 -
483 2551 500 2555 -
519 2534 653 2572 dicitur,
678 2537 873 2572 nascuntur,
900 2536 970 2569 aut.
998 2535 1035 2564 ut
1059 2533 1206 2574 Bentley
1231 2535 1401 2566 correxit:
1435 2530 1657 2574 Similiterque
1680 2534 1777 2565 celeri
1799 2533 1906 2563 morbi
1921 2550 1971 2555 --

194 2584 330 2621 dicitur,
362 2583 477 2621 ceteri.
509 2584 702 2622 inquam,
737 2583 888 2613 simililer
910 2583 1017 2613 morbi
1040 2585 1344 2623 affirmationesque
1367 2589 1564 2622 nascuntur,
1591 2585 1664 2624 ipse
1690 2583 1857 2615 festinans
1882 2582 1969 2613 mira

193 2633 398 2674 negligentia
423 2634 472 2664 sic
497 2633 678 2672 scripsisse
703 2633 853 2670 videtur,
881 2634 978 2672 quasi
1007 2632 1087 2663 nihil
1122 2634 1353 2674 praecederet
1377 2635 1463 2665 nisi:
1493 2634 1627 2665 Gloriae
1650 2633 1826 2672 cupiditas,
1852 2632 1971 2663 mulie—

193 2685 325 2721 rositas,
350 2687 386 2714 ut
401 2700 448 2706 -—
465 2683 618 2713 dicitur.»
640 2683 736 2713 W.—
756 2684 805 2713 40.
826 2683 1011 2722 missoqyno
1037 2684 1108 2720 GR,
1136 2685 1311 2724 missoqino
1331 2686 1352 2716 B
1379 2702 1414 2706 —
1442 2685 1544 2716 Altilii
1562 2685 1587 2715 O
1609 2702 1642 2706 -—
1670 2684 1722 2714 tt.
1741 2680 1972 2713 misanfflm-

194 2733 307 2765 IIOCA
333 2733 601 2772 appellantur-C:
627 2731 896 2777 μισάνθρωποι
920 2734 1133 2772 appellantur
1149 2735 1364 2774 Tregderus3
1393 2734 1455 2765 sed
1483 2735 1514 2764 in
1532 2734 1555 2765 C
1576 2732 1758 2764 manifesto
1783 2730 1970 2772 legendum

196 2785 249 2814 est·
270 2780 545 2827 Διιισοῖνι9ριυῖϊος
570 2782 681 2813 littera
700 2792 732 2817 a,
759 2792 775 2812 a
796 2792 862 2822 qua
885 2792 1040 2822 sequens
1058 2783 1205 2815 verbum
1226 2785 1354 2825 incipit,
1375 2792 1560 2825 perperam
1580 2782 1768 2824 duplicata.
1791 2799 1825 2803 -
1847 2781 1898 2812 47.
1915 2780 1972 2819 fu-

195 2835 312 2874 9ienda
336 2834 418 2864 Gss:
446 2833 626 2871 expetenda
651 2834 674 2863 R
700 2850 742 2854 -
767 2833 818 2863 ta.
846 2833 981 2863 ambitio
998 2850 1046 2855 --
1062 2834 1262 2869 vinulentia,
1288 2834 1450 2873 cuppedia
1468 2833 1597 2864 Nonius
1616 2841 1648 2872 p.
1668 2831 1720 2863 85.
1740 2848 1783 2853 —-
1806 2829 1858 2861 ⁶23.
1885 2830 1973 2861 eius-

196 2883 356 2914 demmodi
382 2882 513 2922 (litteris
538 2882 609 2912 ciem
634 2884 826 2922 expunctis]
854 2884 878 2912 G
904 2900 946 2904 —-
978 2883 1182 2921 inhospitalis
1205 2884 1227 2914 R
1257 2901 1291 2905 —
1320 2884 1371 2913 ¹¹27.
1400 2883 1534 2913 ueniam
1558 2882 1603 2912 (ἶ,
1632 2880 1718 2913 Vide
1743 2880 1787 2911 ad
1805 2880 1844 2917 V,
1864 2880 1916 2911 56.
1933 2896 1968 2901 —

197 2931 249 2963 29.
275 2933 387 2971 itaque
411 2932 549 2962 dicimus
571 2932 813 2971 gravidinosos,
840 2933 999 2970 quosdam
1015 2934 1210 2963 torminosos
1234 2935 1366 2965 Nonius
1391 2942 1424 2973 p,
1451 2932 1492 2962 32
1519 2933 1553 2962 et
1578 2932 1651 2961 Ι145.
1681 2948 1716 2953 -
1743 2929 1974 2969 grauidinosos

199 2983 223 3014 C
248 3001 290 3006 —-
313 2983 472 3022 quosdam
504 2980 613 3012 semel
646 2984 778 3021 ponunt
804 2982 827 3012 C
866 3000 896 3005 -
932 2982 984 3013 30.
1011 2983 1205 3014 terminosos
1229 2984 1252 3013 n
1268 2983 1304 3013 Β1
1339 3000 1371 3003 —
1405 2990 1519 3020 saepe,
1550 2981 1596 3011 sic
1620 2979 1793 3011 Manutius
1826 2980 1861 3010 et
1892 2977 1971 3009 cod.

199 3033 439 3074 Gryphianus:
476 3040 571 3070 saepe
600 3031 663 3061 sint
689 3032 733 3062 C:
769 3040 863 3071 saepe
894 3033 975 3069 sint,
1007 3033 1053 3063 sie
1077 3034 1101 3063 O
1128 3042 1208 3064 cum
1235 3032 1414 3064 Lambino.
1446 3031 1515 3061 «Cf.
1546 3031 1599 3065 111,
1625 3031 1686 3061 55:
1725 3029 1805 3068 quia
1827 3028 1974 3058 recentia

198 3085 289 3120 sunt,
315 3090 379 3112 nan
404 3082 483 3120 quia
507 3082 676 3120 repentina
697 3083 811 3117 (sunt).
846 3083 956 3120 Quam
983 3082 1082 3113 facile
1110 3085 1187 3123 post
1211 3083 1274 3113 sint
1299 3091 1338 3112 ex
1364 3083 1409 3111 sic
1433 3080 1563 3111 factum
1590 3080 1633 3111 sit
1656 3081 1735 3115 sint,
1762 3079 1870 3119 patet.
1904 3077 1973 3108 Ce-

201 3132 315 3162 terum
340 3132 462 3162 Cicero
487 3131 541 3160 vix
567 3130 709 3161 dixisset
734 3140 829 3169 saepe
851 3132 956 3165 sint.
991 3132 1054 3163 sed
1086 3136 1177 3165 sunt:
1212 3131 1456 3163 conjunctivus
1482 3129 1644 3169 obliquus
1674 3128 1895 3160 necessarius
1921 3128 1974 3158 est

201 3180 258 3217 ΙΙΙ,
287 3180 306 3211 9
331 3179 553 3219 (appellarunt
569 3197 637 3217 --‚
668 3183 846 3220 propterea
871 3183 955 3219 quod
973 3200 1019 3205 --
1037 3191 1099 3213 non
1123 3182 1260 3221 posset),
1288 3182 1324 3212 R.
1351 3183 1386 3212 Ρ.
1414 3181 1469 3217 ΙΙΙ,
1496 3180 1536 3210 26
1562 3180 1706 3220 (Negant
1729 3179 1909 3218 sapientem
1925 3193 1972 3200 --

201 3237 284 3268 esse,
310 3231 395 3268 quod
411 3247 459 3252 --
476 3230 624 3267 delectet,
650 3230 703 3260 sed
728 3231 814 3267 quod
830 3248 876 3253 --
892 3231 987 3270 sit):
1014 3232 1080 3263 hoc
1105 3230 1181 3264 loco
1207 3229 1356 3262 causalis
1380 3230 1549 3261 sententia
1576 3228 1620 3261 ad
1639 3230 1816 3261 dicentium
1840 3228 1973 3268 cogita-

202 3278 333 3311 tionem
356 3287 481 3320 parum
506 3279 693 3311 commode
719 3280 902 3311 refertur.»
929 3281 983 3312 W.
