2249 3624
359 155 440 197 2⁶26
799 156 1228 197 TUSCULANARUM
1257 157 1693 198 DISPUTATIONUM

358 272 454 307 tone
486 270 526 305 et
558 265 728 304 Socrate
759 268 799 302 et
828 263 879 301 ab
912 275 960 302 ea
991 261 1147 302 familia
1179 261 1405 310 dissident,
1437 263 1677 316 appellandi
1708 263 1904 303 videntur
1933 286 2009 311 —‚
2043 277 2125 303 non

358 328 483 368 modo
513 327 618 366 nihil
646 338 844 377 umquam
866 330 948 364 tam
973 325 1185 376 eleganter
1206 325 1493 377 explicabunt,
1526 325 1598 364 sed
1620 339 1672 364 ne
1694 325 1775 364 hoc
1798 325 1968 378 quidem
1991 326 2130 378 ipsum

358 404 485 444 quam
527 388 734 441 suptiliter
774 387 1019 426 conclusum
1051 387 1103 425 sit
1139 387 1395 439 intellegent.
1447 387 1582 426 Sentit
1612 387 1737 439 igitur
1768 388 1932 427 animus
1964 402 2008 427 se
2042 401 2130 427 mo-

357 453 468 492 veri:
510 450 624 504 quod
656 463 750 488 cum
782 449 926 495 sentit,
965 448 1068 488 illud
1101 462 1185 488 una
1216 450 1363 496 sentit,
1400 463 1443 489 se
1476 449 1515 488 vi
1547 462 1641 495 sua,
1674 462 1755 488 non
1787 449 1926 488 aliena
1959 452 2131 496 moveri,

325 524 433 554 5nec
473 512 662 553 accidere
699 524 821 565 posse
859 517 906 550 ut
945 512 1033 563 ipse
1074 523 1273 563 umquam
1313 524 1336 550 a
1375 525 1419 550 se
1461 512 1688 550 deseratur.
1740 511 1803 549 Ex
1837 524 1921 564 quo
1954 509 2133 551 efficitur

356 577 603 617 aeternitas:
642 574 717 613 nisi
751 573 853 626 quid
883 573 1013 612 habes
1045 573 1096 611 ad
1127 573 1243 611 haec.
1295 574 1341 611 A.
1373 574 1461 625 Ego
1495 586 1593 612 vero
1625 571 1748 612 facile
1781 586 1873 612 sum
1904 586 2052 626 passus
2082 586 2134 613 ne

356 640 398 678 in
432 644 611 678 mentem
645 636 813 689 quidem
846 635 950 675 mihi
982 635 1141 687 aliquid
1175 641 1319 674 contra
1351 637 1514 675 venire:
1549 637 1605 674 ita
1636 636 1705 674 isti
1736 635 1857 674 faveo
1889 635 2133 675 sententiae.

468 699 621 739 XXIV.
653 696 717 736 56.
759 699 813 738 M.
847 697 988 745 Quid?
1031 697 1101 736 illa
1135 698 1300 737 tandem
1333 712 1431 737 num
1464 698 1623 737 leviora
1654 710 1822 744 censes,
1855 711 1963 750 quae
1997 698 2135 738 decla-

355 768 447 803 rant
475 764 613 802 inesse
645 761 688 799 in
720 761 870 800 animis
899 760 1117 799 hominum
1149 760 1290 798 divina
1313 760 1551 812 quaedam?
1585 773 1692 812 quae
1713 759 1747 798 si
1769 772 1981 798 cernerem
2008 773 2132 812 quem

305 825 405 865 *wad
447 824 618 864 modum
658 823 772 862 nasci
815 828 1005 874 possent,
1048 823 1170 861 etiam
1210 836 1334 874 quem
1372 823 1422 861 ad
1464 822 1632 861 modum
1675 822 1895 861 interirent
1937 822 2133 862 viderem.

354 889 457 927 Nam
489 885 755 938 sanguinem,
786 885 936 931 bilem,
981 885 1191 936 pituitam,
1224 898 1341 931 ossa,
1372 898 1542 930 nervos,
1574 897 1718 929 venas,
1752 884 2133 937 omnem‘denique

355 949 637 989 membrorum
670 953 711 987 et
743 948 872 986 totius
904 947 1090 1000 corporis
1122 945 1295 999 figuram
1330 946 1473 985 videor
1496 959 1621 998 posse
1644 946 1781 984 dicere
1804 947 1915 985 unde
1939 952 2134 986 concreta

355 1017 396 1050 et
426 1023 509 1063 quo
542 1010 666 1049 modo
698 1008 808 1049 facta
839 1009 944 1048 sint:
977 1009 1161 1048 animum
1192 1010 1329 1061 ipsum
1352 1031 1404 1035 —
1428 1009 1461 1047 si
1494 1008 1597 1047 nihil
1621 1013 1732 1047 esset
1752 1008 1792 1046 in
1816 1021 1866 1047 eo
1898 1009 1978 1048 nisi
2001 1009 2056 1057 id,
2088 1015 2135 1048 ut

353 1087 429 1126 per
459 1086 553 1112 eum
584 1073 840 1118 viveremus,
873 1076 954 1110 tam
987 1076 1135 1110 natura
1167 1076 1355 1122 putarem
1388 1070 1568 1109 hominis
1600 1070 1727 1109 vitam
1759 1071 1985 1110 sustentari
2008 1084 2134 1123 quam

304 1147 338 1174 15
354 1136 466 1182 vitis,
500 1148 626 1188 quam
658 1134 843 1181 arboris;
873 1133 978 1173 haec
1009 1133 1120 1172 enim
1152 1133 1275 1172 etiam
1309 1131 1486 1170 dicimus
1520 1132 1672 1170 vivere.
1721 1132 1844 1178 Item,
1876 1132 1908 1171 si
1932 1132 2039 1170 nihil
2060 1132 2134 1171 ha-

350 1197 470 1236 beret
500 1197 663 1236 animus
694 1196 878 1235 hominis
910 1196 991 1234 nisi
1023 1201 1068 1234 ut
1098 1199 1315 1247 appeteret
1345 1200 1416 1233 aut
1446 1193 1632 1245 fugeret,
1676 1192 1717 1231 id
1749 1206 1921 1247 quoque
1954 1199 2065 1233 esset
2095 1195 2134 1234 ei

351 1272 573 1299 commune
615 1272 709 1298 cum
745 1258 907 1297 bestiis.
963 1255 1030 1296 57.
1070 1257 1206 1296 Habet
1243 1256 1422 1309 primum
1462 1256 1704 1295 memoriam
1735 1260 1776 1294 et
1807 1268 1898 1295 eam
1928 1256 2133 1296 infinitam

350 1335 490 1361 rerum
520 1320 915 1366 innumerabilium,
948 1332 1074 1372 quam
1109 1319 1277 1372 quidem
1310 1319 1424 1357 Plato
1448 1317 1782 1357 recordationem
1806 1330 1897 1357 esse
1920 1319 2006 1358 volt
2027 1320 2133 1359 vitae

350 1383 595 1436 superioris.
644 1384 747 1422 Nam
787 1382 830 1420 in
869 1382 941 1421 illo
974 1382 1098 1428 libro,
1141 1382 1212 1434 qui
1244 1381 1486 1420 inscribitur
1522 1381 1693 1426 Menon,
1740 1379 1961 1432 pusionem
1998 1394 2133 1434 quen-

299 1459 336 1487 ΞΟ
351 1446 446 1485 dam
484 1446 675 1485 Socrates
714 1445 946 1495 interrogat
986 1444 1194 1497 quaedam
1235 1443 1488 1496 geometrica
1529 1443 1578 1481 de
1618 1442 1880 1482 dimensione
1925 1443 2134 1495 quadrati.

349 1507 413 1547 Ad
446 1520 493 1547 ea
525 1508 585 1547 sic
616 1507 686 1546 ille
718 1506 966 1558 respondet,
1007 1512 1052 1545 ut
1092 1519 1219 1558 puer,
1263 1511 1303 1544 et
1343 1511 1480 1544 tamen
1522 1506 1580 1544 ita
1610 1504 1754 1543 faciles
1786 1505 2134 1556 interrogationes

349 1575 468 1616 sunt,
501 1575 545 1609 ut
575 1569 777 1622 gradatim
809 1569 1068 1620 respondens
1102 1569 1248 1607 eodem
1285 1567 1523 1620 perveniat,
1557 1579 1643 1620 quo
1677 1568 1710 1606 si
1742 1568 1997 1619 geometrica
2026 1568 2135 1607 didi-

349 1633 486 1672 cisset.
535 1632 599 1670 Ex
631 1644 715 1684 quo
747 1628 853 1669 effici
887 1630 972 1668 volt
1007 1630 1199 1670 Socrates
1246 1636 1290 1669 ut
1321 1629 1482 1669 discere
1515 1629 1620 1668 nihil
1651 1629 1766 1668 aliud
1798 1629 1852 1668 sit
1881 1629 1961 1669 nisi
1993 1643 2132 1669 recor-

350 1695 451 1735 dari.
504 1694 639 1742 Quem
671 1693 811 1732 locum
844 1691 974 1730 multo
1007 1693 1131 1731 etiam
1158 1692 1391 1731 accuratius
1414 1692 1597 1744 explicat
1619 1691 1662 1730 in
1685 1704 1733 1731 eo
1756 1705 1971 1738 sermone,
2004 1705 2130 1745 quem

298 1772 334 1800 25
348 1755 498 1797 habuit
530 1769 578 1795 eo
609 1756 700 1808 ipso
734 1755 823 1802 die,
857 1767 940 1807 quo
975 1754 1155 1794 excessit
1187 1767 1209 1792 e
1240 1754 1347 1800 vita;
1395 1754 1518 1793 docet
1549 1753 1659 1792 enim
1693 1754 1906 1806 quemvis,
1940 1755 2012 1807 qui
2044 1768 2131 1793 om-

348 1821 466 1858 nium
496 1831 635 1857 rerum
666 1817 784 1856 rudis
817 1830 908 1856 esse
942 1816 1152 1862 videatur,
1195 1816 1300 1854 bene
1332 1816 1605 1868 interroganti
1638 1816 1961 1868 respondentem
1994 1815 2132 1855 decla-

346 1894 440 1922 rare
472 1894 516 1921 se
546 1894 631 1920 non
663 1886 750 1920 tum
782 1879 854 1919 illa
886 1879 1067 1926 discere,
1107 1878 1179 1917 sed
1218 1878 1527 1917 reminiscendo
1558 1890 1883 1930 recognoscere,
1924 1891 2001 1916 nec
2031 1890 2130 1917 vero

435 2078 466 2110 4.
493 2078 586 2109 illum
610 2078 675 2109 GR
700 2079 735 2108 et
760 2077 862 2116 (corr.
892 2075 969 2106 ead.
999 2084 1045 2106 m.
1070 2076 1102 2105 in
1128 2076 1217 2113 illud]
1245 2076 1267 2105 B
1299 2093 1330 2096 —
1359 2076 1389 2105 ὅ.
1417 2074 1461 2105 ad
1485 2083 1516 2105 se
1544 2073 1666 2111 ⁴deleta
1693 2073 1754 2104 litt.
1775 2074 1804 2112 d)
1833 2075 1856 2105 R
1886 2092 1918 2096 -
1947 2075 1978 2106 6.
2004 2075 2066 2106 sim
2084 2076 2130 2111 C;

349 2129 465 2169 «quod
489 2127 640 2159 Klotzius
669 2129 714 2158 ita
748 2125 916 2167 explicat,
952 2127 1052 2165 quasi
1083 2126 1253 2165 scriptum
1287 2127 1379 2156 esset
1410 2134 1508 2156 essem
1534 2134 1567 2164 p.
1603 2125 1666 2164 sich
1698 2125 1810 2155 zcit'rde
1839 2133 1870 2155 es
1894 2125 1982 2156 nicht
2004 2134 2133 2166 unyern

346 2180 523 2220 yesehen
547 2178 689 2215 haben,
718 2186 811 2207 zcenn
829 2194 847 2198 -
862 2193 879 2198 —
900 2176 1020 2215 wilresll
1050 2175 1261 2214 Tregderus,
1278 2175 1415 2215 opinor,
1443 2175 1694 2214 grammaticae
1714 2183 1851 2205 memor
1873 2175 2001 2206 eodem
2026 2175 2132 2206 modo

348 2229 413 2260 boc
438 2228 635 2269 perfectum
661 2226 873 2258 coniunctivi
897 2227 1097 2266 passivum,
1127 2225 1221 2264 quod
1241 2224 1432 2255 dubitativo
1451 2223 1494 2255 illi
1515 2227 1547 2255 et
1569 2223 1744 2263 potentiali
1764 2224 1878 2255 tuturo
1898 2227 2021 2256 exacto
2038 2226 2129 2256 coni.

347 2281 414 2311 act.
441 2277 634 2318 respondet
665 2276 719 2316 (cf.
747 2276 885 2315 Madvig
910 2276 1038 2315 Opusc.
1067 2275 1173 2306 Acad.
1201 2276 1229 2305 ll
1255 2284 1286 2315 p.
1317 2274 1410 2313 109),
1444 2273 1586 2314 intelligi
1618 2273 1723 2304 voluit
1747 2275 1852 2313 atque
1878 2274 1897 2314 ς
1923 2275 1963 2306 40
1987 2283 2053 2306 non
2076 2276 2131 2305 in-

345 2330 431 2360 vitus
454 2328 651 2360 erraverim.
689 2326 729 2363 V,
757 2326 796 2357 8⁴2
823 2326 1031 2365 impetrarim
1055 2325 1205 2362 libenter,
1234 2327 1268 2354 ut
1300 2326 1347 2350 ;’-
1377 2323 1473 2354 dicas
1497 2339 1536 2352 z
1561 2324 1592 2353 id
1621 2323 1746 2354 velim
1782 2323 1930 2363 audire),
1968 2324 1988 2355 i.
2019 2333 2050 2354 e.
2080 2324 2132 2355 ich

346 2378 500 2408 mochte
519 2394 554 2398 —
574 2377 700 2407 sehen.
740 2374 824 2409 Sed,
861 2377 895 2405 ut
921 2375 1082 2405 omittam
1107 2374 1306 2414 perfectum
1330 2374 1418 2404 coni.
1440 2381 1533 2413 pass.
1562 2373 1612 2403 sic
1637 2372 1793 2412 positum
1819 2380 1897 2404 esse
1923 2381 1941 2404 a
1966 2373 2130 2404 Terentio

347 2426 464 2465 (Andr.
492 2427 516 2464 I⁷
544 2426 575 2461 ΕΖ,
603 2425 673 2464 32),
705 2425 812 2462 Livio,
840 2423 984 2457 Velleio.
1012 2433 1029 2454 a
1057 2424 1239 2461 Cicerone,
1276 2425 1311 2454 ut
1335 2423 1485 2459 videtur,
1519 2431 1587 2453 non
1614 2423 1697 2453 item
1728 2421 1828 2462 (nibil
1860 2424 1913 2453 est
1945 2423 2038 2454 enim
2069 2431 2132 2454 cur

347 2485 416 2507 non
441 2476 610 2516 potuerit,
639 2475 697 2514 qui
721 2476 902 2504 commotus
927 2482 972 2504 ne
995 2474 1054 2511 sis,
1082 2482 1129 2504 ne
1152 2474 1195 2503 sis
1219 2476 1436 2512 aspernatus,
1463 2470 1527 2502 alia
1553 2471 1677 2503 similia
1698 2471 1851 2510 dixerit),
1880 2472 1973 2503 notio
1997 2470 2052 2502 illa
2077 2471 2132 2503 fu-

346 2526 413 2555 turi
438 2524 608 2565 temporis
632 2525 666 2554 in
690 2531 860 2564 praesens
886 2522 1084 2554 inclinantis
1110 2523 1273 2554 convenit
1297 2523 1330 2553 in
1348 2523 1598 2553 Terentianum
1616 2520 1733 2552 locum
1752 2523 1974 2561 ceterosque,
2001 2520 2046 2552 ab
2062 2521 2132 2554 hoc

347 2575 527 2606 Ciceronis
552 2573 739 2611 abhorret,
767 2573 827 2613 qui
852 2572 1139 2604 interlocutorem
1164 2572 1206 2603 ad
1234 2573 1297 2603 nisi
1320 2574 1399 2610 quid
1423 2572 1545 2603 habes
1571 2573 1602 2611 (i.
1630 2580 1660 2602 e.
1686 2573 1756 2602 iam
1783 2572 1959 2610 invenisti)
1984 2571 2028 2601 ad
2051 2571 2131 2602 haec

347 2633 416 2655 non
442 2623 524 2654 illud
549 2623 828 2664 respondentem
854 2623 970 2654 facere
995 2623 1164 2662 potuerit,
1196 2631 1233 2653 se
1259 2625 1328 2653 tum
1352 2622 1545 2662 proclivem
1570 2630 1635 2652 esse
1659 2620 1703 2651 ad
1728 2620 1932 2661 patiendum
1957 2618 2040 2651 nihil
2064 2619 2130 2652 sibi

347 2675 381 2705 in
406 2676 563 2705 mentem
589 2676 709 2704 contra
735 2674 877 2712 venire,
912 2672 975 2704 sed
1001 2672 1084 2703 hoc:
1119 2672 1189 2712 Ego
1214 2681 1292 2703 vero
1317 2680 1378 2703 non
1406 2673 1500 2703 modo
1525 2672 1604 2702 nihil
1626 2671 1747 2706 habeo,
1782 2670 1869 2709 quod
1892 2670 1936 2700 ad
1958 2669 2038 2700 haec
2062 2668 2132 2709 (re-

344 2723 515 2763 spondere)
547 2723 645 2754 velim
670 2722 723 2762 (cf.
751 2723 791 2760 II,
817 2722 871 2754 42.
899 2723 968 2753 Fin.
996 2722 1020 2759 Ι,
1048 2721 1119 2758 28),
1154 2722 1224 2758 sed,
1259 2722 1345 2759 quod
1375 2722 1472 2760 facile
1495 2730 1579 2752 sum
1600 2729 1753 2760 passum,
1793 2724 1879 2757 tum,
1916 2727 1990 2750 cum
2013 2722 2050 2749 tu
2070 2719 2131 2750 illa

346 2772 557 2811 disputabas,
592 2781 632 2803 ne
656 2773 687 2802 in
712 2776 850 2803 meulent
875 2772 1006 2809 quidem
1022 2787 1069 2792 --
1086 2771 1185 2801 venit.
1216 2770 1275 2809 gcf.
1304 2771 1321 2810 ἓ
1347 2771 1406 2802 81;
1440 2771 1511 2811 Ego
1537 2771 1924 2808 cerofmemineram,
1959 2769 2015 2799 sed
2037 2771 2131 2799 te—-

347 2822 547 2853 dicentem
580 2822 740 2853 aberrare
764 2831 784 2853 α
807 2822 974 2862 proposito
998 2820 1095 2860 facile
1115 2819 1347 2859 patiebar.)
1379 2820 1500 2859 Neque
1527 2820 1618 2850 enim
1644 2822 1718 2849 tum
1744 2819 1907 2857 demum,
1939 2826 2021 2850 cum
2046 2826 2129 2859 per-

348 2874 486 2903 oratum
512 2875 582 2906 est,
617 2871 681 2903 sed
707 2873 775 2903 iam
801 2873 890 2903 inter
914 2870 1131 2902 audiendum
1156 2877 1343 2899 occurrere
1370 2868 1502 2904 solent,
1538 2877 1628 2908 quae
1655 2871 1775 2899 contra
1801 2867 1869 2899 dici
1893 2868 2040 2909 possint.
2077 2867 2128 2898 De

349 2930 457 2962 parvo
482 2922 675 2962 Archetypi
701 2930 820 2953 errore
847 2921 888 2952 cf.
917 2921 957 2959 V,
985 2921 1040 2951 121
1071 2918 1220 2959 (sumus).
1248 2919 1303 2955 ΙΙΙ,
1330 2919 1348 2948 5
1374 2918 1487 2959 (sunt).
1514 2919 1569 2955 lv,
1596 2919 1631 2949 5¹
1663 2919 1697 2949 et
1720 2918 1760 2955 V,
1787 2917 1827 2949 30
1852 2917 1979 2958 (sint).»
2003 2917 2060 2949 W.
2089 2933 2125 2939 —

348 2972 399 3002 13.
428 2979 494 3002 esse
517 2974 546 3002 et
569 2972 603 3002 in
629 2972 652 3002 lt
680 2988 715 2992 —
755 2970 805 3002 14.
833 2974 991 3001 naturam
1017 2970 1040 3001 C
1074 2987 1109 2990 —
1148 2968 1201 2999 19.
1228 2976 1344 2998 menon
1377 2969 1422 2999 C:
1463 2969 1557 2999 Meno
1588 2968 1612 2998 O
1647 2984 1680 2988 —
1722 2967 1774 2998 21.
1801 2966 1967 3005 respondit
1996 2967 2061 2997 GR
2088 2982 2124 2987 —

348 3022 399 3052 22.
425 3021 607 3060 yradatmn
632 3022 655 3051 R
682 3037 716 3042 —
751 3030 813 3059 quo
837 3020 874 3061 si]
901 3020 996 3059 quasi
1019 3020 1043 3050 Β
1076 3036 1118 3040 -
1148 3018 1200 3049 26.
1228 3017 1418 3056 respondem
1453 3017 1478 3047 G
1495 3017 1517 3047 R
1545 3034 1580 3038 —
1612 3016 1664 3047 27.
1691 3025 1884 3056 cognoscere
1913 3014 2125 3055 Tregderus.

349 3071 478 3110 «Negat
502 3070 699 3109 Tregderus
725 3079 955 3111 recoynoscere
980 3077 1149 3108 umquam
1176 3068 1270 3099 idem
1295 3076 1373 3099 esse
1398 3069 1503 3107 atque
1528 3076 1705 3107 ayzzoscere
1728 3075 1756 3099 s.
1775 3074 1969 3107 coynoscere
1992 3065 2129 3106 (wieder

348 3119 545 3159 erkennen),
572 3119 636 3150 sed
661 3128 805 3160 semper
829 3129 908 3152 esse
932 3128 1100 3151 recensere
1124 3117 1399 3159 (durchmuslern)
1430 3119 1520 3148 sicut
1544 3126 1587 3148 ex
1611 3117 1776 3148 omnibus
1801 3115 1885 3148 locis
1910 3125 1928 3147 a
1955 3114 2126 3147 Freundio

351 3168 462 3200 allatis
485 3170 582 3199 recte
607 3168 790 3200 intellectis
816 3171 998 3210 appareat:
1029 3168 1122 3208 quod
1148 3168 1191 3199 de
1217 3168 1344 3199 ceteris
1370 3168 1488 3206 (etiam
1512 3166 1657 3207 Philipp.
1684 3167 1739 3204 Vl,
1766 3166 1796 3204 6,
1823 3166 1874 3205 45)
1907 3173 2033 3196 verum
2057 3165 2122 3203 est,

347 3218 471 3251 falsum
496 3218 540 3250 de
566 3227 648 3257 uno,
676 3219 774 3249 Verr.
795 3220 820 3256 Ι,
844 3221 891 3257 iz,
912 3220 968 3250 3¹2:
997 3227 1082 3258 quae
1107 3218 1235 3258 (Verris
1253 3216 1495 3255 adolescentia)
1524 3217 1633 3257 qualis
1654 3216 1773 3255 fuerit,
1799 3219 1858 3246 aut
1880 3213 2125 3246 meministis

348 3272 408 3300 auc
432 3277 481 3301 ex
503 3269 578 3308 isto,
606 3277 701 3308 quem
723 3269 774 3299 sui
798 3269 1058 3300 simillimum
1075 3267 1259 3307 prodzwit,
1287 3273 1589 3307 recognoscere
1607 3265 1762 3305 potestis,·
1792 3263 1876 3305 quid
1902 3263 1997 3296 enim
2020 3270 2127 3305 aper—
