<?xml version="1.0" encoding="UTF-8"?>
<!DOCTYPE html PUBLIC "-//W3C//DTD XHTML 1.0 Transitional//EN"
    "http://www.w3.org/TR/xhtml1/DTD/xhtml1-transitional.dtd">
<html xmlns="http://www.w3.org/1999/xhtml" xml:lang="en" lang="en">
 <head>
  <title>
</title>
<meta http-equiv="Content-Type" content="text/html;charset=utf-8" />
  <meta name='ocr-system' content='tesseract 3.04.00' />
  <meta name='ocr-capabilities' content='ocr_page ocr_carea ocr_par ocr_line ocrx_word'/>
</head>
<body>
  <div class='ocr_page' id='page_1' title='image "./operaquaesupersu04ciceuoft_0723.png"; bbox 0 0 2249 3624; ppageno 0'>
   <div class='ocr_carea' id='block_1_1' title="bbox 0 637 24 2978">
    <p class='ocr_par' dir='ltr' id='par_1_1' title="bbox 0 637 24 2978">
     <span class='ocr_line' id='line_1_1' title="bbox 0 637 24 2978; baseline 0 0"><span class='ocrx_word' id='word_1_1' title='bbox 0 637 24 2978; x_wconf 95' lang='lat' dir='ltr'> </span> 
     </span>
    </p>
   </div>
   <div class='ocr_carea' id='block_1_2' title="bbox 697 154 1993 218">
    <p class='ocr_par' dir='ltr' id='par_1_2' title="bbox 697 154 1993 218">
     <span class='ocr_line' id='line_1_2' title="bbox 697 154 1993 218; baseline -0.005 -15"><span class='ocrx_word' id='word_1_2' title='bbox 697 163 785 205; x_wconf 76' lang='lat' dir='ltr'>Lm.</span> <span class='ocrx_word' id='word_1_3' title='bbox 809 164 839 204; x_wconf 93' lang='lat'>1.</span> <span class='ocrx_word' id='word_1_4' title='bbox 879 164 974 204; x_wconf 60' lang='lat' dir='ltr'>cst.</span> <span class='ocrx_word' id='word_1_5' title='bbox 998 164 1220 204; x_wconf 82' lang='lat' dir='ltr'>xi-xii,</span> <span class='ocrx_word' id='word_1_6' title='bbox 1257 163 1317 218; x_wconf 80' lang='lat'>§§</span> <span class='ocrx_word' id='word_1_7' title='bbox 1349 161 1540 205; x_wconf 68' lang='lat'>34-38.</span> <span class='ocrx_word' id='word_1_8' title='bbox 1919 154 1993 199; x_wconf 67' lang='lat'>654</span> 
     </span>
    </p>
   </div>
   <div class='ocr_carea' id='block_1_3' title="bbox 232 268 2056 1761">
    <p class='ocr_par' dir='ltr' id='par_1_3' title="bbox 232 268 2056 1761">
     <span class='ocr_line' id='line_1_3' title="bbox 234 268 2001 317; baseline -0.003 -6"><span class='ocrx_word' id='word_1_9' title='bbox 234 270 428 317; x_wconf 83' lang='lat' dir='ltr'>vinciam,</span> <span class='ocrx_word' id='word_1_10' title='bbox 459 271 502 311; x_wconf 92' lang='lat' dir='ltr'>in</span> <span class='ocrx_word' id='word_1_11' title='bbox 534 270 655 310; x_wconf 85' lang='lat' dir='ltr'>cuius</span> <span class='ocrx_word' id='word_1_12' title='bbox 686 271 871 310; x_wconf 80' lang='lat' dir='ltr'>exercitu</span> <span class='ocrx_word' id='word_1_13' title='bbox 897 271 1066 311; x_wconf 89' lang='lat' dir='ltr'>Catonis</span> <span class='ocrx_word' id='word_1_14' title='bbox 1098 269 1205 311; x_wconf 88' lang='lat' dir='ltr'>lilius</span> <span class='ocrx_word' id='word_1_15' title='bbox 1237 272 1317 311; x_wconf 90' lang='lat' dir='ltr'>tiro</span> <span class='ocrx_word' id='word_1_16' title='bbox 1351 270 1567 311; x_wconf 78' lang='lat' dir='ltr'><strong>militabat.</strong></span> <span class='ocrx_word' id='word_1_17' title='bbox 1629 269 1731 309; x_wconf 89' lang='lat' dir='ltr'>Cum</span> <span class='ocrx_word' id='word_1_18' title='bbox 1762 273 1901 308; x_wconf 90' lang='lat' dir='ltr'>autem</span> <span class='ocrx_word' id='word_1_19' title='bbox 1924 268 2001 306; x_wconf 91' lang='lat' dir='ltr'>Po-</span> 
     </span>
     <span class='ocr_line' id='line_1_4' title="bbox 236 330 2000 387; baseline -0.002 -15"><span class='ocrx_word' id='word_1_20' title='bbox 236 334 338 387; x_wconf 89' lang='lat' dir='ltr'>pilio</span> <span class='ocrx_word' id='word_1_21' title='bbox 369 334 580 373; x_wconf 88' lang='lat' dir='ltr'>videretur</span> <span class='ocrx_word' id='word_1_22' title='bbox 610 345 734 372; x_wconf 92' lang='lat' dir='ltr'>unam</span> <span class='ocrx_word' id='word_1_23' title='bbox 768 332 977 373; x_wconf 71' lang='lat' dir='ltr'>dimittere</span> <span class='ocrx_word' id='word_1_24' title='bbox 1009 334 1239 386; x_wconf 81' lang='lat' dir='ltr'>legionem,</span> <span class='ocrx_word' id='word_1_25' title='bbox 1273 334 1442 374; x_wconf 87' lang='lat' dir='ltr'>Catonis</span> <span class='ocrx_word' id='word_1_26' title='bbox 1474 346 1645 387; x_wconf 88' lang='lat' dir='ltr'>quoque</span> <span class='ocrx_word' id='word_1_27' title='bbox 1677 330 1820 378; x_wconf 78' lang='lat' dir='ltr'>filium,</span> <span class='ocrx_word' id='word_1_28' title='bbox 1853 330 1924 382; x_wconf 88' lang='lat' dir='ltr'>qui</span> <span class='ocrx_word' id='word_1_29' title='bbox 1959 330 2000 368; x_wconf 91' lang='lat' dir='ltr'>in</span> 
     </span>
     <span class='ocr_line' id='line_1_5' title="bbox 235 392 2000 449; baseline -0.003 -13"><span class='ocrx_word' id='word_1_30' title='bbox 235 396 381 436; x_wconf 87' lang='lat' dir='ltr'>eadem</span> <span class='ocrx_word' id='word_1_31' title='bbox 414 396 577 448; x_wconf 84' lang='lat' dir='ltr'>legione</span> <span class='ocrx_word' id='word_1_32' title='bbox 609 395 827 442; x_wconf 77' lang='lat' dir='ltr'>militabat,</span> <span class='ocrx_word' id='word_1_33' title='bbox 859 395 1030 436; x_wconf 73' lang='lat' dir='ltr'>dimisit,</span> <span class='ocrx_word' id='word_1_34' title='bbox 1091 397 1172 436; x_wconf 67' lang='lat' dir='ltr'>sed</span> <span class='ocrx_word' id='word_1_35' title='bbox 1204 411 1298 437; x_wconf 84' lang='lat' dir='ltr'>cum</span> <span class='ocrx_word' id='word_1_36' title='bbox 1323 410 1464 437; x_wconf 89' lang='lat' dir='ltr'>amore</span> <span class='ocrx_word' id='word_1_37' title='bbox 1497 395 1710 449; x_wconf 75' lang='lat' dir='ltr'>pugnandi</span> <span class='ocrx_word' id='word_1_38' title='bbox 1743 396 1785 434; x_wconf 92' lang='lat' dir='ltr'>in</span> <span class='ocrx_word' id='word_1_39' title='bbox 1817 392 2000 432; x_wconf 82' lang='lat' dir='ltr'>exercitu</span> 
     </span>
     <span class='ocr_line' id='line_1_6' title="bbox 234 454 1999 511; baseline -0.003 -13"><span class='ocrx_word' id='word_1_40' title='bbox 234 459 526 505; x_wconf 86' lang='lat' dir='ltr'>remansisset,</span> <span class='ocrx_word' id='word_1_41' title='bbox 566 457 666 498; x_wconf 91' lang='lat' dir='ltr'>Cato</span> <span class='ocrx_word' id='word_1_42' title='bbox 698 458 748 497; x_wconf 89' lang='lat' dir='ltr'>ad</span> <span class='ocrx_word' id='word_1_43' title='bbox 781 458 986 511; x_wconf 77' lang='lat' dir='ltr'>Popilium</span> <span class='ocrx_word' id='word_1_44' title='bbox 1019 460 1205 511; x_wconf 81' lang='lat' dir='ltr'>scripsit,</span> <span class='ocrx_word' id='word_1_45' title='bbox 1245 465 1311 504; x_wconf 91' lang='lat' dir='ltr'>ut,</span> <span class='ocrx_word' id='word_1_46' title='bbox 1356 460 1390 498; x_wconf 86' lang='lat' dir='ltr'>si</span> <span class='ocrx_word' id='word_1_47' title='bbox 1430 472 1523 497; x_wconf 84' lang='lat' dir='ltr'>eum</span> <span class='ocrx_word' id='word_1_48' title='bbox 1557 459 1711 511; x_wconf 90' lang='lat' dir='ltr'>patitur</span> <span class='ocrx_word' id='word_1_49' title='bbox 1741 458 1783 496; x_wconf 89' lang='lat' dir='ltr'>in</span> <span class='ocrx_word' id='word_1_50' title='bbox 1816 454 1999 494; x_wconf 83' lang='lat' dir='ltr'>exercitu</span> 
     </span>
     <span class='ocr_line' id='line_1_7' title="bbox 234 517 2034 573; baseline -0.004 -13"><span class='ocrx_word' id='word_1_51' title='bbox 234 533 465 567; x_wconf 87' lang='lat' dir='ltr'>remanere,</span> <span class='ocrx_word' id='word_1_52' title='bbox 496 520 679 560; x_wconf 85' lang='lat' dir='ltr'>secundo</span> <span class='ocrx_word' id='word_1_53' title='bbox 711 533 808 559; x_wconf 89' lang='lat' dir='ltr'>eum</span> <span class='ocrx_word' id='word_1_54' title='bbox 841 519 997 572; x_wconf 83' lang='lat' dir='ltr'>obliget</span> <span class='ocrx_word' id='word_1_55' title='bbox 1028 522 1199 560; x_wconf 87' lang='lat' dir='ltr'>militiae</span> <span class='ocrx_word' id='word_1_56' title='bbox 1232 527 1511 566; x_wconf 82' lang='lat' dir='ltr'>sacramento,</span> <span class='ocrx_word' id='word_1_57' title='bbox 1546 520 1645 573; x_wconf 85' lang='lat' dir='ltr'>quia</span> <span class='ocrx_word' id='word_1_58' title='bbox 1678 519 1817 572; x_wconf 90' lang='lat' dir='ltr'>priore</span> <span class='ocrx_word' id='word_1_59' title='bbox 1848 517 2034 556; x_wconf 67' lang='lat' dir='ltr'>amissos</span> 
     </span>
     <span class='ocr_line' id='line_1_8' title="bbox 233 579 2000 635; baseline -0.003 -13"><span class='ocrx_word' id='word_1_60' title='bbox 233 584 324 623; x_wconf 88' lang='lat' dir='ltr'>iure</span> <span class='ocrx_word' id='word_1_61' title='bbox 368 596 460 622; x_wconf 90' lang='lat' dir='ltr'>cum</span> <span class='ocrx_word' id='word_1_62' title='bbox 500 582 694 622; x_wconf 82' lang='lat' dir='ltr'>hostibus</span> <span class='ocrx_word' id='word_1_63' title='bbox 735 594 920 635; x_wconf 87' lang='lat' dir='ltr'>pugnare</span> <span class='ocrx_word' id='word_1_64' title='bbox 954 595 1037 621; x_wconf 90' lang='lat' dir='ltr'>non</span> <span class='ocrx_word' id='word_1_65' title='bbox 1070 588 1242 635; x_wconf 88' lang='lat' dir='ltr'>poterat.</span> <span class='ocrx_word' id='word_1_66' title='bbox 1305 584 1420 622; x_wconf 85' lang='lat' dir='ltr'>Adeo</span> <span class='ocrx_word' id='word_1_67' title='bbox 1454 595 1614 621; x_wconf 88' lang='lat' dir='ltr'>summa</span> <span class='ocrx_word' id='word_1_68' title='bbox 1646 587 1733 621; x_wconf 91' lang='lat' dir='ltr'>erat</span> <span class='ocrx_word' id='word_1_69' title='bbox 1764 579 2000 620; x_wconf 89' lang='lat' dir='ltr'>observatio</span> 
     </span>
     <span class='ocr_line' id='line_1_9' title="bbox 235 641 2001 698; baseline -0.003 -14"><span class='ocrx_word' id='word_1_70' title='bbox 235 644 277 684; x_wconf 90' lang='lat' dir='ltr'>in</span> <span class='ocrx_word' id='word_1_71' title='bbox 309 644 420 684; x_wconf 90' lang='lat' dir='ltr'>bello</span> <span class='ocrx_word' id='word_1_72' title='bbox 454 642 693 697; x_wconf 91' lang='lat' dir='ltr'>movendo.]</span> <span class='ocrx_word' id='word_1_73' title='bbox 756 643 822 683; x_wconf 80' lang='lat'>37.</span> <span class='ocrx_word' id='word_1_74' title='bbox 856 645 981 684; x_wconf 84' lang='lat' dir='ltr'>Marci</span> <span class='ocrx_word' id='word_1_75' title='bbox 1014 645 1184 698; x_wconf 82' lang='lat' dir='ltr'>quidem</span> <span class='ocrx_word' id='word_1_76' title='bbox 1218 645 1387 685; x_wconf 81' lang='lat' dir='ltr'>Catonis</span> <span class='ocrx_word' id='word_1_77' title='bbox 1419 646 1530 685; x_wconf 73' lang='lat' dir='ltr'>senis</span> <span class='ocrx_word' id='word_1_78' title='bbox 1563 650 1625 684; x_wconf 80' lang='lat' dir='ltr'>cst</span> <span class='ocrx_word' id='word_1_79' title='bbox 1657 644 1834 697; x_wconf 78' lang='lat' dir='ltr'>epistola</span> <span class='ocrx_word' id='word_1_80' title='bbox 1865 641 1915 682; x_wconf 91' lang='lat' dir='ltr'>ad</span> <span class='ocrx_word' id='word_1_81' title='bbox 1950 641 2001 680; x_wconf 80' lang='lat' dir='ltr'>M.</span> 
     </span>
     <span class='ocr_line' id='line_1_10' title="bbox 234 704 2002 760; baseline -0.003 -13"><span class='ocrx_word' id='word_1_82' title='bbox 234 706 386 754; x_wconf 85' lang='lat' dir='ltr'>fitium,</span> <span class='ocrx_word' id='word_1_83' title='bbox 427 708 470 747; x_wconf 92' lang='lat' dir='ltr'>in</span> <span class='ocrx_word' id='word_1_84' title='bbox 512 721 595 760; x_wconf 87' lang='lat' dir='ltr'>qua</span> <span class='ocrx_word' id='word_1_85' title='bbox 635 707 778 747; x_wconf 83' lang='lat' dir='ltr'>scribit</span> <span class='ocrx_word' id='word_1_86' title='bbox 819 720 863 746; x_wconf 88' lang='lat' dir='ltr'>se</span> <span class='ocrx_word' id='word_1_87' title='bbox 903 708 1072 746; x_wconf 82' lang='lat' dir='ltr'>audisse</span> <span class='ocrx_word' id='word_1_88' title='bbox 1115 722 1209 746; x_wconf 88' lang='lat' dir='ltr'>eum</span> <span class='ocrx_word' id='word_1_89' title='bbox 1250 709 1421 747; x_wconf 79' lang='lat' dir='ltr'>missum</span> <span class='ocrx_word' id='word_1_90' title='bbox 1454 707 1604 747; x_wconf 88' lang='lat' dir='ltr'>factum</span> <span class='ocrx_word' id='word_1_91' title='bbox 1638 720 1729 746; x_wconf 82' lang='lat' dir='ltr'>esse</span> <span class='ocrx_word' id='word_1_92' title='bbox 1760 720 1783 746; x_wconf 88' lang='lat' dir='ltr'>a</span> <span class='ocrx_word' id='word_1_93' title='bbox 1814 704 2002 750; x_wconf 90' lang='lat' dir='ltr'>consule,</span> 
     </span>
     <span class='ocr_line' id='line_1_11' title="bbox 235 770 2005 822; baseline -0.003 -12"><span class='ocrx_word' id='word_1_94' title='bbox 235 784 328 810; x_wconf 87' lang='lat' dir='ltr'>cum</span> <span class='ocrx_word' id='word_1_95' title='bbox 369 770 411 809; x_wconf 92' lang='lat' dir='ltr'>in</span> <span class='ocrx_word' id='word_1_96' title='bbox 452 770 700 810; x_wconf 85' lang='lat' dir='ltr'>Macedonia</span> <span class='ocrx_word' id='word_1_97' title='bbox 741 770 851 809; x_wconf 84' lang='lat' dir='ltr'>bcllo</span> <span class='ocrx_word' id='word_1_98' title='bbox 891 770 1055 809; x_wconf 78' lang='lat' dir='ltr'>Persico</span> <span class='ocrx_word' id='word_1_99' title='bbox 1098 770 1220 809; x_wconf 85' lang='lat' dir='ltr'>miles</span> <span class='ocrx_word' id='word_1_100' title='bbox 1262 777 1386 809; x_wconf 81' lang='lat' dir='ltr'>esset.</span> <span class='ocrx_word' id='word_1_101' title='bbox 1456 771 1597 809; x_wconf 85' lang='lat' dir='ltr'>Monet</span> <span class='ocrx_word' id='word_1_102' title='bbox 1629 770 1755 822; x_wconf 85' lang='lat' dir='ltr'>igitur</span> <span class='ocrx_word' id='word_1_103' title='bbox 1785 774 1830 807; x_wconf 92' lang='lat' dir='ltr'>ut</span> <span class='ocrx_word' id='word_1_104' title='bbox 1861 771 2005 807; x_wconf 84' lang='lat' dir='ltr'>caveat</span> 
     </span>
     <span class='ocr_line' id='line_1_12' title="bbox 233 829 2056 886; baseline -0.005 -13"><span class='ocrx_word' id='word_1_105' title='bbox 233 846 285 873; x_wconf 92' lang='lat' dir='ltr'>ne</span> <span class='ocrx_word' id='word_1_106' title='bbox 318 832 525 886; x_wconf 85' lang='lat' dir='ltr'>proelium</span> <span class='ocrx_word' id='word_1_107' title='bbox 558 833 695 879; x_wconf 80' lang='lat' dir='ltr'>ineat;</span> <span class='ocrx_word' id='word_1_108' title='bbox 743 837 866 883; x_wconf 74' lang='lat' dir='ltr'>negat</span> <span class='ocrx_word' id='word_1_109' title='bbox 905 832 1014 870; x_wconf 81' lang='lat' dir='ltr'>enim</span> <span class='ocrx_word' id='word_1_110' title='bbox 1056 832 1120 870; x_wconf 88' lang='lat' dir='ltr'>ius</span> <span class='ocrx_word' id='word_1_111' title='bbox 1162 845 1254 871; x_wconf 76' lang='lat' dir='ltr'>esse</span> <span class='ocrx_word' id='word_1_112' title='bbox 1296 833 1364 884; x_wconf 85' lang='lat' dir='ltr'>qui</span> <span class='ocrx_word' id='word_1_113' title='bbox 1406 834 1523 872; x_wconf 86' lang='lat' dir='ltr'>miles</span> <span class='ocrx_word' id='word_1_114' title='bbox 1563 845 1645 871; x_wconf 88' lang='lat' dir='ltr'>non</span> <span class='ocrx_word' id='word_1_115' title='bbox 1679 832 1729 871; x_wconf 86' lang='lat' dir='ltr'>sit</span> <span class='ocrx_word' id='word_1_116' title='bbox 1761 845 1850 870; x_wconf 88' lang='lat' dir='ltr'>cum</span> <span class='ocrx_word' id='word_1_117' title='bbox 1882 829 2003 868; x_wconf 88' lang='lat' dir='ltr'>hoste</span> <span class='ocrx_word' id='word_1_118' title='bbox 2019 835 2056 864; x_wconf 73' lang='lat'>⁴0</span> 
     </span>
     <span class='ocr_line' id='line_1_13' title="bbox 235 891 2004 949; baseline -0.003 -15"><span class='ocrx_word' id='word_1_119' title='bbox 235 907 436 949; x_wconf 89' lang='lat' dir='ltr'>pugnare.</span> <span class='ocrx_word' id='word_1_120' title='bbox 505 895 598 934; x_wconf 85' lang='lat' dir='ltr'>Xll.</span> <span class='ocrx_word' id='word_1_121' title='bbox 642 895 847 948; x_wconf 85' lang='lat' dir='ltr'>Equidem</span> <span class='ocrx_word' id='word_1_122' title='bbox 889 895 1011 934; x_wconf 89' lang='lat' dir='ltr'>etiam</span> <span class='ocrx_word' id='word_1_123' title='bbox 1054 894 1155 933; x_wconf 91' lang='lat' dir='ltr'>illud</span> <span class='ocrx_word' id='word_1_124' title='bbox 1196 895 1504 940; x_wconf 86' lang='lat' dir='ltr'>animadverto,</span> <span class='ocrx_word' id='word_1_125' title='bbox 1548 894 1683 948; x_wconf 92' lang='lat' dir='ltr'>quod,</span> <span class='ocrx_word' id='word_1_126' title='bbox 1724 893 1796 946; x_wconf 91' lang='lat' dir='ltr'>qui</span> <span class='ocrx_word' id='word_1_127' title='bbox 1837 891 2004 945; x_wconf 83' lang='lat' dir='ltr'>proprio</span> 
     </span>
     <span class='ocr_line' id='line_1_14' title="bbox 234 954 2004 1010; baseline -0.004 -13"><span class='ocrx_word' id='word_1_128' title='bbox 234 958 404 997; x_wconf 89' lang='lat' dir='ltr'>nomine</span> <span class='ocrx_word' id='word_1_129' title='bbox 437 957 664 1010; x_wconf 84' lang='lat' dir='ltr'>perduellis</span> <span class='ocrx_word' id='word_1_130' title='bbox 697 963 829 1003; x_wconf 72' lang='lat' dir='ltr'>essct,</span> <span class='ocrx_word' id='word_1_131' title='bbox 863 957 896 997; x_wconf 88' lang='lat' dir='ltr'>is</span> <span class='ocrx_word' id='word_1_132' title='bbox 928 957 1060 996; x_wconf 87' lang='lat' dir='ltr'>hostis</span> <span class='ocrx_word' id='word_1_133' title='bbox 1092 964 1322 1002; x_wconf 85' lang='lat' dir='ltr'>vocaretur,</span> <span class='ocrx_word' id='word_1_134' title='bbox 1357 957 1523 996; x_wconf 84' lang='lat' dir='ltr'>lenitate</span> <span class='ocrx_word' id='word_1_135' title='bbox 1557 955 1671 996; x_wconf 80' lang='lat' dir='ltr'>verbi</span> <span class='ocrx_word' id='word_1_136' title='bbox 1704 957 1763 995; x_wconf 89' lang='lat' dir='ltr'>rei</span> <span class='ocrx_word' id='word_1_137' title='bbox 1795 954 2004 994; x_wconf 80' lang='lat' dir='ltr'>tristitiam</span> 
     </span>
     <span class='ocr_line' id='line_1_15' title="bbox 233 1019 2006 1072; baseline -0.004 -12"><span class='ocrx_word' id='word_1_138' title='bbox 233 1021 478 1072; x_wconf 85' lang='lat' dir='ltr'>mitigatam.</span> <span class='ocrx_word' id='word_1_139' title='bbox 540 1020 682 1059; x_wconf 87' lang='lat' dir='ltr'>Hostis</span> <span class='ocrx_word' id='word_1_140' title='bbox 715 1020 825 1059; x_wconf 88' lang='lat' dir='ltr'>enim</span> <span class='ocrx_word' id='word_1_141' title='bbox 857 1019 966 1072; x_wconf 89' lang='lat' dir='ltr'>apud</span> <span class='ocrx_word' id='word_1_142' title='bbox 1001 1019 1179 1058; x_wconf 87' lang='lat' dir='ltr'>maiores</span> <span class='ocrx_word' id='word_1_143' title='bbox 1214 1025 1378 1058; x_wconf 84' lang='lat' dir='ltr'>nostros</span> <span class='ocrx_word' id='word_1_144' title='bbox 1410 1020 1444 1059; x_wconf 90' lang='lat' dir='ltr'>is</span> <span class='ocrx_word' id='word_1_145' title='bbox 1478 1020 1705 1065; x_wconf 74' lang='lat' dir='ltr'>dicebatur,</span> <span class='ocrx_word' id='word_1_146' title='bbox 1740 1031 1862 1071; x_wconf 90' lang='lat' dir='ltr'>quem</span> <span class='ocrx_word' id='word_1_147' title='bbox 1896 1028 2006 1055; x_wconf 89' lang='lat' dir='ltr'>nunc</span> 
     </span>
     <span class='ocr_line' id='line_1_16' title="bbox 233 1081 2003 1136; baseline -0.003 -14"><span class='ocrx_word' id='word_1_148' title='bbox 233 1082 501 1136; x_wconf 81' lang='lat' dir='ltr'>peregrinum</span> <span class='ocrx_word' id='word_1_149' title='bbox 534 1082 721 1121; x_wconf 87' lang='lat' dir='ltr'>dicimus.</span> <span class='ocrx_word' id='word_1_150' title='bbox 786 1082 973 1121; x_wconf 86' lang='lat' dir='ltr'>lndicant</span> <span class='ocrx_word' id='word_1_151' title='bbox 1012 1081 1232 1120; x_wconf 80' lang='lat' dir='ltr'>duodecim</span> <span class='ocrx_word' id='word_1_152' title='bbox 1273 1082 1462 1120; x_wconf 86' lang='lat' dir='ltr'>tabulae:</span> <span class='ocrx_word' id='word_1_153' title='bbox 1509 1095 1587 1121; x_wconf 66' lang='lat' dir='ltr'>Avi*</span> <span class='ocrx_word' id='word_1_154' title='bbox 1618 1095 1767 1120; x_wconf 73' lang='lat' dir='ltr'>S&#39;t&#39;A&#39;rvs</span> <span class='ocrx_word' id='word_1_155' title='bbox 1800 1093 1890 1119; x_wconf 69' lang='lat' dir='ltr'>Dies</span> <span class='ocrx_word' id='word_1_156' title='bbox 1922 1090 2003 1118; x_wconf 64' lang='lat' dir='ltr'>evat</span> 
     </span>
     <span class='ocr_line' id='line_1_17' title="bbox 233 1141 2055 1196; baseline -0.004 -11"><span class='ocrx_word' id='word_1_157' title='bbox 233 1158 389 1191; x_wconf 73' lang='lat' dir='ltr'>nos‘rss,</span> <span class='ocrx_word' id='word_1_158' title='bbox 430 1144 636 1196; x_wconf 88' lang='lat' dir='ltr'>itemque:</span> <span class='ocrx_word' id='word_1_159' title='bbox 675 1158 882 1184; x_wconf 70' lang='lat' dir='ltr'>Anvnnsvs</span> <span class='ocrx_word' id='word_1_160' title='bbox 915 1156 1080 1184; x_wconf 75' lang='lat' dir='ltr'>floerM</span> <span class='ocrx_word' id='word_1_161' title='bbox 1113 1156 1306 1183; x_wconf 72' lang='lat' dir='ltr'>AETERNA</span> <span class='ocrx_word' id='word_1_162' title='bbox 1338 1156 1610 1183; x_wconf 57' lang='lat' dir='ltr'>Avc&#39;roniiuis.</span> <span class='ocrx_word' id='word_1_163' title='bbox 1675 1143 1783 1190; x_wconf 81' lang='lat' dir='ltr'>Quid</span> <span class='ocrx_word' id='word_1_164' title='bbox 1816 1142 1866 1182; x_wconf 87' lang='lat' dir='ltr'>ad</span> <span class='ocrx_word' id='word_1_165' title='bbox 1898 1141 2055 1180; x_wconf 74' lang='lat' dir='ltr'>hanci5</span> 
     </span>
     <span class='ocr_line' id='line_1_18' title="bbox 233 1204 2005 1259; baseline -0.002 -12"><span class='ocrx_word' id='word_1_166' title='bbox 233 1207 596 1248; x_wconf 80' lang='lat' dir='ltr'>mansuetudinem</span> <span class='ocrx_word' id='word_1_167' title='bbox 630 1206 727 1247; x_wconf 84' lang='lat' dir='ltr'>addi</span> <span class='ocrx_word' id='word_1_168' title='bbox 763 1213 922 1259; x_wconf 87' lang='lat' dir='ltr'>potest,</span> <span class='ocrx_word' id='word_1_169' title='bbox 956 1220 1072 1252; x_wconf 92' lang='lat' dir='ltr'>eum,</span> <span class='ocrx_word' id='word_1_170' title='bbox 1107 1207 1274 1259; x_wconf 83' lang='lat' dir='ltr'>quicum</span> <span class='ocrx_word' id='word_1_171' title='bbox 1308 1207 1463 1245; x_wconf 78' lang='lat' dir='ltr'>bellum</span> <span class='ocrx_word' id='word_1_172' title='bbox 1497 1220 1638 1258; x_wconf 77' lang='lat' dir='ltr'>geras,</span> <span class='ocrx_word' id='word_1_173' title='bbox 1673 1213 1752 1245; x_wconf 89' lang='lat' dir='ltr'>tam</span> <span class='ocrx_word' id='word_1_174' title='bbox 1786 1204 1900 1244; x_wconf 88' lang='lat' dir='ltr'>molli</span> <span class='ocrx_word' id='word_1_175' title='bbox 1933 1216 2005 1243; x_wconf 90' lang='lat' dir='ltr'>no-</span> 
     </span>
     <span class='ocr_line' id='line_1_19' title="bbox 233 1268 2005 1323; baseline -0.002 -14"><span class='ocrx_word' id='word_1_176' title='bbox 233 1269 345 1310; x_wconf 88' lang='lat' dir='ltr'>mine</span> <span class='ocrx_word' id='word_1_177' title='bbox 377 1269 617 1322; x_wconf 75' lang='lat' dir='ltr'>appellare?</span> <span class='ocrx_word' id='word_1_178' title='bbox 679 1271 943 1323; x_wconf 84' lang='lat' dir='ltr'>Quamquam</span> <span class='ocrx_word' id='word_1_179' title='bbox 985 1270 1026 1308; x_wconf 91' lang='lat' dir='ltr'>id</span> <span class='ocrx_word' id='word_1_180' title='bbox 1070 1282 1221 1308; x_wconf 85' lang='lat' dir='ltr'>nomen</span> <span class='ocrx_word' id='word_1_181' title='bbox 1263 1268 1409 1308; x_wconf 84' lang='lat' dir='ltr'>durius</span> <span class='ocrx_word' id='word_1_182' title='bbox 1443 1270 1581 1308; x_wconf 82' lang='lat' dir='ltr'>effecit</span> <span class='ocrx_word' id='word_1_183' title='bbox 1613 1269 1694 1307; x_wconf 87' lang='lat' dir='ltr'>iam</span> <span class='ocrx_word' id='word_1_184' title='bbox 1729 1273 1934 1313; x_wconf 83' lang='lat' dir='ltr'>vetustas;</span> <span class='ocrx_word' id='word_1_185' title='bbox 1982 1278 2005 1304; x_wconf 85' lang='lat' dir='ltr'>a</span> 
     </span>
     <span class='ocr_line' id='line_1_20' title="bbox 232 1330 2005 1386; baseline -0.002 -15"><span class='ocrx_word' id='word_1_186' title='bbox 232 1332 455 1386; x_wconf 82' lang='lat' dir='ltr'>peregrino</span> <span class='ocrx_word' id='word_1_187' title='bbox 497 1333 605 1370; x_wconf 87' lang='lat' dir='ltr'>enim</span> <span class='ocrx_word' id='word_1_188' title='bbox 645 1332 817 1371; x_wconf 86' lang='lat' dir='ltr'>recessit</span> <span class='ocrx_word' id='word_1_189' title='bbox 856 1338 896 1371; x_wconf 89' lang='lat' dir='ltr'>et</span> <span class='ocrx_word' id='word_1_190' title='bbox 936 1332 1104 1384; x_wconf 87' lang='lat' dir='ltr'>proprie</span> <span class='ocrx_word' id='word_1_191' title='bbox 1136 1332 1177 1370; x_wconf 92' lang='lat' dir='ltr'>in</span> <span class='ocrx_word' id='word_1_192' title='bbox 1211 1345 1283 1377; x_wconf 90' lang='lat' dir='ltr'>eo,</span> <span class='ocrx_word' id='word_1_193' title='bbox 1327 1332 1399 1384; x_wconf 90' lang='lat' dir='ltr'>qui</span> <span class='ocrx_word' id='word_1_194' title='bbox 1433 1344 1546 1371; x_wconf 85' lang='lat' dir='ltr'>arma</span> <span class='ocrx_word' id='word_1_195' title='bbox 1578 1338 1721 1370; x_wconf 86' lang='lat' dir='ltr'>contra</span> <span class='ocrx_word' id='word_1_196' title='bbox 1751 1330 1900 1376; x_wconf 87' lang='lat' dir='ltr'>ferret,</span> <span class='ocrx_word' id='word_1_197' title='bbox 1940 1342 2005 1368; x_wconf 86' lang='lat' dir='ltr'>re-</span> 
     </span>
     <span class='ocr_line' id='line_1_21' title="bbox 233 1392 2003 1447; baseline -0.003 -12"><span class='ocrx_word' id='word_1_198' title='bbox 233 1397 396 1435; x_wconf 86' lang='lat' dir='ltr'>mansit.</span> <span class='ocrx_word' id='word_1_199' title='bbox 455 1392 522 1434; x_wconf 84' lang='lat'>38.</span> <span class='ocrx_word' id='word_1_200' title='bbox 556 1394 657 1433; x_wconf 87' lang='lat' dir='ltr'>Cum</span> <span class='ocrx_word' id='word_1_201' title='bbox 690 1408 789 1434; x_wconf 83' lang='lat' dir='ltr'>vero</span> <span class='ocrx_word' id='word_1_202' title='bbox 821 1394 872 1434; x_wconf 90' lang='lat' dir='ltr'>de</span> <span class='ocrx_word' id='word_1_203' title='bbox 906 1395 1082 1447; x_wconf 88' lang='lat' dir='ltr'>imperio</span> <span class='ocrx_word' id='word_1_204' title='bbox 1116 1393 1354 1433; x_wconf 86' lang='lat' dir='ltr'>decertatur</span> <span class='ocrx_word' id='word_1_205' title='bbox 1384 1394 1582 1446; x_wconf 88' lang='lat' dir='ltr'>belloque</span> <span class='ocrx_word' id='word_1_206' title='bbox 1616 1394 1830 1446; x_wconf 89' lang='lat' dir='ltr'>quaeritur</span> <span class='ocrx_word' id='word_1_207' title='bbox 1861 1392 2003 1445; x_wconf 84' lang='lat' dir='ltr'>gloria,</span> 
     </span>
     <span class='ocr_line' id='line_1_22' title="bbox 233 1455 2055 1509; baseline -0.004 -11"><span class='ocrx_word' id='word_1_208' title='bbox 233 1471 380 1498; x_wconf 86' lang='lat' dir='ltr'>causas</span> <span class='ocrx_word' id='word_1_209' title='bbox 423 1456 594 1497; x_wconf 90' lang='lat' dir='ltr'>omnino</span> <span class='ocrx_word' id='word_1_210' title='bbox 636 1457 808 1496; x_wconf 89' lang='lat' dir='ltr'>subesse</span> <span class='ocrx_word' id='word_1_211' title='bbox 849 1463 989 1497; x_wconf 88' lang='lat' dir='ltr'>tamen</span> <span class='ocrx_word' id='word_1_212' title='bbox 1032 1462 1197 1508; x_wconf 88' lang='lat' dir='ltr'>oportet</span> <span class='ocrx_word' id='word_1_213' title='bbox 1238 1457 1428 1503; x_wconf 82' lang='lat' dir='ltr'>easdem,</span> <span class='ocrx_word' id='word_1_214' title='bbox 1471 1470 1576 1509; x_wconf 89' lang='lat' dir='ltr'>quas</span> <span class='ocrx_word' id='word_1_215' title='bbox 1618 1456 1703 1494; x_wconf 77' lang='lat' dir='ltr'>dixi</span> <span class='ocrx_word' id='word_1_216' title='bbox 1744 1455 1869 1508; x_wconf 89' lang='lat' dir='ltr'>paulo</span> <span class='ocrx_word' id='word_1_217' title='bbox 1908 1461 2055 1494; x_wconf 62' lang='lat' dir='ltr'>anteao</span> 
     </span>
     <span class='ocr_line' id='line_1_23' title="bbox 233 1518 2004 1572; baseline -0.002 -12"><span class='ocrx_word' id='word_1_218' title='bbox 233 1520 364 1560; x_wconf 88' lang='lat' dir='ltr'>iustas</span> <span class='ocrx_word' id='word_1_219' title='bbox 405 1532 549 1559; x_wconf 90' lang='lat' dir='ltr'>causas</span> <span class='ocrx_word' id='word_1_220' title='bbox 593 1533 685 1560; x_wconf 90' lang='lat' dir='ltr'>esse</span> <span class='ocrx_word' id='word_1_221' title='bbox 723 1520 946 1560; x_wconf 88' lang='lat' dir='ltr'>bellorum.</span> <span class='ocrx_word' id='word_1_222' title='bbox 1023 1520 1103 1559; x_wconf 88' lang='lat' dir='ltr'>Sed</span> <span class='ocrx_word' id='word_1_223' title='bbox 1149 1533 1197 1559; x_wconf 89' lang='lat' dir='ltr'>ea</span> <span class='ocrx_word' id='word_1_224' title='bbox 1238 1519 1369 1566; x_wconf 86' lang='lat' dir='ltr'>bella,</span> <span class='ocrx_word' id='word_1_225' title='bbox 1412 1519 1566 1572; x_wconf 87' lang='lat' dir='ltr'>quibus</span> <span class='ocrx_word' id='word_1_226' title='bbox 1599 1519 1761 1570; x_wconf 77' lang='lat' dir='ltr'>imperii</span> <span class='ocrx_word' id='word_1_227' title='bbox 1794 1518 2004 1569; x_wconf 86' lang='lat' dir='ltr'>proposita</span> 
     </span>
     <span class='ocr_line' id='line_1_24' title="bbox 233 1581 2006 1636; baseline -0.001 -15"><span class='ocrx_word' id='word_1_228' title='bbox 233 1582 369 1634; x_wconf 81' lang='lat' dir='ltr'>gloria</span> <span class='ocrx_word' id='word_1_229' title='bbox 401 1587 476 1629; x_wconf 90' lang='lat' dir='ltr'>est,</span> <span class='ocrx_word' id='word_1_230' title='bbox 508 1583 644 1622; x_wconf 86' lang='lat' dir='ltr'>minus</span> <span class='ocrx_word' id='word_1_231' title='bbox 676 1583 824 1622; x_wconf 78' lang='lat' dir='ltr'>acerbe</span> <span class='ocrx_word' id='word_1_232' title='bbox 857 1582 1040 1636; x_wconf 85' lang='lat' dir='ltr'>gerenda</span> <span class='ocrx_word' id='word_1_233' title='bbox 1072 1588 1178 1621; x_wconf 90' lang='lat' dir='ltr'>sunt.</span> <span class='ocrx_word' id='word_1_234' title='bbox 1242 1582 1291 1622; x_wconf 87' lang='lat' dir='ltr'>Ut</span> <span class='ocrx_word' id='word_1_235' title='bbox 1321 1582 1430 1621; x_wconf 88' lang='lat' dir='ltr'>enim</span> <span class='ocrx_word' id='word_1_236' title='bbox 1464 1595 1557 1621; x_wconf 92' lang='lat' dir='ltr'>cum</span> <span class='ocrx_word' id='word_1_237' title='bbox 1590 1581 1667 1620; x_wconf 82' lang='lat' dir='ltr'>civi</span> <span class='ocrx_word' id='word_1_238' title='bbox 1691 1581 1813 1620; x_wconf 88' lang='lat' dir='ltr'>aliter</span> <span class='ocrx_word' id='word_1_239' title='bbox 1834 1587 2006 1619; x_wconf 88' lang='lat' dir='ltr'>couten-</span> 
     </span>
     <span class='ocr_line' id='line_1_25' title="bbox 236 1643 2004 1696; baseline -0.001 -13"><span class='ocrx_word' id='word_1_240' title='bbox 236 1644 395 1691; x_wconf 90' lang='lat' dir='ltr'>dimus,</span> <span class='ocrx_word' id='word_1_241' title='bbox 435 1644 468 1683; x_wconf 88' lang='lat' dir='ltr'>si</span> <span class='ocrx_word' id='word_1_242' title='bbox 510 1652 570 1684; x_wconf 88' lang='lat' dir='ltr'>est</span> <span class='ocrx_word' id='word_1_243' title='bbox 611 1646 828 1692; x_wconf 89' lang='lat' dir='ltr'>inimicus,</span> <span class='ocrx_word' id='word_1_244' title='bbox 871 1645 1013 1691; x_wconf 77' lang='lat' dir='ltr'>aliter,</span> <span class='ocrx_word' id='word_1_245' title='bbox 1055 1644 1088 1683; x_wconf 88' lang='lat' dir='ltr'>si</span> <span class='ocrx_word' id='word_1_246' title='bbox 1121 1645 1371 1696; x_wconf 86' lang='lat' dir='ltr'>competitor</span> <span class='ocrx_word' id='word_1_247' title='bbox 1410 1668 1462 1673; x_wconf 94' lang='lat'><strong>—</strong></span> <span class='ocrx_word' id='word_1_248' title='bbox 1504 1658 1597 1683; x_wconf 92' lang='lat' dir='ltr'>cum</span> <span class='ocrx_word' id='word_1_249' title='bbox 1631 1643 1761 1683; x_wconf 77' lang='lat' dir='ltr'>altero</span> <span class='ocrx_word' id='word_1_250' title='bbox 1795 1650 2004 1683; x_wconf 85' lang='lat' dir='ltr'>certamen</span> 
     </span>
     <span class='ocr_line' id='line_1_26' title="bbox 234 1705 2005 1761; baseline -0.001 -16"><span class='ocrx_word' id='word_1_251' title='bbox 234 1706 408 1746; x_wconf 89' lang='lat' dir='ltr'>honoris</span> <span class='ocrx_word' id='word_1_252' title='bbox 441 1712 482 1746; x_wconf 89' lang='lat' dir='ltr'>et</span> <span class='ocrx_word' id='word_1_253' title='bbox 514 1707 730 1760; x_wconf 84' lang='lat' dir='ltr'>dignitatis</span> <span class='ocrx_word' id='word_1_254' title='bbox 755 1714 838 1756; x_wconf 89' lang='lat' dir='ltr'>est,</span> <span class='ocrx_word' id='word_1_255' title='bbox 872 1722 962 1748; x_wconf 88' lang='lat' dir='ltr'>cum</span> <span class='ocrx_word' id='word_1_256' title='bbox 996 1709 1126 1748; x_wconf 87' lang='lat' dir='ltr'>altero</span> <span class='ocrx_word' id='word_1_257' title='bbox 1160 1709 1306 1761; x_wconf 88' lang='lat' dir='ltr'>capitis</span> <span class='ocrx_word' id='word_1_258' title='bbox 1339 1714 1380 1748; x_wconf 89' lang='lat' dir='ltr'>et</span> <span class='ocrx_word' id='word_1_259' title='bbox 1410 1708 1543 1748; x_wconf 86' lang='lat' dir='ltr'>famae</span> <span class='ocrx_word' id='word_1_260' title='bbox 1565 1731 1642 1755; x_wconf 93' lang='lat'>—‚</span> <span class='ocrx_word' id='word_1_261' title='bbox 1675 1708 1732 1747; x_wconf 89' lang='lat' dir='ltr'>sic</span> <span class='ocrx_word' id='word_1_262' title='bbox 1764 1720 1858 1746; x_wconf 87' lang='lat' dir='ltr'>cum</span> <span class='ocrx_word' id='word_1_263' title='bbox 1882 1705 2005 1745; x_wconf 90' lang='lat' dir='ltr'>Celti-</span> 
     </span>
    </p>
   </div>
   <div class='ocr_carea' id='block_1_4' title="bbox 232 1898 2008 2936">
    <p class='ocr_par' dir='ltr' id='par_1_4' title="bbox 232 1898 2008 2936">
     <span class='ocr_line' id='line_1_27' title="bbox 233 1898 2002 1940; baseline -0.002 -10"><span class='ocrx_word' id='word_1_264' title='bbox 233 1899 385 1940; x_wconf 83' lang='lat' dir='ltr'>positum</span> <span class='ocrx_word' id='word_1_265' title='bbox 412 1900 487 1929; x_wconf 89' lang='lat' dir='ltr'>erat</span> <span class='ocrx_word' id='word_1_266' title='bbox 512 1898 645 1930; x_wconf 59' lang='lat' dir='ltr'>Catonis</span> <span class='ocrx_word' id='word_1_267' title='bbox 665 1899 754 1937; x_wconf 76' lang='lat' dir='ltr'>filius</span> <span class='ocrx_word' id='word_1_268' title='bbox 778 1899 859 1933; x_wconf 69' lang='lat' dir='ltr'>liro,</span> <span class='ocrx_word' id='word_1_269' title='bbox 888 1898 947 1930; x_wconf 85' lang='lat' dir='ltr'>ubi</span> <span class='ocrx_word' id='word_1_270' title='bbox 974 1908 1101 1931; x_wconf 81' lang='lat' dir='ltr'>nomen</span> <span class='ocrx_word' id='word_1_271' title='bbox 1128 1900 1269 1930; x_wconf 77' lang='lat' dir='ltr'>Catonis</span> <span class='ocrx_word' id='word_1_272' title='bbox 1299 1898 1509 1938; x_wconf 80' lang='lat' dir='ltr'>simpliciter</span> <span class='ocrx_word' id='word_1_273' title='bbox 1533 1900 1683 1939; x_wconf 84' lang='lat' dir='ltr'>positum</span> <span class='ocrx_word' id='word_1_274' title='bbox 1710 1898 1786 1929; x_wconf 89' lang='lat' dir='ltr'>usui</span> <span class='ocrx_word' id='word_1_275' title='bbox 1813 1898 2002 1934; x_wconf 76' lang='lat' dir='ltr'>Ciceronis,</span> 
     </span>
     <span class='ocr_line' id='line_1_28' title="bbox 234 1946 2006 1990; baseline -0.001 -11"><span class='ocrx_word' id='word_1_276' title='bbox 234 1957 303 1990; x_wconf 89' lang='lat' dir='ltr'>quo</span> <span class='ocrx_word' id='word_1_277' title='bbox 329 1956 546 1989; x_wconf 77' lang='lat' dir='ltr'>praenomen</span> <span class='ocrx_word' id='word_1_278' title='bbox 577 1946 700 1979; x_wconf 68' lang='lat' dir='ltr'>saltem</span> <span class='ocrx_word' id='word_1_279' title='bbox 734 1947 936 1979; x_wconf 79' lang='lat' dir='ltr'>addendum</span> <span class='ocrx_word' id='word_1_280' title='bbox 964 1951 1058 1987; x_wconf 80' lang='lat' dir='ltr'>crat,</span> <span class='ocrx_word' id='word_1_281' title='bbox 1091 1951 1273 1989; x_wconf 65' lang='lat' dir='ltr'>repugnat.</span> <span class='ocrx_word' id='word_1_282' title='bbox 1325 1948 1438 1980; x_wconf 69' lang='lat' dir='ltr'>Altera</span> <span class='ocrx_word' id='word_1_283' title='bbox 1467 1956 1550 1980; x_wconf 66' lang='lat' dir='ltr'>iero</span> <span class='ocrx_word' id='word_1_284' title='bbox 1577 1958 1615 1979; x_wconf 78' lang='lat' dir='ltr'>ex</span> <span class='ocrx_word' id='word_1_285' title='bbox 1643 1950 1740 1988; x_wconf 81' lang='lat' dir='ltr'>parte</span> <span class='ocrx_word' id='word_1_286' title='bbox 1768 1949 1890 1980; x_wconf 74' lang='lat' dir='ltr'>Cicero</span> <span class='ocrx_word' id='word_1_287' title='bbox 1916 1956 2006 1979; x_wconf 89' lang='lat' dir='ltr'>nun-</span> 
     </span>
     <span class='ocr_line' id='line_1_29' title="bbox 235 1997 2005 2039; baseline -0.001 -11"><span class='ocrx_word' id='word_1_288' title='bbox 235 2006 339 2039; x_wconf 85' lang='lat' dir='ltr'>quam</span> <span class='ocrx_word' id='word_1_289' title='bbox 366 1997 511 2028; x_wconf 77' lang='lat' dir='ltr'>dixisset</span> <span class='ocrx_word' id='word_1_290' title='bbox 534 1999 578 2029; x_wconf 80' lang='lat' dir='ltr'>M.</span> <span class='ocrx_word' id='word_1_291' title='bbox 599 1998 731 2029; x_wconf 59' lang='lat' dir='ltr'>Catonis</span> <span class='ocrx_word' id='word_1_292' title='bbox 755 1998 856 2035; x_wconf 71' lang='lat' dir='ltr'>senis,</span> <span class='ocrx_word' id='word_1_293' title='bbox 890 2000 917 2029; x_wconf 86' lang='lat' dir='ltr'>si</span> <span class='ocrx_word' id='word_1_294' title='bbox 951 1999 1042 2030; x_wconf 72' lang='lat' dir='ltr'>idem</span> <span class='ocrx_word' id='word_1_295' title='bbox 1078 2002 1129 2029; x_wconf 62' lang='lat' dir='ltr'>vir</span> <span class='ocrx_word' id='word_1_296' title='bbox 1163 1998 1264 2038; x_wconf 75' lang='lat' dir='ltr'>paulo</span> <span class='ocrx_word' id='word_1_297' title='bbox 1295 2001 1374 2029; x_wconf 80' lang='lat' dir='ltr'>ante</span> <span class='ocrx_word' id='word_1_298' title='bbox 1409 1999 1608 2029; x_wconf 80' lang='lat' dir='ltr'>nominatus</span> <span class='ocrx_word' id='word_1_299' title='bbox 1634 2000 1737 2029; x_wconf 71' lang='lat' dir='ltr'>esset.</span> <span class='ocrx_word' id='word_1_300' title='bbox 1789 2000 1906 2039; x_wconf 81' lang='lat' dir='ltr'>ltaque</span> <span class='ocrx_word' id='word_1_301' title='bbox 1933 2000 2005 2028; x_wconf 75' lang='lat' dir='ltr'>sta-</span> 
     </span>
     <span class='ocr_line' id='line_1_30' title="bbox 234 2047 2006 2089; baseline -0.002 -9"><span class='ocrx_word' id='word_1_302' title='bbox 234 2048 404 2080; x_wconf 79' lang='lat' dir='ltr'>tuendum</span> <span class='ocrx_word' id='word_1_303' title='bbox 437 2050 506 2083; x_wconf 88' lang='lat' dir='ltr'>est,</span> <span class='ocrx_word' id='word_1_304' title='bbox 547 2048 717 2079; x_wconf 76' lang='lat' dir='ltr'>Catonem</span> <span class='ocrx_word' id='word_1_305' title='bbox 753 2048 806 2078; x_wconf 74' lang='lat' dir='ltr'>tm:</span> <span class='ocrx_word' id='word_1_306' title='bbox 839 2049 983 2079; x_wconf 86' lang='lat' dir='ltr'>demum</span> <span class='ocrx_word' id='word_1_307' title='bbox 1017 2057 1033 2079; x_wconf 80' lang='lat' dir='ltr'>a</span> <span class='ocrx_word' id='word_1_308' title='bbox 1068 2050 1236 2080; x_wconf 72' lang='lat' dir='ltr'>Cicerone</span> <span class='ocrx_word' id='word_1_309' title='bbox 1272 2049 1399 2079; x_wconf 75' lang='lat' dir='ltr'>indm-i.</span> <span class='ocrx_word' id='word_1_310' title='bbox 1450 2050 1570 2089; x_wconf 62' lang='lat' dir='ltr'>Neque</span> <span class='ocrx_word' id='word_1_311' title='bbox 1597 2048 1624 2078; x_wconf 76' lang='lat' dir='ltr'>is</span> <span class='ocrx_word' id='word_1_312' title='bbox 1651 2049 1681 2078; x_wconf 90' lang='lat' dir='ltr'>in</span> <span class='ocrx_word' id='word_1_313' title='bbox 1708 2048 1870 2088; x_wconf 67' lang='lat' dir='ltr'>exemplo</span> <span class='ocrx_word' id='word_1_314' title='bbox 1896 2047 2006 2078; x_wconf 86' lang='lat' dir='ltr'>histo-</span> 
     </span>
     <span class='ocr_line' id='line_1_31' title="bbox 233 2096 2002 2138; baseline -0.002 -8"><span class='ocrx_word' id='word_1_315' title='bbox 233 2100 325 2134; x_wconf 79' lang='lat' dir='ltr'>ri00‚</span> <span class='ocrx_word' id='word_1_316' title='bbox 352 2099 426 2129; x_wconf 89' lang='lat' dir='ltr'>sine</span> <span class='ocrx_word' id='word_1_317' title='bbox 452 2096 620 2137; x_wconf 81' lang='lat' dir='ltr'>particula</span> <span class='ocrx_word' id='word_1_318' title='bbox 647 2101 880 2129; x_wconf 71' lang='lat' dir='ltr'>connectente</span> <span class='ocrx_word' id='word_1_319' title='bbox 906 2101 938 2130; x_wconf 76' lang='lat' dir='ltr'>et</span> <span class='ocrx_word' id='word_1_320' title='bbox 965 2100 1148 2129; x_wconf 82' lang='lat' dir='ltr'>transitum</span> <span class='ocrx_word' id='word_1_321' title='bbox 1175 2099 1369 2132; x_wconf 74' lang='lat' dir='ltr'>indicante.</span> <span class='ocrx_word' id='word_1_322' title='bbox 1398 2101 1467 2130; x_wconf 88' lang='lat' dir='ltr'>tam</span> <span class='ocrx_word' id='word_1_323' title='bbox 1495 2098 1568 2128; x_wconf 79' lang='lat' dir='ltr'>laxe</span> <span class='ocrx_word' id='word_1_324' title='bbox 1595 2101 1627 2128; x_wconf 83' lang='lat' dir='ltr'>et</span> <span class='ocrx_word' id='word_1_325' title='bbox 1653 2099 1784 2128; x_wconf 79' lang='lat' dir='ltr'>incerte</span> <span class='ocrx_word' id='word_1_326' title='bbox 1809 2098 2002 2138; x_wconf 77' lang='lat' dir='ltr'>posuisset:</span> 
     </span>
     <span class='ocr_line' id='line_1_32' title="bbox 232 2147 2003 2189; baseline -0.002 -8"><span class='ocrx_word' id='word_1_327' title='bbox 232 2150 377 2188; x_wconf 81' lang='lat' dir='ltr'>Popilius</span> <span class='ocrx_word' id='word_1_328' title='bbox 408 2150 591 2185; x_wconf 67' lang='lat' dir='ltr'>imperator</span> <span class='ocrx_word' id='word_1_329' title='bbox 620 2149 713 2186; x_wconf 87' lang='lat' dir='ltr'>(sine</span> <span class='ocrx_word' id='word_1_330' title='bbox 740 2149 984 2188; x_wconf 62' lang='lat' dir='ltr'>praenomine*</span> <span class='ocrx_word' id='word_1_331' title='bbox 1019 2150 1146 2180; x_wconf 65' lang='lat' dir='ltr'>leniebat</span> <span class='ocrx_word' id='word_1_332' title='bbox 1174 2150 1382 2187; x_wconf 69' lang='lat' dir='ltr'>])7·ot¹t&#39;rt(·tm&#39;n</span> <span class='ocrx_word' id='word_1_333' title='bbox 1416 2150 1566 2189; x_wconf 62' lang='lat' dir='ltr'>(quaint)</span> <span class='ocrx_word' id='word_1_334' title='bbox 1598 2151 1629 2179; x_wconf 91' lang='lat' dir='ltr'>at</span> <span class='ocrx_word' id='word_1_335' title='bbox 1663 2151 1781 2189; x_wconf 73' lang='lat' dir='ltr'>postca</span> <span class='ocrx_word' id='word_1_336' title='bbox 1815 2148 1942 2178; x_wconf 64' lang='lat' dir='ltr'>dit-itur</span> <span class='ocrx_word' id='word_1_337' title='bbox 1971 2147 2003 2177; x_wconf 80' lang='lat' dir='ltr'>in</span> 
     </span>
     <span class='ocr_line' id='line_1_33' title="bbox 233 2197 2006 2239; baseline -0.003 -8"><span class='ocrx_word' id='word_1_338' title='bbox 233 2198 430 2231; x_wconf 73' lang='lat' dir='ltr'>Macedonia</span> <span class='ocrx_word' id='word_1_339' title='bbox 455 2198 580 2228; x_wconf 69' lang='lat' dir='ltr'>Persico</span> <span class='ocrx_word' id='word_1_340' title='bbox 604 2197 707 2236; x_wconf 70' lang='lat' dir='ltr'>bellu).</span> <span class='ocrx_word' id='word_1_341' title='bbox 758 2198 845 2236; x_wconf 83' lang='lat' dir='ltr'>Quid</span> <span class='ocrx_word' id='word_1_342' title='bbox 873 2198 1005 2229; x_wconf 67' lang='lat' dir='ltr'>multa?</span> <span class='ocrx_word' id='word_1_343' title='bbox 1043 2200 1165 2239; x_wconf 82' lang='lat' dir='ltr'>Spuria</span> <span class='ocrx_word' id='word_1_344' title='bbox 1191 2199 1376 2230; x_wconf 76' lang='lat' dir='ltr'>iudicanda</span> <span class='ocrx_word' id='word_1_345' title='bbox 1402 2202 1482 2230; x_wconf 87' lang='lat' dir='ltr'>sunt</span> <span class='ocrx_word' id='word_1_346' title='bbox 1509 2200 1614 2229; x_wconf 80' lang='lat' dir='ltr'>hacc:</span> <span class='ocrx_word' id='word_1_347' title='bbox 1655 2199 1798 2237; x_wconf 57' lang='lat' dir='ltr'>Pvpilius</span> <span class='ocrx_word' id='word_1_348' title='bbox 1828 2199 2006 2236; x_wconf 72' lang='lat' dir='ltr'>imperator</span> 
     </span>
     <span class='ocr_line' id='line_1_34' title="bbox 234 2246 2006 2289; baseline -0.001 -11"><span class='ocrx_word' id='word_1_349' title='bbox 234 2247 332 2278; x_wconf 68' lang='grc' dir='ltr'><strong><em>--ίνι</em></strong></span> <span class='ocrx_word' id='word_1_350' title='bbox 357 2247 435 2278; x_wconf 83' lang='lat' dir='ltr'>bello</span> <span class='ocrx_word' id='word_1_351' title='bbox 460 2248 628 2278; x_wconf 70' lang='lat' dir='ltr'>moi-caclo.</span> <span class='ocrx_word' id='word_1_352' title='bbox 680 2248 828 2278; x_wconf 74' lang='lat' dir='ltr'>Fuerunt</span> <span class='ocrx_word' id='word_1_353' title='bbox 855 2248 998 2287; x_wconf 78' lang='lat' dir='ltr'>quidem</span> <span class='ocrx_word' id='word_1_354' title='bbox 1025 2250 1133 2279; x_wconf 71' lang='lat' dir='ltr'>critici</span> <span class='ocrx_word' id='word_1_355' title='bbox 1160 2250 1333 2286; x_wconf 79' lang='lat' dir='ltr'>nonnulli,</span> <span class='ocrx_word' id='word_1_356' title='bbox 1367 2251 1425 2289; x_wconf 79' lang='lat' dir='ltr'>qui</span> <span class='ocrx_word' id='word_1_357' title='bbox 1452 2251 1571 2279; x_wconf 82' lang='lat' dir='ltr'>contra</span> <span class='ocrx_word' id='word_1_358' title='bbox 1598 2256 1763 2288; x_wconf 83' lang='lat' dir='ltr'>suprcina</span> <span class='ocrx_word' id='word_1_359' title='bbox 1789 2246 1895 2278; x_wconf 62' lang='lat' dir='ltr'>verba</span> <span class='ocrx_word' id='word_1_360' title='bbox 1921 2255 2006 2287; x_wconf 86' lang='lat' dir='ltr'>sup-</span> 
     </span>
     <span class='ocr_line' id='line_1_35' title="bbox 234 2296 2006 2338; baseline -0.001 -9"><span class='ocrx_word' id='word_1_361' title='bbox 234 2297 392 2338; x_wconf 78' lang='lat' dir='ltr'>positicia</span> <span class='ocrx_word' id='word_1_362' title='bbox 417 2296 630 2327; x_wconf 79' lang='lat' dir='ltr'>iudicarent:</span> <span class='ocrx_word' id='word_1_363' title='bbox 659 2297 702 2327; x_wconf 73' lang='lat' dir='ltr'>M.</span> <span class='ocrx_word' id='word_1_364' title='bbox 731 2297 859 2335; x_wconf 74' lang='lat' dir='ltr'>quidem</span> <span class='ocrx_word' id='word_1_365' title='bbox 884 2298 1017 2329; x_wconf 77' lang='lat' dir='ltr'>Catonis</span> <span class='ocrx_word' id='word_1_366' title='bbox 1041 2299 1124 2329; x_wconf 76' lang='lat' dir='ltr'>senis</span> <span class='ocrx_word' id='word_1_367' title='bbox 1141 2315 1188 2321; x_wconf 89' lang='lat'>·--</span> <span class='ocrx_word' id='word_1_368' title='bbox 1207 2308 1279 2330; x_wconf 76' lang='lat' dir='ltr'>cum</span> <span class='ocrx_word' id='word_1_369' title='bbox 1303 2299 1389 2329; x_wconf 75' lang='lat' dir='ltr'>hoste</span> <span class='ocrx_word' id='word_1_370' title='bbox 1411 2308 1580 2338; x_wconf 60' lang='lat' dir='ltr'>pugnare:</span> <span class='ocrx_word' id='word_1_371' title='bbox 1614 2300 1644 2328; x_wconf 83' lang='lat' dir='ltr'>at</span> <span class='ocrx_word' id='word_1_372' title='bbox 1672 2298 1759 2328; x_wconf 82' lang='lat' dir='ltr'>haec</span> <span class='ocrx_word' id='word_1_373' title='bbox 1785 2297 1816 2327; x_wconf 89' lang='lat' dir='ltr'>in</span> <span class='ocrx_word' id='word_1_374' title='bbox 1843 2296 2006 2328; x_wconf 84' lang='lat' dir='ltr'>omnibus</span> 
     </span>
     <span class='ocr_line' id='line_1_36' title="bbox 235 2345 2005 2389; baseline -0.001 -11"><span class='ocrx_word' id='word_1_375' title='bbox 235 2347 394 2388; x_wconf 85' lang='lat' dir='ltr'>partibus</span> <span class='ocrx_word' id='word_1_376' title='bbox 423 2348 550 2378; x_wconf 87' lang='lat' dir='ltr'>iustam</span> <span class='ocrx_word' id='word_1_377' title='bbox 584 2345 715 2377; x_wconf 85' lang='lat' dir='ltr'>habent</span> <span class='ocrx_word' id='word_1_378' title='bbox 742 2346 889 2378; x_wconf 81' lang='lat' dir='ltr'>sormam</span> <span class='ocrx_word' id='word_1_379' title='bbox 915 2350 948 2377; x_wconf 84' lang='lat' dir='ltr'>et</span> <span class='ocrx_word' id='word_1_380' title='bbox 974 2348 1261 2387; x_wconf 70' lang='lat' dir='ltr'>Ciceronianam,</span> <span class='ocrx_word' id='word_1_381' title='bbox 1295 2349 1408 2379; x_wconf 80' lang='lat' dir='ltr'>addita</span> <span class='ocrx_word' id='word_1_382' title='bbox 1436 2347 1602 2389; x_wconf 84' lang='lat' dir='ltr'>particula</span> <span class='ocrx_word' id='word_1_383' title='bbox 1629 2348 1839 2379; x_wconf 84' lang='lat' dir='ltr'>adnectente</span> <span class='ocrx_word' id='word_1_384' title='bbox 1865 2348 2005 2386; x_wconf 74' lang='lat' dir='ltr'>quidem,</span> 
     </span>
     <span class='ocr_line' id='line_1_37' title="bbox 236 2396 2006 2437; baseline -0.001 -9"><span class='ocrx_word' id='word_1_385' title='bbox 236 2396 354 2428; x_wconf 89' lang='lat' dir='ltr'>addito</span> <span class='ocrx_word' id='word_1_386' title='bbox 379 2397 609 2436; x_wconf 85' lang='lat' dir='ltr'>praenomine</span> <span class='ocrx_word' id='word_1_387' title='bbox 634 2397 679 2427; x_wconf 87' lang='grc' dir='ltr'>Μ.</span> <span class='ocrx_word' id='word_1_388' title='bbox 708 2399 741 2427; x_wconf 89' lang='lat' dir='ltr'>et</span> <span class='ocrx_word' id='word_1_389' title='bbox 765 2398 865 2434; x_wconf 74' lang='lat' dir='ltr'>senis,</span> <span class='ocrx_word' id='word_1_390' title='bbox 902 2405 993 2436; x_wconf 80' lang='lat' dir='ltr'>quae</span> <span class='ocrx_word' id='word_1_391' title='bbox 1025 2399 1094 2429; x_wconf 89' lang='lat' dir='ltr'>duo</span> <span class='ocrx_word' id='word_1_392' title='bbox 1126 2402 1209 2430; x_wconf 85' lang='lat' dir='ltr'>satis</span> <span class='ocrx_word' id='word_1_393' title='bbox 1233 2398 1418 2437; x_wconf 68' lang='lat' dir='ltr'>designant</span> <span class='ocrx_word' id='word_1_394' title='bbox 1443 2399 1612 2429; x_wconf 69' lang='lat' dir='ltr'>Catonem</span> <span class='ocrx_word' id='word_1_395' title='bbox 1639 2398 1857 2433; x_wconf 71' lang='lat' dir='ltr'>censorium,</span> <span class='ocrx_word' id='word_1_396' title='bbox 1890 2396 2006 2428; x_wconf 88' lang='lat' dir='ltr'>addita</span> 
     </span>
     <span class='ocr_line' id='line_1_38' title="bbox 235 2446 2007 2487; baseline -0.001 -8"><span class='ocrx_word' id='word_1_397' title='bbox 235 2447 489 2487; x_wconf 72' lang='lat' dir='ltr'>significatione</span> <span class='ocrx_word' id='word_1_398' title='bbox 522 2448 555 2477; x_wconf 86' lang='lat' dir='ltr'>et</span> <span class='ocrx_word' id='word_1_399' title='bbox 587 2448 755 2486; x_wconf 76' lang='lat' dir='ltr'>temporis</span> <span class='ocrx_word' id='word_1_400' title='bbox 787 2449 819 2478; x_wconf 78' lang='lat' dir='ltr'>et</span> <span class='ocrx_word' id='word_1_401' title='bbox 845 2446 929 2478; x_wconf 86' lang='lat' dir='ltr'>loci:</span> <span class='ocrx_word' id='word_1_402' title='bbox 970 2457 1001 2477; x_wconf 81' lang='grc' dir='ltr'>ιη</span> <span class='ocrx_word' id='word_1_403' title='bbox 1027 2449 1222 2479; x_wconf 58' lang='lat' dir='ltr'>Macedonia</span> <span class='ocrx_word' id='word_1_404' title='bbox 1248 2449 1375 2479; x_wconf 73' lang='lat' dir='ltr'>Persico</span> <span class='ocrx_word' id='word_1_405' title='bbox 1400 2448 1500 2486; x_wconf 64' lang='lat' dir='ltr'>bello,</span> <span class='ocrx_word' id='word_1_406' title='bbox 1539 2456 1628 2487; x_wconf 81' lang='lat' dir='ltr'>quae</span> <span class='ocrx_word' id='word_1_407' title='bbox 1653 2447 1857 2486; x_wconf 69' lang='lat' dir='ltr'>significatio</span> <span class='ocrx_word' id='word_1_408' title='bbox 1883 2446 2007 2477; x_wconf 80' lang='lat' dir='ltr'>melior</span> 
     </span>
     <span class='ocr_line' id='line_1_39' title="bbox 236 2495 2006 2538; baseline -0.001 -10"><span class='ocrx_word' id='word_1_409' title='bbox 236 2500 290 2528; x_wconf 87' lang='lat' dir='ltr'>est</span> <span class='ocrx_word' id='word_1_410' title='bbox 313 2503 419 2536; x_wconf 73' lang='lat' dir='ltr'>quam</span> <span class='ocrx_word' id='word_1_411' title='bbox 444 2495 626 2535; x_wconf 76' lang='lat' dir='ltr'>singularis</span> <span class='ocrx_word' id='word_1_412' title='bbox 653 2495 726 2531; x_wconf 77' lang='lat' dir='ltr'>illa,</span> <span class='ocrx_word' id='word_1_413' title='bbox 754 2505 844 2536; x_wconf 76' lang='lat' dir='ltr'>quae</span> <span class='ocrx_word' id='word_1_414' title='bbox 871 2505 976 2537; x_wconf 79' lang='lat' dir='ltr'>supra</span> <span class='ocrx_word' id='word_1_415' title='bbox 1005 2499 1117 2537; x_wconf 75' lang='lat' dir='ltr'>posita</span> <span class='ocrx_word' id='word_1_416' title='bbox 1143 2501 1214 2533; x_wconf 75' lang='lat' dir='ltr'>est,</span> <span class='ocrx_word' id='word_1_417' title='bbox 1242 2499 1371 2538; x_wconf 71' lang='lat' dir='ltr'>quippo</span> <span class='ocrx_word' id='word_1_418' title='bbox 1399 2507 1487 2537; x_wconf 73' lang='lat' dir='ltr'>quae</span> <span class='ocrx_word' id='word_1_419' title='bbox 1516 2496 1604 2528; x_wconf 77' lang='lat' dir='ltr'>nulla</span> <span class='ocrx_word' id='word_1_420' title='bbox 1631 2498 1684 2528; x_wconf 74' lang='lat' dir='ltr'>sit.</span> <span class='ocrx_word' id='word_1_421' title='bbox 1733 2497 2006 2535; x_wconf 66' lang='lat' dir='ltr'>Stiirenburgius</span> 
     </span>
     <span class='ocr_line' id='line_1_40' title="bbox 235 2545 2007 2585; baseline 0 -8"><span class='ocrx_word' id='word_1_422' title='bbox 235 2555 320 2577; x_wconf 78' lang='lat' dir='ltr'>vero</span> <span class='ocrx_word' id='word_1_423' title='bbox 353 2555 414 2583; x_wconf 84' lang='lat' dir='ltr'>ea,</span> <span class='ocrx_word' id='word_1_424' title='bbox 454 2554 544 2585; x_wconf 86' lang='lat' dir='ltr'>quae</span> <span class='ocrx_word' id='word_1_425' title='bbox 576 2553 638 2576; x_wconf 84' lang='lat' dir='ltr'>nos</span> <span class='ocrx_word' id='word_1_426' title='bbox 664 2545 930 2581; x_wconf 52' lang='lat' dir='ltr'>dommianus,</span> <span class='ocrx_word' id='word_1_427' title='bbox 965 2547 1009 2577; x_wconf 80' lang='lat' dir='ltr'>ita</span> <span class='ocrx_word' id='word_1_428' title='bbox 1036 2549 1125 2578; x_wconf 83' lang='lat' dir='ltr'>tueri</span> <span class='ocrx_word' id='word_1_429' title='bbox 1152 2552 1317 2580; x_wconf 71' lang='lat' dir='ltr'>conatur.</span> <span class='ocrx_word' id='word_1_430' title='bbox 1354 2551 1387 2579; x_wconf 90' lang='lat' dir='ltr'>ut</span> <span class='ocrx_word' id='word_1_431' title='bbox 1414 2547 1520 2578; x_wconf 73' lang='lat' dir='ltr'>vcrlia</span> <span class='ocrx_word' id='word_1_432' title='bbox 1556 2548 1636 2578; x_wconf 72' lang='lat' dir='ltr'>adeo</span> <span class='ocrx_word' id='word_1_433' title='bbox 1660 2556 1787 2577; x_wconf 60' lang='lat' dir='ltr'>summo</span> <span class='ocrx_word' id='word_1_434' title='bbox 1807 2549 1900 2577; x_wconf 76' lang='lat' dir='ltr'>--in</span> <span class='ocrx_word' id='word_1_435' title='bbox 1927 2547 2007 2578; x_wconf 76' lang='lat' dir='ltr'>bello</span> 
     </span>
     <span class='ocr_line' id='line_1_41' title="bbox 235 2594 2006 2634; baseline 0.001 -9"><span class='ocrx_word' id='word_1_436' title='bbox 235 2595 393 2626; x_wconf 79' lang='lat' dir='ltr'>movendo</span> <span class='ocrx_word' id='word_1_437' title='bbox 423 2594 465 2624; x_wconf 85' lang='lat' dir='ltr'>ad</span> <span class='ocrx_word' id='word_1_438' title='bbox 500 2596 681 2634; x_wconf 74' lang='lat' dir='ltr'>sequentia</span> <span class='ocrx_word' id='word_1_439' title='bbox 717 2596 864 2631; x_wconf 69' lang='lat' dir='ltr'>reserat,</span> <span class='ocrx_word' id='word_1_440' title='bbox 899 2596 1060 2627; x_wconf 83' lang='lat' dir='ltr'>nonnulla</span> <span class='ocrx_word' id='word_1_441' title='bbox 1094 2598 1136 2628; x_wconf 80' lang='lat' dir='ltr'>dc</span> <span class='ocrx_word' id='word_1_442' title='bbox 1168 2597 1259 2628; x_wconf 74' lang='lat' dir='ltr'>licllo</span> <span class='ocrx_word' id='word_1_443' title='bbox 1288 2599 1428 2629; x_wconf 66' lang='lat' dir='ltr'>l’crsico</span> <span class='ocrx_word' id='word_1_444' title='bbox 1454 2606 1470 2626; x_wconf 85' lang='lat' dir='ltr'>a</span> <span class='ocrx_word' id='word_1_445' title='bbox 1500 2598 1662 2628; x_wconf 62' lang='lat' dir='ltr'>lionianis</span> <span class='ocrx_word' id='word_1_446' title='bbox 1686 2602 1771 2626; x_wconf 73' lang='lat' dir='ltr'>mmo</span> <span class='ocrx_word' id='word_1_447' title='bbox 1797 2606 1836 2627; x_wconf 78' lang='lat' dir='ltr'>cx</span> <span class='ocrx_word' id='word_1_448' title='bbox 1864 2597 2006 2627; x_wconf 78' lang='lat' dir='ltr'>historia</span> 
     </span>
     <span class='ocr_line' id='line_1_42' title="bbox 236 2644 2006 2687; baseline 0.001 -12"><span class='ocrx_word' id='word_1_449' title='bbox 236 2646 341 2686; x_wconf 84' lang='lat' dir='ltr'>petita</span> <span class='ocrx_word' id='word_1_450' title='bbox 368 2652 525 2675; x_wconf 86' lang='lat' dir='ltr'>narrans.</span> <span class='ocrx_word' id='word_1_451' title='bbox 576 2644 731 2680; x_wconf 70' lang='lat' dir='ltr'>Omissis,</span> <span class='ocrx_word' id='word_1_452' title='bbox 762 2653 852 2684; x_wconf 82' lang='lat' dir='ltr'>quae</span> <span class='ocrx_word' id='word_1_453' title='bbox 878 2645 976 2676; x_wconf 67' lang='lat' dir='ltr'>sm-ite</span> <span class='ocrx_word' id='word_1_454' title='bbox 1003 2646 1056 2678; x_wconf 77' lang='lat' dir='ltr'>liis</span> <span class='ocrx_word' id='word_1_455' title='bbox 1083 2648 1210 2687; x_wconf 84' lang='lat' dir='ltr'>opponi</span> <span class='ocrx_word' id='word_1_456' title='bbox 1238 2650 1384 2687; x_wconf 67' lang='lat' dir='ltr'>ponunt„</span> <span class='ocrx_word' id='word_1_457' title='bbox 1410 2647 1476 2677; x_wconf 84' lang='lat' dir='ltr'>hoc</span> <span class='ocrx_word' id='word_1_458' title='bbox 1503 2656 1608 2677; x_wconf 85' lang='lat' dir='ltr'>unum</span> <span class='ocrx_word' id='word_1_459' title='bbox 1636 2646 1819 2678; x_wconf 75' lang='lat' dir='ltr'>addamus,</span> <span class='ocrx_word' id='word_1_460' title='bbox 1847 2647 1889 2677; x_wconf 82' lang='lat' dir='ltr'>de</span> <span class='ocrx_word' id='word_1_461' title='bbox 1916 2645 2006 2676; x_wconf 82' lang='lat' dir='ltr'>bello</span> 
     </span>
     <span class='ocr_line' id='line_1_43' title="bbox 235 2693 2006 2735; baseline 0.002 -13"><span class='ocrx_word' id='word_1_462' title='bbox 235 2695 392 2726; x_wconf 69' lang='lat' dir='ltr'>movendo</span> <span class='ocrx_word' id='word_1_463' title='bbox 418 2694 438 2724; x_wconf 75' lang='lat' dir='ltr'>i,</span> <span class='ocrx_word' id='word_1_464' title='bbox 467 2702 497 2724; x_wconf 88' lang='lat' dir='ltr'>e.</span> <span class='ocrx_word' id='word_1_465' title='bbox 526 2693 725 2732; x_wconf 82' lang='lat' dir='ltr'>incipiendo</span> <span class='ocrx_word' id='word_1_466' title='bbox 751 2694 784 2724; x_wconf 69' lang='lat' dir='ltr'>li,</span> <span class='ocrx_word' id='word_1_467' title='bbox 813 2693 832 2724; x_wconf 89' lang='lat' dir='ltr'>l.</span> <span class='ocrx_word' id='word_1_468' title='bbox 861 2695 1004 2726; x_wconf 78' lang='lat' dir='ltr'>minime</span> <span class='ocrx_word' id='word_1_469' title='bbox 1031 2696 1097 2735; x_wconf 71' lang='lat' dir='ltr'>agi.</span> <span class='ocrx_word' id='word_1_470' title='bbox 1148 2697 1233 2726; x_wconf 70' lang='lat' dir='ltr'>t&#39;wri</span> <span class='ocrx_word' id='word_1_471' title='bbox 1259 2700 1376 2727; x_wconf 72' lang='lat' dir='ltr'>aun-ni</span> <span class='ocrx_word' id='word_1_472' title='bbox 1406 2699 1529 2735; x_wconf 69' lang='lat' dir='ltr'>potest,</span> <span class='ocrx_word' id='word_1_473' title='bbox 1560 2700 1592 2726; x_wconf 90' lang='lat' dir='ltr'>ut</span> <span class='ocrx_word' id='word_1_474' title='bbox 1620 2698 1742 2726; x_wconf 70' lang='lat' dir='ltr'>‹Ticero</span> <span class='ocrx_word' id='word_1_475' title='bbox 1769 2706 1810 2726; x_wconf 79' lang='lat' dir='ltr'>ex</span> <span class='ocrx_word' id='word_1_476' title='bbox 1835 2697 2006 2727; x_wconf 68' lang='lat' dir='ltr'>memoria</span> 
     </span>
     <span class='ocr_line' id='line_1_44' title="bbox 236 2739 2007 2785; baseline 0.001 -10"><span class='ocrx_word' id='word_1_477' title='bbox 236 2745 483 2784; x_wconf 81' lang='lat' dir='ltr'>argumentum</span> <span class='ocrx_word' id='word_1_478' title='bbox 516 2739 684 2781; x_wconf 70' lang='lat' dir='ltr'>epistulae</span> <span class='ocrx_word' id='word_1_479' title='bbox 718 2743 869 2774; x_wconf 67' lang='lat' dir='ltr'>atl&#39;cwns</span> <span class='ocrx_word' id='word_1_480' title='bbox 903 2746 1069 2775; x_wconf 75' lang='lat' dir='ltr'>erraverit</span> <span class='ocrx_word' id='word_1_481' title='bbox 1104 2747 1136 2776; x_wconf 89' lang='lat' dir='ltr'>in</span> <span class='ocrx_word' id='word_1_482' title='bbox 1171 2755 1207 2777; x_wconf 86' lang='lat' dir='ltr'>re</span> <span class='ocrx_word' id='word_1_483' title='bbox 1242 2746 1282 2776; x_wconf 80' lang='lat' dir='ltr'>ad</span> <span class='ocrx_word' id='word_1_484' title='bbox 1319 2747 1557 2777; x_wconf 56' lang='lat' dir='ltr'>1s121‹·‹·‹i‹.niam</span> <span class='ocrx_word' id='word_1_485' title='bbox 1592 2745 1795 2785; x_wconf 80' lang='lat' dir='ltr'>bellunique</span> <span class='ocrx_word' id='word_1_486' title='bbox 1827 2747 2007 2777; x_wconf 87' lang='lat' dir='ltr'>Persicum</span> 
     </span>
     <span class='ocr_line' id='line_1_45' title="bbox 236 2792 2007 2836; baseline 0.001 -11"><span class='ocrx_word' id='word_1_487' title='bbox 236 2792 441 2825; x_wconf 76' lang='lat' dir='ltr'>referenda.</span> <span class='ocrx_word' id='word_1_488' title='bbox 477 2793 512 2823; x_wconf 84' lang='lat' dir='ltr'>ct</span> <span class='ocrx_word' id='word_1_489' title='bbox 541 2792 726 2823; x_wconf 77' lang='lat' dir='ltr'>scholiasta</span> <span class='ocrx_word' id='word_1_490' title='bbox 760 2795 889 2824; x_wconf 63' lang='lat' dir='ltr'>rectius</span> <span class='ocrx_word' id='word_1_491' title='bbox 921 2803 996 2825; x_wconf 83' lang='lat' dir='ltr'>rcm</span> <span class='ocrx_word' id='word_1_492' title='bbox 1029 2795 1072 2825; x_wconf 79' lang='lat' dir='ltr'>ad</span> <span class='ocrx_word' id='word_1_493' title='bbox 1099 2796 1265 2836; x_wconf 80' lang='lat' dir='ltr'>Popilium</span> <span class='ocrx_word' id='word_1_494' title='bbox 1294 2795 1484 2832; x_wconf 69' lang='lat' dir='ltr'>rettulerit,</span> <span class='ocrx_word' id='word_1_495' title='bbox 1519 2796 1576 2835; x_wconf 79' lang='lat' dir='ltr'>qui</span> <span class='ocrx_word' id='word_1_496' title='bbox 1603 2797 1654 2826; x_wconf 55' lang='lat' dir='ltr'>xix</span> <span class='ocrx_word' id='word_1_497' title='bbox 1681 2804 1834 2836; x_wconf 83' lang='lat' dir='ltr'>unquam</span> <span class='ocrx_word' id='word_1_498' title='bbox 1860 2804 2007 2827; x_wconf 84' lang='lat' dir='ltr'>munere</span> 
     </span>
     <span class='ocr_line' id='line_1_46' title="bbox 236 2841 2008 2886; baseline 0.002 -12"><span class='ocrx_word' id='word_1_499' title='bbox 236 2842 459 2883; x_wconf 87' lang='lat' dir='ltr'>imperatoris</span> <span class='ocrx_word' id='word_1_500' title='bbox 491 2842 522 2872; x_wconf 88' lang='lat' dir='ltr'>in</span> <span class='ocrx_word' id='word_1_501' title='bbox 553 2841 780 2872; x_wconf 66' lang='lat' dir='ltr'>Macedonis-0</span> <span class='ocrx_word' id='word_1_502' title='bbox 816 2841 908 2873; x_wconf 76' lang='lat' dir='ltr'>bello</span> <span class='ocrx_word' id='word_1_503' title='bbox 939 2844 1080 2876; x_wconf 68' lang='lat' dir='ltr'>lunc-tus</span> <span class='ocrx_word' id='word_1_504' title='bbox 1113 2848 1176 2876; x_wconf 79' lang='lat' dir='ltr'>est.</span> <span class='ocrx_word' id='word_1_505' title='bbox 1236 2848 1347 2885; x_wconf 82' lang='lat' dir='ltr'>Atque</span> <span class='ocrx_word' id='word_1_506' title='bbox 1381 2846 1467 2875; x_wconf 77' lang='lat' dir='ltr'>hacc</span> <span class='ocrx_word' id='word_1_507' title='bbox 1500 2846 1571 2884; x_wconf 70' lang='lat' dir='ltr'>ipsa</span> <span class='ocrx_word' id='word_1_508' title='bbox 1603 2854 1707 2876; x_wconf 83' lang='lat' dir='ltr'>causa</span> <span class='ocrx_word' id='word_1_509' title='bbox 1734 2845 2008 2886; x_wconf 83' lang='lat' dir='ltr'>interpolationis</span> 
     </span>
     <span class='ocr_line' id='line_1_47' title="bbox 237 2891 2005 2936; baseline 0.002 -12"><span class='ocrx_word' id='word_1_510' title='bbox 237 2900 317 2924; x_wconf 86' lang='lat' dir='ltr'>esse</span> <span class='ocrx_word' id='word_1_511' title='bbox 343 2892 491 2931; x_wconf 77' lang='lat' dir='ltr'>potest.»</span> <span class='ocrx_word' id='word_1_512' title='bbox 519 2891 620 2921; x_wconf 69' lang='lat' dir='ltr'>Luxu.</span> <span class='ocrx_word' id='word_1_513' title='bbox 659 2891 708 2922; x_wconf 81' lang='lat' dir='ltr'>ef.</span> <span class='ocrx_word' id='word_1_514' title='bbox 729 2892 827 2923; x_wconf 77' lang='lat' dir='ltr'>Hand</span> <span class='ocrx_word' id='word_1_515' title='bbox 846 2892 992 2924; x_wconf 82' lang='lat' dir='ltr'>Turscll.</span> <span class='ocrx_word' id='word_1_516' title='bbox 1015 2895 1024 2924; x_wconf 88' lang='lat'><em>1</em></span> <span class='ocrx_word' id='word_1_517' title='bbox 1044 2903 1076 2934; x_wconf 88' lang='lat' dir='ltr'>p.</span> <span class='ocrx_word' id='word_1_518' title='bbox 1094 2895 1165 2925; x_wconf 68' lang='lat'>152.</span> <span class='ocrx_word' id='word_1_519' title='bbox 1188 2911 1222 2916; x_wconf 91' lang='lat'>—</span> <span class='ocrx_word' id='word_1_520' title='bbox 1248 2896 1426 2934; x_wconf 50' lang='lat' dir='ltr'>pompilius</span> <span class='ocrx_word' id='word_1_521' title='bbox 1441 2912 1487 2917; x_wconf 77' lang='lat'>—-</span> <span class='ocrx_word' id='word_1_522' title='bbox 1503 2896 1920 2934; x_wconf 56' lang='lat' dir='ltr'>pompilio”pompilium</span> <span class='ocrx_word' id='word_1_523' title='bbox 1946 2905 2005 2936; x_wconf 86' lang='lat' dir='ltr'>cp.</span> 
     </span>
    </p>
   </div>
   <div class='ocr_carea' id='block_1_5' title="bbox 235 2942 2007 3282">
    <p class='ocr_par' dir='ltr' id='par_1_5' title="bbox 235 2942 2007 3282">
     <span class='ocr_line' id='line_1_48' title="bbox 325 2942 2004 2984; baseline 0.002 -12"><span class='ocrx_word' id='word_1_524' title='bbox 325 2942 355 2973; x_wconf 85' lang='lat'>3.</span> <span class='ocrx_word' id='word_1_525' title='bbox 383 2943 494 2973; x_wconf 81' lang='lat' dir='ltr'>eadem</span> <span class='ocrx_word' id='word_1_526' title='bbox 518 2950 646 2981; x_wconf 78' lang='lat' dir='ltr'>quoque</span> <span class='ocrx_word' id='word_1_527' title='bbox 669 2943 793 2982; x_wconf 61' lang='lat' dir='ltr'>legione</span> <span class='ocrx_word' id='word_1_528' title='bbox 824 2951 841 2974; x_wconf 86' lang='lat' dir='ltr'>c</span> <span class='ocrx_word' id='word_1_529' title='bbox 882 2960 914 2966; x_wconf 86' lang='lat'><em>-</em></span> <span class='ocrx_word' id='word_1_530' title='bbox 954 2943 985 2975; x_wconf 68' lang='lat'>4.</span> <span class='ocrx_word' id='word_1_531' title='bbox 1008 2944 1138 2982; x_wconf 66' lang='lat' dir='ltr'>pa‘ilm·</span> <span class='ocrx_word' id='word_1_532' title='bbox 1163 2947 1186 2976; x_wconf 78' lang='lat' dir='ltr'>A</span> <span class='ocrx_word' id='word_1_533' title='bbox 1202 2946 1226 2975; x_wconf 85' lang='lat' dir='ltr'>B</span> <span class='ocrx_word' id='word_1_534' title='bbox 1244 2946 1266 2976; x_wconf 86' lang='lat' dir='ltr'>ll</span> <span class='ocrx_word' id='word_1_535' title='bbox 1284 2947 1361 2977; x_wconf 86' lang='lat' dir='ltr'>ab:</span> <span class='ocrx_word' id='word_1_536' title='bbox 1396 2947 1550 2984; x_wconf 69' lang='lat' dir='ltr'>patiatur</span> <span class='ocrx_word' id='word_1_537' title='bbox 1574 2953 1611 2976; x_wconf 84' lang='lat' dir='ltr'>c:</span> <span class='ocrx_word' id='word_1_538' title='bbox 1647 2949 1820 2984; x_wconf 73' lang='lat' dir='ltr'>palei-etur</span> <span class='ocrx_word' id='word_1_539' title='bbox 1843 2954 1861 2978; x_wconf 92' lang='lat' dir='ltr'>o</span> <span class='ocrx_word' id='word_1_540' title='bbox 1900 2964 1935 2968; x_wconf 96' lang='lat'><strong>—</strong></span> <span class='ocrx_word' id='word_1_541' title='bbox 1973 2947 2004 2978; x_wconf 80' lang='lat'>5.</span> 
     </span>
     <span class='ocr_line' id='line_1_49' title="bbox 239 2991 2005 3034; baseline 0.002 -11"><span class='ocrx_word' id='word_1_542' title='bbox 239 2991 398 3031; x_wconf 71' lang='lat' dir='ltr'>obliyaret</span> <span class='ocrx_word' id='word_1_543' title='bbox 422 2991 446 3022; x_wconf 87' lang='lat' dir='ltr'>B</span> <span class='ocrx_word' id='word_1_544' title='bbox 482 3008 515 3014; x_wconf 88' lang='lat'>-</span> <span class='ocrx_word' id='word_1_545' title='bbox 548 2993 681 3023; x_wconf 76' lang='lat' dir='ltr'>remisso</span> <span class='ocrx_word' id='word_1_546' title='bbox 706 2993 738 3022; x_wconf 89' lang='lat' dir='ltr'>S.</span> <span class='ocrx_word' id='word_1_547' title='bbox 760 2993 796 3023; x_wconf 83' lang='grc' dir='ltr'>ΙΙ.</span> <span class='ocrx_word' id='word_1_548' title='bbox 819 2993 944 3024; x_wconf 76' lang='lat' dir='ltr'>Rinkes</span> <span class='ocrx_word' id='word_1_549' title='bbox 971 2994 1143 3025; x_wconf 83' lang='lat' dir='ltr'>Mnemos.</span> <span class='ocrx_word' id='word_1_550' title='bbox 1170 2994 1242 3025; x_wconf 71' lang='grc' dir='ltr'>ΠΗ</span> <span class='ocrx_word' id='word_1_551' title='bbox 1269 3004 1301 3034; x_wconf 87' lang='lat' dir='ltr'>p.</span> <span class='ocrx_word' id='word_1_552' title='bbox 1323 2994 1396 3025; x_wconf 65' lang='lat'>442.</span> <span class='ocrx_word' id='word_1_553' title='bbox 1428 3011 1461 3016; x_wconf 85' lang='lat'>—</span> <span class='ocrx_word' id='word_1_554' title='bbox 1496 2995 1525 3024; x_wconf 87' lang='lat'>8.</span> <span class='ocrx_word' id='word_1_555' title='bbox 1554 3003 1574 3024; x_wconf 85' lang='lat' dir='ltr'>a</span> <span class='ocrx_word' id='word_1_556' title='bbox 1598 2994 1728 3025; x_wconf 72' lang='lat' dir='ltr'>consule</span> <span class='ocrx_word' id='word_1_557' title='bbox 1753 3003 1817 3025; x_wconf 79' lang='lat' dir='ltr'>esse</span> <span class='ocrx_word' id='word_1_558' title='bbox 1840 3003 1858 3026; x_wconf 86' lang='lat' dir='ltr'>c</span> <span class='ocrx_word' id='word_1_559' title='bbox 1885 3013 1918 3018; x_wconf 93' lang='lat'>—-</span> <span class='ocrx_word' id='word_1_560' title='bbox 1954 2996 2005 3026; x_wconf 74' lang='lat'>40.</span> 
     </span>
     <span class='ocr_line' id='line_1_50' title="bbox 235 3041 2003 3084; baseline 0.002 -13"><span class='ocrx_word' id='word_1_561' title='bbox 235 3041 402 3081; x_wconf 76' lang='lat' dir='ltr'>proelium</span> <span class='ocrx_word' id='word_1_562' title='bbox 425 3041 449 3072; x_wconf 90' lang='lat' dir='ltr'>B</span> <span class='ocrx_word' id='word_1_563' title='bbox 466 3041 547 3072; x_wconf 88' lang='lat' dir='ltr'>llb:</span> <span class='ocrx_word' id='word_1_564' title='bbox 573 3042 738 3080; x_wconf 76' lang='lat' dir='ltr'>praelium</span> <span class='ocrx_word' id='word_1_565' title='bbox 762 3044 786 3072; x_wconf 77' lang='lat' dir='ltr'>A</span> <span class='ocrx_word' id='word_1_566' title='bbox 803 3050 844 3073; x_wconf 84' lang='lat' dir='ltr'>a:</span> <span class='ocrx_word' id='word_1_567' title='bbox 873 3042 988 3073; x_wconf 77' lang='lat' dir='ltr'>bellum</span> <span class='ocrx_word' id='word_1_568' title='bbox 1014 3051 1032 3074; x_wconf 85' lang='lat' dir='ltr'>c</span> <span class='ocrx_word' id='word_1_569' title='bbox 1062 3061 1093 3065; x_wconf 89' lang='lat'>—</span> <span class='ocrx_word' id='word_1_570' title='bbox 1123 3045 1175 3074; x_wconf 77' lang='grc' dir='ltr'>Μ.</span> <span class='ocrx_word' id='word_1_571' title='bbox 1196 3045 1427 3074; x_wconf 70' lang='lat' dir='ltr'>wiimaducrto</span> <span class='ocrx_word' id='word_1_572' title='bbox 1452 3043 1533 3075; x_wconf 76' lang='lat' dir='ltr'>illud</span> <span class='ocrx_word' id='word_1_573' title='bbox 1559 3051 1576 3074; x_wconf 88' lang='lat' dir='ltr'>c</span> <span class='ocrx_word' id='word_1_574' title='bbox 1603 3061 1638 3065; x_wconf 98' lang='lat'><strong>—</strong></span> <span class='ocrx_word' id='word_1_575' title='bbox 1666 3043 1716 3074; x_wconf 73' lang='lat'>43.</span> <span class='ocrx_word' id='word_1_576' title='bbox 1738 3044 1891 3084; x_wconf 62' lang='lat' dir='ltr'>mitigasti</span> <span class='ocrx_word' id='word_1_577' title='bbox 1915 3053 2003 3076; x_wconf 88' lang='lat' dir='ltr'>corr.</span> 
     </span>
     <span class='ocr_line' id='line_1_51' title="bbox 241 3090 2007 3131; baseline 0.003 -9"><span class='ocrx_word' id='word_1_578' title='bbox 241 3099 288 3122; x_wconf 91' lang='lat' dir='ltr'>m.</span> <span class='ocrx_word' id='word_1_579' title='bbox 316 3099 387 3122; x_wconf 86' lang='lat' dir='ltr'>sec.</span> <span class='ocrx_word' id='word_1_580' title='bbox 414 3090 448 3122; x_wconf 90' lang='lat' dir='ltr'>in</span> <span class='ocrx_word' id='word_1_581' title='bbox 473 3092 646 3131; x_wconf 68' lang='lat' dir='ltr'>miliyanle</span> <span class='ocrx_word' id='word_1_582' title='bbox 670 3093 695 3123; x_wconf 82' lang='grc' dir='ltr'><strong>Α</strong></span> <span class='ocrx_word' id='word_1_583' title='bbox 732 3109 766 3113; x_wconf 87' lang='lat'><em>-</em></span> <span class='ocrx_word' id='word_1_584' title='bbox 807 3091 858 3123; x_wconf 71' lang='grc'>44.</span> <span class='ocrx_word' id='word_1_585' title='bbox 886 3093 1032 3124; x_wconf 65' lang='lat' dir='ltr'>indicans</span> <span class='ocrx_word' id='word_1_586' title='bbox 1057 3093 1116 3123; x_wconf 72' lang='lat' dir='ltr'>hoc</span> <span class='ocrx_word' id='word_1_587' title='bbox 1138 3093 1360 3123; x_wconf 72' lang='lat' dir='ltr'>Xll.tc1t›z‹lue</span> <span class='ocrx_word' id='word_1_588' title='bbox 1384 3101 1404 3131; x_wconf 85' lang='lat' dir='ltr'>p</span> <span class='ocrx_word' id='word_1_589' title='bbox 1437 3109 1472 3114; x_wconf 93' lang='lat'>—</span> <span class='ocrx_word' id='word_1_590' title='bbox 1507 3097 1564 3122; x_wconf 78' lang='lat' dir='ltr'>aut</span> <span class='ocrx_word' id='word_1_591' title='bbox 1590 3094 1614 3123; x_wconf 86' lang='lat' dir='ltr'>C</span> <span class='ocrx_word' id='word_1_592' title='bbox 1642 3095 1757 3126; x_wconf 70' lang='lat' dir='ltr'>(etiam</span> <span class='ocrx_word' id='word_1_593' title='bbox 1783 3095 1837 3131; x_wconf 64' lang='lat' dir='ltr'>bg:</span> <span class='ocrx_word' id='word_1_594' title='bbox 1864 3099 1898 3125; x_wconf 83' lang='lat' dir='ltr'>u!</span> <span class='ocrx_word' id='word_1_595' title='bbox 1922 3104 1940 3127; x_wconf 93' lang='lat'>0</span> <span class='ocrx_word' id='word_1_596' title='bbox 1966 3113 2007 3118; x_wconf 94' lang='lat'>—</span> 
     </span>
     <span class='ocr_line' id='line_1_52' title="bbox 239 3141 2005 3181; baseline 0.003 -11"><span class='ocrx_word' id='word_1_597' title='bbox 239 3142 380 3170; x_wconf 74' lang='lat' dir='ltr'>statutus</span> <span class='ocrx_word' id='word_1_598' title='bbox 404 3147 422 3170; x_wconf 82' lang='lat' dir='ltr'>c</span> <span class='ocrx_word' id='word_1_599' title='bbox 455 3156 489 3162; x_wconf 86' lang='lat'>—-</span> <span class='ocrx_word' id='word_1_600' title='bbox 523 3141 574 3171; x_wconf 74' lang='lat'>45.</span> <span class='ocrx_word' id='word_1_601' title='bbox 601 3141 680 3171; x_wconf 82' lang='lat' dir='ltr'>Item</span> <span class='ocrx_word' id='word_1_602' title='bbox 705 3141 864 3171; x_wconf 73' lang='lat' dir='ltr'>aduersus</span> <span class='ocrx_word' id='word_1_603' title='bbox 887 3149 905 3172; x_wconf 90' lang='lat' dir='ltr'>c</span> <span class='ocrx_word' id='word_1_604' title='bbox 939 3160 973 3164; x_wconf 92' lang='lat'>—</span> <span class='ocrx_word' id='word_1_605' title='bbox 1010 3142 1050 3172; x_wconf 73' lang='lat'>46</span> <span class='ocrx_word' id='word_1_606' title='bbox 1088 3151 1161 3173; x_wconf 77' lang='lat' dir='ltr'>eum</span> <span class='ocrx_word' id='word_1_607' title='bbox 1185 3151 1325 3181; x_wconf 78' lang='lat' dir='ltr'>quocum</span> <span class='ocrx_word' id='word_1_608' title='bbox 1348 3145 1371 3173; x_wconf 72' lang='lat' dir='ltr'>A</span> <span class='ocrx_word' id='word_1_609' title='bbox 1388 3143 1429 3178; x_wconf 83' lang='lat' dir='ltr'>b;</span> <span class='ocrx_word' id='word_1_610' title='bbox 1466 3151 1501 3173; x_wconf 82' lang='lat' dir='ltr'>eo</span> <span class='ocrx_word' id='word_1_611' title='bbox 1526 3150 1665 3181; x_wconf 75' lang='lat' dir='ltr'>quocum</span> <span class='ocrx_word' id='word_1_612' title='bbox 1689 3151 1710 3175; x_wconf 83' lang='lat' dir='ltr'>a.</span> <span class='ocrx_word' id='word_1_613' title='bbox 1743 3159 1776 3165; x_wconf 90' lang='lat'>—</span> <span class='ocrx_word' id='word_1_614' title='bbox 1813 3144 1865 3174; x_wconf 72' lang='lat'>47.</span> <span class='ocrx_word' id='word_1_615' title='bbox 1892 3153 2005 3175; x_wconf 77' lang='lat' dir='ltr'>nomen</span> 
     </span>
     <span class='ocr_line' id='line_1_53' title="bbox 243 3189 2005 3232; baseline 0.001 -12"><span class='ocrx_word' id='word_1_616' title='bbox 243 3197 315 3220; x_wconf 92' lang='lat' dir='ltr'>om.</span> <span class='ocrx_word' id='word_1_617' title='bbox 335 3197 352 3220; x_wconf 83' lang='lat' dir='ltr'>c</span> <span class='ocrx_word' id='word_1_618' title='bbox 382 3206 416 3212; x_wconf 89' lang='lat'>—</span> <span class='ocrx_word' id='word_1_619' title='bbox 442 3189 539 3229; x_wconf 80' lang='lat' dir='ltr'>efficit</span> <span class='ocrx_word' id='word_1_620' title='bbox 557 3190 581 3221; x_wconf 89' lang='lat' dir='ltr'>C</span> <span class='ocrx_word' id='word_1_621' title='bbox 610 3208 644 3212; x_wconf 97' lang='lat'><strong>—</strong></span> <span class='ocrx_word' id='word_1_622' title='bbox 675 3190 714 3221; x_wconf 74' lang='lat'>⁴8</span> <span class='ocrx_word' id='word_1_623' title='bbox 745 3191 830 3221; x_wconf 79' lang='lat' dir='ltr'>enim</span> <span class='ocrx_word' id='word_1_624' title='bbox 855 3191 923 3220; x_wconf 80' lang='lat' dir='ltr'>iam</span> <span class='ocrx_word' id='word_1_625' title='bbox 947 3193 1076 3222; x_wconf 77' lang='lat' dir='ltr'>recessit</span> <span class='ocrx_word' id='word_1_626' title='bbox 1099 3200 1117 3222; x_wconf 85' lang='lat' dir='ltr'>c</span> <span class='ocrx_word' id='word_1_627' title='bbox 1145 3209 1179 3214; x_wconf 85' lang='lat'>—</span> <span class='ocrx_word' id='word_1_628' title='bbox 1207 3196 1233 3222; x_wconf 71' lang='lat' dir='ltr'>e!</span> <span class='ocrx_word' id='word_1_629' title='bbox 1255 3191 1450 3230; x_wconf 74' lang='lat' dir='ltr'>pr‹›prie--</span> <span class='ocrx_word' id='word_1_630' title='bbox 1468 3191 1602 3230; x_wconf 77' lang='lat' dir='ltr'>referret</span> <span class='ocrx_word' id='word_1_631' title='bbox 1627 3193 1659 3222; x_wconf 89' lang='lat' dir='ltr'>in</span> <span class='ocrx_word' id='word_1_632' title='bbox 1680 3201 1787 3232; x_wconf 82' lang='lat' dir='ltr'>marg.</span> <span class='ocrx_word' id='word_1_633' title='bbox 1809 3201 1854 3223; x_wconf 83' lang='lat' dir='ltr'>ni.</span> <span class='ocrx_word' id='word_1_634' title='bbox 1873 3196 2005 3224; x_wconf 84' lang='lat' dir='ltr'>recent.</span> 
     </span>
     <span class='ocr_line' id='line_1_54' title="bbox 243 3237 2007 3282; baseline 0.002 -13"><span class='ocrx_word' id='word_1_635' title='bbox 243 3237 404 3279; x_wconf 89' lang='lat' dir='ltr'>suppleta</span> <span class='ocrx_word' id='word_1_636' title='bbox 429 3239 539 3270; x_wconf 86' lang='lat' dir='ltr'>habet</span> <span class='ocrx_word' id='word_1_637' title='bbox 562 3239 586 3270; x_wconf 91' lang='lat' dir='ltr'>B</span> <span class='ocrx_word' id='word_1_638' title='bbox 625 3256 659 3261; x_wconf 90' lang='lat'>—</span> <span class='ocrx_word' id='word_1_639' title='bbox 699 3241 750 3271; x_wconf 76' lang='lat'>49.</span> <span class='ocrx_word' id='word_1_640' title='bbox 777 3243 926 3270; x_wconf 72' lang='lat' dir='ltr'>certatur</span> <span class='ocrx_word' id='word_1_641' title='bbox 949 3248 968 3271; x_wconf 89' lang='lat' dir='ltr'>c</span> <span class='ocrx_word' id='word_1_642' title='bbox 1003 3258 1036 3263; x_wconf 83' lang='lat'>——</span> <span class='ocrx_word' id='word_1_643' title='bbox 1075 3241 1127 3272; x_wconf 68' lang='lat'>2¹.</span> <span class='ocrx_word' id='word_1_644' title='bbox 1155 3242 1311 3271; x_wconf 41' lang='lat' dir='ltr'>bellaniam</span> <span class='ocrx_word' id='word_1_645' title='bbox 1335 3249 1400 3271; x_wconf 74' lang='lat' dir='ltr'>csse</span> <span class='ocrx_word' id='word_1_646' title='bbox 1424 3248 1441 3271; x_wconf 87' lang='lat' dir='ltr'>c</span> <span class='ocrx_word' id='word_1_647' title='bbox 1473 3258 1514 3263; x_wconf 90' lang='lat'>—</span> <span class='ocrx_word' id='word_1_648' title='bbox 1546 3241 1599 3273; x_wconf 57' lang='lat'>222.</span> <span class='ocrx_word' id='word_1_649' title='bbox 1625 3245 1670 3272; x_wconf 81' lang='lat' dir='ltr'>cst</span> <span class='ocrx_word' id='word_1_650' title='bbox 1694 3242 1803 3282; x_wconf 68' lang='lat' dir='ltr'>gloria</span> <span class='ocrx_word' id='word_1_651' title='bbox 1826 3250 1845 3273; x_wconf 83' lang='lat' dir='ltr'>c</span> <span class='ocrx_word' id='word_1_652' title='bbox 1868 3260 1903 3265; x_wconf 91' lang='lat'>-</span> <span class='ocrx_word' id='word_1_653' title='bbox 1933 3251 2007 3273; x_wconf 81' lang='lat' dir='ltr'>cum</span> 
     </span>
    </p>
   </div>
   <div class='ocr_carea' id='block_1_6' title="bbox 243 3288 1776 3329">
    <p class='ocr_par' dir='ltr' id='par_1_6' title="bbox 243 3288 1776 3329">
     <span class='ocr_line' id='line_1_55' title="bbox 243 3288 1776 3329; baseline 0.003 -10"><span class='ocrx_word' id='word_1_654' title='bbox 243 3288 306 3319; x_wconf 80' lang='lat' dir='ltr'>civi</span> <span class='ocrx_word' id='word_1_655' title='bbox 329 3288 425 3320; x_wconf 78' lang='lat' dir='ltr'>aliter</span> <span class='ocrx_word' id='word_1_656' title='bbox 447 3289 687 3329; x_wconf 76' lang='lat' dir='ltr'>contendimus,</span> <span class='ocrx_word' id='word_1_657' title='bbox 713 3291 740 3322; x_wconf 82' lang='lat' dir='ltr'>si</span> <span class='ocrx_word' id='word_1_658' title='bbox 771 3290 1022 3323; x_wconf 79' lang='lat' dir='ltr'>Anemoecius:</span> <span class='ocrx_word' id='word_1_659' title='bbox 1058 3300 1132 3322; x_wconf 79' lang='lat' dir='ltr'>cum</span> <span class='ocrx_word' id='word_1_660' title='bbox 1155 3292 1296 3322; x_wconf 76' lang='lat' dir='ltr'>ciuiliter</span> <span class='ocrx_word' id='word_1_661' title='bbox 1320 3291 1542 3322; x_wconf 77' lang='lat' dir='ltr'>contendimus</span> <span class='ocrx_word' id='word_1_662' title='bbox 1566 3291 1664 3324; x_wconf 72' lang='lat' dir='ltr'>aliter</span> <span class='ocrx_word' id='word_1_663' title='bbox 1687 3293 1714 3323; x_wconf 79' lang='lat' dir='ltr'>si</span> <span class='ocrx_word' id='word_1_664' title='bbox 1739 3292 1776 3324; x_wconf 89' lang='lat' dir='ltr'>C.</span> 
     </span>
    </p>
   </div>
  </div>
 </body>
</html>
