2249 3624
297 149 378 191 254
729 150 1159 190 TUSCULANARUM
1189 150 1623 194 DISPUTATIONUM

293 256 536 310 frequenter
564 254 820 302 audivimus,
852 255 1032 294 instituit
1061 255 1143 294 alio
1175 261 1363 309 tempore
1398 258 1612 298 rhetorum
1635 265 1856 312 praecepta
1877 262 2054 311 tradere,

294 319 374 360 alio
414 317 782 372 philosophorum:
825 316 876 356 ad
908 329 1033 369 quam
1064 331 1140 357 nos
1172 320 1515 360 consuetudinem
1541 334 1564 360 a
1594 320 1868 363 familiaribus
1900 327 2053 366 nostris

293 381 463 421 adducti
492 381 536 420 in
566 378 829 425 Tusculano,
861 379 974 432 quod
1006 379 1147 419 datum
1171 386 1233 420 est
1260 383 1460 434 temporis
1482 383 1624 429 nobis,
1656 383 1699 421 in
1721 395 1770 422 eo
1793 388 2054 440 consumpsi-

292 457 399 484 mus.
448 443 592 495 Itaque
625 454 719 480 cum
740 446 835 480 ante
857 440 1071 480 meridiem
1095 442 1267 482 dictioni
1291 457 1458 496 operam
1483 445 1761 496 dedissemus,
1794 450 1901 490 sicut
1922 449 2052 502 pridie

260 505 542 551 5feceramus,
582 508 678 556 post
708 503 924 542 meridiem
954 503 996 542 in
1027 505 1293 545 Academiam
1325 507 1636 555 descendimus,
1678 509 1719 548 in
1752 525 1836 565 qua
1866 512 2053 564 disputa-

291 568 447 607 tionem
479 566 661 606 habitam
692 579 778 605 non
810 566 927 619 quasi
959 572 1175 607 narrantes
1207 568 1476 621 exponimus,
1509 570 1582 609 sed
1615 571 1771 612 eisdem
1792 574 1878 614 fere
1900 574 2051 620 verbis,

288 635 335 669 ut
363 635 499 669 actum
533 628 876 681 disputatumque
908 634 983 668 est.

402 693 468 732 IV.
502 689 567 730 io.
606 692 680 730 Est
718 691 846 743 igitur
882 691 1191 732 ambulantibus
1230 692 1282 732 ad
1314 693 1424 732 hunc
1456 693 1624 733 modum
1655 708 1792 737 sermo
1824 698 1895 737 ille
1927 698 2049 737 nobis

287 754 502 795 institutus
541 758 581 794 et
620 767 643 793 3
680 753 754 792 tali
785 753 967 806 quodam
999 754 1148 793 ductus
1181 755 1379 794 exordio:
1429 755 1477 795 A.
1508 756 1598 795 Dici
1639 771 1722 797 non
1753 765 1893 812 potest
1923 774 2049 814 quarn

238 825 274 853 ⁴0
288 820 363 860 sim
404 818 602 857 hesterna
633 815 917 869 disputatione
960 821 1029 855 tua
1060 816 1289 857 delectatus
1322 817 1387 856 vel
1419 819 1557 870 potius
1588 818 1770 860 adiutus.
1819 823 1907 862 Etsi
1938 823 2048 862 enim

287 881 387 922 mihi
420 893 511 920 sum
543 878 734 918 conscius
765 891 993 931 numquam
1025 892 1089 918 me
1120 879 1244 918 nimis
1266 879 1374 918 vitae
1407 880 1604 932 cupidum
1636 881 1786 929 fuisse,
1818 889 1955 923 tamen
1987 884 2049 922 in-

286 943 450 984 terdum
482 940 741 981 obiciebatur
770 941 909 980 animo
942 945 1075 980 metus
1098 941 1267 993 quidam
1289 947 1329 981 et
1351 941 1473 980 dolor
1494 943 1689 994 cogitanti
1710 943 1797 984 fore
1819 946 2047 999 aliquando

284 1004 407 1046 finem
438 1004 564 1043 huius
595 1001 700 1041 lueis
731 1008 771 1042 et
795 1002 1064 1042 amissionem
1087 1003 1274 1042 omnium
1295 1004 1402 1043 vitae
1426 1005 1752 1045 commodorum.
1786 1007 1874 1046 Hoc
1896 1020 2047 1059 genere

284 1067 501 1108 molestiae
533 1065 611 1112 sic,
643 1065 743 1104 mihi
774 1065 917 1113 crede,
950 1079 1039 1105 sum
1072 1066 1293 1113 liberatus,
1330 1072 1376 1106 ut
1406 1065 1510 1106 nihil
1541 1068 1679 1108 minus
1711 1069 1940 1108 curandum
1973 1084 2048 1122 pu-

234 1136 380 1171 wtem.
432 1125 496 1167 Μ.
528 1129 583 1168 Μ.
615 1127 784 1167 Minime
823 1127 972 1166 mirum
1013 1128 1053 1166 id
1096 1127 1291 1180 quidem3
1336 1142 1431 1167 nam
1471 1127 1598 1169 efficit
1637 1130 1717 1170 hoc
1754 1131 2044 1184 philosophia:

283 1192 473 1232 medetur
492 1190 663 1237 animis,
694 1190 840 1229 inanes
863 1189 1168 1229 sollicitudines
1192 1190 1385 1238 detrahit,
1411 1192 1708 1243 cupiditatibus
1732 1193 1899 1240 liberat,
1930 1193 2048 1246 pellit

283 1256 464 1296 timores.
516 1253 597 1292 Sed
627 1252 731 1291 haec
763 1252 852 1291 eius
883 1252 942 1291 vis
974 1265 1058 1291 non
1080 1252 1191 1291 idem
1221 1259 1360 1305 potest
1380 1253 1490 1306 apud
1513 1255 1668 1294 omnis:
1701 1260 1788 1294 tum
1810 1256 1920 1295 valet
1942 1256 2047 1295 mul-

280 1310 411 1365 tum,¹
439 1329 533 1356 cum
581 1320 642 1354 est
692 1314 885 1353 idoneam
932 1314 1137 1366 conplexa
1186 1320 1389 1355 naturam.
1457 1317 1592 1356 Fortis
1638 1317 1749 1357 enim
1791 1332 1876 1357 non
1918 1318 2042 1357 modo

279 1379 447 1420 fortuna
483 1378 673 1423 adiuvat,
724 1381 769 1416 ut
808 1381 870 1415 est
909 1377 952 1415 in
996 1383 1132 1416 vetere
1176 1379 1418 1429 proverbio,
1461 1379 1534 1418 sed
1580 1380 1711 1419 multo
1752 1382 1883 1433 magis
1924 1381 2043 1428 ratio,

229 1450 264 1478 20
280 1456 387 1498 quae
418 1439 666 1494 quibusdam
700 1439 820 1492 quasi
862 1440 1096 1491 praeceptis
1128 1438 1341 1481 confirmat
1372 1442 1454 1481 vim
1485 1441 1756 1482 fortitudinis.
1807 1445 1864 1483 Te
1896 1450 2044 1484 natura

279 1506 491 1546 excelsum
534 1501 745 1556 quendam
784 1502 981 1541 videlicet
1019 1506 1060 1541 et
1100 1502 1229 1541 altum
1262 1509 1301 1543 et
1331 1504 1511 1544 humana
1543 1504 1845 1557 despicientem
1876 1507 2043 1560 genuit3

277 1569 418 1622 itaque
460 1566 580 1606 facile
620 1565 663 1604 in
705 1564 843 1604 animo
880 1564 977 1603 forti
1019 1570 1162 1604 contra
1194 1572 1368 1606 mortem
1398 1566 1542 1606 habita
1573 1567 1728 1607 insedit
1760 1570 1907 1609 oratio.
1960 1570 2041 1609 Sed

276 1634 380 1674 haec
410 1630 555 1671 eadem
586 1642 683 1668 num
717 1641 863 1667 censes
895 1628 1006 1680 apud
1039 1640 1109 1667 eos
1141 1628 1255 1680 ipsos
1286 1629 1425 1669 valere
1455 1630 1533 1669 nisi
1559 1629 1784 1670 admodum
1816 1645 1985 1685 paucos,
2019 1645 2042 1671 a

277 1696 428 1750 quibus
458 1694 649 1738 inventa,
686 1691 917 1743 disputata,
957 1690 1194 1743 conscripta
1225 1694 1355 1732 sunt?
1401 1691 1562 1740 Quotus
1594 1694 1704 1733 enim
1736 1694 1916 1748 quisque
1947 1693 2041 1746 phi-

225 1757 551 1810 25losophorum
581 1754 794 1794 invenitur
824 1754 897 1806 qui
929 1753 982 1792 sit
1011 1753 1069 1792 ita
1100 1760 1306 1802 moratus,
1337 1754 1391 1793 ita
1423 1754 1562 1793 animo
1594 1768 1641 1794 ac
1667 1755 1748 1795 vita
1773 1757 2039 1801 constitutus,

274 1826 323 1861 ut
351 1820 455 1860 ratio
487 1817 702 1871 postulat?
735 1815 806 1870 qui
839 1815 1103 1868 disciplinam
1125 1829 1241 1856 suam
1262 1830 1344 1856 non
1366 1817 1690 1857 ostentationem
1713 1818 1933 1865 scientiae,
1965 1817 2037 1857 sed

274 1885 410 1937 legem
448 1882 556 1921 vitae
595 1881 741 1933 putet?
787 1878 859 1932 qui
900 1878 1160 1931 obtemperet
1199 1878 1291 1931 ipse
1331 1878 1410 1918 sibi
1451 1882 1490 1918 et
1530 1878 1709 1919 decretis
1739 1880 1825 1919 suis
1860 1880 2038 1932 pareat?

275 1945 340 1987 112.
372 1946 524 1985 Videre
553 1942 652 1982 licet
681 1941 784 1981 alios
814 1946 928 1980 tanta
962 1940 1130 1980 levitate
1163 1947 1202 1981 et
1231 1941 1474 1988 iactatione,
1504 1946 1551 1980 ut
1580 1941 1631 1981 iis
1660 1941 1787 1981 fuerit
1815 1954 1901 1980 non
1933 1940 2041 1980 didi-

274 2011 380 2051 cisse
411 2007 584 2054 melius;
620 2004 725 2044 alios
756 2003 960 2057 pecuniae
993 2003 1188 2057 cupidos,
1220 2003 1375 2056 gloriae
1405 2016 1489 2042 non
1517 2003 1680 2051 nullos,
1711 2003 1862 2043 multos
1902 2001 2040 2042 libidi-

223 2077 259 2107 30
273 2087 373 2113 num
404 2082 566 2116 serVOS,
596 2072 643 2107 ut
672 2081 765 2106 cum
797 2079 943 2106 eorum
976 2066 1059 2105 vita
1090 2066 1335 2105 mirabiliter
1364 2070 1522 2119 pugnet
1543 2066 1697 2105 oratio:
1731 2065 1844 2117 quod
1867 2064 2039 2118 quidem

273 2135 375 2176 mihi
414 2133 578 2175 videtur
616 2143 708 2170 esse
739 2128 1041 2181 turpissimum.
1091 2127 1143 2167 Ut
1180 2128 1291 2167 enim
1335 2129 1367 2168 si
1406 2128 1719 2180 grammaticum
1751 2139 1795 2166 se
1826 2125 2038 2180 professus

273 2197 482 2253 quispiam
523 2193 696 2233 barbare
737 2192 934 2244 loquatur
964 2194 1035 2229 aut
1065 2189 1099 2229 si
1130 2190 1311 2230 absurde
1344 2194 1464 2229 canat
1493 2189 1548 2236 is,
1589 2190 1660 2242 qui
1691 2202 1735 2228 se
1766 2188 1909 2228 haberi
1941 2188 2040 2227 velit

272 2260 501 2304 musicum,
533 2258 611 2295 boc
642 2254 803 2306 turpior
833 2254 907 2300 sit,
939 2251 1054 2306 quod
1075 2252 1117 2291 in
1139 2265 1189 2291 eo
1212 2252 1304 2304 ipso
1327 2257 1491 2305 peccet,
1524 2251 1642 2290 cuius
1664 2250 1882 2304 profitetur
1903 2250 2038 2290 scien-

272 2323 393 2369 tiam,
425 2320 483 2360 sic
513 2315 795 2371 philosophus
826 2315 868 2354 in
899 2315 1007 2354 vitae
1039 2314 1200 2353 ratione
1232 2327 1410 2367 peccans
1442 2313 1521 2353 hoc
1553 2313 1714 2366 turpior
1745 2317 1828 2359 est,
1863 2311 1975 2365 quod
1996 2311 2038 2350 in

222 2391 257 2419 35
272 2382 423 2431 officio,
454 2382 574 2422 cuius
606 2378 803 2431 magister
833 2389 924 2417 esse
956 2376 1064 2424 vult,
1096 2376 1251 2416 labitur
1279 2381 1496 2430 artemque
1527 2375 1637 2415 vitae
1668 2374 1881 2429 professus
1904 2373 2038 2414 delin-

273 2446 363 2500 quit
392 2445 433 2484 in
466 2443 561 2484 vita.

358 2624 390 2656 i.
414 2623 581 2655 rethorum
605 2621 668 2652 GR
696 2637 731 2642 -
763 2618 794 2650 3.
820 2617 945 2658 datum]
970 2618 991 2648 d
1014 2617 1047 2648 in
1072 2626 1192 2649 rasura
1219 2618 1244 2648 G
1272 2634 1306 2639 —
1335 2617 1366 2648 5.
1392 2616 1529 2648 meridie
1552 2617 1629 2648 GR¹
1655 2633 1690 2638 —
1719 2616 1947 2647 achademiam
1970 2615 2034 2647 GR

272 2694 307 2698 —
333 2676 364 2706 9.
391 2675 505 2705 ductus
529 2669 740 2702 Cratander:
767 2669 919 2699 inductus
942 2668 980 2699 C.
1009 2668 1101 2699 «Scr.
1127 2668 1271 2706 quodam
1295 2668 1409 2697 ductus
1432 2667 1453 2697 i.
1473 2676 1503 2697 e.
1532 2668 1662 2697 tractus
1686 2666 1841 2702 exordim
1868 2665 1910 2696 cf.
1936 2665 2030 2696 Brut.

270 2725 288 2765 g
306 2724 385 2755 448:
413 2723 579 2761 omnisque
602 2720 655 2751 ilie
677 2727 782 2750 sermo
799 2719 914 2749 dacius
938 2721 982 2748 est
1006 2726 1022 2748 e
1040 2718 1289 2756 percontatione
1310 2717 1381 2756 filii.
1416 2715 1504 2747 Ibid.
1525 2716 1542 2755 g
1561 2716 1595 2746 24
1616 2725 1621 2745 :
1647 2715 1721 2747 hinc
1737 2716 1852 2746 ductus
1868 2718 1913 2746 esi
1927 2723 2033 2746 sermo

268 2790 317 2796 —-
332 2772 374 2803 ab
396 2773 456 2802 isio
479 2771 572 2801 inicio
596 2773 738 2801 tracium
762 2777 826 2799 esse
848 2776 1040 2799 sermonem.
1078 2766 1180 2798 Plane
1207 2766 1299 2797 aliud
1324 2768 1377 2798 est
1401 2765 1445 2797 ad
1468 2767 1535 2797 Att.
1562 2766 1646 2802 Xfli,
1668 2766 1719 2804 49,
1740 2765 1780 2797 44
1804 2774 1909 2797 sermo
1933 2766 2032 2796 indu-

267 2824 354 2854 citur
367 2837 406 2851 z
421 2822 572 2861 fingitur,
590 2820 676 2850 wird
692 2818 908 2858 einyeftihri.»
926 2818 1025 2849 W.—
1047 2819 1097 2848 Μ.
1117 2818 1180 2848 mei
1195 2818 1292 2847 nimis
1309 2817 1335 2847 G
1348 2817 1403 2853 R¹;
1422 2825 1473 2846 me
1488 2816 1596 2846 minus
1612 2824 1702 2846 corr.
1722 2824 1769 2846 m.
1788 2815 2032 2846 recentissima

268 2874 292 2904 R
318 2889 353 2894 —
381 2871 432 2902 42.
458 2871 632 2911 cogitantis
655 2870 679 2900 C
700 2887 735 2891 —
761 2869 814 2900 20.
836 2867 1052 2907 praescriptis
1075 2867 1165 2898 Bake
1191 2865 1305 2898 Schol.
1325 2867 1500 2906 Hypomn.
1519 2865 1562 2896 IV
1578 2874 1611 2905 p.
1630 2865 1682 2903 82,
1709 2864 1786 2896 coll.
1805 2866 1844 2897 N.
1864 2866 1903 2896 D.
1922 2866 1935 2895 1
1960 2863 1978 2904 g
1998 2865 2029 2897 7.

269 2938 305 2943 —
331 2921 384 2951 2⁴.
411 2920 634 2959 despicientem
658 2926 747 2949 corr.
775 2926 817 2948 ex
841 2917 1060 2956 dispicientem
1077 2916 1100 2947 R
1123 2933 1155 2937 -
1183 2915 1236 2946 24.
1258 2916 1380 2954 Quoius
1397 2915 1532 2954 quisque
1547 2931 1564 2936 —
1578 2931 1595 2936 —
1609 2917 1730 2953 pareat
1745 2914 1822 2945 suis.
1854 2914 1967 2945 Videre
1981 2930 2029 2935 -—

266 2971 462 3008 iactatione,
494 2972 529 2999 uc
552 2970 591 2999 iis
606 2986 653 2991 --
668 2968 817 3006 cupidos,
849 2968 933 2998 alios
955 2966 1101 3006 gloriae,
1126 2965 1244 2996 multos
1260 2967 1446 3004 --puyiiet
1469 2964 1576 2995 oratio
1602 2964 1798 2995 Lactantius
1822 2963 1884 3002 ΙΙΙ,
1911 2964 1962 2994 45.
1993 2980 2028 2984 -

265 3021 320 3053 27.
345 3020 408 3059 ipsi
431 3019 455 3049 C
484 3036 517 3040 —
545 3018 597 3049 28.
623 3021 659 3048 ut
681 3018 721 3047 iis
744 3015 876 3048 GR¹Bz
903 3019 938 3047 ui
960 3016 1008 3046 his
1032 3016 1087 3051 R2;
1113 3015 1153 3046 iis
1175 3018 1211 3046 ui
1235 3016 1259 3046 O
1280 3032 1314 3037 —-
1340 3014 1393 3045 29.
1421 3013 1585 3045 libidinem
1609 3013 1647 3044 G¹
1672 3031 1701 3036 —
1733 3013 1785 3045 32.
1811 3012 1930 3043 habere
1953 3012 2031 3043 GR¹

269 3089 303 3093 —-
331 3070 383 3101 33.
411 3069 505 3099 «Non
530 3066 652 3097 dubito
677 3067 759 3106 quin
776 3075 857 3097 vera
884 3067 927 3097 sit
947 3065 1093 3096 Ernestii
1111 3066 1309 3096 coniectura
1327 3064 1419 3095 cuius
1439 3064 1702 3103 profiteatur
1725 3063 1911 3101 scientiam3
1938 3070 2029 3102 quae

266 3118 437 3151 sententia
462 3116 506 3147 ab
531 3116 716 3156 hypothesi
742 3125 809 3146 non
835 3116 944 3155 magis
968 3113 1163 3146 divellenda
1190 3114 1250 3145 suit
1268 3121 1374 3153 quam
1399 3111 1493 3143 illae:
1521 3113 1723 3152 qui-velit
1748 3113 1782 3143 et
1805 3113 2030 3152 quod-pec-

265 3171 359 3200 cet.»
384 3168 440 3199 W.
466 3167 576 3197 lmino
599 3166 673 3197 velit
697 3167 731 3196 et
751 3170 858 3204 peccet
881 3164 1107 3205 hypothetice
1132 3163 1223 3194 dicta
1257 3164 1354 3200 sunt,
1385 3163 1559 3202 profitetur
1582 3171 1650 3193 non
1676 3162 1771 3193 item.
1800 3178 1835 3183 —
1862 3160 1914 3193 34.
1939 3161 2029 3192 uitae

265 3218 396 3249 ratione
420 3216 464 3247 C:
490 3216 619 3246 ratione
641 3215 727 3245 vilae
751 3214 827 3245 alii:
858 3216 919 3246 «ln
942 3215 1029 3245 vitae
1051 3212 1162 3254 posita
1178 3213 1229 3244 vis
1246 3212 1299 3243 est
1323 3210 1519 3252 philosophi
1544 3219 1624 3243 cum
1646 3211 1873 3252 grammatico
1890 3212 1925 3241 et
1948 3217 2027 3239 mu-

266 3266 339 3298 sico
364 3263 667 3306 comparationis.»
692 3264 748 3296 W.
