2249 3624
598 156 684 194 Lm.
717 154 786 194 ΠΙ.
827 153 922 193 Cn».
954 151 1156 192 ΙΧ-ΧΙ,
1195 149 1254 202 §§
1287 147 1477 189 ·t9-—⁶.>4.
1846 143 1927 185 ⁶283

167 267 207 300 et
239 261 448 305 invidere;
482 273 572 298 nam
607 260 675 312 qui
709 259 821 297 dolet
854 259 975 297 rebus
1006 258 1184 296 alicuius
1216 256 1421 302 adversis,
1454 254 1560 294 idem
1595 253 1770 293 alicuius
1803 252 1927 291 etiam

165 323 360 361 secundis
392 322 522 366 dolet,
556 328 598 360 ut
621 321 946 373 Theophrastus,
979 320 1188 358 interitum
1221 318 1442 370 deplorans
1472 315 1739 356 Callisthenis
1771 314 1927 354 sodalis

164 385 240 428 sui,
274 384 396 422 rebus
425 383 646 422 Alexandri
681 383 890 435 prosperis
912 383 1088 431 angitur,
1122 382 1260 433 itaque
1286 380 1383 418 dicit
1408 378 1704 419 Callisthenem
1729 376 1928 416 incidisse

163 445 204 483 in
238 445 448 483 bominem
483 458 642 482 summa
677 445 861 495 potentia
893 457 1138 495 summaque
1171 443 1358 486 fortuna,
1395 442 1465 481 sed
1501 443 1688 491 ignarum
1721 452 1844 490 quem
1877 438 1927 477 ad

163 507 332 546 modum
373 506 496 544 rebus
537 506 730 543 secundis
773 508 830 544 uti
864 506 1118 544 conveniret.
1170 506 1294 558 Atqui
1327 520 1450 557 quem
1485 504 1533 543 ad
1569 502 1736 542 modum
1772 501 1960 540 miseri-5

163 569 302 607 cordia
334 567 549 618 aegritudo
583 573 644 605 est
676 580 725 605 ex
760 567 930 605 alterius
964 568 1085 605 rebus
1118 567 1323 612 adversis,
1357 568 1415 605 sic
1451 566 1678 606 invidentia
1710 562 1928 615 aegritudo

163 637 221 669 est
255 643 304 669 ex
337 629 509 669 alterius
542 629 662 667 rebus
695 630 900 667 secundis.
963 630 1005 667 ln
1039 642 1161 681 quem
1204 630 1327 679 igitur
1359 630 1468 668 eadit
1502 628 1709 672 misereri,
1754 627 1793 665 in
1827 639 1929 664 eun-

163 692 255 731 dem
297 692 418 730 etiam
463 690 671 734 iuvidere3
715 704 797 728 non
843 691 950 730 radit
984 698 1122 729 autem
1157 691 1342 729 invidere
1376 692 1416 729 in
1450 692 1703 744 sapientem:
1748 702 1845 739 ergo
1879 701 1929 726 ne

162 755 348 794 misereri
388 752 571 805 quidem.
629 752 752 799 Quod
796 753 828 791 si
870 766 991 803 aegre
1035 752 1140 790 ferre
1174 754 1339 805 sapiens
1369 753 1540 799 soleret,
1588 751 1771 791 misereri
1806 750 1928 788 etiam

162 817 337 861 soleret;
370 816 485 854 abest
520 828 618 865 ergo
651 828 672 853 a
705 816 893 866 sapiente
925 815 1161 862 aegritudo.
1946 819 1982 847 40

274 876 338 916 2¹2.
383 877 491 916 llaec
534 877 591 916 sie
633 877 830 915 dicuntur
866 890 887 915 a
928 876 1077 915 Stoicis
1118 876 1508 929 conciudunturque
1549 876 1796 915 contortius.
1848 873 1929 913 Sed

161 940 284 980 latius
316 940 530 991 aliquanto
564 939 741 978 dicenda
774 945 868 978 sunt
901 945 942 978 et
973 938 1186 983 diffusius,
1219 939 1438 978 sententiis
1471 944 1608 977 tamen
1641 937 1839 976 utendum
1863 950 1931 975 eo-

160 1016 248 1041 rum
292 1002 572 1055 potissimum,
615 1002 685 1054 qui
729 1002 907 1041 maxime
940 1001 1033 1040 sorti
1068 1006 1126 1045 et,
1168 1006 1207 1038 ut
1248 1001 1302 1038 ita
1335 1000 1489 1045 dicam,
1524 1000 1628 1038 virili
1663 1005 1836 1038 utuntur
1868 1012 1932 1037 ra-

158 1064 272 1103 tione
305 1070 429 1115 atquc
463 1065 680 1103 sententia.
734 1065 832 1102 Nam
869 1062 1148 1115 Peripatetici,
1192 1062 1416 1100 familiares
1450 1062 1599 1107 nostri,
1644 1062 1795 1114 quibus
1829 1061 1930 1100 nihil

161 1132 224 1164 est
256 1125 443 1171 uberius,
477 1125 578 1164 nihil
611 1126 834 1171 eruditius,
867 1125 970 1164 nihil
1004 1125 1188 1176 gravius,
1222 1123 1532 1162 mediocritates
1558 1124 1619 1162 vel
1653 1124 1981 1176 perturbatio-⁴5

160 1201 256 1226 num
293 1187 355 1225 vel
391 1188 622 1227 morborum
663 1188 788 1227 animi
833 1188 930 1227 mihi
965 1201 1045 1226 non
1080 1200 1178 1226 sane
1212 1186 1402 1238 probant.
1456 1186 1589 1225 Omne
1621 1186 1730 1224 enirn
1766 1186 1931 1231 malum,

159 1250 283 1289 etiam
329 1249 556 1296 mediocre,
599 1250 754 1289 malum
794 1256 879 1290 est:
928 1264 1000 1289 nos
1043 1256 1179 1289 autem
1220 1248 1259 1287 id
1293 1249 1477 1299 agimus,
1521 1254 1564 1287 ut
1595 1248 1634 1287 id
1669 1248 1709 1286 in
1742 1248 1930 1300 sapiente

159 1312 319 1351 nullum
354 1312 406 1351 sit
438 1313 623 1351 omnino.
675 1314 777 1351 Nam
809 1319 853 1352 ut
883 1326 1053 1364 corpus,
1094 1312 1217 1350 etiam
1258 1312 1292 1350 si
1333 1310 1602 1350 mediocriter
1643 1323 1812 1362 aegrum
1849 1316 1930 1357 est,

161 1388 307 1414 sanum
351 1388 431 1413 non
475 1380 554 1420 est,
597 1376 654 1413 sic
697 1376 737 1413 in
779 1375 918 1414 animo
959 1375 1037 1413 ista
1079 1373 1344 1412 mediocritas
1385 1379 1497 1412 caret
1536 1373 1726 1412 sanitate.
1787 1374 1930 1426 ltaque

162 1435 371 1488 praeclare
418 1437 572 1482 nostri,
621 1443 665 1475 ut
707 1437 788 1476 alia
829 1437 981 1484 multa,
1028 1434 1283 1481 molestiam,
1338 1435 1682 1481 sollicitudinem,
1732 1444 1981 1487 angorem-20

160 1504 332 1551 propter
377 1498 690 1538 similitudinem
730 1513 951 1552 corporum
992 1512 1208 1550 aegrorum
1251 1497 1554 1550 aegritudinem
1596 1497 1931 1536 nominaverunt.

160 1558 227 1598 ¹2³3.
261 1560 349 1599 Hoc
390 1574 519 1613 prope
558 1561 725 1600 modum
765 1562 890 1601 verbo
924 1562 1068 1601 Graeci
1099 1574 1264 1600 omnem
1311 1560 1438 1599 animi
1472 1560 1827 1612 perturbationem
1861 1573 1933 1611 ap-

162 1622 345 1674 pellant;
388 1629 536 1662 vorant
567 1624 676 1662 enim
715 1624 871 1671 πάθος,
913 1624 953 1663 id
992 1630 1052 1662 est
1093 1623 1304 1668 morbum,
1344 1623 1597 1674 quicumque
1628 1627 1691 1661 est
1723 1629 1860 1661 motus
1890 1623 1931 1661 in

164 1685 302 1724 animo
339 1685 558 1724 turbidus:
603 1700 678 1725 nos
724 1687 896 1733 melius;
945 1687 1079 1738 aegris
1116 1686 1222 1724 enim
1265 1684 1514 1736 corporibus
1552 1684 1764 1724 simillima
1804 1685 1930 1724 animi

164 1753 225 1786 est
267 1748 508 1799 aegritudo;
554 1755 595 1787 at
634 1763 713 1787 non
755 1750 903 1787 similis
934 1748 1235 1800 aegrotationis
1269 1753 1331 1786 est
1363 1747 1516 1793 libido,
1559 1760 1640 1786 non
1673 1748 1982 1786 inmoderatam

158 1810 337 1856 laetitia,
371 1823 477 1862 quae
511 1817 572 1849 est
606 1811 799 1863 voluptas
831 1810 955 1850 animi
990 1811 1096 1850 elata
1119 1816 1156 1849 et
1181 1810 1378 1861 gestiens.
1429 1810 1519 1861 [pse
1542 1810 1666 1849 etiam
1692 1815 1824 1848 metus
1848 1822 1930 1847 non

157 1878 219 1911 est
261 1873 392 1911 morbi
435 1873 659 1912 admodum
703 1875 870 1920 similis,
909 1886 1161 1927 quamquam
1200 1871 1446 1924 aegritudini
1491 1879 1554 1911 est
1593 1871 1814 1918 finitimus,
1858 1871 1931 1910 sed

156 1935 347 1986 proprie,
390 1941 435 1973 ut
465 1936 690 1987 aegrotatio
727 1937 769 1975 in
803 1950 997 1989 corpore,
1040 1936 1099 1973 sic
1132 1934 1349 1985 aegritudo
1382 1934 1422 1972 in
1456 1934 1594 1974 animo
1626 1947 1775 1973 nomen
1809 1934 1934 1973 habet

158 2010 241 2035 non
275 1997 510 2035 seiunctum
542 2011 564 2036 a
596 1999 753 2037 dolore.
802 1999 965 2037 Doloris
999 1997 1122 2035 huius
1155 1996 1281 2047 igitur
1302 1996 1418 2048 origo
1444 1996 1562 2035 nobis
1586 1996 1835 2048 explicanda
1858 2001 1932 2042 est,

157 2058 198 2097 id
232 2064 295 2097 est
327 2071 453 2098 causa
485 2058 670 2098 el'liciens
703 2061 1002 2112 aegritudinem
1040 2059 1081 2097 in
1114 2058 1252 2097 animo
1284 2064 1496 2110 tamquam
1529 2060 1860 2108 aegrotationem
1892 2059 1932 2097 in
1947 2067 2003 2102 3ο,

158 2133 347 2173 corpore.
395 2122 495 2160 Nam
529 2128 573 2161 ut
606 2121 757 2161 medici
791 2135 916 2161 causa
948 2119 1086 2161 morbi
1118 2122 1284 2160 inventa
1318 2122 1574 2160 curationem
1598 2134 1688 2160 esse
1723 2122 1932 2161 inventam

158 2189 316 2236 putant,
348 2183 407 2222 sic
440 2196 516 2222 nos
549 2197 672 2223 causa
694 2184 968 2235 aegritudinis
992 2189 1156 2235 reperta
1182 2183 1374 2222 medendi
1399 2183 1637 2222 facultatem
1663 2183 1932 2236 reperiemus.

269 2246 338 2284 xi.
371 2242 437 2283 24¹.
485 2246 556 2284 Est
599 2247 722 2297 igitur
761 2260 887 2286 causa
929 2247 1063 2285 omnis
1102 2246 1140 2284 iu
1183 2245 1383 2298 opinione
1419 2259 1496 2285 nec
1529 2259 1627 2284 vero
1659 2244 1933 2296 aegritudinis

156 2308 315 2354 solum,
348 2307 419 2346 sed
454 2308 576 2346 etiam
611 2308 865 2361 reliquarum
890 2309 1076 2347 omnium
1110 2307 1486 2360 perturbationum,
1519 2321 1626 2360 quae
1659 2313 1756 2345 sunt
1782 2319 1933 2358 genere

158 2376 367 2422 quattuor,
403 2370 587 2421 partibus
621 2370 775 2422 plures.
833 2373 934 2410 Nam
968 2385 1059 2409 cun]
1093 2371 1228 2409 omnis
1262 2370 1520 2422 perturbatio
1553 2370 1606 2408 sit
1637 2369 1764 2408 animi
1799 2374 1932 2407 motus
1948 2378 1985 2407 35

155 2432 221 2471 vel
265 2432 438 2470 rationis
482 2445 632 2484 expers
676 2433 736 2471 vel
778 2434 980 2472 rationem
1020 2445 1249 2485 aspernans
1293 2432 1355 2470 vel
1393 2433 1541 2470 rationi
1575 2445 1656 2470 non
1691 2432 1933 2477 oboediens,

157 2497 277 2546 isque
311 2500 445 2533 motus
477 2501 547 2533 aut
588 2494 684 2533 boni
718 2501 789 2534 aut
822 2496 916 2534 mali
950 2495 1150 2548 opinione
1183 2495 1330 2532 citetur
1359 2493 1573 2540 bifariam,
1613 2500 1811 2546 quattuor
1842 2506 1935 2546 per-

157 2556 416 2595 turbationes
448 2557 682 2609 aequaliter
714 2557 958 2596 distributae
991 2563 1100 2596 sunt.
1149 2558 1249 2595 Nam
1283 2556 1389 2594 duae
1412 2562 1509 2594 sunt
1531 2569 1582 2594 ex
1604 2556 1798 2608 opinione
1821 2555 1934 2606 boni,

157 2631 336 2670 quarum
374 2618 525 2663 altera,
567 2618 760 2671 voluptas
801 2621 1006 2671 gestiens,
1049 2619 1087 2658 id
1122 2625 1182 2657 est
1225 2624 1390 2670 praeter
1421 2617 1588 2656 modum
1622 2618 1730 2656 elata
1764 2618 1933 2662 laetitia,

157 2680 354 2732 opinione
394 2681 625 2731 praesentis
670 2683 806 2733 magni
851 2681 1028 2720 alicuius
1066 2681 1187 2723 boni,
1231 2680 1380 2726 altera,
1420 2693 1528 2733 quae.
1570 2686 1631 2718 est
1672 2680 1984 2720 inmoderatam

244 2821 274 2852 Ξ,
301 2821 378 2851 solet
403 2823 427 2851 G
446 2823 467 2852 R
498 2839 529 2843 —
570 2823 757 2852 Callistheni
782 2823 807 2852 O
836 2840 865 2843 —
903 2823 932 2852 9.
960 2824 986 2853 si
1011 2823 1088 2852 haec
1113 2822 1235 2860 referre
1261 2821 1284 2851 C
1318 2839 1345 2842 —
1385 2822 1436 2852 Η.
1464 2822 1490 2850 si
1516 2822 1539 2850 G
1567 2823 1600 2852 et
1626 2830 1715 2853 corr.
1744 2822 1775 2852 in
1801 2823 1847 2853 sic
1872 2824 1893 2853 R
1911 2823 1932 2853 Β

158 2886 192 2890 -
226 2871 272 2900 12.
300 2871 481 2909 aliquando
507 2872 531 2903 C
560 2889 592 2892 —
623 2877 651 2902 e!
679 2873 784 2911 fusius
808 2872 898 2902 Bake
926 2873 944 2903 Ι.
975 2872 993 2903 1.
1023 2882 1054 2912 p.
1082 2872 1134 2902 9¹.
1164 2889 1198 2893 —
1241 2872 1286 2901 17.
1314 2872 1437 2901 mulum
1464 2871 1635 2902 Bouhier:
1661 2880 1820 2911 maynum
1845 2873 1868 2902 (Σ
1897 2889 1929 2892 -

156 2919 209 2950 ⁶25.
237 2919 281 2960 at]
307 2923 366 2950 aut
390 2922 426 2950 G·
456 2938 487 2941 —
521 2922 637 2952 similis
662 2931 742 2951 corr
782 2923 813 2952 in
838 2923 957 2951 sinales
983 2922 1004 2952 Β
1043 2939 1075 2943 -
1111 2922 1354 2960 aegrotationes
1379 2921 1402 2949 (Σ
1432 2937 1465 2941 -—
1502 2920 1552 2951 Ξῖ.
1579 2921 1787 2961 oeqr-icudine
1812 2924 1834 2951 (i
1853 2922 1875 2952 R
1902 2924 1936 2951 et

157 2976 335 3008 superser.
356 2970 366 2998 i
391 2970 523 2999 litterae
549 2980 564 3000 e
589 2970 664 3000 ead.
688 2980 732 3001 m.
756 2972 777 3001 R
812 2989 834 2992 -
868 2973 920 3001 >ed
944 2972 1080 3010 proprie.
1098 2988 1113 2993 -
1129 2988 1145 2992 -
1165 2980 1194 2999 ιιι
1221 2971 1332 2999 (numo
1358 2971 1466 2999 nomin
1492 2974 1567 3000 avet
1591 2972 1720 3001 Nonius
1747 2979 1766 3010 p
1800 2970 1873 3001 443.
1897 2988 1930 2991 -

157 3017 209 3048 98.
238 3019 363 3058 nornen]
391 3028 431 3048 no
456 3028 535 3049 cum
563 3029 681 3049 rasura
709 3022 809 3051 unius
836 3020 970 3051 litterae.
997 3023 1019 3050 ti
1048 3028 1235 3060 ,supersum
1264 3028 1333 3049 men
1369 3028 1414 3049 in.
1442 3020 1528 3058 see.)
1557 3037 1591 3042 —
1625 3021 1677 3051 34.
1704 3028 1785 3050 rnam
1808 3024 1841 3047 m
1865 3029 1935 3050 me-

158 3068 221 3097 dici
252 3077 353 3097 causa
384 3069 557 3098 rei-borum
590 3071 794 3100 cuz-axionem
817 3080 882 3100 exse
906 3071 1070 3100 iuventam
1097 3073 1215 3108 pulum!
1241 3069 1368 3099 Nonius
1396 3078 1426 3108 p.
1455 3068 1528 3099 493,
1561 3087 1587 3091 -
1621 3070 1753 3100 inventa
1778 3069 1931 3100 deletum

157 3119 208 3147 est
234 3118 265 3147 in
294 3118 316 3147 R
344 3134 377 3138 -
414 3118 464 3148 3-2.
492 3122 622 3156 repet-lu
655 3128 744 3149 corr.
774 3120 805 3150 in
832 3118 961 3158 reperti]
988 3121 1010 3149 R
1039 3137 1073 3140 —
1111 3120 1161 3149 343,
1191 3118 1238 3147 rel
1262 3119 1341 3148 ante
1368 3118 1507 3148 rationis
1531 3118 1623 3149 delet
1649 3118 1810 3149 Bouhier.
1849 3118 1932 3148 vide

157 3167 200 3196 ad
227 3167 266 3196 lv
294 3167 311 3205 ἓ
338 3165 389 3197 44.
421 3184 451 3188 —
481 3167 532 3198 37.
559 3169 678 3198 ‹ilelur
702 3168 874 3206 bifariam,
901 3172 1060 3206 quallnm·
1084 3169 1172 3199 [take
1195 3168 1222 3205 ἱΙ.
1244 3166 1250 3196 l
1285 3176 1315 3206 p.
1339 3167 1408 3203 9¹>z
1437 3169 1566 3204 citetur,
1593 3168 1752 3205 bifariam
1776 3170 1935 3206 quattuor

157 3216 194 3247 O.
229 3216 278 3247 tls.
309 3217 348 3247 tv
375 3217 392 3256 g
422 3218 470 3247 tt.
508 3235 539 3239 —
576 3221 721 3255 quatuor
749 3219 788 3248 G¹
823 3235 855 3239 —
890 3218 941 3249 40.
969 3219 1078 3248 attera
1110 3227 1194 3256 quae
1225 3222 1268 3248 es!
1303 3219 1481 3250 Dax'isius:
1521 3221 1628 3251 ultera
1660 3220 1823 3257 cupiditas
1848 3228 1932 3258 quae

157 3268 241 3295 recle
274 3265 325 3295 uel
353 3265 450 3296 libido
479 3266 543 3296 diei
571 3269 674 3305 potes!
706 3276 790 3306 quae
819 3271 862 3298 est
893 3268 936 3303 C;
969 3268 1076 3298 altera
1106 3268 1269 3307 cupiditas
1298 3272 1383 3299 recle
1406 3269 1456 3300 vel
1478 3268 1578 3300 libido
1603 3270 1666 3300 dici
1688 3273 1812 3309 βοηθεῖ,-
1849 3278 1932 3308 quae
