2249 3624
289 209 370 250 850
962 210 1031 250 DE
1062 211 1130 250 RE
1161 211 1387 252 PUBLICA

288 316 449 363 tabiles,
481 328 658 370 quorum
689 314 883 355 australis
913 314 999 363 ille,
1029 316 1072 355 in
1105 329 1188 370 quo
1222 317 1292 370 qui
1323 317 1523 358 insistunt
1552 317 1728 359 adversa
1760 319 1878 360 vobis
1905 325 2060 374 urgent

289 379 487 433 vestigia,
526 378 631 418 nihil
670 376 719 418 ad
761 382 944 418 vestrum
985 392 1140 431 genus:
1185 379 1253 418 hic
1292 385 1431 420 autem
1475 379 1580 420 alter
1610 378 1822 422 subiectus
1853 382 2057 436 aquiloni,

289 456 415 496 quem
454 441 660 487 incolitis,
707 453 828 479 cerne
869 453 994 493 quam
1031 441 1149 481 tenui
1189 455 1264 482 vos
1302 448 1420 495 parte
1462 443 1689 496 contingat.
1758 443 1905 484 Omnis
1945 445 2058 485 enim

288 512 421 553 terra,
462 517 568 558 quae
600 502 755 542 colitur
785 515 808 542 a
837 502 977 550 vobis,
1017 508 1196 556 angusta
1226 504 1473 552 verticibus,
1512 505 1713 546 lateribus
1743 506 1891 555 latior,
1927 519 2058 560 parva

257 568 495 623 5quaedam
526 565 664 606 insula
695 570 777 612 est,
816 564 1069 605 circumfusa
1097 565 1168 606 illo
1200 566 1326 614 mari,
1366 568 1477 620 quod
1509 568 1785 617 Atlanticum,
1825 569 1939 622 quod
1970 581 2057 609 ma-

287 645 428 685 gnum,
462 642 587 683 quem
610 627 824 667 Oceanum
855 627 1075 681 appellatis
1107 628 1149 667 in
1181 630 1315 676 terris,
1347 630 1420 683 qui
1441 635 1582 671 tamen
1602 636 1718 671 tanto
1740 632 1908 672 nomine
1930 645 2056 685 quam

286 696 340 735 sit
369 706 522 747 parvus
553 690 683 731 vides.
751 687 817 728 ⁶22.
848 691 913 729 Ex
942 691 1009 730 his
1039 691 1142 744 ipsis
1173 691 1295 732 cultis
1326 693 1521 746 notisque
1551 694 1674 733 terris
1705 708 1804 734 num
1835 699 1907 735 aut
1936 699 2055 734 tuum

285 763 355 798 aut
386 756 634 809 cuiusquam
665 758 847 793 vestrum
878 766 1032 792 nomen
1063 753 1129 793 vel
1162 755 1392 794 Caucasum
1422 753 1553 803 hunc,
1594 770 1719 809 quem
1751 756 1911 804 cernis,
1942 761 2055 797 tran-

285 819 485 860 scendere
530 816 670 871 potuit
709 815 775 855 vel
811 815 930 855 illum
963 815 1134 868 Gangen
1164 820 1400 857 tranatare‘?
1462 818 1566 866 Quis
1598 818 1641 857 in
1671 818 1847 872 reliquis
1879 819 2054 860 orientis

235 887 356 922 ioaut
387 881 579 922 obeuntis
619 878 719 919 solis
761 877 920 918 ultimis
959 883 1031 918 aut
1070 878 1283 932 aquilonis
1322 880 1503 920 austrive
1534 880 1722 934 partibus
1752 886 1869 921 tuum
1898 894 2054 922 nomen

283 945 454 984 audiet?
516 942 678 991 Quibus
719 941 946 993 amputatis
988 941 1126 981 cernis
1167 941 1355 995 profecto
1396 943 1562 996 quantis
1603 943 1647 982 in
1677 943 1884 996 angustiis
1915 949 2055 984 vestra

284 1021 328 1047 se
369 1006 499 1059 gloria
538 1005 711 1045 dilatare
750 1003 860 1045 velit.
920 1004 1005 1059 Ipsi
1036 1009 1199 1052 autem,
1241 1005 1313 1059 qui
1345 1005 1396 1045 de
1429 1005 1548 1045 vobis
1578 1005 1793 1053 locuntur,
1834 1019 1960 1060 quam
1991 1005 2054 1047 lo-

283 1074 466 1124 quentur
483 1067 565 1108 diu
578 1069 596 1106 ‘2

393 1131 506 1170 XXI.
549 1128 662 1183 (Vll.)
702 1127 770 1169 ⁶23.
814 1129 925 1178 Quin
956 1129 1106 1177 etiam,
1138 1129 1172 1170 si
1205 1130 1344 1183 cupiat
1373 1129 1514 1184 proles
1545 1131 1614 1171 illa
1646 1130 1884 1171 futurorum
1915 1131 2052 1173 homi-

233 1204 381 1236 45num
422 1193 621 1246 deinceps
661 1192 807 1232 laudes
845 1192 972 1232 unius
1013 1192 1220 1246 cuiusque
1258 1199 1448 1234 nostrum
1481 1207 1505 1234 a
1535 1194 1723 1249 patribus
1753 1198 1946 1247 acceptas
1976 1207 2053 1247 po-

280 1257 400 1299 steris
433 1255 634 1309 prodere,
672 1260 811 1295 tamen
850 1260 1023 1308 propter
1061 1255 1278 1296 eluviones
1311 1256 1644 1310 exustionesque
1675 1261 1902 1304 terrarum,
1945 1269 2050 1309 quas

279 1319 467 1361 accidere
508 1323 696 1371 tempore
737 1323 850 1358 certo
893 1331 1065 1357 necesse
1107 1322 1188 1365 est,
1229 1330 1314 1357 non
1346 1317 1470 1358 modo
1503 1332 1586 1358 non
1617 1324 1854 1366 aeternam,
1893 1318 1965 1358 sed
1996 1331 2050 1359 ne

279 1383 518 1422 diuturnam
559 1380 728 1433 quidem
766 1381 939 1434 gloriam
973 1380 1149 1433 adsequi
1181 1394 1419 1434 possumus.
1481 1381 1592 1429 Quid
1623 1386 1763 1421 autem
1793 1381 1969 1421 interest
1998 1381 2050 1421 ab

277 1445 343 1493 iis,
377 1444 449 1499 qui
481 1448 627 1496 postea
657 1448 894 1491 nascentur,
927 1456 1164 1483 sermonem
1194 1443 1284 1484 fore
1317 1444 1368 1484 de
1399 1448 1453 1491 te,
1486 1458 1579 1484 cum
1601 1445 1653 1484 ab
1676 1444 1726 1484 iis
1748 1443 1890 1483 nullus
1910 1442 2051 1491 suerit,

227 1518 264 1548 20
280 1509 351 1562 qui
390 1512 486 1546 ante
526 1505 612 1545 nati
653 1508 774 1545 sunt?
822 1506 891 1559 qui
931 1518 1008 1545 nec
1048 1506 1268 1559 pauciores
1311 1511 1351 1546 et
1382 1511 1491 1546 certe
1523 1506 1719 1546 meliores
1749 1505 1920 1546 fuerunt
1957 1505 2049 1553 viri,

276 1571 413 1611 XXII.
456 1567 521 1607 ⁶24..
562 1570 806 1623 praesertim
839 1581 931 1608 cum
963 1568 1071 1621 apud
1105 1581 1174 1608 eos
1206 1568 1346 1621 ipsos,
1379 1581 1403 1608 a
1435 1568 1586 1622 quibus
1618 1568 1755 1608 audiri
1790 1580 1943 1608 nomen
1973 1580 2050 1607 no-

277 1639 407 1675 strum
449 1637 609 1686 potest,
650 1644 773 1671 nemo
814 1631 937 1671 unius
976 1630 1075 1671 anni
1113 1632 1359 1671 memoriam
1404 1633 1606 1685 consequi
1637 1630 1784 1684 possit,
1843 1630 2048 1670 Homines

277 1698 387 1737 enim
419 1695 679 1750 populariter
709 1708 864 1734 annum
895 1699 1057 1734 tantum
1088 1694 1213 1733 modo
1245 1694 1370 1741 solis,
1413 1692 1456 1732 id
1489 1700 1574 1740 est,
1615 1694 1739 1733 unius
1780 1693 1880 1733 astri
1909 1694 2047 1733 reditu

275 1760 525 1799 metiuntur:
558 1771 652 1797 cum
685 1762 823 1796 autem
854 1756 907 1797 ad
937 1756 1062 1803 idem,
1093 1755 1204 1796 unde
1237 1756 1365 1796 semel
1398 1756 1585 1809 profecta
1618 1761 1728 1803 sunt,
1761 1761 1906 1796 cuncta
1936 1761 2047 1796 astra

224 1821 475 1862 25redierint
507 1820 767 1873 eandemque
800 1819 928 1859 totius
960 1817 1062 1859 caeli
1095 1818 1421 1871 descriptionem
1452 1818 1586 1872 longis
1617 1817 1849 1859 intervallis
1878 1818 2048 1858 rettule-

274 1885 383 1932 rint,
429 1890 516 1924 tum
559 1882 629 1922 ille
669 1895 766 1922 vere
805 1887 970 1922 vertens
1003 1895 1137 1922 annus
1169 1881 1374 1935 appellari
1405 1886 1568 1935 potest:
1613 1882 1657 1921 in
1690 1894 1771 1934 quo
1803 1881 1875 1920 vix
1907 1880 2046 1920 dicere

274 1947 409 1988 audeo
449 1960 572 2000 quam
612 1945 741 1985 multa
770 1945 988 1985 hominum
1020 1944 1189 1984 saecula
1219 1948 1455 1983 teneantur.
1516 1944 1706 1997 Namque
1737 1947 1783 1983 ut
1813 1942 1913 1982 olim
1945 1940 2046 1982 defi-

275 2023 367 2050 cere
409 2009 471 2049 sol
510 2008 750 2047 hominibus
794 2007 1090 2060 exstinguique
1128 2007 1243 2046 visus
1287 2012 1376 2054 est,
1424 2019 1518 2045 cum
1550 2003 1717 2045 Romuli
1747 2005 1911 2045 animus
1941 2004 2045 2045 haec

273 2073 366 2125 ipsa
386 2072 428 2112 in
449 2071 604 2124 templa
627 2070 875 2123 penetravit,
900 2070 1154 2122 quandoque
1176 2069 1226 2108 ab
1250 2068 1396 2109 eadem
1427 2073 1545 2121 parte
1577 2067 1641 2108 sol
1674 2067 1909 2121 eodemque
1940 2073 2046 2108 tem-

223 2145 258 2174 30
272 2148 374 2188 pore
405 2134 557 2174 iterum
589 2133 809 2181 defecerit,
853 2137 940 2172 tum
972 2132 1103 2185 signis
1135 2131 1326 2172 omnibus
1366 2130 1418 2171 ad
1449 2130 1701 2184 principium
1732 2130 1950 2184 stellisque
1981 2142 2045 2170 re-

359 2354 390 2385 4.
416 2352 508 2384 nobis
530 2353 589 2384 PR
617 2370 652 2375 —
677 2353 819 2391 uryuent
837 2352 859 2382 P
887 2367 921 2372 —
949 2350 980 2381 Ξ.
1000 2352 1150 2381 nostrum
1166 2350 1189 2380 R
1218 2367 1253 2371 —
1280 2347 1310 2381 ⁵..
1329 2352 1473 2389 anqusta
1497 2348 1600 2380 codd.
1620 2349 1726 2380 Macr.
1747 2347 1846 2388 <11,5,
1863 2346 1881 2379 3
1900 2349 1934 2379 et
1951 2347 1982 2387 9,
1997 2347 2041 2387 8):

271 2407 451 2445 angustam
476 2404 499 2434 C
528 2420 563 2425 —
590 2402 621 2433 5.
649 2404 694 2432 est
719 2400 826 2431 insula
850 2400 958 2431 Macr.
986 2399 1089 2430 codd.
1117 2397 1276 2440 plerique
1317 2416 1349 2422 —
1390 2399 1419 2430 6.
1447 2399 1533 2437 quod
1557 2407 1717 2430 oceanum
1741 2396 1845 2429 codd.
1871 2397 1978 2429 Macr.
2006 2414 2043 2420 —

271 2457 393 2494 quanto
418 2451 456 2484 R¹
493 2469 527 2473 —
570 2451 601 2482 7.
628 2460 707 2482 nam
731 2452 754 2482 P
793 2468 828 2473 —
867 2450 897 2482 8.
925 2450 1059 2488 cuiusq:
1085 2449 1107 2480 F
1146 2466 1181 2470 —
1217 2452 1362 2479 vestrum
1387 2447 1442 2479 ed.
1463 2447 1602 2479 Suffridi
1626 2447 1738 2480 Petri:
1764 2450 1914 2478 nostrum
1938 2445 2042 2478 codd.

271 2505 305 2535 et
330 2503 354 2534 O
391 2519 426 2523 —
465 2501 495 2532 9.
524 2501 672 2541 Gangem
696 2501 720 2532 O
760 2517 795 2521 —
835 2503 1012 2531 tranalare
1036 2499 1087 2531 F1:
1125 2503 1339 2532 transnatare
1363 2499 1562 2538 EF2MPR,
1596 2502 1736 2530 tranare
1759 2497 1784 2529 O
1822 2514 1858 2520 -—
1897 2498 1971 2537 quis
1992 2513 2045 2519 --

270 2551 417 2592 audiam]
442 2551 505 2582 uia:
530 2552 574 2591 lin
593 2560 702 2591 marg.
730 2559 777 2582 m.
796 2559 849 2591 pr.
876 2550 926 2581 rel
942 2551 1023 2589 qais)
1049 2568 1097 2573 ——
1115 2550 1251 2582 audiet?
1275 2551 1311 2585 E.
1348 2550 1411 2581 uix
1426 2567 1473 2572 —-
1491 2549 1647 2580 audietur
1670 2548 1707 2587 T,
1733 2546 1797 2579 sed
1819 2554 1884 2587 pro
1906 2555 1950 2577 ur
1972 2546 2045 2578 vir-

269 2600 364 2641 gula,
398 2602 516 2632 uis-—
534 2601 650 2632 audiat
679 2603 702 2633 P
740 2617 774 2622 —
815 2600 867 2631 ⁴0.
894 2600 1044 2631 abeuntis
1066 2601 1091 2631 T
1130 2618 1164 2622 -
1208 2601 1254 2631 ¹2.
1281 2609 1314 2631 se
1338 2608 1415 2640 sup.
1434 2598 1493 2631 lin.
1519 2600 1545 2630 R
1581 2616 1628 2639 -.
1659 2597 1803 2629 dilatare
1825 2596 1866 2627 T:
1903 2596 2044 2627 dilatari

269 2652 428 2683 EFPRO
466 2668 499 2673 -
535 2650 626 2682 nobis
651 2648 843 2682 F¹MPR¹T
882 2667 917 2672 —
954 2649 1108 2680 locuntur
1132 2650 1171 2681 F:
1198 2650 1355 2689 loquncur
1378 2651 1416 2687 R,
1443 2649 1618 2689 loquentur
1642 2648 1713 2686 ΕΡ,
1739 2647 1922 2686 loquuntur
1943 2645 2043 2677 ΜΤΟ

268 2720 310 2725 —-
335 2710 435 2740 quam
459 2702 515 2732 diu
538 2701 714 2740 loquentur
737 2700 795 2731 RO
828 2717 858 2722 —
898 2698 950 2730 Η..
980 2700 1065 2737 Quin
1081 2717 1129 2722 --
1145 2707 1318 2738 possumus
1342 2701 1386 2738 (v,
1403 2699 1452 2738 48)
1480 2699 1583 2730 Macr.
1611 2697 1652 2735 II,
1672 2696 1724 2735 40,
1745 2697 1776 2727 4.
1804 2712 1839 2718 ·—-
1868 2696 1920 2727 ⁴5.
1947 2703 2042 2726 acce-

265 2756 340 2791 plas
363 2761 384 2782 α
404 2751 556 2790 patribus
580 2752 685 2782 Macr.
713 2749 815 2781 codd.
843 2748 1002 2790 plerique
1043 2767 1077 2772 -
1115 2749 1168 2780 47.
1195 2753 1282 2780 certo
1306 2752 1450 2788 tempore
1473 2748 1500 2780 R
1536 2764 1571 2769 —
1608 2755 1675 2778 ‘non
1697 2745 1793 2776 modo
1816 2754 1882 2776 non
1906 2745 1950 2777 C:
1975 2753 2043 2776 non

266 2802 361 2832 modo
387 2801 410 2831 O
447 2818 481 2822 —
522 2801 571 2832 ⁴8.
599 2801 756 2831 diurnam
781 2799 804 2831 E
833 2816 866 2821 —
895 2798 935 2829 ab
958 2799 1000 2830 iis
1023 2799 1134 2830 PRT:
1162 2798 1203 2829 ab
1226 2799 1276 2829 his
1299 2798 1399 2830 EFM
1425 2815 1460 2819 -
1496 2796 1548 2828 49.
1574 2804 1650 2828 cum
1672 2794 1713 2826 ab
1736 2795 1777 2825 iis
1799 2794 1877 2826 PR:
1903 2802 1977 2825 cum
2000 2793 2042 2825 ab

265 2851 314 2882 his
338 2851 398 2882 EF
412 2851 480 2882 MT
518 2868 552 2872 —
591 2852 670 2890 post
699 2849 800 2890 fuerit
830 2850 883 2880 est
906 2849 940 2879 in
965 2849 989 2879 T
1014 2857 1090 2889 sup.
1110 2847 1168 2879 lin.
1194 2857 1238 2879 sc.
1258 2856 1365 2879 sermo
1401 2864 1437 2869 —
1476 2846 1529 2877 ⁶20.
1557 2849 1634 2877 ante
1657 2848 1686 2876 le
1710 2846 1753 2883 Ρ,
1787 2847 1889 2876 antea
1913 2844 1935 2875 F
1959 2844 2040 2875 ante

266 2909 425 2932 rasuram
454 2918 487 2922 —
515 2901 539 2931 ti
562 2903 637 2930 sunt
661 2901 684 2930 R
711 2901 743 2930 in
769 2908 837 2931 ras.
866 2897 975 2929 habet
1001 2915 1036 2919 —
1063 2898 1214 2929 meliores
1239 2906 1308 2929 om.
1328 2898 1364 2928 T¹
1391 2914 1426 2918 —
1466 2896 1534 2927 uiri
1556 2896 1692 2936 suerunt
1716 2894 1748 2925 M
1785 2909 1822 2916 -
1860 2893 1914 2924 2⁴.
1935 2901 2041 2932 prae-

265 2951 377 2980 ser-lim
393 2967 440 2972 --
458 2958 651 2980 conversam
676 2949 762 2989 (85¹,
778 2949 806 2987 Ξ)
834 2949 938 2980 Macr.
961 2948 1000 2985 ΙΙ,
1022 2948 1072 2985 Η,
1095 2947 1106 2977 ·1
1129 2954 1208 2987 sqq.
1239 2965 1271 2968 —
1293 2947 1492 2986 praesertim
1515 2955 1590 2977 cum
1614 2943 1742 2977 EPRT
1774 2944 1808 2974 et
1832 2943 1938 2974 Macr.
1965 2941 2041 2981 (sed

265 3008 339 3030 cum
364 2999 396 3029 in
421 3000 445 3030 T
470 3008 545 3038 sup.
566 2998 656 3037 lin.):
694 3007 767 3029 cam
793 3006 862 3029 om.
883 2998 936 3033 M.
975 3005 1049 3027 cum
1070 2996 1267 3035 pracsertim
1295 2996 1349 3027 FO
1389 3013 1422 3018 —-
1463 2998 1545 3034 aput
1569 2994 1593 3026 E
1628 3011 1670 3016 —
1705 2992 1817 3023 audiri
1841 2999 1912 3023 om.
1940 2989 1976 3023 F¹
2002 3008 2038 3013 -

266 3056 379 3078 nomen
404 3045 502 3077 ursam
528 3049 560 3080 Γ,
588 3052 735 3079 nostrum
758 3056 875 3078 nomen
899 3047 956 3077 ΒΤ
985 3063 1018 3068 -
1045 3046 1096 3077 ⁶22.
1122 3048 1228 3084 potest
1251 3046 1276 3076 T
1301 3054 1392 3075 corr.
1420 3053 1460 3075 ex
1486 3048 1531 3075 est
1554 3061 1596 3066 —
1621 3043 1674 3074 23.
1697 3041 1909 3081 populariter
1931 3041 2037 3073 Macr.

267 3096 371 3128 codd.
398 3094 555 3136 plerique
583 3098 638 3127 ΕΡ
665 3099 697 3127 ct
724 3098 778 3128 FR
804 3104 895 3127 corr.
918 3104 964 3126 m.
981 3095 1017 3125 2:
1045 3095 1259 3133 loquelarum·
1283 3093 1375 3131 F¹My
1402 3094 1601 3132 loqulariler
1624 3090 1673 3130 11¹,
1700 3091 1925 3130 loquellariter
1949 3091 2040 3131 (post

264 3146 399 3184 annum)
425 3146 449 3176 T
473 3163 514 3168 —-
539 3147 678 3176 reditum
702 3147 882 3176 metiuntur
906 3144 961 3176 EF
972 3144 1090 3179 MRT;
1118 3144 1225 3174 reditu
1249 3143 1364 3174 firmat
1381 3144 1488 3175 Macr.
1508 3160 1543 3165 —
1566 3142 1619 3174 24.
1640 3150 1675 3173 re
1691 3142 1764 3181 ipsa
1779 3144 1890 3173 autem
1905 3149 1980 3173 cum
1995 3140 2040 3171 ad

264 3196 348 3226 idem
374 3195 478 3225 Macr.
508 3212 541 3215 --
569 3195 620 3226 25.
647 3195 784 3225 eandem
810 3194 832 3225 E
861 3211 895 3215 —
922 3193 975 3224 ¹26.
1002 3202 1078 3224 uere
1101 3196 1269 3224 reuertens
1293 3194 1329 3230 T,
1357 3193 1421 3224 sed
1446 3202 1527 3225 cum
1552 3192 1608 3224 lin.
1633 3191 1700 3223 sub
1724 3199 1761 3222 re
1788 3207 1822 3212 --
1848 3189 1902 3221 28.
1928 3189 2037 3221 omni-

265 3243 322 3275 bus
345 3244 407 3274 MR
446 3260 479 3264 —
518 3243 571 3273 ε29.
599 3244 794 3282 quandoque
820 3243 924 3273 Macr.
954 3243 1135 3274 FMPRT:
1162 3243 1189 3272 si
1214 3243 1346 3281 quando
1372 3243 1395 3274 E
1423 3244 1518 3282 (item
1543 3251 1590 3274 m.
1610 3242 1629 3273 2
1653 3240 1737 3280 ΡΒ),
1766 3240 1817 3271 ita
1840 3239 2037 3278 quandoque

265 3293 289 3323 O
313 3308 357 3316 —-
380 3291 420 3322 ab
445 3291 546 3322 codd.
574 3293 698 3322 somnii
725 3294 757 3323 et
782 3293 901 3324 Maon:
927 3300 997 3323 om.
1018 3292 1043 3323 O
1069 3309 1104 3314 —
1139 3291 1192 3323 30.
1220 3292 1367 3327 deficeret
1391 3293 1423 3324 M
1450 3310 1485 3315 —
1512 3292 1556 3323 ad
1579 3291 1664 3324 idem
1682 3290 1780 3331 princ
1817 3289 1923 3321 Macr.
1951 3289 1986 3321 et
2008 3287 2034 3320 Ο

267 3359 301 3364 -
329 3342 556 3381 reuocatisque
579 3341 677 3372 stellis
700 3342 743 3373 M.
1716 3341 1719 3344 ’
