2249 3624
267 147 349 188 686
985 146 1054 185 DE
1088 145 1313 186 OFFICIIS

268 253 437 307 quidem
470 252 543 292 tibi
576 251 699 303 cupio
732 263 824 290 esse
855 250 1129 291 notissimam.
1190 252 1279 291 Hoc
1309 256 1472 300 autem,
1514 252 1565 292 de
1597 266 1680 306 quo
1711 266 1823 294 nunc
1853 255 2029 308 agimus,

267 316 308 355 id
340 316 475 367 ipsum
510 319 591 361 est,
632 313 742 366 quod
781 313 885 352 utile
924 313 1170 366 appellatur.
1235 315 1281 354 In
1313 328 1395 366 quo
1431 312 1589 368 [verbo]
1624 316 1741 368 lapsa
1771 318 2030 358 consuetudo

267 378 442 417 deflexit
481 377 531 416 de
570 376 636 416 via
677 376 916 428 sensimque
957 389 1006 415 eo
1047 376 1227 416 deducta
1264 382 1347 423 est,
1387 382 1432 416 ut
1466 377 1729 417 honestatem
1769 379 1820 419 ab
1850 379 2030 420 utilitate

267 453 490 480 secernens
521 438 798 478 constitueret
828 452 921 478 esse
950 438 1174 478 honestum
1206 439 1389 492 aliquid,
1428 440 1541 492 quod
1572 440 1673 480 utile
1703 453 1787 480 non
1820 447 1951 489 esset,
1990 447 2032 482 et

236 503 390 549 sutile,
432 501 545 555 quod
587 514 671 540 non
710 500 954 548 honestum,
997 514 1080 554 qua
1118 501 1236 541 nulla
1273 502 1482 554 pernicies
1512 502 1647 542 maior
1674 502 1891 543 hominum
1921 503 2030 543 vitae

265 565 403 619 potuit
432 563 582 603 afferri.
652 560 716 602 40.
759 563 928 603 Summa
971 563 1143 617 quidem
1184 564 1432 604 auctoritate
1472 563 1717 618 philosophi
1755 578 1899 606 severe
1930 577 2030 605 sane

265 633 389 679 atque
420 626 596 666 honeste
627 627 730 666 haec
759 625 839 665 tria
884 639 1037 678 genere
1078 625 1252 666 confusa
1297 627 1553 679 cogitatione
1584 626 1870 680 distinguunt:
1910 627 2030 680 quic-

265 688 364 742 quid
396 688 507 728 enim
539 689 694 728 iustum
725 688 800 735 sit,
831 688 873 728 id
905 688 1030 728 etiam
1062 689 1163 729 utile
1195 702 1287 729 esse
1320 694 1505 736 censent,
1534 689 1720 742 itemque
1753 689 1867 742 quod
1898 689 2030 729 hone-

264 756 397 798 stum,
435 751 546 791 idem
578 752 756 791 iustum:
798 764 850 790 ex
881 764 964 804 quo
997 748 1175 791 efficitur
1203 756 1269 798 ut,
1311 751 1514 804 quicquid
1545 749 1769 791 honestum
1802 752 1876 799 sit,
1917 751 2029 792 idem

213 824 249 852 ao
263 814 317 853 sit
346 813 463 853 utile.
524 813 649 861 Quod
682 814 754 867 qui
784 827 929 867 parum
962 813 1242 867 perspiciunt,
1281 814 1312 853 ii
1343 826 1493 866 saepe,
1534 817 1727 853 versutos
1758 814 1950 854 homines
1990 818 2030 854 et

263 875 438 916 callidos
479 876 753 923 admirantes,
794 876 994 916 malitiam
1034 876 1282 928 sapientiam
1322 875 1523 915 iudicant.
1584 875 1772 923 Quorum
1804 888 1919 916 error
1949 877 2029 916 eri-

260 938 439 992 piendus
472 944 534 978 est
565 939 795 991 opinioque
827 940 962 978 omnis
993 937 1045 977 ad
1077 951 1167 977 eam
1198 952 1315 990 spem
1346 937 1618 984 traducenda,
1649 942 1696 977 ut
1722 938 1908 978 honestis
1929 951 2030 978 con-

262 1001 364 1041 siliis
398 1001 606 1054 iustisque
637 1001 772 1048 factis,
804 1014 889 1040 non
920 1001 1067 1040 fraude
1091 1006 1130 1040 et
1153 1001 1312 1040 malitia
1334 1014 1378 1040 se
1400 1000 1648 1052 intellegant
1670 1013 1731 1047 ea,
1755 1014 1863 1054 quae
1885 1002 2028 1050 velint,

261 1064 463 1117 consequi
494 1077 632 1117 posse.
695 1060 758 1102 Μ.
800 1062 917 1111 Quae
949 1076 1048 1115 ergo
1085 1062 1136 1102 ad
1167 1062 1294 1102 vitam
1325 1062 1544 1103 hominum
1574 1062 1771 1103 tuendam
1802 1065 2029 1117 pertinent,

211 1127 410 1179 45partim
443 1131 538 1166 sunt
576 1126 786 1173 inanima,
827 1130 873 1164 ut
911 1139 1079 1173 aurum,
1124 1131 1366 1178 argentum,
1407 1131 1453 1165 ut
1492 1139 1559 1174 ea,
1605 1138 1713 1179 quae
1747 1125 1975 1178 gignuntur
2005 1140 2027 1166 e

260 1195 382 1237 terra,
414 1194 459 1229 ut
489 1189 568 1229 alia
599 1188 764 1241 generis
796 1188 997 1235 eiusdem,
1030 1189 1181 1241 partim
1213 1188 1422 1236 animalia,
1454 1202 1562 1242 quae
1593 1188 1751 1228 habent
1778 1202 1876 1229 suos
1896 1190 2029 1242 impe-

259 1256 325 1292 tus
359 1257 399 1291 et
429 1265 565 1291 rerum
599 1251 824 1304 appetitus.
884 1252 1041 1290 Eorum
1072 1255 1210 1290 autem
1250 1250 1333 1290 alia
1363 1250 1538 1290 rationis
1569 1250 1756 1302 expertia
1787 1255 1905 1298 sunt,
1945 1251 2029 1291 alia

258 1316 419 1355 ratione
451 1314 624 1353 utentia.
683 1314 887 1366 Expertes
918 1313 1090 1353 rationis
1122 1313 1234 1366 equi,
1265 1313 1405 1360 boves,
1436 1313 1622 1366 reliquae
1655 1312 1854 1366 pecudes,
1879 1309 2025 1366 [apes‚]

260 1391 436 1431 quarum
468 1389 596 1429 opera
628 1375 807 1415 efficitur
837 1376 993 1429 aliquid
1027 1375 1077 1415 ad
1109 1389 1231 1416 usum
1262 1376 1480 1416 hominum
1511 1381 1640 1429 atque
1672 1376 1811 1416 vitam.
1851 1375 2026 1416 Ratione

208 1450 245 1479 20
259 1445 396 1480 autem
435 1439 642 1479 utentium
674 1438 756 1478 duo
787 1451 941 1490 genera
970 1443 1155 1491 ponunt,
1195 1438 1367 1478 deorum
1398 1452 1548 1485 unum,
1588 1438 1763 1478 alterum
1794 1437 2026 1477 hominum.

257 1503 369 1542 Deos
408 1502 594 1555 placatos
633 1501 768 1553 pietas
808 1499 963 1540 efficiet
993 1506 1034 1540 et
1065 1501 1288 1549 sanctitas3
1330 1502 1520 1554 proxime
1551 1506 1690 1541 autem
1721 1506 1763 1540 et
1793 1499 2024 1540 secundum

259 1565 360 1604 deos
400 1562 588 1604 homines
629 1563 869 1603 hominibus
908 1576 1103 1603 maxume
1144 1564 1270 1603 utiles
1309 1576 1401 1604 esse
1432 1569 1622 1616 possunt.
1683 1561 1750 1603 4⁶2.
1788 1563 2026 1616 Earumque

257 1627 357 1667 item
389 1640 541 1673 rerum,
573 1639 681 1677 quae
712 1630 891 1665 noceant
922 1630 962 1665 et
994 1626 1147 1674 obsint,
1179 1626 1326 1666 eadem
1358 1625 1508 1665 divisio
1541 1630 1616 1665 est.
1678 1625 1759 1665 Sed
1793 1624 2024 1679 quia'deos

257 1702 411 1728 nocere
452 1702 535 1728 non
566 1694 732 1741 putant,
773 1688 824 1728 iis
867 1688 1055 1741 exceptis
1095 1689 1285 1728 homines
1326 1688 1566 1728 hominibus
1606 1688 1755 1728 obesse
1796 1688 2023 1741 plurimum

209 1763 245 1794 25
259 1752 523 1791 arbitrantur.
581 1752 642 1790 Ea
673 1751 783 1790 enirn
815 1751 919 1803 ipsa,
952 1764 1060 1803 quae
1089 1751 1273 1790 inanima
1304 1750 1501 1797 diximus,
1533 1750 1736 1804 pleraque
1767 1754 1864 1791 sunt
1890 1749 2026 1789 homi-

259 1828 359 1854 num
391 1814 530 1866 operis
561 1814 729 1860 effecta,
762 1826 869 1865 quae
901 1826 976 1852 nec
1009 1813 1275 1860 haberemus,
1308 1813 1386 1852 nisi
1419 1825 1566 1852 manus
1598 1819 1640 1853 et
1669 1827 1735 1853 ars
1766 1812 2024 1859 accessisset,

259 1891 336 1916 nec
367 1878 418 1916 iis
450 1877 539 1916 sine
571 1876 788 1915 hominum
820 1875 1179 1915 administratione
1211 1880 1436 1915 uteremur.
1496 1876 1642 1929 Neque
1679 1875 1790 1915 enim
1821 1873 2025 1915 valetudi-

258 1940 322 1979 nis
354 1940 512 1979 curatio
544 1951 681 1991 neque
714 1937 921 1990 navigatio
951 1951 1090 1990 neque
1121 1938 1208 1989 agri
1240 1937 1404 1977 cultura
1434 1950 1570 1991 neque
1600 1937 1767 1991 frugum
1795 1936 2025 1976 fructuum-

258 2016 340 2055 que
371 2001 626 2054 reliquorum
665 2000 881 2052 perceptio
921 2005 961 2040 et
993 2000 1254 2040 conservatio
1288 2000 1377 2040 sine
1408 2000 1627 2040 hominum
1659 2013 1785 2053 opera
1814 1999 1900 2039 ulla
1931 2010 2023 2038 esse

206 2076 243 2105 30
257 2064 479 2117 potuisset.
540 2060 605 2102 43.
639 2063 722 2101 Iam
756 2075 854 2101 vero
885 2067 926 2101 et
956 2075 1099 2101 earum
1131 2076 1293 2110 rerum,
1332 2063 1483 2116 quibus
1514 2062 1843 2110 abundaremus,
1874 2073 2025 2115 expor-

257 2127 358 2166 tatio
403 2131 444 2165 et
483 2138 644 2172 earum,
685 2125 837 2177 quibus
877 2137 1119 2176 egeremus,
1160 2125 1339 2164 invectio
1379 2131 1488 2164 certe
1525 2124 1640 2164 nulla
1671 2128 1803 2172 esset,
1845 2122 2023 2163 nisibis

258 2188 501 2228 muneribus
533 2187 723 2227 homines
754 2186 1041 2239 fungerentur.
1100 2187 1344 2240 Eademque
1366 2187 1526 2227 ratione
1558 2200 1634 2226 nec
1655 2186 1818 2240 lapides
1839 2188 2024 2228 exterra

342 2425 374 2457 2,
400 2424 499 2456 verbo
524 2432 594 2455 om.
612 2432 647 2464 p,
674 2431 738 2463 ego
762 2431 843 2454 cum
868 2421 942 2454 aliis
967 2421 1107 2463 seclusi,
1134 2431 1215 2454 eum
1240 2422 1296 2454 hic
1320 2430 1389 2454 non
1414 2421 1458 2453 de
1483 2420 1568 2454 salso
1591 2420 1754 2453 vocabuli
1778 2429 1864 2460 usu,
1890 2419 1955 2453 sed
1979 2420 2023 2452 de

257 2474 339 2508 falsa
366 2475 545 2506 notionum
571 2473 794 2505 distinctione
819 2474 951 2511 agatur.
990 2491 1033 2495 —
1070 2473 1102 2505 3.
1128 2482 1164 2505 eo
1188 2481 1258 2505 om.
1278 2481 1296 2504 c
1335 2488 1370 2495 -—
1409 2473 1441 2504 5.
1465 2472 1622 2512 pernities
1644 2472 1668 2503 B
1684 2472 1746 2503 Ha
1783 2487 1819 2494 —
1856 2470 2024 2502 hominum

254 2526 364 2557 maior
389 2524 462 2563 (sed
480 2522 604 2554 additis
623 2523 875 2563 transponendi
892 2522 1010 2562 signis)
1034 2523 1055 2554 b
1080 2539 1115 2544 —
1144 2523 1175 2554 7.
1201 2523 1280 2554 haec
1303 2523 1370 2554 tria
1392 2531 1510 2563 genere
1533 2522 1617 2562 conf.
1645 2529 1680 2553 c:
1707 2521 1788 2553 haec
1810 2521 1878 2552 tria
1900 2529 2024 2562 genera

256 2576 340 2615 conf.
366 2575 509 2611 BHab;
541 2574 621 2604 haec
645 2573 712 2604 tria
735 2581 871 2613 genera,
895 2581 933 2602 re
956 2572 1041 2612 cons.
1069 2573 1093 2603 I.
1115 2573 1148 2603 F.
1168 2573 1382 2613 Heusinger;
1419 2573 1499 2604 haec
1524 2570 1613 2613 [tria]
1638 2580 1762 2612 genera
1785 2571 1870 2612 conf.
1897 2571 2019 2603 Heine.

259 2643 293 2647 —
320 2625 500 2664 dislinyunt
527 2624 606 2655 abc
634 2640 669 2644 ——
703 2623 859 2662 quicquid
882 2623 968 2653 enim
983 2640 1028 2645 --
1045 2623 1130 2654 idem·
1154 2623 1195 2654 sit
1217 2622 1296 2654 utile
1320 2621 1388 2653 del.
1407 2623 1532 2662 Unger.
1566 2638 1601 2644 —-
1638 2620 1670 2653 8.
1696 2621 1730 2652 id
1754 2621 1855 2653 etiam
1870 2637 1915 2645 --
1936 2620 2024 2660 quod

255 2676 423 2707 honestum
447 2683 515 2705 om.
536 2674 563 2705 H
591 2691 626 2695 —-
661 2673 712 2704 40.
738 2673 771 2704 hi
794 2681 827 2711 a,
853 2673 898 2703 hii
922 2672 963 2711 H,
988 2672 1034 2711 hij
1057 2680 1076 2702 c
1105 2689 1138 2693 —-
1172 2673 1224 2703 Μ.
1252 2673 1469 2703 ammirantes
1491 2671 1555 2702 BH
1584 2687 1618 2692 —
1655 2670 1707 2701 ⁴2.
1735 2670 1939 2702 traducenda
1963 2672 2023 2701 aut

257 2724 327 2758 H¹b
353 2743 387 2748 -—
416 2724 468 2756 44.
495 2732 580 2762 quae
603 2732 681 2763 erqo
698 2740 747 2746 —-
764 2725 940 2763 amentum
962 2722 1094 2753 Nonius
1119 2730 1153 2762 p.
1168 2721 1230 2753 427
1255 2730 1308 2762 sq.
1337 2738 1372 2743 —
1401 2722 1452 2753 115.
1471 2719 1623 2752 inanima
1647 2720 1740 2752 ΒΗΘ,
1758 2720 1824 2761 (hic
1841 2727 2020 2760 superscr.

255 2774 387 2807 scholio
410 2775 433 2805 i.
452 2772 650 2811 inanimata)
669 2773 708 2804 b:
734 2772 923 2803 inanimata
947 2778 977 2801 c.
1014 2770 1063 2802 Cf.
1082 2779 1116 2801 v.
1133 2772 1185 2803 ⁶25.
1215 2788 1250 2793 —
1278 2774 1453 2812 aryevntum
1476 2774 1506 2802 et
1527 2778 1568 2801 ea
1590 2777 1608 2800 c
1637 2786 1671 2792 -—
1700 2769 1751 2800 46.
1770 2769 1921 2800 animata
1945 2776 1964 2800 c
1983 2785 2018 2790 —

256 2826 308 2856 47.
335 2826 405 2856 alia
429 2826 508 2855 ante
533 2823 675 2854 rationis
698 2830 768 2853 om.
788 2822 916 2857 Bll¹b;
951 2821 1078 2859 partim
1102 2829 1120 2852 c
1161 2838 1193 2843 —
1232 2821 1283 2853 48.
1312 2830 1389 2860 apes
1412 2822 1481 2852 iam
1507 2818 1700 2851 Facciolato
1726 2820 1931 2859 suspectum
1956 2827 2021 2858 ego

256 2884 397 2915 quoque
423 2873 560 2905 seclusi,
604 2874 664 2904 «Ut
688 2871 847 2902 omittam
872 2870 1035 2901 duritiam
1061 2871 1324 2910 compositionis
1349 2869 1833 2909 bovum-pecudum-apum,
1865 2877 1904 2899 ea
1931 2876 2022 2907 quo—

255 2934 342 2965 que,
374 2932 435 2953 cur
460 2922 671 2954 eliciendum
696 2921 873 2958 videatur,
908 2919 1045 2951 accedit
1069 2928 1197 2957 causa,
1232 2919 1327 2959 quod
1351 2928 1498 2958 quarum
1527 2920 1601 2951 sine
1633 2918 1740 2950 dubio
1765 2919 1888 2950 referri
1913 2918 2022 2951 debet

255 2974 299 3005 ad
324 2973 499 3004 notionem
526 2970 726 3011 generalem
750 2970 898 3008 reliquae
915 2969 1065 3008 pecudes,
1093 2977 1243 3008 eamque
1268 2977 1394 3001 vocem
1410 2971 1627 3010 postremam
1646 2978 1665 2999 a
1685 2969 1853 3000 Cicerone
1870 2969 2020 3009 positam

256 3031 347 3059 esse,
374 3021 456 3052 satis
482 3021 585 3051 docet
609 3020 767 3051 additum
791 3019 1002 3050 adiectivum
1026 3018 1208 3057 retiquae.»
1235 3019 1337 3049 LUND.
1368 3036 1401 3041 -
1431 3019 1482 3049 49.
1502 3026 1602 3057 opera
1626 3026 1666 3049 a:
1693 3027 1788 3058 opere
1810 3018 1963 3050 BHbco
1981 3035 2016 3040 —

256 3072 385 3111 aliquid
408 3072 451 3101 ad
473 3080 568 3101 usum
590 3071 730 3110 efficitur
753 3069 920 3100 hominum
945 3071 1043 3106 atque
1066 3068 1110 3098 ad
1133 3068 1237 3098 uitam
1261 3075 1279 3098 c
1312 3085 1346 3090 —
1379 3067 1433 3099 20.
1460 3067 1579 3108 autem]
1606 3071 1665 3098 aut
1687 3068 1708 3099 b
1742 3085 1776 3090 —
1813 3067 1865 3099 23.
1892 3068 1968 3099 item
1991 3067 2019 3098 H

256 3131 322 3155 ac:
350 3122 469 3152 iterum
492 3120 557 3157 Bb,
585 3120 647 3150 sed
674 3120 704 3150 in
724 3121 746 3151 B
772 3118 907 3150 litterae
924 3127 967 3149 ru
991 3117 1188 3157 expunctae
1214 3119 1306 3149 sunt.
1329 3135 1364 3140 —
1391 3118 1640 3148 diuisione.scd
1663 3125 1681 3148 c
1709 3135 1743 3139 —
1770 3116 1823 3150 24.
1842 3117 1882 3148 iis
1905 3117 2016 3149 BHb:

255 3173 304 3203 his
327 3180 359 3208 a,
385 3170 447 3208 hijs
470 3177 488 3200 c
516 3186 550 3191 —
578 3169 629 3199 25.
657 3169 844 3200 inanimata
868 3175 898 3199 c.
932 3167 982 3199 Cf.
1009 3176 1041 3198 v.
1058 3167 1108 3198 45.
1137 3184 1172 3188 —
1199 3167 1251 3198 ⁵26.
1271 3176 1374 3206 neque
1398 3175 1416 3198 c
1445 3185 1477 3190 -
1506 3168 1710 3199 accessissent
1733 3168 1754 3199 b
1780 3184 1814 3189 —
1843 3167 1897 3200 27.
1914 3167 1960 3198 eis
1983 3173 2014 3204 c,

255 3222 305 3253 his
327 3229 360 3258 a,
384 3220 446 3250 hiis
470 3219 497 3250 ll
534 3236 568 3240 —
605 3219 902 3249 amministratione
925 3218 1048 3249 BHac
1087 3234 1121 3239 —-
1157 3216 1353 3248 ualitudinis
1377 3217 1465 3248 Hac
1502 3235 1537 3240 —
1575 3217 1628 3248 28.
1653 3225 1911 3249 neo-nec-nec
1933 3223 1952 3247 ο
1979 3231 2014 3236 —-

256 3270 309 3302 30.
336 3268 601 3301 habundaremus
623 3267 708 3299 Ilbc
734 3282 772 3292 -
809 3268 862 3300 311.
887 3266 951 3299 nisi
972 3267 1013 3299 iis
1035 3266 1103 3307 Bb,
1128 3266 1191 3298 nisi
1214 3265 1275 3305 hijs
1298 3274 1317 3297 c
1343 3282 1380 3290 —
1418 3266 1473 3299 32.
1498 3274 1542 3300 ex
1565 3266 1611 3298 C:
1638 3274 1655 3299 e
1678 3273 1709 3298 0.
