2249 3624
339 278 422 322 998
1080 280 1362 323 CICERONIS

338 385 463 438 idque
518 397 569 425 ex
620 384 849 426 inordinato
898 386 938 424 in
991 384 1175 424 ordinem
1227 383 1418 434 adduxit;
1469 384 1546 423 hoc
1597 384 1704 423 enim
1752 383 1963 424 iudicabat
2003 396 2095 424 esse

338 449 627 500 praestantius.
681 450 757 488 Fas
785 454 919 488 autem
948 460 1026 487 nec
1052 452 1115 486 est
1142 459 1218 486 nec
1245 459 1440 498 umquam
1467 447 1539 485 suit
1565 447 1785 498 quicquam
1805 447 1881 485 nisi
1901 446 2095 498 pulcher-

340 511 483 549 rimum
526 512 661 551 facere
706 511 767 557 ei,
811 511 879 561 qui
923 516 1036 549 esset
1075 515 1280 561 optumus.
1337 509 1439 548 Cum
1478 509 1676 548 rationem
1713 509 1833 560 igitur
1860 508 2095 558 habuisset,

337 573 572 624 reperiebat
597 573 694 612 nihil
722 585 815 612 esse
843 584 1007 621 eorum,
1047 584 1153 623 quae
1180 577 1324 610 natura
1354 576 1641 620 cernerentur,
1670 570 1956 621 inintellegens
1982 570 2098 609 intel-

304 635 498 686 5legente
536 637 576 675 in
615 642 698 675 toto
739 647 891 686 genere
930 635 1219 686 praestantius.
1276 634 1476 681 Quocirca
1511 633 1830 684 intellegentiam
1871 633 1911 672 in
1949 634 2096 683 animo,

336 699 514 737 animum
549 698 712 738 inclusit
743 699 783 736 in
823 710 1009 749 corpore.
1065 697 1131 736 Sic
1165 702 1276 736 ratus
1310 702 1374 735 est
1400 708 1504 747 opus
1532 695 1631 735 illud
1661 697 1851 735 effectum
1880 707 1973 734 esse
2001 695 2097 747 pul-

336 761 594 800 cherrimum.
649 763 778 808 Quam
820 760 871 799 ob
911 773 1077 800 causam
1119 772 1200 799 non
1233 765 1296 798 est
1333 759 1608 799 cunctandum
1651 760 1853 811 profiteri,
1901 759 1934 798 si
1979 757 2099 798 modo

334 823 568 874 investigari
597 824 751 875 aliquid
779 824 1012 863 coniectura
1039 829 1191 875 potest,
1222 823 1328 862 hunc
1357 822 1556 862 mundum
1583 823 1730 862 animal
1759 835 1852 862 esse
1878 822 2004 873 idque
2034 822 2096 860 in-

335 885 534 935 tellegens
564 891 604 925 et
630 885 764 925 divina
793 885 1049 938 providentia
1078 886 1355 924 constitutum.
1411 885 1473 924 IV.
1520 886 1603 923 Hoc
1630 886 1762 936 posito
1784 884 1894 936 quod
1915 885 2101 936 sequitur

283 951 320 981 ⁴0
336 946 556 986 videndum
583 954 645 987 est
663 979 670 997 ‚
701 949 913 988 cuiusnam
934 948 1199 987 animantium
1220 948 1323 986 deus
1345 948 1386 985 in
1406 946 1598 998 fingendo
1618 947 1771 986 mundo
1795 946 2099 986 similitudinem

334 1015 501 1048 secutus
529 1010 592 1048 sit.
648 1009 804 1049 Nullius
834 1010 1015 1062 profecto
1034 1009 1076 1048 id
1104 1009 1297 1061 quidem,
1327 1021 1433 1060 quae
1463 1015 1558 1048 sunt
1585 1008 1704 1047 nobis
1735 1014 1829 1048 nota
1855 1009 2096 1058 animantia;

335 1078 430 1111 sunt
457 1074 562 1111 enim
592 1073 723 1112 omnia
751 1073 791 1112 in
820 1072 1023 1124 quaedam
1051 1085 1203 1124 genera
1236 1073 1383 1124 partita
1412 1077 1480 1111 aut
1511 1072 1698 1111 inchoata
1717 1103 1725 1119 ,
1755 1071 1864 1111 nulla
1893 1082 1944 1109 ex
1984 1076 2099 1122 parte

334 1135 536 1186 perfecta;
565 1136 803 1187 imperfecto
831 1141 967 1174 autem
995 1147 1072 1174 nec
1106 1134 1295 1174 absoluto
1327 1134 1458 1174 simile
1483 1134 1698 1186 pulchrum
1719 1145 1812 1172 esse
1833 1133 1927 1172 nihil
1946 1138 2096 1184 potest.

336 1197 461 1235 Cuius
503 1209 599 1247 ergo
645 1209 765 1236 omne
808 1197 954 1236 animal
1000 1198 1118 1249 quasi
1146 1196 1344 1249 particula
1377 1196 1581 1248 quaedam
1615 1202 1700 1246 est,
1740 1197 1825 1235 sive
1857 1196 1898 1234 in
1930 1195 2100 1246 singulis

285 1265 320 1293 ⁴5
337 1260 421 1297 sive
456 1259 495 1298 in
536 1260 727 1299 universo
767 1273 920 1311 genere
965 1266 1179 1310 cernatur,
1225 1261 1312 1300 eius
1344 1260 1517 1298 similem
1545 1259 1743 1298 mundum
1777 1271 1870 1298 esse
1900 1257 2099 1297 dicamus.

336 1323 490 1361 Omnes
530 1323 671 1373 igitur,
716 1324 783 1374 qui
828 1324 961 1362 animo
1006 1328 1231 1362 cernuntur
1272 1328 1312 1361 et
1355 1323 1513 1362 ratione
1548 1321 1840 1373 intelleguntur
1872 1322 2100 1361 animantes

335 1385 539 1436 conplexu
565 1387 732 1425 rationis
760 1392 800 1425 et
826 1386 1152 1436 intellegentiae,
1182 1387 1288 1426 sicut
1315 1385 1525 1435 homines,
1557 1386 1633 1424 hoe
1663 1385 1816 1424 mundo
1846 1389 1886 1423 et
1916 1382 2100 1436 pecudes

337 1453 377 1485 et
399 1448 547 1496 omnia,
582 1461 688 1500 quae
715 1448 792 1487 sub
825 1454 1039 1500 aspectum
1068 1448 1233 1498 cadunt,
1263 1447 1668 1500 eonprehenduntur.
1725 1447 1842 1495 Quod
1876 1447 1982 1486 enim
2003 1446 2098 1497 pul-

337 1509 580 1549 cherrimum
617 1512 657 1550 in
689 1523 826 1550 rerum
857 1516 1001 1550 natura
1033 1510 1213 1561 intellegi
1241 1515 1378 1562 potest
1405 1517 1445 1549 et
1473 1511 1584 1560 quod
1613 1522 1662 1549 ex
1689 1510 1795 1548 omni
1824 1515 1944 1562 parte
1974 1509 2100 1549 abso-

284 1571 578 1611 2olutissimum
607 1579 692 1623 est,
723 1578 755 1611 ei
778 1586 870 1612 cum
899 1572 1002 1612 deus
1031 1573 1204 1613 similem
1233 1572 1429 1612 mundum
1449 1573 1611 1611 efficere
1630 1571 1773 1622 vellet,
1804 1571 1952 1611 animal
1973 1584 2098 1611 unum

337 1635 612 1685 aspectabile,
642 1637 681 1674 in
710 1648 791 1687 quo
819 1637 952 1675 omnia
980 1635 1167 1675 animalia
1196 1636 1526 1685 continerentur,
1558 1636 1703 1674 eflecit.
1759 1636 1938 1674 Rectene
1981 1635 2102 1685 igitur

338 1709 461 1736 unum
501 1698 695 1738 mundum
726 1698 924 1749 diximus,
955 1711 1006 1738 an
1033 1700 1105 1738 fuit
1131 1699 1272 1750 plures
1300 1704 1369 1737 aut
1395 1697 1718 1738 innumerabiles
1746 1697 1856 1737 dictu
1883 1697 2029 1737 melius
2062 1703 2102 1736 et

338 1761 503 1799 verius‘?
542 1762 651 1800 Unus
691 1762 894 1812 profecto,
933 1762 965 1800 si
1004 1761 1170 1813 quidem
1198 1762 1327 1800 sactus
1357 1766 1420 1799 est
1447 1759 1499 1800 ad
1532 1759 1780 1811 exemplum.
1835 1758 1954 1807 Quod
1992 1760 2099 1799 enim

338 1822 468 1861 omnis
500 1824 716 1862 animantis
744 1836 835 1874 eos,
869 1825 938 1875 qui
969 1824 1124 1863 ratione
1154 1823 1470 1874 intelleguntur,
1501 1822 1803 1874 complectitur,
1835 1821 1877 1860 id
1908 1835 1989 1862 non
2021 1835 2099 1874 po-

285 1888 324 1918 25
338 1889 418 1923 test
445 1897 538 1924 esse
565 1898 656 1925 cum
683 1886 824 1925 altero.
880 1888 1035 1926 Rursus
1063 1887 1170 1925 enim
1195 1886 1298 1926 alius
1325 1887 1536 1936 animans,
1571 1886 1640 1937 qui
1670 1897 1764 1926 eum
1793 1886 2013 1936 contineat,
2048 1886 2100 1924 sit

337 1960 509 1987 neeesse
534 1955 615 1998 est,
648 1950 763 1988 cuius
790 1955 929 2001 partes
960 1950 1041 1989 sint
1067 1951 1294 1989 animantes
1324 1950 1579 2001 superiores,
1610 1949 1852 2000 caelumque
1874 1949 1949 1987 hoo
1970 1949 2099 1988 simu—

337 2010 491 2050 lacrum
530 2011 636 2051 illius
678 2011 804 2051 ultimi
836 2014 907 2060 sit,
943 2025 1025 2052 non
1061 2013 1246 2065 proximi.
1303 2014 1484 2060 Quorum
1525 2025 1576 2051 ne
1610 2011 1708 2063 quid
1740 2011 1946 2051 accideret
1976 2017 2099 2063 atque

339 2078 381 2111 ut
409 2073 471 2111 hie
499 2073 675 2113 mundus
704 2080 816 2114 esset
840 2076 1032 2115 animanti
1062 2075 1250 2115 absoluto
1287 2075 1539 2124 simillimus,
1580 2075 1656 2113 hoc
1686 2074 1801 2125 ipso,
1847 2073 1956 2126 quod
1989 2074 2100 2113 solus

337 2140 460 2186 atque
489 2148 594 2175 unus
623 2142 754 2186 esset,
782 2137 933 2177 idcirco
963 2138 1211 2189 singularem
1237 2138 1340 2177 deus
1368 2138 1477 2177 hunc
1505 2137 1702 2177 mundum
1731 2142 1853 2189 atque
1883 2138 2101 2188 unigenam

285 2199 323 2228 3⁰
336 2199 581 2249 procreavit.

438 2261 690 2312 Corporeum
732 2268 866 2302 autem
905 2269 946 2302 et
980 2263 1233 2315 aspectabile
1276 2265 1454 2316 itemque
1496 2263 1709 2303 tractabile
1752 2275 1871 2301 omne
1924 2273 2098 2302 necesse

338 2328 402 2361 est
432 2335 553 2372 esse,
586 2324 698 2376 quod
733 2332 871 2365 natum
899 2332 975 2365 est.
1030 2326 1132 2366 Nihil
1159 2340 1278 2379 porro
1310 2328 1391 2378 igni
1424 2340 1596 2367 vacuum
1634 2327 1760 2378 aspici
1790 2339 1838 2365 ac
1871 2325 1998 2364 videri
2029 2337 2098 2376 po-

426 2550 454 2579 4.
495 2559 538 2581 eae
566 2550 755 2582 inordinato
787 2560 878 2583 corr.
912 2561 953 2583 ex
978 2553 1012 2584 in
1034 2554 1233 2585 emordinalo
1258 2555 1281 2585 A
1301 2554 1328 2583 V
1355 2571 1388 2575 —
1417 2554 1599 2584 adduxerit
1623 2552 1663 2583 V¹
1690 2569 1722 2574 —-
1752 2551 1781 2583 3.
1809 2553 1837 2583 ei
1861 2552 1916 2591 qui
1940 2553 1965 2583 A
1983 2552 2022 2583 B2
2038 2552 2094 2582 V¹:

336 2603 364 2629 el.
390 2599 445 2637 qui
470 2599 506 2629 13¹
526 2600 567 2638 E,
594 2608 666 2630 eum
690 2601 745 2639 qui
770 2602 794 2631 G
815 2599 854 2630 V2
876 2618 918 2625 —-
941 2602 1091 2633 obtumus
1114 2604 1139 2634 A
1168 2621 1200 2625 —
1228 2603 1259 2635 li.
1284 2603 1507 2644 inintellegens
1531 2604 1554 2634 C
1574 2604 1622 2634 G:
1648 2603 1830 2642 intelliyens
1855 2602 1897 2639 E,
1924 2611 1987 2632 non
2004 2601 2100 2632 inlel-

337 2649 437 2688 liqcns
462 2649 486 2677 0
523 2667 563 2671 —-
598 2650 800 2690 intellegente
823 2651 849 2682 A
872 2652 950 2683 BE:
978 2652 1186 2692 intelliyentie
1210 2654 1253 2689 G,
1283 2653 1522 2693 intelleyentiae
1553 2653 1579 2682 V
1613 2670 1645 2674 —
1681 2653 1713 2684 5.
1748 2653 1826 2683 Post
1861 2660 1892 2681 v.
1924 2654 2100 2690 praestan-

337 2699 400 2728 lius
433 2698 561 2729 desunt
592 2698 700 2730 verba
734 2699 882 2732 Platonis
922 2699 1012 2733 νοῦν
1047 2696 1141 2733 ὁάὖ
1175 2703 1290 2746 χωρὶς
1325 2702 1459 2745 ψυχῆς
1493 2699 1682 2734 ἀδύνατον
1721 2701 2000 2745 παραγενέσθαι
2034 2710 2098 2743 τῳ,

339 2755 428 2787 quae
464 2747 516 2778 alii
553 2747 652 2779 aliter
687 2753 952 2790 expresserunt,
995 2752 1257 2792 [inlelliyentiam
1286 2757 1396 2784 aulem
1426 2753 1484 2784 ulli
1514 2754 1563 2784 rei
1597 2753 1788 2783 adiunctum
1811 2759 1877 2781 esse
1900 2751 1968 2782 sine
1990 2751 2100 2781 animo

339 2797 430 2835 nefas
454 2796 527 2836 csse]
555 2805 635 2828 cum
661 2798 829 2830 Lambino
854 2800 879 2831 O
908 2818 939 2822 —
968 2801 998 2831 6.
1022 2801 1154 2832 inclusit
1179 2802 1302 2833 CEG:
1338 2803 1496 2833 conclusit
1530 2803 1554 2833 O
1594 2820 1626 2824 —-
1664 2804 1759 2832 ratus
1793 2809 1882 2831 corr.
1913 2809 1955 2831 ex
1984 2803 2100 2841 gratus

340 2846 364 2876 C
395 2863 426 2868 -
454 2847 484 2876 7.
504 2849 726 2879 cunctandum
750 2858 840 2880 corr.
868 2859 909 2881 ex
933 2854 1052 2881 cuncta
1075 2852 1151 2881 dum
1177 2851 1203 2880 V
1223 2868 1257 2873 -
1286 2853 1337 2883 Μ.
1364 2853 1398 2883 id
1423 2854 1446 2884 C
1465 2854 1509 2884 G:
1535 2861 1578 2883 esc
1600 2852 1650 2882 his
1674 2852 1717 2886 E.
1744 2859 1857 2882 eorum
1881 2850 1917 2880 O.
1945 2848 2098 2881 Eandem

340 2894 602 2935 brachylogiam
639 2898 671 2928 in
702 2900 910 2939 pronomine
943 2901 976 2931 id
1010 2900 1183 2932 habemus
1219 2902 1304 2933 infra
1341 2911 1373 2942 p,
1412 2902 1486 2940 999,
1524 2902 1575 2933 30.
1612 2917 1646 2922 -
1680 2903 1758 2931 nota
1790 2908 1882 2931 corr.
1908 2908 1948 2930 ex
1973 2902 2042 2930 lota
2072 2899 2099 2928 V

342 2962 375 2966 -
418 2946 451 2975 12
490 2946 645 2977 inchoala
670 2957 760 2980 corr.
788 2959 828 2981 ex
853 2950 988 2981 incoala
1011 2952 1036 2982 A
1064 2967 1098 2971 ——
1132 2950 1183 2981 43.
1221 2951 1255 2981 in
1288 2952 1428 2990 perfecto
1465 2952 1488 2981 G
1508 2951 1535 2980 V
1574 2967 1608 2972 -
1643 2958 1701 2980 nec
1736 2957 1827 2980 corr.
1857 2957 1896 2980 ex
1927 2957 1966 2979 ne
1997 2949 2022 2979 A
2060 2965 2094 2969 —

338 2995 441 3026 solulo
477 2995 543 3025 GV
580 3011 614 3018 -
654 2998 704 3028 45*
741 2999 775 3029 in
810 3000 939 3030 diuerso
972 3008 1089 3039 ⁸qenere
1124 3000 1233 3030 CEG
1272 3017 1306 3021 —-
1344 3001 1502 3032 ducamus
1536 2999 1646 3031 ABE
1682 3015 1725 3022 -
1763 2999 1813 3029 ⁴7.
1852 3002 1881 3029 el
1919 3000 1998 3030 ante
2038 3007 2098 3038 pe-

339 3045 435 3076 cudes
458 3053 526 3074 om.
554 3046 578 3074 G
597 3045 624 3074 V
651 3063 684 3067 —
712 3048 764 3079 20.
791 3049 818 3079 ei
837 3048 1039 3079 Lambinus:
1068 3057 1137 3079 om.
1165 3050 1188 3079 C
1205 3049 1228 3080 E
1246 3050 1271 3079 G
1299 3067 1333 3071 —
1360 3050 1412 3080 2⁴.
1438 3050 1542 3090 effecit
1565 3057 1654 3080 corr.
1682 3058 1722 3079 ex
1740 3049 1835 3089 effici!
1859 3049 1882 3079 B
1909 3066 1943 3070 —
1965 3048 2017 3078 Ἦ,
2036 3046 2099 3086 fuit

342 3096 366 3125 C
387 3095 409 3125 E
429 3096 469 3123 G:
507 3102 576 3124 om.
615 3098 639 3129 O
676 3114 710 3119 —
745 3098 852 3136 pluris
885 3100 908 3129 A
929 3097 1053 3129 B¹GV
1086 3115 1119 3120 —
1158 3101 1215 3128 aul
1249 3099 1272 3129 C
1292 3099 1377 3129 EG:
1417 3103 1445 3130 el
1484 3100 1508 3129 O
1553 3116 1586 3120 —
1620 3098 1734 3129 melius
1762 3102 1790 3129 el
1819 3098 1932 3129 uerius
1965 3097 1989 3128 C
2009 3097 2093 3128 EG:

340 3146 449 3175 verius
480 3149 508 3175 cl
538 3147 651 3178 melius
681 3148 705 3178 Ο
737 3164 780 3170 -
808 3147 860 3179 24.
899 3149 1002 3179 omnis
1043 3149 1066 3179 A
1087 3148 1108 3178 B
1128 3149 1170 3177 G:
1208 3156 1318 3178 omnes
1356 3148 1449 3180 EVO
1490 3165 1525 3170 —
1568 3148 1748 3179 animanlis
1783 3147 1807 3178 C
1826 3148 1870 3177 G:
1914 3147 2097 3177 animantes

343 3195 366 3226 E
392 3195 416 3226 Ο
454 3212 487 3216 -
526 3197 577 3227 26.
609 3198 792 3235 superiores
823 3206 892 3228 om.
927 3199 953 3228 G
972 3197 996 3228 V
1037 3214 1070 3219 —-
1108 3197 1322 3228 simulacrum
1353 3207 1443 3229 corr.
1479 3207 1520 3229 ex
1544 3198 1782 3229 simulachrum
1806 3198 1832 3228 A
1860 3213 1893 3218 —
1929 3196 1981 3227 ⁶27.
2007 3196 2096 3227 illius

342 3245 402 3275 AB
419 3244 460 3275 E:
488 3245 575 3276 alius
598 3247 663 3277 GV
697 3263 729 3268 —
768 3256 807 3278 ne
831 3249 899 3286 quil
924 3248 946 3278 B
975 3264 1009 3270 -
1036 3247 1199 3278 accideret
1221 3256 1310 3279 corr.
1337 3256 1378 3279 ex
1403 3248 1560 3279 acciderit
1583 3247 1610 3277 V
1640 3264 1674 3267 —
1701 3247 1754 3277 29.
1780 3249 1878 3284 atque
1901 3254 1962 3276 om.
1996 3245 2023 3276 V
2056 3261 2090 3266 —

343 3293 394 3325 3⁴.
421 3294 566 3333 idemque
590 3296 613 3326 C
634 3296 696 3326 EG
725 3313 756 3317 -
785 3300 936 3328 necessest
959 3295 997 3328 Αι
1026 3314 1060 3319 -
1088 3296 1139 3327 32.
1163 3305 1268 3336 porro
1298 3298 1389 3337 9i9ni
1420 3298 1443 3329 C
1463 3298 1525 3328 EG
1559 3313 1593 3318 —
1628 3296 1730 3335 aspici
1759 3304 1799 3326 ac
1828 3302 1908 3326 nos:
1941 3303 1963 3325 a
1991 3293 2094 3334 specie

343 3351 382 3373 ac
406 3344 430 3374 C
450 3344 473 3374 E
491 3345 534 3376 G:
562 3353 631 3377 om.
658 3346 682 3376 Ο
701 3361 736 3367 -
763 3346 869 3376 uideri
893 3354 984 3377 corr.
1011 3355 1052 3377 ex
1075 3347 1188 3377 uidere
1211 3346 1249 3378 C.
