<?xml version="1.0" encoding="UTF-8"?>
<!DOCTYPE html PUBLIC "-//W3C//DTD XHTML 1.0 Transitional//EN"
    "http://www.w3.org/TR/xhtml1/DTD/xhtml1-transitional.dtd">
<html xmlns="http://www.w3.org/1999/xhtml" xml:lang="en" lang="en">
 <head>
  <title>
</title>
<meta http-equiv="Content-Type" content="text/html;charset=utf-8" />
  <meta name='ocr-system' content='tesseract 3.04.00' />
  <meta name='ocr-capabilities' content='ocr_page ocr_carea ocr_par ocr_line ocrx_word'/>
</head>
<body>
  <div class='ocr_page' id='page_1' title='image "./operaquaesupersu04ciceuoft_0906.png"; bbox 0 0 2249 3624; ppageno 0'>
   <div class='ocr_carea' id='block_1_1' title="bbox 247 180 1341 225">
    <p class='ocr_par' dir='ltr' id='par_1_1' title="bbox 247 180 1341 225">
     <span class='ocr_line' id='line_1_1' title="bbox 247 180 1341 225; baseline 0.003 -3"><span class='ocrx_word' id='word_1_1' title='bbox 247 180 328 224; x_wconf 76' lang='lat'>832</span> <span class='ocrx_word' id='word_1_2' title='bbox 913 184 984 225; x_wconf 93' lang='lat' dir='ltr'>DE</span> <span class='ocrx_word' id='word_1_3' title='bbox 1016 184 1084 225; x_wconf 88' lang='lat' dir='ltr'>RE</span> <span class='ocrx_word' id='word_1_4' title='bbox 1115 183 1341 225; x_wconf 86' lang='lat' dir='ltr'>PUBLICA</span> 
     </span>
    </p>
   </div>
   <div class='ocr_carea' id='block_1_2' title="bbox 327 349 1930 454">
    <p class='ocr_par' dir='ltr' id='par_1_2' title="bbox 327 349 1930 454">
     <span class='ocr_line' id='line_1_2' title="bbox 327 349 1930 454; baseline 0.001 -28"><span class='ocrx_word' id='word_1_5' title='bbox 327 349 478 427; x_wconf 85' lang='lat' dir='ltr'>Libri</span> <span class='ocrx_word' id='word_1_6' title='bbox 524 349 610 427; x_wconf 92' lang='grc' dir='ltr'>ΠΙ.</span> <span class='ocrx_word' id='word_1_7' title='bbox 666 350 734 427; x_wconf 90' lang='lat' dir='ltr'>de</span> <span class='ocrx_word' id='word_1_8' title='bbox 781 377 842 426; x_wconf 92' lang='lat' dir='ltr'>re</span> <span class='ocrx_word' id='word_1_9' title='bbox 890 349 1113 454; x_wconf 84' lang='lat' dir='ltr'>publiea</span> <span class='ocrx_word' id='word_1_10' title='bbox 1158 349 1422 453; x_wconf 73' lang='lat' dir='ltr'>reliquiae</span> <span class='ocrx_word' id='word_1_11' title='bbox 1472 351 1717 427; x_wconf 72' lang='lat' dir='ltr'>incertae</span> <span class='ocrx_word' id='word_1_12' title='bbox 1765 351 1930 429; x_wconf 83' lang='lat' dir='ltr'>sedis,</span> 
     </span>
    </p>
   </div>
   <div class='ocr_carea' id='block_1_3' title="bbox 191 538 2015 1282">
    <p class='ocr_par' dir='ltr' id='par_1_3' title="bbox 243 538 2014 720">
     <span class='ocr_line' id='line_1_3' title="bbox 356 538 2014 594; baseline 0.001 -14"><span class='ocrx_word' id='word_1_13' title='bbox 356 540 412 580; x_wconf 90' lang='lat' dir='ltr'>M.</span> <span class='ocrx_word' id='word_1_14' title='bbox 435 539 588 580; x_wconf 85' lang='lat' dir='ltr'>Tullius</span> <span class='ocrx_word' id='word_1_15' title='bbox 616 539 660 579; x_wconf 92' lang='lat' dir='ltr'>de</span> <span class='ocrx_word' id='word_1_16' title='bbox 689 552 733 579; x_wconf 90' lang='lat' dir='ltr'>re</span> <span class='ocrx_word' id='word_1_17' title='bbox 754 540 939 591; x_wconf 80' lang='lat' dir='ltr'>publica:</span> <span class='ocrx_word' id='word_1_18' title='bbox 988 540 1063 583; x_wconf 89' lang='lat' dir='ltr'>Est</span> <span class='ocrx_word' id='word_1_19' title='bbox 1092 541 1221 594; x_wconf 87' lang='lat' dir='ltr'>igitur</span> <span class='ocrx_word' id='word_1_20' title='bbox 1252 538 1452 593; x_wconf 85' lang='lat' dir='ltr'>quiddam</span> <span class='ocrx_word' id='word_1_21' title='bbox 1483 538 1770 580; x_wconf 86' lang='lat' dir='ltr'>turbulentum</span> <span class='ocrx_word' id='word_1_22' title='bbox 1805 540 1851 580; x_wconf 86' lang='lat' dir='ltr'>in</span> <span class='ocrx_word' id='word_1_23' title='bbox 1881 539 2014 582; x_wconf 91' lang='lat' dir='ltr'>bomi-</span> 
     </span>
     <span class='ocr_line' id='line_1_4' title="bbox 243 601 2013 658; baseline 0.002 -16"><span class='ocrx_word' id='word_1_24' title='bbox 243 602 366 642; x_wconf 84' lang='lat' dir='ltr'>nibus</span> <span class='ocrx_word' id='word_1_25' title='bbox 417 601 619 655; x_wconf 86' lang='lat' dir='ltr'>singulis,</span> <span class='ocrx_word' id='word_1_26' title='bbox 683 602 797 656; x_wconf 94' lang='lat' dir='ltr'>quod</span> <span class='ocrx_word' id='word_1_27' title='bbox 845 603 911 642; x_wconf 87' lang='lat' dir='ltr'>vel</span> <span class='ocrx_word' id='word_1_28' title='bbox 962 603 1124 643; x_wconf 79' lang='lat' dir='ltr'>exultat</span> <span class='ocrx_word' id='word_1_29' title='bbox 1172 602 1387 656; x_wconf 87' lang='lat' dir='ltr'>voluptate</span> <span class='ocrx_word' id='word_1_30' title='bbox 1437 601 1506 642; x_wconf 87' lang='lat' dir='ltr'>vel</span> <span class='ocrx_word' id='word_1_31' title='bbox 1554 602 1748 643; x_wconf 89' lang='lat' dir='ltr'>molestia</span> <span class='ocrx_word' id='word_1_32' title='bbox 1795 601 2013 658; x_wconf 83' lang='lat' dir='ltr'>frangitur.</span> 
     </span>
     <span class='ocr_line' id='line_1_5' title="bbox 244 661 957 720; baseline 0 -16"><span class='ocrx_word' id='word_1_33' title='bbox 244 661 473 716; x_wconf 90' lang='lat' dir='ltr'>(Nonius</span> <span class='ocrx_word' id='word_1_34' title='bbox 504 678 541 704; x_wconf 91' lang='lat' dir='ltr'>v.</span> <span class='ocrx_word' id='word_1_35' title='bbox 573 665 754 704; x_wconf 78' lang='lat' dir='ltr'>exultare</span> <span class='ocrx_word' id='word_1_36' title='bbox 784 680 824 720; x_wconf 94' lang='lat' dir='ltr'>p.</span> <span class='ocrx_word' id='word_1_37' title='bbox 846 662 957 716; x_wconf 81' lang='lat'>301.)</span> 
     </span>
    </p>

    <p class='ocr_par' dir='ltr' id='par_1_4' title="bbox 211 726 2015 908">
     <span class='ocr_line' id='line_1_6' title="bbox 211 726 2014 782; baseline 0.002 -15"><span class='ocrx_word' id='word_1_38' title='bbox 211 732 230 760; x_wconf 82' lang='grc'><strong>5</strong></span> <span class='ocrx_word' id='word_1_39' title='bbox 356 727 411 767; x_wconf 90' lang='grc' dir='ltr'>Μ.</span> <span class='ocrx_word' id='word_1_40' title='bbox 435 727 588 766; x_wconf 83' lang='lat' dir='ltr'>Tullius</span> <span class='ocrx_word' id='word_1_41' title='bbox 617 726 662 766; x_wconf 88' lang='lat' dir='ltr'>de</span> <span class='ocrx_word' id='word_1_42' title='bbox 691 740 734 766; x_wconf 85' lang='lat' dir='ltr'>re</span> <span class='ocrx_word' id='word_1_43' title='bbox 756 727 867 778; x_wconf 87' lang='lat' dir='ltr'>publ.</span> <span class='ocrx_word' id='word_1_44' title='bbox 898 727 962 767; x_wconf 80' lang='lat' dir='ltr'>lib.</span> <span class='ocrx_word' id='word_1_45' title='bbox 985 729 1069 768; x_wconf 90' lang='lat' dir='ltr'><em>III:</em></span> <span class='ocrx_word' id='word_1_46' title='bbox 1111 728 1193 768; x_wconf 88' lang='lat' dir='ltr'>Sed</span> <span class='ocrx_word' id='word_1_47' title='bbox 1226 733 1271 769; x_wconf 89' lang='lat' dir='ltr'>ut</span> <span class='ocrx_word' id='word_1_48' title='bbox 1301 728 1382 782; x_wconf 89' lang='lat' dir='ltr'>ipsi</span> <span class='ocrx_word' id='word_1_49' title='bbox 1402 727 1432 780; x_wconf 61' lang='lat' dir='ltr'>i·</span> <span class='ocrx_word' id='word_1_50' title='bbox 1453 741 1528 768; x_wconf 91' lang='lat' dir='ltr'>seu</span> <span class='ocrx_word' id='word_1_51' title='bbox 1558 727 1742 768; x_wconf 90' lang='lat' dir='ltr'>animum</span> <span class='ocrx_word' id='word_1_52' title='bbox 1774 728 2014 782; x_wconf 86' lang='lat' dir='ltr'>pericliten-</span> 
     </span>
     <span class='ocr_line' id='line_1_7' title="bbox 243 788 2015 844; baseline 0.001 -13"><span class='ocrx_word' id='word_1_53' title='bbox 243 795 310 831; x_wconf 89' lang='lat' dir='ltr'>tur</span> <span class='ocrx_word' id='word_1_54' title='bbox 351 803 442 830; x_wconf 90' lang='lat' dir='ltr'>sum</span> <span class='ocrx_word' id='word_1_55' title='bbox 486 789 630 830; x_wconf 92' lang='lat' dir='ltr'>vident</span> <span class='ocrx_word' id='word_1_56' title='bbox 672 788 774 843; x_wconf 91' lang='lat' dir='ltr'>quid</span> <span class='ocrx_word' id='word_1_57' title='bbox 814 803 859 830; x_wconf 92' lang='lat' dir='ltr'>se</span> <span class='ocrx_word' id='word_1_58' title='bbox 895 795 1042 844; x_wconf 89' lang='lat' dir='ltr'>putent</span> <span class='ocrx_word' id='word_1_59' title='bbox 1079 805 1172 832; x_wconf 89' lang='lat' dir='ltr'>esse</span> <span class='ocrx_word' id='word_1_60' title='bbox 1202 791 1400 832; x_wconf 87' lang='lat' dir='ltr'>facturos.</span> <span class='ocrx_word' id='word_1_61' title='bbox 1461 789 1690 843; x_wconf 91' lang='lat' dir='ltr'>(Nonius</span> <span class='ocrx_word' id='word_1_62' title='bbox 1729 805 1766 832; x_wconf 91' lang='lat' dir='ltr'>v.</span> <span class='ocrx_word' id='word_1_63' title='bbox 1788 793 2015 844; x_wconf 83' lang='lat' dir='ltr'>periculum</span> 
     </span>
     <span class='ocr_line' id='line_1_8' title="bbox 242 850 467 908; baseline -0.013 -15"><span class='ocrx_word' id='word_1_64' title='bbox 242 866 335 908; x_wconf 85' lang='lat' dir='ltr'>pag.</span> <span class='ocrx_word' id='word_1_65' title='bbox 358 850 467 904; x_wconf 70' lang='lat'>364.)</span> 
     </span>
    </p>

    <p class='ocr_par' dir='ltr' id='par_1_5' title="bbox 242 915 2015 1036">
     <span class='ocr_line' id='line_1_9' title="bbox 353 915 2014 971; baseline 0.001 -16"><span class='ocrx_word' id='word_1_66' title='bbox 353 915 408 955; x_wconf 88' lang='grc' dir='ltr'>Μ.</span> <span class='ocrx_word' id='word_1_67' title='bbox 433 915 587 954; x_wconf 82' lang='lat' dir='ltr'>Tullius</span> <span class='ocrx_word' id='word_1_68' title='bbox 616 916 660 956; x_wconf 86' lang='lat' dir='ltr'>de</span> <span class='ocrx_word' id='word_1_69' title='bbox 690 928 733 956; x_wconf 86' lang='lat' dir='ltr'>re</span> <span class='ocrx_word' id='word_1_70' title='bbox 755 916 864 968; x_wconf 88' lang='lat' dir='ltr'>publ.</span> <span class='ocrx_word' id='word_1_71' title='bbox 897 917 964 957; x_wconf 81' lang='lat' dir='ltr'>lib.</span> <span class='ocrx_word' id='word_1_72' title='bbox 991 918 1080 957; x_wconf 87' lang='lat' dir='ltr'><em>III:</em></span> <span class='ocrx_word' id='word_1_73' title='bbox 1129 918 1257 959; x_wconf 89' lang='lat' dir='ltr'>Poeni</span> <span class='ocrx_word' id='word_1_74' title='bbox 1288 917 1412 971; x_wconf 89' lang='lat' dir='ltr'>primi</span> <span class='ocrx_word' id='word_1_75' title='bbox 1443 916 1690 956; x_wconf 84' lang='lat' dir='ltr'>mercaturis</span> <span class='ocrx_word' id='word_1_76' title='bbox 1735 921 1775 956; x_wconf 86' lang='lat' dir='ltr'>et</span> <span class='ocrx_word' id='word_1_77' title='bbox 1805 916 2014 956; x_wconf 87' lang='lat' dir='ltr'>mercibus</span> 
     </span>
     <span class='ocr_line' id='line_1_10' title="bbox 242 976 2015 1036; baseline 0.001 -19"><span class='ocrx_word' id='word_1_78' title='bbox 242 977 328 1017; x_wconf 91' lang='lat' dir='ltr'>suis</span> <span class='ocrx_word' id='word_1_79' title='bbox 358 978 574 1018; x_wconf 86' lang='lat' dir='ltr'>avaritiam</span> <span class='ocrx_word' id='word_1_80' title='bbox 607 983 649 1018; x_wconf 92' lang='lat' dir='ltr'>et</span> <span class='ocrx_word' id='word_1_81' title='bbox 679 976 1030 1031; x_wconf 86' lang='lat' dir='ltr'>magnificentiam</span> <span class='ocrx_word' id='word_1_82' title='bbox 1063 985 1103 1021; x_wconf 92' lang='lat' dir='ltr'>et</span> <span class='ocrx_word' id='word_1_83' title='bbox 1132 980 1411 1036; x_wconf 85' lang='lat' dir='ltr'>inexplebiles</span> <span class='ocrx_word' id='word_1_84' title='bbox 1443 978 1690 1032; x_wconf 88' lang='lat' dir='ltr'>cupiditates</span> <span class='ocrx_word' id='word_1_85' title='bbox 1731 979 1918 1019; x_wconf 92' lang='lat' dir='ltr'>omnium</span> <span class='ocrx_word' id='word_1_86' title='bbox 1949 991 2015 1019; x_wconf 90' lang='lat' dir='ltr'>re-</span> 
     </span>
    </p>

    <p class='ocr_par' dir='ltr' id='par_1_6' title="bbox 191 1038 1717 1096">
     <span class='ocr_line' id='line_1_11' title="bbox 191 1038 1717 1096; baseline 0.001 -17"><span class='ocrx_word' id='word_1_87' title='bbox 191 1045 331 1080; x_wconf 67' lang='lat' dir='ltr'>iorum</span> <span class='ocrx_word' id='word_1_88' title='bbox 363 1040 680 1092; x_wconf 85' lang='lat' dir='ltr'>inportaverunt</span> <span class='ocrx_word' id='word_1_89' title='bbox 709 1041 752 1080; x_wconf 90' lang='lat' dir='ltr'>in</span> <span class='ocrx_word' id='word_1_90' title='bbox 786 1041 1018 1083; x_wconf 83' lang='lat' dir='ltr'>Graeciam.</span> <span class='ocrx_word' id='word_1_91' title='bbox 1079 1043 1302 1096; x_wconf 89' lang='lat' dir='ltr'>(Nonius</span> <span class='ocrx_word' id='word_1_92' title='bbox 1332 1056 1372 1083; x_wconf 84' lang='lat' dir='ltr'>v.</span> <span class='ocrx_word' id='word_1_93' title='bbox 1402 1055 1518 1082; x_wconf 71' lang='lat' dir='ltr'>merae</span> <span class='ocrx_word' id='word_1_94' title='bbox 1549 1055 1589 1095; x_wconf 91' lang='lat' dir='ltr'>p.</span> <span class='ocrx_word' id='word_1_95' title='bbox 1607 1038 1717 1094; x_wconf 80' lang='lat'>431)</span> 
     </span>
    </p>

    <p class='ocr_par' dir='ltr' id='par_1_7' title="bbox 238 1103 2014 1282">
     <span class='ocr_line' id='line_1_12' title="bbox 351 1103 2014 1157; baseline 0.001 -16"><span class='ocrx_word' id='word_1_96' title='bbox 351 1103 685 1155; x_wconf 72' lang='lat' dir='ltr'>Sardanapallus,</span> <span class='ocrx_word' id='word_1_97' title='bbox 719 1116 793 1144; x_wconf 78' lang='lat' dir='ltr'>rex</span> <span class='ocrx_word' id='word_1_98' title='bbox 813 1104 1073 1157; x_wconf 73' lang='lat' dir='ltr'>Assyriorum</span> <span class='ocrx_word' id='word_1_99' title='bbox 1104 1106 1362 1152; x_wconf 76' lang='lat' dir='ltr'>luxuriosus,</span> <span class='ocrx_word' id='word_1_100' title='bbox 1395 1105 1440 1144; x_wconf 88' lang='lat' dir='ltr'>de</span> <span class='ocrx_word' id='word_1_101' title='bbox 1469 1117 1545 1157; x_wconf 83' lang='lat' dir='ltr'>quo</span> <span class='ocrx_word' id='word_1_102' title='bbox 1568 1104 1722 1144; x_wconf 83' lang='lat' dir='ltr'>Tullius</span> <span class='ocrx_word' id='word_1_103' title='bbox 1751 1105 1794 1144; x_wconf 85' lang='lat' dir='ltr'>in</span> <span class='ocrx_word' id='word_1_104' title='bbox 1823 1104 1940 1144; x_wconf 81' lang='lat' dir='ltr'>tertio</span> <span class='ocrx_word' id='word_1_105' title='bbox 1968 1104 2014 1144; x_wconf 85' lang='lat' dir='ltr'>de</span> 
     </span>
     <span class='ocr_line' id='line_1_13' title="bbox 239 1165 2013 1221; baseline 0.002 -17"><span class='ocrx_word' id='word_1_106' title='bbox 239 1178 281 1205; x_wconf 87' lang='lat' dir='ltr'>re</span> <span class='ocrx_word' id='word_1_107' title='bbox 304 1165 465 1217; x_wconf 86' lang='lat' dir='ltr'>publica</span> <span class='ocrx_word' id='word_1_108' title='bbox 496 1166 555 1205; x_wconf 84' lang='lat' dir='ltr'>sic</span> <span class='ocrx_word' id='word_1_109' title='bbox 585 1166 662 1205; x_wconf 85' lang='lat' dir='ltr'>ait:</span> <span class='ocrx_word' id='word_1_110' title='bbox 695 1165 1018 1220; x_wconf 85' lang='lat' dir='ltr'>Sardanapallus</span> <span class='ocrx_word' id='word_1_111' title='bbox 1050 1167 1122 1207; x_wconf 91' lang='lat' dir='ltr'>ille</span> <span class='ocrx_word' id='word_1_112' title='bbox 1155 1168 1266 1208; x_wconf 89' lang='lat' dir='ltr'>vitiis</span> <span class='ocrx_word' id='word_1_113' title='bbox 1297 1167 1427 1208; x_wconf 91' lang='lat' dir='ltr'>multo</span> <span class='ocrx_word' id='word_1_114' title='bbox 1459 1180 1586 1221; x_wconf 91' lang='lat' dir='ltr'>quam</span> <span class='ocrx_word' id='word_1_115' title='bbox 1616 1167 1784 1207; x_wconf 87' lang='lat' dir='ltr'>nomine</span> <span class='ocrx_word' id='word_1_116' title='bbox 1815 1167 1908 1220; x_wconf 89' lang='lat' dir='ltr'>ipso</span> <span class='ocrx_word' id='word_1_117' title='bbox 1941 1166 2013 1206; x_wconf 91' lang='lat' dir='ltr'>de-</span> 
     </span>
     <span class='ocr_line' id='line_1_14' title="bbox 238 1226 1545 1282; baseline 0.003 -15"><span class='ocrx_word' id='word_1_118' title='bbox 238 1227 426 1268; x_wconf 88' lang='lat' dir='ltr'>formior.</span> <span class='ocrx_word' id='word_1_119' title='bbox 488 1226 828 1280; x_wconf 85' lang='lat' dir='ltr'>(Scholiastes</span> <span class='ocrx_word' id='word_1_120' title='bbox 858 1229 1117 1270; x_wconf 88' lang='lat' dir='ltr'>luvenalis</span> <span class='ocrx_word' id='word_1_121' title='bbox 1156 1231 1207 1271; x_wconf 89' lang='lat' dir='ltr'>ad</span> <span class='ocrx_word' id='word_1_122' title='bbox 1235 1237 1310 1271; x_wconf 86' lang='lat' dir='ltr'>sat.</span> <span class='ocrx_word' id='word_1_123' title='bbox 1342 1231 1404 1280; x_wconf 91' lang='lat' dir='ltr'>X,</span> <span class='ocrx_word' id='word_1_124' title='bbox 1436 1228 1545 1282; x_wconf 69' lang='lat'>362.)</span> 
     </span>
    </p>
   </div>
   <div class='ocr_carea' id='block_1_4' title="bbox 238 1370 2013 1613">
    <p class='ocr_par' dir='ltr' id='par_1_8' title="bbox 238 1370 2013 1563">
     <span class='ocr_line' id='line_1_15' title="bbox 238 1370 2013 1414; baseline 0.002 -12"><span class='ocrx_word' id='word_1_125' title='bbox 238 1370 310 1402; x_wconf 87' lang='lat' dir='ltr'>XLI</span> <span class='ocrx_word' id='word_1_126' title='bbox 335 1370 429 1402; x_wconf 86' lang='lat' dir='ltr'>ducti</span> <span class='ocrx_word' id='word_1_127' title='bbox 453 1371 486 1402; x_wconf 91' lang='lat' dir='ltr'>in</span> <span class='ocrx_word' id='word_1_128' title='bbox 512 1371 655 1412; x_wconf 79' lang='lat' dir='ltr'>paginas</span> <span class='ocrx_word' id='word_1_129' title='bbox 672 1371 745 1402; x_wconf 87' lang='lat' dir='ltr'>XVI</span> <span class='ocrx_word' id='word_1_130' title='bbox 771 1371 961 1403; x_wconf 82' lang='lat' dir='ltr'>conficiunt</span> <span class='ocrx_word' id='word_1_131' title='bbox 984 1374 1130 1413; x_wconf 81' lang='lat' dir='ltr'>paginas</span> <span class='ocrx_word' id='word_1_132' title='bbox 1155 1374 1303 1410; x_wconf 81' lang='lat' dir='ltr'>DCLVI;</span> <span class='ocrx_word' id='word_1_133' title='bbox 1329 1373 1504 1406; x_wconf 86' lang='lat' dir='ltr'>habemus</span> <span class='ocrx_word' id='word_1_134' title='bbox 1530 1375 1649 1406; x_wconf 84' lang='lat' dir='ltr'>autem</span> <span class='ocrx_word' id='word_1_135' title='bbox 1671 1374 1844 1405; x_wconf 89' lang='lat' dir='ltr'>hactenus</span> <span class='ocrx_word' id='word_1_136' title='bbox 1869 1373 2013 1414; x_wconf 84' lang='lat' dir='ltr'>paginas</span> 
     </span>
     <span class='ocr_line' id='line_1_16' title="bbox 240 1420 2013 1465; baseline 0.002 -14"><span class='ocrx_word' id='word_1_137' title='bbox 240 1420 405 1457; x_wconf 83' lang='lat' dir='ltr'>CCXCII;</span> <span class='ocrx_word' id='word_1_138' title='bbox 438 1429 521 1460; x_wconf 86' lang='lat' dir='ltr'>ergo</span> <span class='ocrx_word' id='word_1_139' title='bbox 546 1421 794 1453; x_wconf 83' lang='lat' dir='ltr'>desiderantur</span> <span class='ocrx_word' id='word_1_140' title='bbox 817 1424 964 1462; x_wconf 82' lang='lat' dir='ltr'>paginae</span> <span class='ocrx_word' id='word_1_141' title='bbox 991 1423 1195 1459; x_wconf 78' lang='lat' dir='ltr'>CCCLXIV;</span> <span class='ocrx_word' id='word_1_142' title='bbox 1229 1432 1312 1463; x_wconf 88' lang='lat' dir='ltr'>ergo</span> <span class='ocrx_word' id='word_1_143' title='bbox 1336 1424 1510 1455; x_wconf 85' lang='lat' dir='ltr'>hactenus</span> <span class='ocrx_word' id='word_1_144' title='bbox 1534 1425 1632 1455; x_wconf 87' lang='lat' dir='ltr'>caret</span> <span class='ocrx_word' id='word_1_145' title='bbox 1655 1423 1765 1455; x_wconf 89' lang='lat' dir='ltr'>codex</span> <span class='ocrx_word' id='word_1_146' title='bbox 1790 1426 1888 1465; x_wconf 80' lang='lat' dir='ltr'>parte</span> <span class='ocrx_word' id='word_1_147' title='bbox 1913 1423 2013 1455; x_wconf 81' lang='lat' dir='ltr'>folio-</span> 
     </span>
     <span class='ocr_line' id='line_1_17' title="bbox 238 1469 2013 1514; baseline 0.002 -14"><span class='ocrx_word' id='word_1_148' title='bbox 238 1479 317 1501; x_wconf 90' lang='lat' dir='ltr'>rum</span> <span class='ocrx_word' id='word_1_149' title='bbox 347 1469 424 1511; x_wconf 82' lang='lat' dir='ltr'>plus</span> <span class='ocrx_word' id='word_1_150' title='bbox 457 1469 612 1502; x_wconf 89' lang='lat' dir='ltr'>dimidia.</span> <span class='ocrx_word' id='word_1_151' title='bbox 661 1471 795 1502; x_wconf 86' lang='lat' dir='ltr'>Additis</span> <span class='ocrx_word' id='word_1_152' title='bbox 827 1473 944 1503; x_wconf 82' lang='lat' dir='ltr'>tamen</span> <span class='ocrx_word' id='word_1_153' title='bbox 974 1472 1178 1513; x_wconf 75' lang='lat' dir='ltr'>fragmentis</span> <span class='ocrx_word' id='word_1_154' title='bbox 1210 1474 1355 1513; x_wconf 80' lang='lat' dir='ltr'>cognitis</span> <span class='ocrx_word' id='word_1_155' title='bbox 1387 1472 1465 1505; x_wconf 85' lang='lat' dir='ltr'>libri</span> <span class='ocrx_word' id='word_1_156' title='bbox 1488 1474 1502 1505; x_wconf 97' lang='grc' dir='ltr'>Ι</span> <span class='ocrx_word' id='word_1_157' title='bbox 1526 1475 1561 1505; x_wconf 86' lang='lat' dir='ltr'>et</span> <span class='ocrx_word' id='word_1_158' title='bbox 1584 1474 1613 1505; x_wconf 83' lang='grc' dir='ltr'>ΙΙ</span> <span class='ocrx_word' id='word_1_159' title='bbox 1637 1475 1672 1505; x_wconf 89' lang='lat' dir='ltr'>et</span> <span class='ocrx_word' id='word_1_160' title='bbox 1695 1473 1832 1514; x_wconf 88' lang='lat' dir='ltr'>magnis</span> <span class='ocrx_word' id='word_1_161' title='bbox 1853 1471 2013 1514; x_wconf 86' lang='lat' dir='ltr'>partibus</span> 
     </span>
     <span class='ocr_line' id='line_1_18' title="bbox 238 1520 1457 1563; baseline 0.002 -11"><span class='ocrx_word' id='word_1_162' title='bbox 238 1521 343 1558; x_wconf 77' lang='lat' dir='ltr'>tertii,</span> <span class='ocrx_word' id='word_1_163' title='bbox 369 1522 531 1552; x_wconf 87' lang='lat' dir='ltr'>tenemus</span> <span class='ocrx_word' id='word_1_164' title='bbox 556 1520 624 1551; x_wconf 87' lang='lat' dir='ltr'>huc</span> <span class='ocrx_word' id='word_1_165' title='bbox 648 1529 760 1561; x_wconf 91' lang='lat' dir='ltr'>usque</span> <span class='ocrx_word' id='word_1_166' title='bbox 786 1520 967 1553; x_wconf 87' lang='lat' dir='ltr'>dimidiam</span> <span class='ocrx_word' id='word_1_167' title='bbox 993 1523 1160 1554; x_wconf 87' lang='lat' dir='ltr'>materiae</span> <span class='ocrx_word' id='word_1_168' title='bbox 1186 1522 1259 1554; x_wconf 87' lang='lat' dir='ltr'>fere</span> <span class='ocrx_word' id='word_1_169' title='bbox 1284 1525 1457 1563; x_wconf 87' lang='lat' dir='ltr'>partem.»</span> 
     </span>
    </p>

    <p class='ocr_par' dir='ltr' id='par_1_9' title="bbox 326 1571 2013 1613">
     <span class='ocr_line' id='line_1_19' title="bbox 326 1571 2013 1613; baseline 0 -11"><span class='ocrx_word' id='word_1_170' title='bbox 326 1572 357 1602; x_wconf 83' lang='lat'>5.</span> <span class='ocrx_word' id='word_1_171' title='bbox 383 1571 446 1610; x_wconf 85' lang='lat' dir='ltr'>ipsi</span> <span class='ocrx_word' id='word_1_172' title='bbox 467 1579 524 1602; x_wconf 88' lang='lat' dir='ltr'>seu</span> <span class='ocrx_word' id='word_1_173' title='bbox 547 1571 695 1602; x_wconf 88' lang='lat' dir='ltr'>animum</span> <span class='ocrx_word' id='word_1_174' title='bbox 715 1571 962 1610; x_wconf 73' lang='lat' dir='ltr'>periclitantur,</span> <span class='ocrx_word' id='word_1_175' title='bbox 988 1581 1045 1603; x_wconf 89' lang='lat' dir='ltr'>seu</span> <span class='ocrx_word' id='word_1_176' title='bbox 1066 1573 1175 1604; x_wconf 73' lang='lat' dir='ltr'>vident</span> <span class='ocrx_word' id='word_1_177' title='bbox 1199 1573 1224 1604; x_wconf 96' lang='lat' dir='ltr'>O</span> <span class='ocrx_word' id='word_1_178' title='bbox 1249 1582 1332 1604; x_wconf 84' lang='lat' dir='ltr'>cum</span> <span class='ocrx_word' id='word_1_179' title='bbox 1355 1574 1462 1611; x_wconf 83' lang='lat' dir='ltr'>Maio;</span> <span class='ocrx_word' id='word_1_180' title='bbox 1497 1573 1575 1605; x_wconf 87' lang='lat' dir='ltr'>fort.</span> <span class='ocrx_word' id='word_1_181' title='bbox 1600 1573 1664 1613; x_wconf 84' lang='lat' dir='ltr'>ipsi</span> <span class='ocrx_word' id='word_1_182' title='bbox 1686 1581 1726 1604; x_wconf 86' lang='lat' dir='ltr'>ne</span> <span class='ocrx_word' id='word_1_183' title='bbox 1749 1572 1900 1604; x_wconf 85' lang='lat' dir='ltr'>animum</span> <span class='ocrx_word' id='word_1_184' title='bbox 1920 1571 2013 1611; x_wconf 86' lang='lat' dir='ltr'>peri-</span> 
     </span>
    </p>
   </div>
   <div class='ocr_carea' id='block_1_5' title="bbox 237 1620 2014 1763">
    <p class='ocr_par' dir='ltr' id='par_1_10' title="bbox 237 1620 2014 1763">
     <span class='ocr_line' id='line_1_20' title="bbox 237 1620 2014 1662; baseline -0.001 -9"><span class='ocrx_word' id='word_1_185' title='bbox 237 1621 391 1653; x_wconf 87' lang='lat' dir='ltr'>clitentur</span> <span class='ocrx_word' id='word_1_186' title='bbox 412 1631 520 1660; x_wconf 84' lang='lat' dir='ltr'>suum,</span> <span class='ocrx_word' id='word_1_187' title='bbox 545 1621 655 1652; x_wconf 88' lang='lat' dir='ltr'>vident</span> <span class='ocrx_word' id='word_1_188' title='bbox 693 1638 727 1643; x_wconf 93' lang='lat'>—</span> <span class='ocrx_word' id='word_1_189' title='bbox 765 1621 796 1652; x_wconf 90' lang='lat'>8.</span> <span class='ocrx_word' id='word_1_190' title='bbox 823 1623 919 1653; x_wconf 80' lang='lat' dir='ltr'>Poeni</span> <span class='ocrx_word' id='word_1_191' title='bbox 944 1622 1140 1654; x_wconf 85' lang='lat' dir='ltr'>Mercerus:</span> <span class='ocrx_word' id='word_1_192' title='bbox 1173 1623 1269 1662; x_wconf 83' lang='lat' dir='ltr'>piune</span> <span class='ocrx_word' id='word_1_193' title='bbox 1293 1622 1412 1661; x_wconf 69' lang='lat' dir='ltr'>codd,</span> <span class='ocrx_word' id='word_1_194' title='bbox 1445 1623 1617 1655; x_wconf 80' lang='lat' dir='ltr'>Phoenices</span> <span class='ocrx_word' id='word_1_195' title='bbox 1640 1623 1665 1654; x_wconf 94' lang='grc' dir='ltr'><strong>Ο</strong></span> <span class='ocrx_word' id='word_1_196' title='bbox 1704 1640 1739 1646; x_wconf 94' lang='grc'>-</span> <span class='ocrx_word' id='word_1_197' title='bbox 1775 1622 1831 1653; x_wconf 90' lang='lat' dir='ltr'>sed</span> <span class='ocrx_word' id='word_1_198' title='bbox 1852 1620 2014 1653; x_wconf 79' lang='lat' dir='ltr'>mercibus</span> 
     </span>
     <span class='ocr_line' id='line_1_21' title="bbox 239 1670 2009 1713; baseline -0.001 -9"><span class='ocrx_word' id='word_1_199' title='bbox 239 1671 342 1704; x_wconf 90' lang='lat' dir='ltr'>codd.</span> <span class='ocrx_word' id='word_1_200' title='bbox 382 1688 417 1694; x_wconf 92' lang='lat'>—</span> <span class='ocrx_word' id='word_1_201' title='bbox 456 1671 507 1702; x_wconf 77' lang='lat'>40.</span> <span class='ocrx_word' id='word_1_202' title='bbox 532 1672 788 1710; x_wconf 72' lang='lat' dir='ltr'>inportaverunt</span> <span class='ocrx_word' id='word_1_203' title='bbox 811 1672 1008 1704; x_wconf 85' lang='lat' dir='ltr'>Mercerus:</span> <span class='ocrx_word' id='word_1_204' title='bbox 1044 1674 1316 1712; x_wconf 74' lang='lat' dir='ltr'>ioportauerunt,</span> <span class='ocrx_word' id='word_1_205' title='bbox 1341 1674 1594 1713; x_wconf 86' lang='lat' dir='ltr'>iopotauerunt,</span> <span class='ocrx_word' id='word_1_206' title='bbox 1620 1674 1856 1713; x_wconf 86' lang='lat' dir='ltr'>inpotauerunt</span> <span class='ocrx_word' id='word_1_207' title='bbox 1884 1670 2009 1708; x_wconf 83' lang='lat' dir='ltr'>codd.;</span> 
     </span>
     <span class='ocr_line' id='line_1_22' title="bbox 237 1719 2011 1763; baseline -0.002 -9"><span class='ocrx_word' id='word_1_208' title='bbox 237 1724 496 1762; x_wconf 60' lang='lat' dir='ltr'>exportaverunt</span> <span class='ocrx_word' id='word_1_209' title='bbox 519 1721 544 1752; x_wconf 95' lang='lat' dir='ltr'>O</span> <span class='ocrx_word' id='word_1_210' title='bbox 570 1723 604 1752; x_wconf 90' lang='lat' dir='ltr'>et</span> <span class='ocrx_word' id='word_1_211' title='bbox 629 1721 723 1752; x_wconf 83' lang='lat' dir='ltr'>editt.</span> <span class='ocrx_word' id='word_1_212' title='bbox 751 1720 907 1761; x_wconf 88' lang='lat' dir='ltr'>reliquae</span> <span class='ocrx_word' id='word_1_213' title='bbox 934 1723 1003 1753; x_wconf 90' lang='lat' dir='ltr'>Cic.</span> <span class='ocrx_word' id='word_1_214' title='bbox 1035 1740 1068 1744; x_wconf 87' lang='lat'>—</span> <span class='ocrx_word' id='word_1_215' title='bbox 1107 1723 1141 1753; x_wconf 74' lang='lat' dir='ltr'>tt</span> <span class='ocrx_word' id='word_1_216' title='bbox 1173 1724 1208 1754; x_wconf 88' lang='lat' dir='ltr'>et</span> <span class='ocrx_word' id='word_1_217' title='bbox 1233 1724 1284 1754; x_wconf 73' lang='lat'>42.</span> <span class='ocrx_word' id='word_1_218' title='bbox 1312 1723 1568 1763; x_wconf 86' lang='lat' dir='ltr'>Sardanapalus</span> <span class='ocrx_word' id='word_1_219' title='bbox 1591 1723 1616 1755; x_wconf 95' lang='lat' dir='ltr'>O</span> <span class='ocrx_word' id='word_1_220' title='bbox 1654 1741 1689 1746; x_wconf 91' lang='lat'>—-</span> <span class='ocrx_word' id='word_1_221' title='bbox 1728 1722 1779 1754; x_wconf 69' lang='lat'>43.</span> <span class='ocrx_word' id='word_1_222' title='bbox 1807 1722 1864 1752; x_wconf 70' lang='lat' dir='ltr'>‹uln</span> <span class='ocrx_word' id='word_1_223' title='bbox 1888 1719 2011 1761; x_wconf 90' lang='lat' dir='ltr'>primis</span> 
     </span>
    </p>
   </div>
   <div class='ocr_carea' id='block_1_6' title="bbox 228 1769 2011 3357">
    <p class='ocr_par' dir='ltr' id='par_1_11' title="bbox 228 1769 2011 3357">
     <span class='ocr_line' id='line_1_23' title="bbox 238 1769 2011 1813; baseline -0.002 -9"><span class='ocrx_word' id='word_1_224' title='bbox 238 1773 407 1810; x_wconf 83' lang='lat' dir='ltr'>observo,</span> <span class='ocrx_word' id='word_1_225' title='bbox 441 1771 560 1804; x_wconf 90' lang='lat' dir='ltr'>locum</span> <span class='ocrx_word' id='word_1_226' title='bbox 591 1771 686 1803; x_wconf 82' lang='lat' dir='ltr'>hune</span> <span class='ocrx_word' id='word_1_227' title='bbox 718 1772 896 1804; x_wconf 82' lang='lat' dir='ltr'>Ciceronis</span> <span class='ocrx_word' id='word_1_228' title='bbox 928 1771 1059 1804; x_wconf 84' lang='lat' dir='ltr'>lectum</span> <span class='ocrx_word' id='word_1_229' title='bbox 1085 1773 1190 1805; x_wconf 77' lang='lat' dir='ltr'>tuisse</span> <span class='ocrx_word' id='word_1_230' title='bbox 1217 1775 1322 1805; x_wconf 86' lang='lat' dir='ltr'>etiam</span> <span class='ocrx_word' id='word_1_231' title='bbox 1347 1772 1410 1804; x_wconf 88' lang='lat' dir='ltr'>abs</span> <span class='ocrx_word' id='word_1_232' title='bbox 1436 1773 1652 1813; x_wconf 78' lang='lat' dir='ltr'>Hieronymo</span> <span class='ocrx_word' id='word_1_233' title='bbox 1676 1770 1810 1813; x_wconf 85' lang='lat' dir='ltr'>prolog.</span> <span class='ocrx_word' id='word_1_234' title='bbox 1836 1770 1880 1802; x_wconf 86' lang='lat' dir='ltr'>ad</span> <span class='ocrx_word' id='word_1_235' title='bbox 1903 1769 1962 1801; x_wconf 90' lang='lat' dir='ltr'>lib.</span> <span class='ocrx_word' id='word_1_236' title='bbox 1981 1770 2011 1800; x_wconf 92' lang='lat'>11</span> 
     </span>
     <span class='ocr_line' id='line_1_24' title="bbox 236 1820 2010 1862; baseline -0.002 -7"><span class='ocrx_word' id='word_1_237' title='bbox 236 1824 272 1855; x_wconf 94' lang='lat' dir='ltr'>in</span> <span class='ocrx_word' id='word_1_238' title='bbox 289 1822 442 1860; x_wconf 80' lang='lat' dir='ltr'>Abacuc,</span> <span class='ocrx_word' id='word_1_239' title='bbox 468 1821 528 1853; x_wconf 86' lang='lat' dir='ltr'>ubi</span> <span class='ocrx_word' id='word_1_240' title='bbox 553 1822 616 1853; x_wconf 86' lang='lat' dir='ltr'>ait:</span> <span class='ocrx_word' id='word_1_241' title='bbox 643 1822 898 1862; x_wconf 85' lang='lat' dir='ltr'>Sardanapalus</span> <span class='ocrx_word' id='word_1_242' title='bbox 921 1823 1052 1853; x_wconf 87' lang='lat' dir='ltr'>insultet</span> <span class='ocrx_word' id='word_1_243' title='bbox 1074 1824 1206 1862; x_wconf 79' lang='lat' dir='ltr'>turpior</span> <span class='ocrx_word' id='word_1_244' title='bbox 1228 1823 1317 1854; x_wconf 86' lang='lat' dir='ltr'>vitiis</span> <span class='ocrx_word' id='word_1_245' title='bbox 1340 1831 1442 1862; x_wconf 85' lang='lat' dir='ltr'>quam</span> <span class='ocrx_word' id='word_1_246' title='bbox 1464 1823 1606 1854; x_wconf 87' lang='lat' dir='ltr'>nomine.</span> <span class='ocrx_word' id='word_1_247' title='bbox 1638 1822 1725 1853; x_wconf 83' lang='lat' dir='ltr'>‘rum</span> <span class='ocrx_word' id='word_1_248' title='bbox 1750 1821 1844 1853; x_wconf 89' lang='lat' dir='ltr'>haud</span> <span class='ocrx_word' id='word_1_249' title='bbox 1869 1820 1941 1852; x_wconf 84' lang='lat' dir='ltr'>scio</span> <span class='ocrx_word' id='word_1_250' title='bbox 1965 1827 2010 1851; x_wconf 87' lang='lat' dir='ltr'>an</span> 
     </span>
     <span class='ocr_line' id='line_1_25' title="bbox 236 1870 2009 1913; baseline -0.002 -9"><span class='ocrx_word' id='word_1_251' title='bbox 236 1871 336 1904; x_wconf 87' lang='lat' dir='ltr'>locus</span> <span class='ocrx_word' id='word_1_252' title='bbox 360 1871 545 1913; x_wconf 88' lang='lat' dir='ltr'>ponendus</span> <span class='ocrx_word' id='word_1_253' title='bbox 570 1872 614 1903; x_wconf 85' lang='lat' dir='ltr'>sit</span> <span class='ocrx_word' id='word_1_254' title='bbox 636 1872 670 1902; x_wconf 90' lang='lat' dir='ltr'>in</span> <span class='ocrx_word' id='word_1_255' title='bbox 696 1872 866 1912; x_wconf 87' lang='lat' dir='ltr'>Scipionis</span> <span class='ocrx_word' id='word_1_256' title='bbox 891 1881 1055 1903; x_wconf 84' lang='lat' dir='ltr'>sermone</span> <span class='ocrx_word' id='word_1_257' title='bbox 1081 1881 1155 1912; x_wconf 85' lang='lat' dir='ltr'>cap.</span> <span class='ocrx_word' id='word_1_258' title='bbox 1177 1872 1230 1910; x_wconf 72' lang='lat'>34,</span> <span class='ocrx_word' id='word_1_259' title='bbox 1257 1872 1317 1903; x_wconf 87' lang='lat' dir='ltr'>ubi</span> <span class='ocrx_word' id='word_1_260' title='bbox 1342 1872 1386 1903; x_wconf 93' lang='lat' dir='ltr'>de</span> <span class='ocrx_word' id='word_1_261' title='bbox 1411 1874 1561 1912; x_wconf 85' lang='lat' dir='ltr'>tyranno</span> <span class='ocrx_word' id='word_1_262' title='bbox 1585 1880 1703 1904; x_wconf 88' lang='lat' dir='ltr'>sermo</span> <span class='ocrx_word' id='word_1_263' title='bbox 1728 1871 1801 1902; x_wconf 84' lang='lat' dir='ltr'>suit.</span> <span class='ocrx_word' id='word_1_264' title='bbox 1850 1870 2009 1910; x_wconf 85' lang='lat' dir='ltr'>Denique</span> 
     </span>
     <span class='ocr_line' id='line_1_26' title="bbox 237 1920 2009 1963; baseline -0.003 -9"><span class='ocrx_word' id='word_1_265' title='bbox 237 1923 450 1962; x_wconf 82' lang='lat' dir='ltr'>Augustinus</span> <span class='ocrx_word' id='word_1_266' title='bbox 483 1922 521 1953; x_wconf 91' lang='lat' dir='ltr'>C.</span> <span class='ocrx_word' id='word_1_267' title='bbox 547 1922 587 1953; x_wconf 91' lang='lat' dir='ltr'>D.</span> <span class='ocrx_word' id='word_1_268' title='bbox 614 1922 661 1960; x_wconf 85' lang='lat'>11,</span> <span class='ocrx_word' id='word_1_269' title='bbox 688 1922 728 1953; x_wconf 62' lang='lat'>20</span> <span class='ocrx_word' id='word_1_270' title='bbox 763 1923 1049 1962; x_wconf 83' lang='lat' dir='ltr'>corruptissimae</span> <span class='ocrx_word' id='word_1_271' title='bbox 1081 1922 1268 1962; x_wconf 88' lang='lat' dir='ltr'>epicureae</span> <span class='ocrx_word' id='word_1_272' title='bbox 1301 1924 1387 1963; x_wconf 89' lang='lat' dir='ltr'>reip.</span> <span class='ocrx_word' id='word_1_273' title='bbox 1414 1922 1563 1954; x_wconf 85' lang='lat' dir='ltr'>formam</span> <span class='ocrx_word' id='word_1_274' title='bbox 1595 1921 1762 1962; x_wconf 83' lang='lat' dir='ltr'>graphice</span> <span class='ocrx_word' id='word_1_275' title='bbox 1794 1920 2009 1960; x_wconf 86' lang='lat' dir='ltr'>copioseque</span> 
     </span>
     <span class='ocr_line' id='line_1_27' title="bbox 237 1968 2009 2013; baseline -0.002 -9"><span class='ocrx_word' id='word_1_276' title='bbox 237 1972 417 2010; x_wconf 80' lang='lat' dir='ltr'>describit,</span> <span class='ocrx_word' id='word_1_277' title='bbox 444 1971 542 2003; x_wconf 84' lang='lat' dir='ltr'>cuius</span> <span class='ocrx_word' id='word_1_278' title='bbox 567 1971 723 2011; x_wconf 87' lang='lat' dir='ltr'>picturae</span> <span class='ocrx_word' id='word_1_279' title='bbox 748 1971 884 2003; x_wconf 84' lang='lat' dir='ltr'>colores</span> <span class='ocrx_word' id='word_1_280' title='bbox 909 1980 1123 2012; x_wconf 83' lang='lat' dir='ltr'>magnopere</span> <span class='ocrx_word' id='word_1_281' title='bbox 1149 1972 1311 2012; x_wconf 83' lang='lat' dir='ltr'>suspicor</span> <span class='ocrx_word' id='word_1_282' title='bbox 1335 1974 1544 2013; x_wconf 87' lang='lat' dir='ltr'>desumptos</span> <span class='ocrx_word' id='word_1_283' title='bbox 1569 1980 1648 2004; x_wconf 88' lang='lat' dir='ltr'>esse</span> <span class='ocrx_word' id='word_1_284' title='bbox 1678 1970 1732 2003; x_wconf 88' lang='lat' dir='ltr'>vel</span> <span class='ocrx_word' id='word_1_285' title='bbox 1757 1979 1776 2002; x_wconf 88' lang='lat' dir='ltr'>e</span> <span class='ocrx_word' id='word_1_286' title='bbox 1800 1969 1887 2001; x_wconf 85' lang='lat' dir='ltr'>Phili</span> <span class='ocrx_word' id='word_1_287' title='bbox 1909 1968 1965 2000; x_wconf 87' lang='lat' dir='ltr'>vel</span> <span class='ocrx_word' id='word_1_288' title='bbox 1989 1977 2009 2000; x_wconf 87' lang='lat' dir='ltr'>e</span> 
     </span>
     <span class='ocr_line' id='line_1_28' title="bbox 236 2018 2008 2064; baseline -0.003 -10"><span class='ocrx_word' id='word_1_289' title='bbox 236 2021 341 2054; x_wconf 89' lang='lat' dir='ltr'>Laelii</span> <span class='ocrx_word' id='word_1_290' title='bbox 367 2022 533 2059; x_wconf 81' lang='lat' dir='ltr'>oratione,</span> <span class='ocrx_word' id='word_1_291' title='bbox 560 2021 595 2051; x_wconf 93' lang='lat' dir='ltr'>id</span> <span class='ocrx_word' id='word_1_292' title='bbox 620 2023 673 2052; x_wconf 84' lang='lat' dir='ltr'>est</span> <span class='ocrx_word' id='word_1_293' title='bbox 697 2029 738 2052; x_wconf 78' lang='lat' dir='ltr'>ex</span> <span class='ocrx_word' id='word_1_294' title='bbox 763 2021 830 2052; x_wconf 89' lang='lat' dir='ltr'>hoc</span> <span class='ocrx_word' id='word_1_295' title='bbox 854 2022 956 2052; x_wconf 85' lang='lat' dir='ltr'>tertio</span> <span class='ocrx_word' id='word_1_296' title='bbox 983 2022 1026 2053; x_wconf 84' lang='lat' dir='ltr'>de</span> <span class='ocrx_word' id='word_1_297' title='bbox 1051 2031 1125 2062; x_wconf 87' lang='lat' dir='ltr'>rep.</span> <span class='ocrx_word' id='word_1_298' title='bbox 1152 2021 1260 2059; x_wconf 77' lang='lat' dir='ltr'>libro;</span> <span class='ocrx_word' id='word_1_299' title='bbox 1299 2023 1508 2063; x_wconf 82' lang='lat' dir='ltr'>praesertim</span> <span class='ocrx_word' id='word_1_300' title='bbox 1534 2023 1614 2064; x_wconf 90' lang='lat' dir='ltr'>quia</span> <span class='ocrx_word' id='word_1_301' title='bbox 1637 2022 1671 2053; x_wconf 93' lang='lat' dir='ltr'>in</span> <span class='ocrx_word' id='word_1_302' title='bbox 1696 2020 1869 2061; x_wconf 86' lang='lat' dir='ltr'>sequente</span> <span class='ocrx_word' id='word_1_303' title='bbox 1894 2018 2008 2059; x_wconf 87' lang='lat' dir='ltr'>capite</span> 
     </span>
     <span class='ocr_line' id='line_1_29' title="bbox 237 2069 2011 2113; baseline -0.003 -9"><span class='ocrx_word' id='word_1_304' title='bbox 237 2080 314 2104; x_wconf 87' lang='lat' dir='ltr'>rem</span> <span class='ocrx_word' id='word_1_305' title='bbox 344 2070 440 2113; x_wconf 86' lang='lat' dir='ltr'>publ.</span> <span class='ocrx_word' id='word_1_306' title='bbox 468 2069 565 2102; x_wconf 88' lang='lat' dir='ltr'>Tullii</span> <span class='ocrx_word' id='word_1_307' title='bbox 589 2072 763 2102; x_wconf 85' lang='lat' dir='ltr'>memorat</span> <span class='ocrx_word' id='word_1_308' title='bbox 788 2073 920 2102; x_wconf 87' lang='lat' dir='ltr'>auctor.</span> <span class='ocrx_word' id='word_1_309' title='bbox 959 2071 1014 2102; x_wconf 88' lang='lat' dir='ltr'>Sic</span> <span class='ocrx_word' id='word_1_310' title='bbox 1038 2079 1120 2111; x_wconf 87' lang='lat' dir='ltr'>ergo</span> <span class='ocrx_word' id='word_1_311' title='bbox 1137 2071 1366 2112; x_wconf 73' lang='lat' dir='ltr'>Augustinus:</span> <span class='ocrx_word' id='word_1_312' title='bbox 1393 2072 1490 2104; x_wconf 83' lang='lat' dir='ltr'>Nullo</span> <span class='ocrx_word' id='word_1_313' title='bbox 1513 2073 1609 2104; x_wconf 89' lang='lat' dir='ltr'>modo</span> <span class='ocrx_word' id='word_1_314' title='bbox 1631 2074 1751 2104; x_wconf 88' lang='lat' dir='ltr'>curant</span> <span class='ocrx_word' id='word_1_315' title='bbox 1771 2069 1948 2110; x_wconf 82' lang='lat' dir='ltr'>pessimam</span> <span class='ocrx_word' id='word_1_316' title='bbox 1970 2076 2011 2100; x_wconf 89' lang='lat' dir='ltr'>ac</span> 
     </span>
     <span class='ocr_line' id='line_1_30' title="bbox 235 2118 2007 2163; baseline -0.002 -11"><span class='ocrx_word' id='word_1_317' title='bbox 235 2122 528 2163; x_wconf 65' lang='lat' dir='ltr'>flagitiosissimam</span> <span class='ocrx_word' id='word_1_318' title='bbox 551 2129 616 2151; x_wconf 87' lang='lat' dir='ltr'>non</span> <span class='ocrx_word' id='word_1_319' title='bbox 639 2129 705 2152; x_wconf 85' lang='lat' dir='ltr'>esse</span> <span class='ocrx_word' id='word_1_320' title='bbox 727 2129 797 2151; x_wconf 88' lang='lat' dir='ltr'>rem</span> <span class='ocrx_word' id='word_1_321' title='bbox 816 2120 995 2160; x_wconf 79' lang='lat' dir='ltr'>publicam.</span> <span class='ocrx_word' id='word_1_322' title='bbox 1030 2122 1170 2153; x_wconf 86' lang='lat' dir='ltr'>Tantum</span> <span class='ocrx_word' id='word_1_323' title='bbox 1193 2126 1264 2161; x_wconf 90' lang='lat' dir='ltr'>stet,</span> <span class='ocrx_word' id='word_1_324' title='bbox 1288 2123 1456 2162; x_wconf 80' lang='lat' dir='ltr'>inquiunt,</span> <span class='ocrx_word' id='word_1_325' title='bbox 1477 2126 1605 2154; x_wconf 84' lang='lat' dir='ltr'>tantum</span> <span class='ocrx_word' id='word_1_326' title='bbox 1619 2124 1738 2163; x_wconf 76' lang='lat' dir='ltr'>floreat</span> <span class='ocrx_word' id='word_1_327' title='bbox 1754 2119 1855 2159; x_wconf 85' lang='lat' dir='ltr'>copiis</span> <span class='ocrx_word' id='word_1_328' title='bbox 1870 2118 2007 2158; x_wconf 81' lang='lat' dir='ltr'>referta,</span> 
     </span>
     <span class='ocr_line' id='line_1_31' title="bbox 235 2167 2010 2211; baseline -0.003 -9"><span class='ocrx_word' id='word_1_329' title='bbox 235 2171 383 2202; x_wconf 81' lang='lat' dir='ltr'>victoriis</span> <span class='ocrx_word' id='word_1_330' title='bbox 405 2170 563 2211; x_wconf 64' lang='lat' dir='ltr'>gloriosa,</span> <span class='ocrx_word' id='word_1_331' title='bbox 588 2170 649 2208; x_wconf 78' lang='lat' dir='ltr'>vel,</span> <span class='ocrx_word' id='word_1_332' title='bbox 676 2171 761 2209; x_wconf 85' lang='lat' dir='ltr'>quod</span> <span class='ocrx_word' id='word_1_333' title='bbox 786 2174 831 2201; x_wconf 89' lang='lat' dir='ltr'>est</span> <span class='ocrx_word' id='word_1_334' title='bbox 852 2171 990 2210; x_wconf 83' lang='lat' dir='ltr'>felicius,</span> <span class='ocrx_word' id='word_1_335' title='bbox 1015 2180 1097 2210; x_wconf 88' lang='lat' dir='ltr'>pace</span> <span class='ocrx_word' id='word_1_336' title='bbox 1121 2180 1238 2202; x_wconf 84' lang='lat' dir='ltr'>secura</span> <span class='ocrx_word' id='word_1_337' title='bbox 1261 2172 1312 2203; x_wconf 82' lang='lat' dir='ltr'>sit.</span> <span class='ocrx_word' id='word_1_338' title='bbox 1360 2172 1402 2203; x_wconf 92' lang='lat' dir='ltr'>El</span> <span class='ocrx_word' id='word_1_339' title='bbox 1427 2173 1506 2211; x_wconf 85' lang='lat' dir='ltr'>quid</span> <span class='ocrx_word' id='word_1_340' title='bbox 1529 2172 1573 2203; x_wconf 86' lang='lat' dir='ltr'>ad</span> <span class='ocrx_word' id='word_1_341' title='bbox 1595 2170 1679 2202; x_wconf 80' lang='lat' dir='ltr'>nos?</span> <span class='ocrx_word' id='word_1_342' title='bbox 1706 2171 1804 2201; x_wconf 84' lang='lat' dir='ltr'>immo</span> <span class='ocrx_word' id='word_1_343' title='bbox 1827 2168 1862 2198; x_wconf 86' lang='lat' dir='ltr'>id</span> <span class='ocrx_word' id='word_1_344' title='bbox 1885 2167 1929 2198; x_wconf 88' lang='lat' dir='ltr'>ad</span> <span class='ocrx_word' id='word_1_345' title='bbox 1950 2175 2010 2198; x_wconf 86' lang='lat' dir='ltr'>nos</span> 
     </span>
     <span class='ocr_line' id='line_1_32' title="bbox 236 2220 2007 2262; baseline -0.002 -10"><span class='ocrx_word' id='word_1_346' title='bbox 236 2221 344 2261; x_wconf 79' lang='lat' dir='ltr'>ma9is</span> <span class='ocrx_word' id='word_1_347' title='bbox 367 2221 526 2260; x_wconf 85' lang='lat' dir='ltr'>pertinet,</span> <span class='ocrx_word' id='word_1_348' title='bbox 560 2221 587 2250; x_wconf 89' lang='lat' dir='ltr'>si</span> <span class='ocrx_word' id='word_1_349' title='bbox 612 2221 745 2251; x_wconf 81' lang='lat' dir='ltr'>divitias</span> <span class='ocrx_word' id='word_1_350' title='bbox 768 2221 905 2260; x_wconf 77' lang='lat' dir='ltr'>quisque</span> <span class='ocrx_word' id='word_1_351' title='bbox 928 2229 1054 2261; x_wconf 86' lang='lat' dir='ltr'>semper</span> <span class='ocrx_word' id='word_1_352' title='bbox 1077 2224 1220 2261; x_wconf 63' lang='lat' dir='ltr'>augeat,</span> <span class='ocrx_word' id='word_1_353' title='bbox 1252 2230 1337 2261; x_wconf 84' lang='lat' dir='ltr'>quae</span> <span class='ocrx_word' id='word_1_354' title='bbox 1365 2222 1566 2262; x_wconf 72' lang='lat' dir='ltr'>quotidianis</span> <span class='ocrx_word' id='word_1_355' title='bbox 1589 2220 1800 2261; x_wconf 84' lang='lat' dir='ltr'>effusionibus</span> <span class='ocrx_word' id='word_1_356' title='bbox 1821 2221 2007 2258; x_wconf 76' lang='lat' dir='ltr'>suppetant,</span> 
     </span>
     <span class='ocr_line' id='line_1_33' title="bbox 234 2270 2010 2312; baseline -0.002 -9"><span class='ocrx_word' id='word_1_357' title='bbox 234 2281 295 2311; x_wconf 90' lang='lat' dir='ltr'>per</span> <span class='ocrx_word' id='word_1_358' title='bbox 323 2279 406 2310; x_wconf 80' lang='lat' dir='ltr'>quas</span> <span class='ocrx_word' id='word_1_359' title='bbox 437 2271 496 2301; x_wconf 84' lang='lat' dir='ltr'>sibi</span> <span class='ocrx_word' id='word_1_360' title='bbox 524 2272 623 2302; x_wconf 89' lang='lat' dir='ltr'>etiam</span> <span class='ocrx_word' id='word_1_361' title='bbox 652 2272 849 2311; x_wconf 79' lang='lat' dir='ltr'>infirmiores</span> <span class='ocrx_word' id='word_1_362' title='bbox 879 2272 997 2303; x_wconf 84' lang='lat' dir='ltr'>subdat</span> <span class='ocrx_word' id='word_1_363' title='bbox 1027 2273 1164 2311; x_wconf 81' lang='lat' dir='ltr'>quisque</span> <span class='ocrx_word' id='word_1_364' title='bbox 1194 2273 1370 2312; x_wconf 87' lang='lat' dir='ltr'>potentior.</span> <span class='ocrx_word' id='word_1_365' title='bbox 1420 2272 1650 2312; x_wconf 85' lang='lat' dir='ltr'>Obsequantur</span> <span class='ocrx_word' id='word_1_366' title='bbox 1673 2270 1827 2302; x_wconf 77' lang='lat' dir='ltr'>divitibus</span> <span class='ocrx_word' id='word_1_367' title='bbox 1844 2277 2010 2310; x_wconf 81' lang='lat' dir='ltr'>pauperes</span> 
     </span>
     <span class='ocr_line' id='line_1_34' title="bbox 236 2318 2010 2362; baseline -0.002 -9"><span class='ocrx_word' id='word_1_368' title='bbox 236 2330 355 2353; x_wconf 85' lang='lat' dir='ltr'>caussa</span> <span class='ocrx_word' id='word_1_369' title='bbox 378 2321 577 2359; x_wconf 85' lang='lat' dir='ltr'>saturitatis,</span> <span class='ocrx_word' id='word_1_370' title='bbox 604 2324 701 2360; x_wconf 82' lang='lat' dir='ltr'>atque</span> <span class='ocrx_word' id='word_1_371' title='bbox 724 2324 759 2351; x_wconf 91' lang='lat' dir='ltr'>ut</span> <span class='ocrx_word' id='word_1_372' title='bbox 783 2330 896 2351; x_wconf 87' lang='lat' dir='ltr'>eorum</span> <span class='ocrx_word' id='word_1_373' title='bbox 917 2323 1116 2360; x_wconf 78' lang='lat' dir='ltr'>patrociniis</span> <span class='ocrx_word' id='word_1_374' title='bbox 1140 2323 1251 2362; x_wconf 86' lang='lat' dir='ltr'>quieta</span> <span class='ocrx_word' id='word_1_375' title='bbox 1276 2322 1398 2353; x_wconf 86' lang='lat' dir='ltr'>inertia</span> <span class='ocrx_word' id='word_1_376' title='bbox 1415 2322 1656 2362; x_wconf 83' lang='lat' dir='ltr'>perfruantur;</span> <span class='ocrx_word' id='word_1_377' title='bbox 1681 2321 1794 2352; x_wconf 86' lang='lat' dir='ltr'>divites</span> <span class='ocrx_word' id='word_1_378' title='bbox 1804 2318 2010 2360; x_wconf 82' lang='lat' dir='ltr'>pauperibus</span> 
     </span>
     <span class='ocr_line' id='line_1_35' title="bbox 236 2369 2009 2412; baseline -0.002 -10"><span class='ocrx_word' id='word_1_379' title='bbox 236 2372 281 2402; x_wconf 89' lang='lat' dir='ltr'>ad</span> <span class='ocrx_word' id='word_1_380' title='bbox 303 2370 469 2401; x_wconf 75' lang='lat' dir='ltr'>clientelas</span> <span class='ocrx_word' id='word_1_381' title='bbox 499 2374 528 2401; x_wconf 89' lang='lat' dir='ltr'>et</span> <span class='ocrx_word' id='word_1_382' title='bbox 558 2371 601 2401; x_wconf 89' lang='lat' dir='ltr'>ad</span> <span class='ocrx_word' id='word_1_383' title='bbox 630 2371 849 2401; x_wconf 82' lang='lat' dir='ltr'>ministerium</span> <span class='ocrx_word' id='word_1_384' title='bbox 879 2372 929 2401; x_wconf 87' lang='lat' dir='ltr'>sui</span> <span class='ocrx_word' id='word_1_385' title='bbox 958 2372 1066 2411; x_wconf 82' lang='lat' dir='ltr'>fastus</span> <span class='ocrx_word' id='word_1_386' title='bbox 1089 2371 1284 2403; x_wconf 71' lang='lat' dir='ltr'>abutantur.</span> <span class='ocrx_word' id='word_1_387' title='bbox 1332 2373 1446 2412; x_wconf 84' lang='lat' dir='ltr'>Populi</span> <span class='ocrx_word' id='word_1_388' title='bbox 1464 2373 1651 2412; x_wconf 83' lang='lat' dir='ltr'>plaudant,</span> <span class='ocrx_word' id='word_1_389' title='bbox 1681 2381 1747 2403; x_wconf 86' lang='lat' dir='ltr'>non</span> <span class='ocrx_word' id='word_1_390' title='bbox 1769 2369 2009 2402; x_wconf 85' lang='lat' dir='ltr'>consultoribus</span> 
     </span>
     <span class='ocr_line' id='line_1_36' title="bbox 235 2419 2008 2461; baseline -0.001 -10"><span class='ocrx_word' id='word_1_391' title='bbox 235 2421 417 2452; x_wconf 84' lang='lat' dir='ltr'>utilitatum</span> <span class='ocrx_word' id='word_1_392' title='bbox 446 2429 601 2457; x_wconf 85' lang='lat' dir='ltr'>suarum,</span> <span class='ocrx_word' id='word_1_393' title='bbox 634 2420 687 2451; x_wconf 85' lang='lat' dir='ltr'>sed</span> <span class='ocrx_word' id='word_1_394' title='bbox 715 2420 931 2460; x_wconf 69' lang='lat' dir='ltr'>largitoribus</span> <span class='ocrx_word' id='word_1_395' title='bbox 959 2421 1178 2460; x_wconf 71' lang='lat' dir='ltr'>voluptatum.</span> <span class='ocrx_word' id='word_1_396' title='bbox 1226 2422 1299 2453; x_wconf 72' lang='lat' dir='ltr'>Non</span> <span class='ocrx_word' id='word_1_397' title='bbox 1329 2422 1507 2454; x_wconf 84' lang='lat' dir='ltr'>iubeantur</span> <span class='ocrx_word' id='word_1_398' title='bbox 1536 2424 1643 2461; x_wconf 85' lang='lat' dir='ltr'>dura,</span> <span class='ocrx_word' id='word_1_399' title='bbox 1675 2431 1740 2453; x_wconf 86' lang='lat' dir='ltr'>non</span> <span class='ocrx_word' id='word_1_400' title='bbox 1767 2419 2008 2461; x_wconf 79' lang='lat' dir='ltr'>prohibeantur</span> 
     </span>
     <span class='ocr_line' id='line_1_37' title="bbox 234 2469 2007 2512; baseline -0.001 -11"><span class='ocrx_word' id='word_1_401' title='bbox 234 2471 380 2510; x_wconf 78' lang='lat' dir='ltr'>impura.</span> <span class='ocrx_word' id='word_1_402' title='bbox 429 2471 528 2510; x_wconf 68' lang='lat' dir='ltr'>Reyes</span> <span class='ocrx_word' id='word_1_403' title='bbox 551 2479 616 2501; x_wconf 89' lang='lat' dir='ltr'>non</span> <span class='ocrx_word' id='word_1_404' title='bbox 639 2475 752 2501; x_wconf 87' lang='lat' dir='ltr'>curent</span> <span class='ocrx_word' id='word_1_405' title='bbox 777 2479 877 2509; x_wconf 81' lang='lat' dir='ltr'>quam</span> <span class='ocrx_word' id='word_1_406' title='bbox 901 2470 1002 2509; x_wconf 82' lang='lat' dir='ltr'>bonis,</span> <span class='ocrx_word' id='word_1_407' title='bbox 1028 2472 1082 2502; x_wconf 86' lang='lat' dir='ltr'>sed</span> <span class='ocrx_word' id='word_1_408' title='bbox 1107 2480 1207 2510; x_wconf 85' lang='lat' dir='ltr'>quam</span> <span class='ocrx_word' id='word_1_409' title='bbox 1231 2472 1365 2503; x_wconf 82' lang='lat' dir='ltr'>subditis</span> <span class='ocrx_word' id='word_1_410' title='bbox 1388 2475 1534 2512; x_wconf 68' lang='lat' dir='ltr'>reqnent.</span> <span class='ocrx_word' id='word_1_411' title='bbox 1572 2472 1765 2503; x_wconf 79' lang='lat' dir='ltr'>Provinciae</span> <span class='ocrx_word' id='word_1_412' title='bbox 1788 2469 1919 2510; x_wconf 67' lang='lat' dir='ltr'>regibus</span> <span class='ocrx_word' id='word_1_413' title='bbox 1941 2477 2007 2499; x_wconf 81' lang='lat' dir='ltr'>non</span> 
     </span>
     <span class='ocr_line' id='line_1_38' title="bbox 236 2520 2006 2560; baseline -0.001 -9"><span class='ocrx_word' id='word_1_414' title='bbox 236 2523 408 2560; x_wconf 79' lang='lat' dir='ltr'>tamquam</span> <span class='ocrx_word' id='word_1_415' title='bbox 431 2520 610 2552; x_wconf 87' lang='lat' dir='ltr'>rectoribus</span> <span class='ocrx_word' id='word_1_416' title='bbox 632 2529 775 2557; x_wconf 66' lang='lat' dir='ltr'>anorum,</span> <span class='ocrx_word' id='word_1_417' title='bbox 801 2521 853 2551; x_wconf 89' lang='lat' dir='ltr'>sed</span> <span class='ocrx_word' id='word_1_418' title='bbox 877 2523 1051 2559; x_wconf 78' lang='lat' dir='ltr'>tamquam</span> <span class='ocrx_word' id='word_1_419' title='bbox 1074 2530 1187 2552; x_wconf 86' lang='lat' dir='ltr'>rerum</span> <span class='ocrx_word' id='word_1_420' title='bbox 1211 2522 1472 2553; x_wconf 83' lang='lat' dir='ltr'>dominatoribus</span> <span class='ocrx_word' id='word_1_421' title='bbox 1494 2526 1525 2553; x_wconf 90' lang='lat' dir='ltr'>et</span> <span class='ocrx_word' id='word_1_422' title='bbox 1547 2522 1742 2553; x_wconf 82' lang='lat' dir='ltr'>deliciarum</span> <span class='ocrx_word' id='word_1_423' title='bbox 1764 2528 1903 2551; x_wconf 86' lang='lat' dir='ltr'>suarum</span> <span class='ocrx_word' id='word_1_424' title='bbox 1922 2527 2006 2558; x_wconf 88' lang='lat' dir='ltr'>pro-</span> 
     </span>
     <span class='ocr_line' id='line_1_39' title="bbox 235 2568 2006 2612; baseline -0.001 -11"><span class='ocrx_word' id='word_1_425' title='bbox 235 2571 398 2602; x_wconf 81' lang='lat' dir='ltr'>visoribus</span> <span class='ocrx_word' id='word_1_426' title='bbox 420 2572 584 2601; x_wconf 84' lang='lat' dir='ltr'>serviant:</span> <span class='ocrx_word' id='word_1_427' title='bbox 619 2578 734 2609; x_wconf 83' lang='lat' dir='ltr'>eosque</span> <span class='ocrx_word' id='word_1_428' title='bbox 757 2579 821 2600; x_wconf 84' lang='lat' dir='ltr'>non</span> <span class='ocrx_word' id='word_1_429' title='bbox 845 2571 1015 2601; x_wconf 79' lang='lat' dir='ltr'>sinceriter</span> <span class='ocrx_word' id='word_1_430' title='bbox 1038 2571 1207 2610; x_wconf 76' lang='lat' dir='ltr'>honorent,</span> <span class='ocrx_word' id='word_1_431' title='bbox 1233 2573 1286 2603; x_wconf 86' lang='lat' dir='ltr'>sed</span> <span class='ocrx_word' id='word_1_432' title='bbox 1310 2573 1460 2612; x_wconf 83' lang='lat' dir='ltr'>nequiter</span> <span class='ocrx_word' id='word_1_433' title='bbox 1483 2581 1523 2603; x_wconf 87' lang='lat' dir='ltr'>ac</span> <span class='ocrx_word' id='word_1_434' title='bbox 1546 2572 1707 2603; x_wconf 83' lang='lat' dir='ltr'>serviliter</span> <span class='ocrx_word' id='word_1_435' title='bbox 1730 2571 1878 2602; x_wconf 84' lang='lat' dir='ltr'>timeant.</span> <span class='ocrx_word' id='word_1_436' title='bbox 1921 2568 2006 2608; x_wconf 83' lang='lat' dir='ltr'>Quid</span> 
     </span>
     <span class='ocr_line' id='line_1_40' title="bbox 236 2619 2007 2662; baseline -0.002 -9"><span class='ocrx_word' id='word_1_437' title='bbox 236 2622 363 2653; x_wconf 87' lang='lat' dir='ltr'>alienae</span> <span class='ocrx_word' id='word_1_438' title='bbox 386 2621 443 2652; x_wconf 82' lang='lat' dir='ltr'>viti</span> <span class='ocrx_word' id='word_1_439' title='bbox 464 2622 584 2660; x_wconf 86' lang='lat' dir='ltr'>potius,</span> <span class='ocrx_word' id='word_1_440' title='bbox 611 2629 711 2659; x_wconf 85' lang='lat' dir='ltr'>quam</span> <span class='ocrx_word' id='word_1_441' title='bbox 735 2620 813 2659; x_wconf 88' lang='lat' dir='ltr'>quid</span> <span class='ocrx_word' id='word_1_442' title='bbox 836 2628 916 2651; x_wconf 86' lang='lat' dir='ltr'>suae</span> <span class='ocrx_word' id='word_1_443' title='bbox 938 2622 1026 2651; x_wconf 51' lang='lat' dir='ltr'>¹vitae</span> <span class='ocrx_word' id='word_1_444' title='bbox 1049 2621 1185 2660; x_wconf 81' lang='lat' dir='ltr'>quisque</span> <span class='ocrx_word' id='word_1_445' title='bbox 1207 2627 1336 2661; x_wconf 84' lang='lat' dir='ltr'>noceat,</span> <span class='ocrx_word' id='word_1_446' title='bbox 1363 2623 1485 2662; x_wconf 74' lang='lat' dir='ltr'>leyibus</span> <span class='ocrx_word' id='word_1_447' title='bbox 1508 2623 1715 2653; x_wconf 78' lang='lat' dir='ltr'>advertatur.</span> <span class='ocrx_word' id='word_1_448' title='bbox 1762 2620 1882 2651; x_wconf 86' lang='lat' dir='ltr'>Nullus</span> <span class='ocrx_word' id='word_1_449' title='bbox 1905 2619 2007 2650; x_wconf 86' lang='lat' dir='ltr'>duca—</span> 
     </span>
     <span class='ocr_line' id='line_1_41' title="bbox 235 2670 2007 2712; baseline -0.003 -8"><span class='ocrx_word' id='word_1_450' title='bbox 235 2676 290 2704; x_wconf 88' lang='lat' dir='ltr'>tur</span> <span class='ocrx_word' id='word_1_451' title='bbox 314 2673 357 2704; x_wconf 89' lang='lat' dir='ltr'>ad</span> <span class='ocrx_word' id='word_1_452' title='bbox 378 2672 512 2709; x_wconf 83' lang='lat' dir='ltr'>iudices,</span> <span class='ocrx_word' id='word_1_453' title='bbox 538 2671 600 2700; x_wconf 88' lang='lat' dir='ltr'>nisi</span> <span class='ocrx_word' id='word_1_454' title='bbox 624 2671 680 2709; x_wconf 83' lang='lat' dir='ltr'>qui</span> <span class='ocrx_word' id='word_1_455' title='bbox 704 2670 833 2700; x_wconf 81' lang='lat' dir='ltr'>alienae</span> <span class='ocrx_word' id='word_1_456' title='bbox 856 2670 915 2708; x_wconf 78' lang='lat' dir='ltr'>rei,</span> <span class='ocrx_word' id='word_1_457' title='bbox 942 2670 1065 2708; x_wconf 85' lang='lat' dir='ltr'>domui,</span> <span class='ocrx_word' id='word_1_458' title='bbox 1091 2671 1191 2702; x_wconf 88' lang='lat' dir='ltr'>saluti</span> <span class='ocrx_word' id='word_1_459' title='bbox 1215 2673 1267 2703; x_wconf 84' lang='lat' dir='ltr'>vel</span> <span class='ocrx_word' id='word_1_460' title='bbox 1289 2674 1446 2712; x_wconf 81' lang='lat' dir='ltr'>cuiquam</span> <span class='ocrx_word' id='word_1_461' title='bbox 1469 2672 1574 2703; x_wconf 85' lang='lat' dir='ltr'>invito</span> <span class='ocrx_word' id='word_1_462' title='bbox 1595 2671 1695 2710; x_wconf 88' lang='lat' dir='ltr'>suerit</span> <span class='ocrx_word' id='word_1_463' title='bbox 1717 2670 1925 2709; x_wconf 83' lang='lat' dir='ltr'>importunus</span> <span class='ocrx_word' id='word_1_464' title='bbox 1947 2671 2007 2700; x_wconf 86' lang='lat' dir='ltr'>aut</span> 
     </span>
     <span class='ocr_line' id='line_1_42' title="bbox 234 2718 2002 2761; baseline -0.002 -7"><span class='ocrx_word' id='word_1_465' title='bbox 234 2723 374 2754; x_wconf 63' lang='lat' dir='ltr'>noxius:</span> <span class='ocrx_word' id='word_1_466' title='bbox 400 2725 540 2753; x_wconf 85' lang='lat' dir='ltr'>ceterum</span> <span class='ocrx_word' id='word_1_467' title='bbox 564 2720 601 2751; x_wconf 91' lang='lat' dir='ltr'>de</span> <span class='ocrx_word' id='word_1_468' title='bbox 624 2720 692 2751; x_wconf 83' lang='lat' dir='ltr'>suis</span> <span class='ocrx_word' id='word_1_469' title='bbox 713 2720 762 2751; x_wconf 80' lang='lat' dir='ltr'>vel</span> <span class='ocrx_word' id='word_1_470' title='bbox 785 2728 860 2750; x_wconf 83' lang='lat' dir='ltr'>cum</span> <span class='ocrx_word' id='word_1_471' title='bbox 884 2720 950 2750; x_wconf 88' lang='lat' dir='ltr'>suis</span> <span class='ocrx_word' id='word_1_472' title='bbox 972 2720 1022 2751; x_wconf 82' lang='lat' dir='ltr'>vel</span> <span class='ocrx_word' id='word_1_473' title='bbox 1045 2729 1118 2751; x_wconf 88' lang='lat' dir='ltr'>cum</span> <span class='ocrx_word' id='word_1_474' title='bbox 1143 2720 1322 2760; x_wconf 78' lang='lat' dir='ltr'>quibusque</span> <span class='ocrx_word' id='word_1_475' title='bbox 1345 2721 1525 2752; x_wconf 74' lang='lat' dir='ltr'>colentibus</span> <span class='ocrx_word' id='word_1_476' title='bbox 1546 2721 1652 2761; x_wconf 82' lang='lat' dir='ltr'>faciat</span> <span class='ocrx_word' id='word_1_477' title='bbox 1676 2721 1813 2759; x_wconf 82' lang='lat' dir='ltr'>quisque</span> <span class='ocrx_word' id='word_1_478' title='bbox 1829 2718 2002 2760; x_wconf 81' lang='lat' dir='ltr'>quodlibet.</span> 
     </span>
     <span class='ocr_line' id='line_1_43' title="bbox 233 2769 2003 2810; baseline -0.002 -6"><span class='ocrx_word' id='word_1_479' title='bbox 233 2772 404 2804; x_wconf 86' lang='lat' dir='ltr'>Abundent</span> <span class='ocrx_word' id='word_1_480' title='bbox 423 2771 556 2810; x_wconf 85' lang='lat' dir='ltr'>publica</span> <span class='ocrx_word' id='word_1_481' title='bbox 578 2773 702 2808; x_wconf 82' lang='lat' dir='ltr'>scorta,</span> <span class='ocrx_word' id='word_1_482' title='bbox 735 2769 786 2800; x_wconf 86' lang='lat' dir='ltr'>vel</span> <span class='ocrx_word' id='word_1_483' title='bbox 806 2773 943 2808; x_wconf 81' lang='lat' dir='ltr'>propter</span> <span class='ocrx_word' id='word_1_484' title='bbox 966 2778 1074 2800; x_wconf 88' lang='lat' dir='ltr'>omnes</span> <span class='ocrx_word' id='word_1_485' title='bbox 1098 2770 1214 2809; x_wconf 81' lang='lat' dir='ltr'>quibus</span> <span class='ocrx_word' id='word_1_486' title='bbox 1234 2771 1304 2809; x_wconf 83' lang='lat' dir='ltr'>frui</span> <span class='ocrx_word' id='word_1_487' title='bbox 1327 2771 1505 2810; x_wconf 81' lang='lat' dir='ltr'>placuerit,</span> <span class='ocrx_word' id='word_1_488' title='bbox 1539 2771 1591 2801; x_wconf 87' lang='lat' dir='ltr'>vel</span> <span class='ocrx_word' id='word_1_489' title='bbox 1611 2772 1747 2810; x_wconf 87' lang='lat' dir='ltr'>propter</span> <span class='ocrx_word' id='word_1_490' title='bbox 1768 2778 1821 2800; x_wconf 87' lang='lat' dir='ltr'>eos</span> <span class='ocrx_word' id='word_1_491' title='bbox 1842 2769 2003 2807; x_wconf 77' lang='lat' dir='ltr'>maxime,</span> 
     </span>
     <span class='ocr_line' id='line_1_44' title="bbox 236 2817 2005 2861; baseline -0.002 -9"><span class='ocrx_word' id='word_1_492' title='bbox 236 2822 292 2861; x_wconf 84' lang='lat' dir='ltr'>qui</span> <span class='ocrx_word' id='word_1_493' title='bbox 312 2821 449 2860; x_wconf 75' lang='lat' dir='ltr'>privata</span> <span class='ocrx_word' id='word_1_494' title='bbox 471 2820 590 2851; x_wconf 87' lang='lat' dir='ltr'>habere</span> <span class='ocrx_word' id='word_1_495' title='bbox 611 2828 676 2850; x_wconf 88' lang='lat' dir='ltr'>non</span> <span class='ocrx_word' id='word_1_496' title='bbox 698 2822 845 2858; x_wconf 85' lang='lat' dir='ltr'>possunt.</span> <span class='ocrx_word' id='word_1_497' title='bbox 893 2817 1124 2850; x_wconf 60' lang='lat' dir='ltr'>Eaestruamur</span> <span class='ocrx_word' id='word_1_498' title='bbox 1147 2820 1372 2859; x_wconf 81' lang='lat' dir='ltr'>amplissimae</span> <span class='ocrx_word' id='word_1_499' title='bbox 1395 2824 1492 2860; x_wconf 81' lang='lat' dir='ltr'>atque</span> <span class='ocrx_word' id='word_1_500' title='bbox 1516 2820 1749 2851; x_wconf 81' lang='lat' dir='ltr'>ornatissimae</span> <span class='ocrx_word' id='word_1_501' title='bbox 1773 2819 1906 2856; x_wconf 80' lang='lat' dir='ltr'>domus,</span> <span class='ocrx_word' id='word_1_502' title='bbox 1931 2818 2005 2858; x_wconf 85' lang='lat' dir='ltr'>opi-</span> 
     </span>
     <span class='ocr_line' id='line_1_45' title="bbox 228 2868 2002 2911; baseline -0.002 -10"><span class='ocrx_word' id='word_1_503' title='bbox 228 2880 320 2911; x_wconf 82' lang='lat' dir='ltr'>para</span> <span class='ocrx_word' id='word_1_504' title='bbox 343 2871 493 2901; x_wconf 74' lang='lat' dir='ltr'>conviria</span> <span class='ocrx_word' id='word_1_505' title='bbox 515 2871 774 2909; x_wconf 76' lang='lat' dir='ltr'>frequententur,</span> <span class='ocrx_word' id='word_1_506' title='bbox 806 2868 861 2898; x_wconf 86' lang='lat' dir='ltr'>ubi</span> <span class='ocrx_word' id='word_1_507' title='bbox 884 2869 1000 2907; x_wconf 81' lang='lat' dir='ltr'>cuique</span> <span class='ocrx_word' id='word_1_508' title='bbox 1023 2869 1154 2901; x_wconf 86' lang='lat' dir='ltr'>libuerit</span> <span class='ocrx_word' id='word_1_509' title='bbox 1178 2874 1206 2901; x_wconf 90' lang='lat' dir='ltr'>et</span> <span class='ocrx_word' id='word_1_510' title='bbox 1227 2871 1390 2910; x_wconf 78' lang='lat' dir='ltr'>potuerit,</span> <span class='ocrx_word' id='word_1_511' title='bbox 1417 2871 1468 2901; x_wconf 85' lang='lat' dir='ltr'>die</span> <span class='ocrx_word' id='word_1_512' title='bbox 1490 2873 1653 2909; x_wconf 84' lang='lat' dir='ltr'>noctuque</span> <span class='ocrx_word' id='word_1_513' title='bbox 1676 2869 1824 2907; x_wconf 89' lang='lat' dir='ltr'>ludatur,</span> <span class='ocrx_word' id='word_1_514' title='bbox 1857 2868 2002 2907; x_wconf 82' lang='lat' dir='ltr'>bibatur,</span> 
     </span>
     <span class='ocr_line' id='line_1_46' title="bbox 234 2918 2006 2960; baseline -0.001 -9"><span class='ocrx_word' id='word_1_515' title='bbox 234 2924 401 2959; x_wconf 78' lang='lat' dir='ltr'>vomatur,</span> <span class='ocrx_word' id='word_1_516' title='bbox 434 2921 618 2960; x_wconf 76' lang='lat' dir='ltr'>diffluatur.</span> <span class='ocrx_word' id='word_1_517' title='bbox 675 2919 873 2950; x_wconf 88' lang='lat' dir='ltr'>Saltationes</span> <span class='ocrx_word' id='word_1_518' title='bbox 900 2920 1046 2957; x_wconf 81' lang='lat' dir='ltr'>undique</span> <span class='ocrx_word' id='word_1_519' title='bbox 1075 2924 1284 2959; x_wconf 85' lang='lat' dir='ltr'>concrepent,</span> <span class='ocrx_word' id='word_1_520' title='bbox 1322 2921 1452 2951; x_wconf 88' lang='lat' dir='ltr'>theatra</span> <span class='ocrx_word' id='word_1_521' title='bbox 1480 2920 1669 2950; x_wconf 86' lang='lat' dir='ltr'>inhonestae</span> <span class='ocrx_word' id='word_1_522' title='bbox 1699 2918 1846 2950; x_wconf 85' lang='lat' dir='ltr'>laetitiae</span> <span class='ocrx_word' id='word_1_523' title='bbox 1873 2918 2006 2950; x_wconf 81' lang='lat' dir='ltr'>vocibus</span> 
     </span>
     <span class='ocr_line' id='line_1_47' title="bbox 235 2967 2005 3009; baseline -0.002 -8"><span class='ocrx_word' id='word_1_524' title='bbox 235 2974 335 3009; x_wconf 82' lang='lat' dir='ltr'>atque</span> <span class='ocrx_word' id='word_1_525' title='bbox 358 2970 446 3000; x_wconf 86' lang='lat' dir='ltr'>omni</span> <span class='ocrx_word' id='word_1_526' title='bbox 468 2979 584 3009; x_wconf 62' lang='lat' dir='ltr'>(lettere</span> <span class='ocrx_word' id='word_1_527' title='bbox 606 2970 672 3001; x_wconf 72' lang='lat' dir='ltr'>sive</span> <span class='ocrx_word' id='word_1_528' title='bbox 695 2969 939 3001; x_wconf 86' lang='lat' dir='ltr'>crudelissimae</span> <span class='ocrx_word' id='word_1_529' title='bbox 962 2970 1029 3000; x_wconf 86' lang='lat' dir='ltr'>sive</span> <span class='ocrx_word' id='word_1_530' title='bbox 1052 2970 1262 3008; x_wconf 82' lang='lat' dir='ltr'>turpissimae</span> <span class='ocrx_word' id='word_1_531' title='bbox 1284 2970 1464 3009; x_wconf 86' lang='lat' dir='ltr'>voluptatis</span> <span class='ocrx_word' id='word_1_532' title='bbox 1480 2971 1680 3000; x_wconf 73' lang='lat' dir='ltr'>exaestuent.</span> <span class='ocrx_word' id='word_1_533' title='bbox 1716 2968 1774 3000; x_wconf 87' lang='lat' dir='ltr'>Ille</span> <span class='ocrx_word' id='word_1_534' title='bbox 1795 2968 1836 2999; x_wconf 89' lang='lat' dir='ltr'>sil</span> <span class='ocrx_word' id='word_1_535' title='bbox 1854 2967 2005 3008; x_wconf 86' lang='lat' dir='ltr'>publicus</span> 
     </span>
     <span class='ocr_line' id='line_1_48' title="bbox 234 3015 2003 3058; baseline -0.001 -8"><span class='ocrx_word' id='word_1_536' title='bbox 234 3015 401 3057; x_wconf 79' lang='lat' dir='ltr'>inimicus,</span> <span class='ocrx_word' id='word_1_537' title='bbox 434 3020 485 3049; x_wconf 81' lang='lat' dir='ltr'>cui</span> <span class='ocrx_word' id='word_1_538' title='bbox 513 3020 592 3050; x_wconf 88' lang='lat' dir='ltr'>haec</span> <span class='ocrx_word' id='word_1_539' title='bbox 619 3019 758 3058; x_wconf 84' lang='lat' dir='ltr'>felicitas</span> <span class='ocrx_word' id='word_1_540' title='bbox 787 3018 952 3057; x_wconf 83' lang='lat' dir='ltr'>displicet:</span> <span class='ocrx_word' id='word_1_541' title='bbox 992 3020 1139 3058; x_wconf 81' lang='lat' dir='ltr'>quisquis</span> <span class='ocrx_word' id='word_1_542' title='bbox 1168 3028 1240 3050; x_wconf 88' lang='lat' dir='ltr'>eam</span> <span class='ocrx_word' id='word_1_543' title='bbox 1271 3023 1404 3050; x_wconf 85' lang='lat' dir='ltr'>mutare</span> <span class='ocrx_word' id='word_1_544' title='bbox 1430 3019 1481 3050; x_wconf 76' lang='lat' dir='ltr'>vel</span> <span class='ocrx_word' id='word_1_545' title='bbox 1512 3019 1646 3058; x_wconf 75' lang='lat' dir='ltr'>auferre</span> <span class='ocrx_word' id='word_1_546' title='bbox 1675 3017 1898 3058; x_wconf 82' lang='lat' dir='ltr'>temptaverit,</span> <span class='ocrx_word' id='word_1_547' title='bbox 1929 3026 2003 3048; x_wconf 88' lang='lat' dir='ltr'>eum</span> 
     </span>
     <span class='ocr_line' id='line_1_49' title="bbox 235 3067 2003 3108; baseline -0.001 -8"><span class='ocrx_word' id='word_1_548' title='bbox 235 3068 338 3100; x_wconf 86' lang='lat' dir='ltr'>libera</span> <span class='ocrx_word' id='word_1_549' title='bbox 361 3068 535 3098; x_wconf 82' lang='lat' dir='ltr'>multitudo</span> <span class='ocrx_word' id='word_1_550' title='bbox 560 3072 689 3099; x_wconf 76' lang='lat' dir='ltr'>avertat</span> <span class='ocrx_word' id='word_1_551' title='bbox 712 3068 753 3099; x_wconf 88' lang='lat' dir='ltr'>ab</span> <span class='ocrx_word' id='word_1_552' title='bbox 778 3067 931 3106; x_wconf 86' lang='lat' dir='ltr'>auribus,</span> <span class='ocrx_word' id='word_1_553' title='bbox 963 3072 1089 3099; x_wconf 87' lang='lat' dir='ltr'>evertat</span> <span class='ocrx_word' id='word_1_554' title='bbox 1112 3077 1133 3099; x_wconf 86' lang='lat' dir='ltr'>a</span> <span class='ocrx_word' id='word_1_555' title='bbox 1156 3068 1294 3107; x_wconf 81' lang='lat' dir='ltr'>sedibus,</span> <span class='ocrx_word' id='word_1_556' title='bbox 1328 3069 1462 3108; x_wconf 85' lang='lat' dir='ltr'>auferat</span> <span class='ocrx_word' id='word_1_557' title='bbox 1485 3077 1507 3099; x_wconf 92' lang='lat' dir='ltr'>a</span> <span class='ocrx_word' id='word_1_558' title='bbox 1529 3067 1722 3099; x_wconf 83' lang='lat' dir='ltr'>viventibus.</span> <span class='ocrx_word' id='word_1_559' title='bbox 1750 3083 1784 3090; x_wconf 94' lang='lat'>—-</span> <span class='ocrx_word' id='word_1_560' title='bbox 1818 3067 1897 3106; x_wconf 84' lang='lat' dir='ltr'>Quis</span> <span class='ocrx_word' id='word_1_561' title='bbox 1917 3067 2003 3098; x_wconf 86' lang='lat' dir='ltr'>hanc</span> 
     </span>
     <span class='ocr_line' id='line_1_50' title="bbox 235 3116 2001 3158; baseline -0.002 -8"><span class='ocrx_word' id='word_1_562' title='bbox 235 3128 305 3151; x_wconf 83' lang='lat' dir='ltr'>rem</span> <span class='ocrx_word' id='word_1_563' title='bbox 325 3118 492 3158; x_wconf 87' lang='lat' dir='ltr'>publicam</span> <span class='ocrx_word' id='word_1_564' title='bbox 516 3127 631 3157; x_wconf 84' lang='lat' dir='ltr'>sanus,</span> <span class='ocrx_word' id='word_1_565' title='bbox 664 3128 730 3149; x_wconf 84' lang='lat' dir='ltr'>non</span> <span class='ocrx_word' id='word_1_566' title='bbox 759 3119 868 3149; x_wconf 88' lang='lat' dir='ltr'>dicam</span> <span class='ocrx_word' id='word_1_567' title='bbox 895 3126 1034 3149; x_wconf 85' lang='lat' dir='ltr'>romano</span> <span class='ocrx_word' id='word_1_568' title='bbox 1066 3118 1223 3157; x_wconf 81' lang='lat' dir='ltr'>imperio.</span> <span class='ocrx_word' id='word_1_569' title='bbox 1256 3119 1310 3149; x_wconf 83' lang='lat' dir='ltr'>sed</span> <span class='ocrx_word' id='word_1_570' title='bbox 1334 3119 1445 3149; x_wconf 88' lang='lat' dir='ltr'>domui</span> <span class='ocrx_word' id='word_1_571' title='bbox 1469 3117 1709 3156; x_wconf 82' lang='lat' dir='ltr'>Sardanapalli</span> <span class='ocrx_word' id='word_1_572' title='bbox 1731 3116 2001 3156; x_wconf 84' lang='lat' dir='ltr'>comparaverit?</span> 
     </span>
     <span class='ocr_line' id='line_1_51' title="bbox 236 3165 2001 3209; baseline -0.002 -9"><span class='ocrx_word' id='word_1_573' title='bbox 236 3170 292 3209; x_wconf 81' lang='lat' dir='ltr'>qui</span> <span class='ocrx_word' id='word_1_574' title='bbox 315 3169 479 3208; x_wconf 85' lang='lat' dir='ltr'>quondam</span> <span class='ocrx_word' id='word_1_575' title='bbox 504 3177 566 3198; x_wconf 75' lang='lat' dir='ltr'>rea:</span> <span class='ocrx_word' id='word_1_576' title='bbox 589 3169 635 3198; x_wconf 85' lang='lat' dir='ltr'>ita</span> <span class='ocrx_word' id='word_1_577' title='bbox 658 3169 721 3208; x_wconf 83' lang='lat' dir='ltr'>fuit</span> <span class='ocrx_word' id='word_1_578' title='bbox 743 3168 967 3207; x_wconf 68' lang='lat' dir='ltr'>voluptatibus</span> <span class='ocrx_word' id='word_1_579' title='bbox 990 3168 1128 3206; x_wconf 80' lang='lat' dir='ltr'>deditus,</span> <span class='ocrx_word' id='word_1_580' title='bbox 1154 3171 1190 3198; x_wconf 86' lang='lat' dir='ltr'>ut</span> <span class='ocrx_word' id='word_1_581' title='bbox 1212 3167 1245 3198; x_wconf 78' lang='lat' dir='ltr'>in</span> <span class='ocrx_word' id='word_1_582' title='bbox 1271 3167 1441 3206; x_wconf 84' lang='lat' dir='ltr'>sepulchro</span> <span class='ocrx_word' id='word_1_583' title='bbox 1464 3176 1522 3198; x_wconf 89' lang='lat' dir='ltr'>suo</span> <span class='ocrx_word' id='word_1_584' title='bbox 1545 3166 1643 3197; x_wconf 83' lang='lat' dir='ltr'>scribi</span> <span class='ocrx_word' id='word_1_585' title='bbox 1664 3166 1790 3205; x_wconf 81' lang='lat' dir='ltr'>fecerit,</span> <span class='ocrx_word' id='word_1_586' title='bbox 1815 3174 1854 3197; x_wconf 88' lang='lat' dir='ltr'>ea</span> <span class='ocrx_word' id='word_1_587' title='bbox 1876 3165 1947 3196; x_wconf 85' lang='lat' dir='ltr'>sola</span> <span class='ocrx_word' id='word_1_588' title='bbox 1968 3173 2001 3197; x_wconf 82' lang='lat' dir='ltr'>se</span> 
     </span>
     <span class='ocr_line' id='line_1_52' title="bbox 235 3215 1999 3257; baseline -0.003 -7"><span class='ocrx_word' id='word_1_589' title='bbox 235 3219 352 3250; x_wconf 87' lang='lat' dir='ltr'>habere</span> <span class='ocrx_word' id='word_1_590' title='bbox 374 3222 553 3256; x_wconf 83' lang='lat' dir='ltr'>mortuum,</span> <span class='ocrx_word' id='word_1_591' title='bbox 579 3227 662 3257; x_wconf 72' lang='lat' dir='ltr'>quae</span> <span class='ocrx_word' id='word_1_592' title='bbox 685 3219 782 3249; x_wconf 84' lang='lat' dir='ltr'>libido</span> <span class='ocrx_word' id='word_1_593' title='bbox 805 3220 873 3250; x_wconf 83' lang='lat' dir='ltr'>eius</span> <span class='ocrx_word' id='word_1_594' title='bbox 895 3219 995 3250; x_wconf 80' lang='lat' dir='ltr'>ctiam</span> <span class='ocrx_word' id='word_1_595' title='bbox 1018 3226 1092 3249; x_wconf 83' lang='lat' dir='ltr'>cum</span> <span class='ocrx_word' id='word_1_596' title='bbox 1114 3217 1252 3255; x_wconf 76' lang='lat' dir='ltr'>viveret,</span> <span class='ocrx_word' id='word_1_597' title='bbox 1278 3217 1460 3248; x_wconf 84' lang='lat' dir='ltr'>hauriendo</span> <span class='ocrx_word' id='word_1_598' title='bbox 1483 3217 1717 3247; x_wconf 82' lang='lat' dir='ltr'>consumserat.</span> <span class='ocrx_word' id='word_1_599' title='bbox 1767 3215 1868 3254; x_wconf 83' lang='lat' dir='ltr'>Quem</span> <span class='ocrx_word' id='word_1_600' title='bbox 1889 3222 1999 3254; x_wconf 66' lang='lat' dir='ltr'>regem</span> 
     </span>
     <span class='ocr_line' id='line_1_53' title="bbox 235 3265 1995 3308; baseline -0.003 -9"><span class='ocrx_word' id='word_1_601' title='bbox 235 3270 288 3299; x_wconf 86' lang='lat' dir='ltr'>isti</span> <span class='ocrx_word' id='word_1_602' title='bbox 311 3269 338 3299; x_wconf 86' lang='lat' dir='ltr'>si</span> <span class='ocrx_word' id='word_1_603' title='bbox 361 3268 512 3299; x_wconf 85' lang='lat' dir='ltr'>haberent</span> <span class='ocrx_word' id='word_1_604' title='bbox 535 3267 594 3298; x_wconf 79' lang='lat' dir='ltr'>sibi</span> <span class='ocrx_word' id='word_1_605' title='bbox 618 3269 651 3298; x_wconf 90' lang='lat' dir='ltr'>in</span> <span class='ocrx_word' id='word_1_606' title='bbox 675 3268 794 3299; x_wconf 86' lang='lat' dir='ltr'>talibus</span> <span class='ocrx_word' id='word_1_607' title='bbox 817 3269 1037 3308; x_wconf 65' lang='lat' dir='ltr'>indulgentem</span> <span class='ocrx_word' id='word_1_608' title='bbox 1066 3275 1124 3298; x_wconf 86' lang='lat' dir='ltr'>ncc</span> <span class='ocrx_word' id='word_1_609' title='bbox 1155 3266 1188 3297; x_wconf 85' lang='lat' dir='ltr'>in</span> <span class='ocrx_word' id='word_1_610' title='bbox 1220 3267 1264 3298; x_wconf 88' lang='lat' dir='ltr'>eis</span> <span class='ocrx_word' id='word_1_611' title='bbox 1291 3268 1448 3304; x_wconf 84' lang='lat' dir='ltr'>cuiquam</span> <span class='ocrx_word' id='word_1_612' title='bbox 1469 3266 1540 3297; x_wconf 84' lang='lat' dir='ltr'>ulla</span> <span class='ocrx_word' id='word_1_613' title='bbox 1561 3265 1733 3297; x_wconf 85' lang='lat' dir='ltr'>severitate</span> <span class='ocrx_word' id='word_1_614' title='bbox 1755 3265 1995 3301; x_wconf 74' lang='lat' dir='ltr'>adversantem,</span> 
     </span>
     <span class='ocr_line' id='line_1_54' title="bbox 236 3311 1992 3357; baseline -0.004 -7"><span class='ocrx_word' id='word_1_615' title='bbox 236 3317 309 3350; x_wconf 86' lang='lat' dir='ltr'>huic</span> <span class='ocrx_word' id='word_1_616' title='bbox 332 3317 481 3350; x_wconf 86' lang='lat' dir='ltr'>libentius</span> <span class='ocrx_word' id='word_1_617' title='bbox 504 3325 604 3357; x_wconf 77' lang='lat' dir='ltr'>quam</span> <span class='ocrx_word' id='word_1_618' title='bbox 619 3318 758 3349; x_wconf 82' lang='lat' dir='ltr'>Romani</span> <span class='ocrx_word' id='word_1_619' title='bbox 778 3321 901 3350; x_wconf 75' lang='lat' dir='ltr'>veteres</span> <span class='ocrx_word' id='word_1_620' title='bbox 916 3317 1052 3350; x_wconf 81' lang='lat' dir='ltr'>Romulo</span> <span class='ocrx_word' id='word_1_621' title='bbox 1077 3315 1230 3356; x_wconf 84' lang='lat' dir='ltr'>templum</span> <span class='ocrx_word' id='word_1_622' title='bbox 1253 3319 1282 3349; x_wconf 87' lang='lat' dir='ltr'>et</span> <span class='ocrx_word' id='word_1_623' title='bbox 1303 3317 1473 3357; x_wconf 79' lang='lat' dir='ltr'>fla-minem</span> <span class='ocrx_word' id='word_1_624' title='bbox 1495 3318 1758 3350; x_wconf 75' lang='lat' dir='ltr'>consecrarent.»</span> <span class='ocrx_word' id='word_1_625' title='bbox 1783 3316 1882 3354; x_wconf 83' lang='lat' dir='ltr'>Ang.</span> <span class='ocrx_word' id='word_1_626' title='bbox 1901 3311 1992 3345; x_wconf 81' lang='lat' dir='ltr'>Mai.</span> 
     </span>
    </p>
   </div>
  </div>
 </body>
</html>
