2249 3624
676 193 765 233 Lm.
797 193 847 232 ΙΙ.
890 191 985 232 CAP.
1017 193 1084 232 IV.
1122 189 1180 244 §§
1214 188 1329 230 8-1
1344 188 1379 231 l.
1869 183 1893 223 5

135 320 258 361 quam
289 306 609 354 adamaverunt,
643 306 946 360 pugnacissime
979 304 1203 344 defendere
1236 317 1359 357 quam
1391 305 1480 344 sine
1511 303 1759 356 pertinacia,
1792 302 1893 356 quid

133 369 465 409 constantissime
497 369 676 416 dicatur,
709 370 941 423 exquirere.
989 368 1152 417 Quibus
1184 368 1234 407 de
1266 368 1389 407 rebus
1421 374 1461 408 et
1490 367 1594 406 alias
1625 379 1750 420 saepe
1772 366 1894 405 nobis

133 433 262 472 multa
294 434 482 486 quaesita
514 440 551 473 et
583 433 792 486 disputata
825 438 919 471 sunt
951 437 991 470 ct
1022 431 1231 484 quondam
1265 430 1305 469 in
1332 430 1529 470 Hortensi
1551 428 1669 475 villa,
1702 441 1810 480 quae
1833 433 1896 468 est

131 497 182 535 ad
214 496 384 543 Baulos,
416 509 508 535 cum
542 509 591 535 eo
626 496 794 535 Catulus
827 500 866 534 et
898 493 1096 534 Lucullus
1119 506 1282 546 nosque
1305 493 1384 545 ipsi
1409 491 1610 546 postridie
1634 491 1894 531 venissemus

131 571 255 611 quam
296 557 406 610 apud
450 558 638 597 Catulum
678 557 917 596 fuissemus.
969 556 1062 605 Quo
1095 555 1266 608 quidem
1304 557 1426 595 ctiam
1460 555 1659 594 maturius
1691 554 1926 601 venimus,5

131 620 243 674 quod
275 624 360 659 erat
390 620 680 666 constitutum,
722 620 756 658 si
788 624 934 658 ventus
967 622 1098 665 essct,
1142 618 1316 657 Lucullo
1349 618 1389 656 in
1421 616 1761 670 Neapolitanum,
1794 616 1896 656 mihi

129 683 169 721 in
210 683 505 736 Pompeianum
548 683 756 734 navigare.
819 681 919 721 Cum
961 681 1089 734 igitur
1125 692 1259 733 pauca
1304 679 1346 718 in
1379 684 1500 733 xysto
1532 679 1662 720 locuti
1694 692 1895 726 essemus,

129 749 214 784 tum
246 746 392 785 eodem
425 745 466 784 in
498 746 630 797 spatio
662 744 940 784 consedimus.

212 807 277 846 IV.
310 804 374 846 Ἠ).
407 807 483 847 llic
518 807 711 846 Catulus:
753 806 840 845 Etsi
882 806 993 853 heri,
1035 806 1193 859 inquit,
1234 805 1276 844 id
1309 805 1421 858 quod
1454 805 1734 859 quaerebatur
1764 817 1896 859 paene

128 869 382 922 explicatum
416 875 499 916 est,
541 875 585 908 ut
617 874 703 909 tota
733 868 818 908 fere
851 870 1041 922 quaestio
1075 874 1244 909 tractata
1277 868 1487 916 videatur,
1524 873 1661 908 tamen
1694 873 1894 921 exspecto
1913 877 1946 906 10

129 945 198 978 ea,
231 944 338 985 quae
371 937 410 971 te
442 932 656 984 pollicitus
689 944 745 977 es,
778 931 970 979 Luculle,
1002 932 1052 970 ab
1086 931 1290 971 Antiocho
1322 930 1465 970 audita
1498 930 1719 970 dicturum.
1769 931 1898 984 Equi-

128 995 244 1041 dem,
276 994 413 1047 inquit
443 994 705 1041 Hortensius,
736 993 814 1033 feci
846 995 938 1046 plus
972 1007 1095 1047 quam
1120 993 1292 1039 vellein3
1326 997 1453 1032 totam
1477 992 1588 1032 enim
1610 1006 1697 1032 rem
1720 993 1897 1033 Lucullo

128 1060 327 1111 integram
359 1064 561 1098 servatam
595 1057 793 1110 oportuit.
853 1058 903 1096 Et
935 1062 1072 1096 tamen
1104 1055 1281 1096 fortasse
1313 1059 1478 1095 servata
1509 1059 1594 1094 est:
1634 1067 1658 1094 a
1688 1068 1754 1094 me
1785 1056 1897 1096 enirn

129 1134 195 1168 ea,
236 1133 343 1174 quae
383 1121 425 1160 in
466 1127 660 1174 promptu
694 1125 832 1167 erant,
877 1119 986 1159 dicta
1017 1125 1136 1166 sunt,
1181 1132 1204 1158 a
1236 1117 1412 1158 Lucullo
1443 1122 1582 1157 autem
1614 1117 1899 1157 reconditiora

129 1184 335 1224 desidero.
376 1185 501 1223 vTum
534 1184 626 1224 ille:
666 1185 759 1223 Non
791 1196 913 1229 sane,
958 1183 1113 1236 inquit,
1146 1180 1368 1227 Hortensi,
1401 1179 1622 1220 conturbat
1652 1193 1716 1220 me
1749 1190 1950 1232 exspe-45

128 1246 252 1286 ctatio
284 1252 376 1295 tua,
409 1248 487 1287 etsi
518 1247 623 1286 nihil
655 1251 717 1286 est
748 1246 816 1292 iis,
851 1245 922 1299 qui
955 1245 1119 1298 placere
1152 1243 1322 1290 volunt,
1365 1248 1448 1283 tam
1482 1241 1791 1282 adversarium:
1823 1241 1897 1281 sed

128 1310 225 1362 quia
256 1322 340 1348 non
371 1310 535 1356 laboro,
569 1322 693 1362 quam
724 1308 845 1348 valde
878 1321 946 1355 ea,
981 1321 1089 1361 quae
1123 1307 1236 1353 dico,
1273 1305 1524 1359 probaturus
1555 1305 1646 1352 sim,
1679 1316 1728 1344 eo
1761 1303 1898 1343 minus

127 1372 363 1411 conturbor.
421 1371 565 1411 Dicam
604 1371 712 1410 enim
751 1383 828 1410 nec
868 1383 960 1410 mea
1005 1384 1081 1410 nec
1124 1383 1193 1417 ea,
1241 1368 1283 1408 in
1321 1368 1498 1422 quihus,
1543 1369 1576 1408 si
1615 1380 1700 1407 non
1729 1365 1899 1413 fuerint,

126 1433 235 1473 vinci
276 1445 359 1472 non
400 1432 538 1472 malim
581 1446 704 1486 quam
745 1433 924 1472 vincere.
987 1433 1068 1472 Sed
1102 1446 1166 1472 me
1199 1431 1393 1479 hercule,
1434 1436 1479 1471 ut
1509 1430 1681 1485 quidem
1712 1442 1824 1469 nunc
1856 1441 1900 1469 se

126 1507 250 1535 causa
280 1494 428 1542 habet,
472 1495 548 1534 etsi
580 1495 775 1535 hesterno
808 1507 1001 1534 sermone
1032 1494 1277 1534 labefactata
1310 1499 1393 1541 est,
1432 1493 1534 1533 mihi
1566 1498 1705 1533 tamen
1735 1493 1902 1533 videtur
1916 1505 1951 1534 20

127 1571 218 1598 esse
259 1557 487 1597 verissima.
545 1558 676 1610 Agam
718 1558 864 1610 igitur,
904 1558 1011 1597 sicut
1041 1557 1269 1597 Antiochus
1311 1557 1486 1610 agebat3
1527 1561 1627 1596 nota
1658 1557 1766 1596 enim
1799 1555 1901 1595 mihi

126 1635 191 1661 res
225 1627 298 1661 est.
360 1622 461 1660 Nam
493 1625 532 1660 et
563 1633 694 1660 vacuo
726 1621 865 1660 animo
896 1620 1014 1661 illum
1046 1619 1267 1660 audiebam
1300 1624 1341 1659 et
1371 1632 1522 1671 magno
1555 1619 1716 1667 studio,
1753 1619 1901 1660 eadem

128 1685 177 1724 de
209 1698 252 1724 re
286 1684 410 1724 etiam
443 1684 631 1736 saepius,
663 1689 708 1724 ut
739 1684 863 1724 etiam
896 1683 1095 1723 maiorem
1118 1682 1478 1736 exspectationem
1500 1682 1580 1722 mei
1600 1681 1751 1722 faciam
1774 1695 1900 1736 quam

128 1746 252 1786 modo
291 1745 390 1785 fecit
427 1746 686 1786 Hortensius.
749 1747 851 1786 Cum
889 1746 946 1786 ita
985 1750 1095 1785 esset
1131 1758 1330 1792 exorsus,
1368 1745 1418 1785 ad
1450 1744 1707 1785 audiendum
1738 1745 1900 1786 animos

128 1808 350 1849 ereximus.
415 1805 476 1848 ll.
508 1810 560 1848 At
589 1809 683 1848 ille:
723 1809 825 1850 Cum
856 1808 1135 1848 Alexandriae
1168 1821 1241 1861 pro
1273 1814 1517 1861 quaestore,
1561 1809 1718 1861 inquit,
1751 1819 1950 1855 essem,25

127 1872 204 1911 fuit
233 1870 465 1911 Antiochus
497 1884 677 1918 mecum,
710 1877 750 1912 et
782 1877 868 1912 erat
900 1870 981 1910 iam
1013 1876 1136 1910 antea
1157 1871 1436 1911 Alexandriae
1462 1871 1679 1911 familiaris
1699 1870 1899 1911 Antiochi

126 1933 361 1973 Heraclitus
393 1933 562 1986 Tyrius,
596 1934 665 1986 qui
697 1939 737 1973 et
771 1934 1071 1974 Clitomachum
1104 1934 1258 1973 multos
1289 1947 1420 1973 annos
1445 1939 1483 1973 et
1511 1934 1732 1974 Philonem
1755 1933 1900 1974 audie-

128 2004 211 2044 rat,
242 1996 367 2035 homo
401 2009 500 2035 sane
532 1997 573 2035 in
606 1996 682 2035 ista
714 1997 1000 2050 philosophia,
1034 2010 1142 2050 quae
1175 2010 1285 2036 nunc
1319 2010 1448 2050 prope
1472 1996 1645 2037 dimissa
1665 2002 1899 2043 revocatur,

130 2060 325 2114 probatus
366 2063 406 2098 et
444 2059 616 2099 nobilis:
659 2074 750 2099 cum
794 2073 876 2113 quo
908 2060 1156 2099 Antiochum
1192 2072 1318 2112 saepe
1351 2060 1633 2112 disputantem
1664 2060 1900 2107 audiebam,

128 2123 199 2163 sed
232 2127 455 2175 utrumque
487 2122 648 2161 leniter.
697 2123 749 2162 Et
781 2122 950 2176 quidem
983 2123 1051 2162 isti
1084 2122 1178 2161 libri
1212 2122 1294 2162 duo
1326 2122 1526 2170 Philonis,
1559 2122 1610 2162 de
1632 2122 1786 2175 quibus
1808 2121 1899 2162 heri
1914 2132 1951 2162 30

128 2186 284 2225 dictum
317 2197 340 2223 a
373 2184 516 2224 Catulo
556 2189 638 2231 est,
677 2190 764 2224 tum
803 2191 920 2224 erant
951 2185 1079 2224 adlati
1110 2185 1408 2225 Alexandriam
1439 2190 1614 2239 tumque
1646 2187 1826 2239 primum
1857 2185 1902 2224 in

127 2246 320 2288 Antiochi
351 2260 496 2287 manus
527 2253 751 2287 venerant:
784 2254 822 2288 et
853 2248 978 2287 homo
1010 2253 1159 2288 natura
1190 2249 1446 2289 lenissumus
1467 2270 1522 2277 —
1546 2248 1651 2287 nihil
1683 2248 1793 2287 enim
1824 2260 1900 2300 po-

128 2316 232 2351 terat
266 2309 356 2349 fieri
394 2309 468 2348 illo
511 2309 648 2349 mitius
680 2332 733 2339 —-
765 2310 1014 2350 stomachari
1056 2316 1193 2350 tamen
1227 2312 1377 2364 coepit.
1438 2312 1640 2352 Mirabar:
1681 2323 1757 2350 nec
1789 2309 1900 2349 enim

127 2385 327 2425 umquam
359 2377 454 2411 ante
486 2372 684 2412 videram.
736 2374 788 2412 At
818 2373 908 2419 ille,
942 2373 1140 2412 Heracliti
1164 2374 1407 2413 memoriam
1429 2374 1663 2427 inplorans,
1697 2384 1900 2426 quaerere

130 2449 182 2474 ex
215 2448 283 2481 eo,
319 2433 614 2474 viderenturne
646 2435 718 2475 illa
748 2436 935 2475 Philonis
967 2441 1038 2475 aut
1068 2449 1116 2475 ea
1146 2450 1244 2476 num
1276 2437 1341 2476 vel
1374 2450 1394 2476 e
1426 2436 1599 2477 Philone
1632 2436 1697 2476 vel
1728 2449 1782 2475 ex
1813 2434 1898 2474 ullo
1914 2448 1950 2478 35

128 2496 377 2537 Academico
422 2497 650 2537 audivisset
695 2498 958 2552 aliquando?
1009 2499 1207 2551 Negabat.
1279 2499 1467 2540 Philonis
1513 2504 1652 2540 tamen
1699 2498 1899 2551 scriptum

216 2674 244 2704 l.
268 2673 450 2712 pertinatia
475 2673 538 2705 ΑΒ
566 2691 600 2695 -
635 2675 720 2712 quod
746 2674 774 2703 V
802 2692 836 2697 —
868 2675 897 2706 ⁶2.
927 2675 994 2706 αἰὶα
1019 2674 1057 2706 Βι
1085 2693 1120 2697 —-
1153 2675 1243 2707 nobis
1267 2675 1350 2707 AB:
1384 2684 1404 2706 a
1429 2674 1519 2705 nobis
1543 2673 1686 2711 Lamb.;
1712 2674 1803 2705 nobis
1826 2682 1898 2706 om.

128 2723 155 2753 V
171 2723 194 2754 O
222 2740 255 2744 —
283 2723 312 2754 3Δ
340 2724 479 2754 condam
504 2724 527 2754 B
557 2741 589 2745 —
617 2723 646 2755 4.
670 2725 842 2763 posttridie
865 2727 888 2756 A
906 2725 929 2756 B
951 2742 982 2745 —
1013 2726 1043 2756 5.
1072 2734 1174 2764 quam
1191 2725 1424 2764 —-fuissemus
1448 2732 1517 2755 om.
1539 2722 1578 2754 V¹
1598 2741 1632 2745 —
1660 2724 1690 2755 6.
1719 2724 1751 2754 ἱη
1774 2724 1900 2763 neopol.

130 2775 173 2810 Α,
199 2773 230 2803 in
257 2773 359 2812 eopol.
385 2772 427 2803 Ψ
446 2790 481 2794 -
509 2774 539 2804 7.
564 2774 651 2804 ucisto
675 2776 701 2805 Α
717 2774 743 2804 V
763 2792 796 2796 —
825 2774 855 2805 9.
881 2775 998 2813 inquid
1021 2776 1044 2806 B
1062 2793 1103 2798 -—
1130 2776 1180 2806 110.
1208 2775 1366 2814 totadfere
1391 2775 1414 2805 B
1435 2791 1469 2795 -
1497 2777 1635 2813 expecta
1659 2772 1696 2805 B¹
1713 2775 1902 2813 (expectare

130 2824 162 2854 in
188 2824 250 2854 AB
276 2832 418 2864 semper
442 2823 610 2864 scriptum
637 2824 704 2863 est)
726 2842 759 2846 —
790 2825 839 2855 Μ.
866 2828 895 2855 te
920 2825 950 2855 in
976 2825 1000 2855 B
1023 2833 1101 2865 sup.
1122 2823 1179 2856 lin.
1202 2841 1235 2846 —
1266 2825 1316 2855 42.
1336 2823 1470 2855 Lucullo
1494 2824 1513 2854 ἰ).
1530 2824 1674 2856 Parisini
1690 2825 1725 2864 (ἣ)
1752 2825 1898 2856 Davisii:

130 2873 249 2904 catullo
275 2874 298 2904 C
332 2890 366 2894 —
407 2872 458 2905 44.
482 2877 616 2912 promtu
645 2874 668 2905 B
702 2891 736 2895 ——
777 2875 828 2905 Π.
856 2883 1060 2914 quamquam
1091 2874 1188 2905 ualde
1213 2875 1236 2905 C
1263 2891 1304 2895 —
1342 2873 1393 2904 48.
1419 2882 1477 2904 nec
1500 2882 1539 2904 ea
1564 2874 1596 2904 in
1622 2874 1645 2905 B
1670 2882 1747 2915 sup.
1774 2873 1832 2905 lin.
1866 2891 1897 2896 —

130 2932 192 2954 non
218 2923 244 2953 si
266 2923 289 2962 f.
315 2923 339 2954 B
369 2940 403 2944 —-
431 2924 457 2953 si
480 2932 558 2954 vera
585 2934 647 2954 non
671 2924 793 2963 fuerint
818 2925 942 2955 Das-ies
968 2933 1010 2954 ex
1040 2924 1058 2955 ἱ)
1085 2924 1187 2955 codd.
1215 2924 1286 2954 suis
1313 2924 1347 2953 et
1369 2923 1397 2953 V
1422 2932 1512 2954 corr.
1539 2932 1585 2954 m.
1613 2924 1643 2954 2.
1674 2940 1708 2945 —
1737 2923 1790 2955 ⁴9.
1814 2923 1902 2955 vinci

131 2981 193 3002 non
211 2972 324 3003 malim
340 2973 462 3014 scripsi
479 2982 484 3003 τ
512 2974 599 3004 ¹uinci
617 2983 666 3004 me
683 2975 796 3005 malim
814 2975 857 3007 C:
886 2984 949 3005 non
965 2975 1051 3004 cinci
1068 2984 1116 3005 mc
1132 2974 1245 3004 malim
1265 2973 1344 3004 edd.
1360 2989 1393 2996 -
1420 2974 1546 3004 mallim
1569 2973 1608 3005 Αι
1623 2973 1662 3003 V¹
1683 2990 1716 2995 —
1736 2973 1902 3005 meercula

132 3022 154 3053 B
174 3038 207 3042 —
228 3021 280 3051 ΞΟ.
300 3021 498 3061 labefactata
515 3024 554 3053 132
568 3024 607 3052 W
621 3033 655 3054 r:
683 3024 847 3064 labefacta
865 3025 944 3060 CO;
974 3024 1015 3055 cs.
1036 3024 1075 3063 ἐξ
1095 3025 1142 3055 16.
1159 3024 1210 3055 32.
1239 3024 1342 3056 Acad.
1365 3027 1455 3064 post.
1476 3025 1499 3062 1,
1519 3024 1536 3064 S
1555 3023 1607 3055 33.
1629 3040 1663 3044 —
1690 3023 1743 3054 22.
1762 3032 1902 3063 magnos

131 3071 223 3100 Y1—
251 3070 304 3101 ς23.
331 3072 359 3101 ei
382 3072 408 3101 V
438 3089 471 3094 —
499 3072 550 3104 ⁶24.
577 3075 667 3104 [mim
692 3074 729 3105 Β1
754 3091 788 3096 --
824 3074 876 3104 ²25.
904 3076 1058 3114 quaestor
1084 3074 1207 3105 Dax‘ies
1241 3091 1269 3094 —
1296 3074 1390 3104 issem
1415 3074 1457 3109 C;
1485 3072 1901 3104 .·1le.1:‹1n(lriarn--issem

132 3123 289 3152 Goerenz
317 3139 351 3143 -
378 3122 431 3153 26.
456 3123 646 3154 anthiochus
669 3127 694 3155 A
724 3142 756 3146 -
791 3124 946 3155 antiochii
970 3124 1125 3154 eraclitus
1149 3125 1174 3154 Α
1200 3140 1234 3144 ——
1271 3124 1324 3155 ⁶27.
1351 3123 1528 3155 erachlitus
1550 3123 1646 3153 tirius
1669 3123 1692 3153 B
1716 3140 1759 3144 ——
1779 3122 1901 3162 philio-

132 3180 205 3202 ⁷zem
230 3171 268 3208 V,
292 3171 422 3211 filonem
445 3172 468 3202 B
496 3189 531 3193 —
558 3174 610 3204 029.
637 3183 700 3213 quo
725 3177 754 3204 et
776 3174 850 3204 Ant.
877 3172 954 3204 ,4²ss
983 3190 1016 3194 —
1054 3174 1106 3203 30.
1133 3173 1248 3204 leuiter
1272 3181 1291 3202 v
1317 3190 1351 3195 —
1379 3173 1431 3204 31.
1458 3173 1552 3203 allati
1577 3172 1641 3203 CO
1668 3171 1762 3210 (alati
1785 3171 1833 3211 B¹)
1861 3189 1895 3193 —

133 3221 311 3252 alexandri
340 3218 380 3252 Α1
406 3238 442 3243 -
477 3220 528 3252 32.
555 3223 731 3253 anthioctzii
761 3226 786 3254 Α
814 3241 848 3244 -
881 3223 933 3254 33.
961 3223 1012 3254 ille
1035 3222 1076 3253 V¹
1104 3240 1136 3244 —
1170 3223 1370 3254 sthomacari
1392 3225 1419 3254 Α
1445 3240 1480 3244 -
1511 3222 1596 3253 enim
1619 3222 1643 3252 B
1668 3229 1744 3262 sup.
1771 3219 1830 3252 lin.
1856 3238 1899 3243 -—

132 3270 184 3303 35».
203 3271 331 3302 eracliti
353 3273 379 3302 A
392 3271 420 3301 V
436 3288 479 3293 -—
496 3270 547 3302 35.
566 3273 757 3304 uiderentur
778 3282 835 3303 nec
852 3273 910 3303 itta
928 3271 965 3304 Β1
985 3291 1019 3295 -
1047 3282 1124 3303 num
1148 3272 1230 3303 uette
1251 3273 1413 3312 philonem
1432 3273 1487 3313 (fil.
1507 3274 1531 3303 Α
1547 3272 1582 3311 Β)
1604 3272 1646 3310 C,
1673 3271 1736 3302 sed
1754 3271 1786 3301 in
1804 3270 1831 3300 V
1848 3271 1900 3302 uel

130 3328 146 3351 e
166 3321 297 3360 philone
321 3320 397 3352 ead.
418 3329 463 3353 m.
484 3330 574 3353 corr.
597 3340 631 3345 -
659 3322 710 3354 36.
731 3323 921 3354 autdiuissee
938 3323 993 3360 A¹3
1024 3323 1188 3354 audiuisse
1204 3323 1239 3360 Β,
1265 3322 1329 3354 sed
1346 3331 1362 3354 e
1379 3324 1465 3354 extr.
1485 3331 1527 3354 ex
1545 3330 1634 3354 corr.
1656 3338 1690 3343 -
1709 3320 1830 3362 filionis
1846 3320 1894 3352 13¹.

2233 648 2246 684 θ-
2231 430 2247 621 ,νῧῶ-υ
2229 342 2241 407 J—

2237 948 2243 974 se>
2237 913 2240 931 -
2235 777 2249 907 -Α-νήᾲέ
