2249 3624
342 138 422 181 ⁶296
778 136 1207 178 TUSCULANARUM
1237 133 1674 175 DISPUTATIONUM

341 249 384 289 in
419 261 502 301 quo
532 247 711 287 facetum
741 243 847 284 illud
877 242 1037 290 Bionis,
1068 241 1242 297 perinde
1274 240 1562 281 stultissimum
1593 252 1733 292 regem
1763 240 1806 280 in
1836 240 1949 281 luctu
1981 240 2110 294 capil-

341 311 427 350 lum
467 310 546 349 sibi
578 308 770 354 evellere,
812 305 933 359 quasi
965 305 1133 345 calvitio
1165 317 1329 343 maeror
1357 303 1580 343 levaretur.
1626 299 1692 340 63.
1727 302 1808 342 Sed
1837 302 1940 342 haec
1971 303 2110 343 omnia

340 372 495 412 faciunt
525 372 742 424 opinantes
773 369 829 408 ita
859 367 950 407 fieri
981 372 1185 421 oportere.
1232 367 1378 418 Itaque
1409 370 1449 404 et
1469 363 1698 404 Aeschines
1720 365 1763 404 in
1784 364 2109 404 Demosthenem

341 433 571 479 invehitur,
613 431 725 486 quod
757 432 791 471 is
823 431 1001 483 septimo
1034 429 1101 468 die
1133 434 1228 482 post
1260 426 1367 467 filiae
1398 432 1574 466 mortem
1605 428 1760 467 hostias
1792 427 2107 469 immolavisset.

310 497 394 536 5At
425 509 546 549 quam
578 494 806 541 rhetorice,
847 505 972 546 quam
1004 492 1195 544 copiose,
1233 503 1334 544 quas
1366 490 1593 530 sententias
1624 490 1807 543 colligit,
1847 502 1953 544 quae
1985 489 2111 529 verba

342 558 616 610 contorquet!
658 562 703 595 ut
741 556 866 595 licere
911 553 1077 608 quidvis
1114 554 1268 593 rhetori
1306 553 1537 606 intellegas.
1594 552 1711 602 Quae
1742 566 1866 593 nemo
1898 552 2110 606 probaret,

341 620 422 659 nisi
459 619 628 659 insitum
665 617 768 663 illud
808 618 850 657 in
888 616 1037 657 animis
1077 616 1349 662 haberemus,
1390 615 1524 655 omnis
1565 615 1698 655 bonos
1737 615 1907 656 interitu
1939 628 2111 655 suorum

343 694 467 734 quam
499 681 738 733 gravissime
772 692 956 721 maerere
990 684 1196 732 oportere.
1243 679 1308 718 Ex
1338 678 1418 718 hoc
1450 678 1608 725 evenit,
1648 683 1695 718 ut
1723 679 1767 719 in
1798 678 1925 719 animi
1957 677 2113 718 dolori-

343 744 420 783 bus
451 743 521 783 alii
554 743 802 784 solitudines
835 747 1021 796 captent,
1058 748 1103 781 ut
1133 742 1190 781 ait
1219 741 1426 781 Homerus
1459 740 1509 779 de
1540 740 1889 795 Bellerophonte:

292 814 328 843 ἰο
513 806 606 854 Qui
637 807 794 846 miser
824 806 877 845 in
909 806 1100 858 campis
1133 817 1373 844 maerens
1406 805 1619 844 errabat
1648 804 1812 852 Aleis,

510 870 621 921 Ipse
653 883 802 909 suum
834 882 917 908 cor
949 867 1128 915 edens,
1160 867 1428 907 hominum
1460 867 1691 920 vestigia
1721 867 1908 907 vitans.

341 933 392 972 Et
432 929 566 971 Nioba
604 931 776 985 fingitur
812 931 997 984 lapidea,
1033 936 1203 984 propter
1241 935 1458 970 aeternum
1498 929 1624 969 credo
1667 931 1709 970 in
1739 930 1857 969 luctu
1888 929 2112 969 silentium.

341 994 554 1034 Hecubam
594 1000 732 1034 autem
770 999 920 1047 putant
959 999 1129 1047 propter
1170 992 1295 1032 animi
1336 991 1600 1031 acerbitatem
1635 992 1846 1045 quandam
1878 997 1920 1032 et
1955 991 2113 1032 rabiem

340 1056 441 1109 fingi
475 1057 516 1096 in
549 1069 694 1096 canem
727 1070 819 1096 esse
852 1069 1107 1096 conversam.
1156 1055 1261 1094 Sunt
1292 1061 1429 1094 autem
1452 1054 1544 1101 alii,
1578 1067 1684 1108 quos
1706 1055 1748 1094 in
1772 1055 1886 1095 luctu
1907 1068 2000 1095 cum
2021 1054 2114 1108 ipsa

291 1126 327 1155 Ι15
342 1119 565 1159 solitudine
596 1119 714 1173 loqui
749 1133 872 1173 saepe
907 1118 1106 1165 delectat,
1136 1123 1181 1157 ut
1211 1117 1284 1157 illa
1314 1116 1424 1170 apud
1455 1117 1636 1156 Ennium
1667 1117 1830 1157 nutrix:

513 1181 710 1234 Cupido
743 1181 877 1235 cepit
907 1181 1148 1220 miseram
1183 1193 1318 1219 nunc
1350 1192 1424 1219 me
1455 1179 1707 1233 proloqui

513 1244 663 1284 Caelo
695 1250 855 1298 atque
888 1250 1055 1283 terrae
1087 1242 1288 1283 Medeai
1321 1243 1574 1282 miserias.

341 1307 513 1346 XXVII.
545 1305 611 1346 64.
641 1308 754 1347 Haec
785 1307 921 1346 omnia
952 1312 1084 1353 recta,
1125 1318 1246 1352 vera,
1287 1305 1427 1345 debita
1463 1310 1658 1358 putantes
1691 1304 1846 1346 faciunt
1876 1306 1919 1346 in
1950 1306 2111 1354 dolore,

343 1369 610 1422 maximeque
653 1368 834 1409 declarat
872 1370 951 1408 hoc
995 1368 1113 1422 quasi
1154 1366 1277 1407 officii
1319 1368 1476 1407 iudicio
1507 1365 1617 1415 fieri,
1658 1367 1791 1420 quod,
1823 1368 1857 1408 si
1890 1369 1962 1422 qui
1993 1369 2114 1418 forte,

292 1441 328 1470 ΞΟ
345 1445 436 1471 cum
469 1445 512 1471 se
543 1432 586 1470 in
618 1432 732 1472 luctu
763 1446 853 1471 esse
885 1432 1063 1478 vellent,
1104 1430 1263 1484 aliquid
1295 1430 1487 1470 fecerunt
1517 1431 1740 1471 humanius
1773 1436 1842 1470 aut
1874 1432 1907 1470 si
1939 1431 2114 1471 hilarius

342 1495 469 1535 locuti
501 1499 615 1541 sunt,
656 1500 856 1534 revocant
886 1507 928 1533 se
960 1507 1104 1533 rursus
1137 1494 1186 1533 ad
1224 1493 1473 1532 maestitiam
1505 1494 1750 1547 peccatique
1785 1507 1829 1533 se
1860 1493 2115 1541 insimulant,

344 1558 458 1611 quod
490 1557 634 1597 dolere
660 1558 974 1597 intermiserint.
1020 1558 1176 1596 Pueros
1200 1570 1298 1596 vero
1321 1562 1473 1596 matres
1497 1563 1536 1596 et
1557 1557 1742 1608 magistri
1765 1557 1966 1609 castigare
1990 1556 2116 1595 etiam

343 1620 497 1667 solent,
539 1633 615 1659 nec
657 1621 794 1659 verbis
839 1620 996 1666 solum,
1038 1619 1110 1658 sed
1150 1619 1273 1658 etiam
1306 1619 1571 1666 verberibus,
1613 1619 1647 1658 si
1681 1619 1781 1672 quid
1813 1619 1855 1658 in
1888 1618 2115 1658 domestico

343 1683 457 1722 luctu
488 1683 663 1722 hilarius
696 1682 745 1722 ab
777 1683 828 1721 iis
859 1682 1009 1722 factum
1043 1687 1104 1721 est
1134 1687 1204 1721 aut
1235 1681 1407 1728 dictum,
1439 1682 1605 1734 plorare
1640 1686 1808 1734 cogunt.
1855 1680 1994 1729 Quid?
2026 1680 2116 1734 ipsa

293 1754 328 1782 25
342 1746 534 1786 remissio
570 1746 706 1785 luctus
748 1759 841 1785 cum
875 1750 936 1784 est
968 1750 1192 1784 consecuta
1223 1744 1568 1797 intellectumque
1601 1749 1663 1783 est
1694 1743 1796 1783 nihil
1828 1740 1971 1796 profici
2004 1755 2115 1782 mae-

342 1807 494 1855 rendo,
526 1822 666 1848 nonne
699 1821 762 1847 res
796 1808 980 1847 declarat
1010 1807 1140 1847 fuisse
1173 1812 1301 1846 totum
1331 1805 1434 1845 illud
1458 1806 1766 1846 voluntarium?
1813 1803 1881 1845 65.
1908 1804 2022 1854 Quid
2043 1804 2114 1844 ille

343 1872 620 1911 Terentianus
651 1872 741 1924 ipsc
774 1884 817 1910 se
850 1871 1072 1924 poeniens,
1104 1870 1147 1908 id
1179 1876 1241 1909 est
1272 1869 1426 1910 ἑαυτὸν
1462 1868 1804 1922 τιμωρούμενοςῗ

513 1934 736 1973 Decrevi
769 1934 1029 1986 tantisper
1060 1946 1133 1972 me
1165 1932 1337 1972 minus
1367 1931 1627 1978 iniuriae,

514 1995 780 2043 Chremes,
815 2009 922 2035 meo
955 2001 1109 2048 gnato
1142 1994 1346 2041 facere,
1379 1994 1491 2033 dum
1522 1993 1645 2033 fiam
1677 1994 1842 2034 miser.

293 2066 328 2096 30
343 2059 419 2100 Hic
451 2059 637 2099 decernit
668 2065 712 2098 ut
743 2060 869 2099 miser
901 2059 964 2098 sit.
1013 2060 1118 2097 Num
1151 2058 1244 2111 quis
1275 2057 1404 2110 igitur
1435 2056 1660 2110 quicquam
1686 2057 1871 2098 decernit
1900 2057 2086 2098 invitus?

511 2121 645 2162 Malo
680 2121 896 2175 quidem
930 2134 1003 2161 me
1037 2121 1224 2174 quovis
1257 2120 1466 2172 dignum
1499 2119 1764 2173 deputem.

431 2320 461 2351 3.
489 2321 654 2350 aescinnes
678 2319 700 2349 C
733 2335 764 2341 -
801 2319 1013 2350 demostenem
1040 2319 1062 2347 G
1080 2319 1120 2349 R:
1157 2318 1356 2348 demostenen
1382 2318 1406 2348 B
1436 2335 1469 2339 —
1501 2317 1531 2347 5.
1559 2325 1659 2356 quam
1683 2317 1853 2358 eiccopiose
1877 2318 1954 2351 GR:
1983 2326 2066 2357 quas
2087 2321 2117 2349 et

341 2371 468 2410 copiose
494 2373 531 2409 tet
557 2370 588 2400 in
616 2376 747 2399 rasura*
776 2369 797 2398 13
824 2385 864 2390 ——
891 2368 920 2398 6.
948 2369 1068 2398 retheri
1095 2368 1118 2397 G
1135 2368 1156 2398 R
1186 2384 1218 2388 -
1256 2367 1305 2396 110,
1333 2365 1427 2406 Aleis]
1455 2366 1571 2396 olienis
1595 2366 1618 2397 C
1648 2384 1682 2388 —
1712 2367 1761 2397 it.
1789 2375 1845 2397 cor
1869 2368 2000 2398 euidens
2025 2368 2048 2399 C
2077 2385 2112 2391 —

342 2422 430 2450 uinis
455 2420 478 2449 C
510 2437 540 2441 -
574 2418 620 2449 ¹4.
650 2428 712 2457 quo
739 2420 767 2448 in
796 2420 818 2447 G
837 2419 857 2448 H
888 2436 919 2440 —
956 2419 990 2448 ¹5
1033 2417 1249 2456 «Tregderus
1276 2416 1432 2447 scribere
1459 2416 1578 2447 debuit
1597 2417 1742 2455 decertet,
1770 2417 1863 2457 quod
1883 2417 1975 2449 idem
1995 2418 2116 2449 vitium

343 2470 360 2510 g
386 2470 425 2500 :50
452 2471 484 2499 ct
509 2469 548 2498 ’.6
581 2471 675 2499 recte
708 2468 855 2498 correxit
905 2467 953 2497 tis?
983 2467 1062 2497 obs.
1091 2469 1121 2497 in
1152 2468 1238 2497 sest.
1268 2476 1298 2506 p.
1328 2466 1379 2497 47.
1409 2466 1543 2505 Madvig
1569 2466 1611 2496 ad
1639 2467 1707 2498 Fin.
1736 2468 1759 2503 l,
1787 2466 1839 2497 70.
1866 2468 2056 2508 Archetypi
2082 2468 2114 2499 iu

342 2518 542 2550 huiusmodi
569 2517 871 2548 {criminationibus
897 2518 1085 2547 auctoritas
1111 2525 1173 2555 pe:-
1196 2525 1231 2546 se
1259 2517 1329 2556 ipsu
1357 2516 1444 2546 nulla
1472 2518 1541 2547 est:
1570 2516 1611 2547 cf.
1639 2518 1664 2555 Ι,
1695 2517 1743 2547 Ι3.
1772 2517 1820 2547 18.
1841 2518 1892 2548 ΞΘ,
1920 2518 1959 2555 ΙΙ,
1979 2517 2030 2549 30.
2058 2518 2112 2557 111,

344 2571 394 2598 «tt.
422 2568 473 2598 136.
504 2568 555 2601 tv,
584 2568 634 2597 68.
662 2567 726 2597 ai„
754 2568 807 2597 W.
837 2568 876 2597 (ΙΙ
913 2568 1035 2599 Zumpt
1062 2567 1079 2606 g
1106 2567 1178 2597 55³3.
1208 2585 1239 2589 —
1268 2567 1305 2596 tT
1341 2567 1468 2597 Medeai
1493 2566 1696 2597 Turnebus:
1725 2568 1854 2597 medeae
1879 2567 1902 2598 C
1926 2585 1959 2589 —
1988 2567 2038 2597 49.
2059 2567 2116 2597 de—

341 2619 447 2649 clara!
474 2617 636 2648 Woltins:
665 2618 859 2647 defluit-atter·
885 2616 928 2647 C.
967 2617 1082 2646 allant·
1110 2616 1296 2656 ,archetypi
1324 2616 1533 2656 scripturam
1560 2616 1709 2647 Klotzius
1735 2618 1767 2647 et
1789 2615 1987 2655 Tregderus
2013 2625 2115 2647 revo-

344 2671 529 2701 caxerunt,
563 2668 661 2707 quasi
693 2667 882 2699 diceretur.
919 2675 980 2697 cur
1013 2665 1092 2696 illud
1120 2667 1269 2696 maxime
1296 2666 1551 2698 declararetur.
1579 2675 1620 2697 ac
1645 2676 1725 2704 nun,
1753 2666 1831 2705 quid
1855 2665 1937 2696 illud
1964 2667 2115 2697 maxime

343 2719 547 2750 declarati-et.
585 2719 687 2748 Recte
707 2717 850 2748 tii-eitius
876 2726 916 2747 ex
936 2716 1048 2747 Woltii
1076 2717 1293 2747 coniectura:
1322 2716 1530 2752 declarat,
1558 2716 1578 2746 i.
1601 2724 1630 2746 e.
1659 2716 1804 2746 marimo
1828 2715 1917 2754 hoc,
1945 2717 2116 2755 quod--

342 2774 495 2800 rei-erunt
520 2778 551 2799 se
576 2777 691 2798 rus-sus·
715 2769 757 2798 ad
782 2769 994 2798 niues-titium.
1022 2766 1171 2797 declarat
1195 2767 1252 2796 hoc
1268 2767 1425 2805 --fieri:
1454 2765 1495 2796 cf.
1524 2766 1547 2801 Ι,
1575 2765 1608 2796 31
1630 2775 1635 2794 t
1667 2766 1868 2796 illutcwnum
1899 2774 2116 2806 argumen-

343 2822 423 2851 tum
449 2823 503 2849 es!
534 2832 578 2857 ⁴z
602 2819 752 2848 maxime
780 2817 939 2853 declarat¹
971 2820 1128 2847 naturam
1146 2835 1192 2840 --
1212 2818 1378 2854 iudicare,
1412 2816 1520 2855 quod
1545 2816 1692 2846 omnibus
1717 2825 1818 2847 curae
1841 2819 1915 2847 sunt
1938 2830 1977 2844 z
2001 2815 2054 2853 IV,
2081 2816 2113 2847 7.

345 2870 400 2900 Fin
442 2869 495 2900 ΙΙΙ,
528 2869 575 2898 it.
604 2870 675 2899 Cat.
705 2869 746 2898 M.
775 2867 792 2907 g
819 2868 869 2898 78.
906 2868 1044 2899 passivo
1071 2868 1262 2897 declaratur
1286 2867 1366 2897 addi
1392 2865 1546 2897 debebat
1571 2874 1607 2896 eo
1641 2866 1732 2905 (hac,
1766 2866 1822 2896 illa
1854 2865 1914 2905 re).
1960 2866 2009 2897 De
2035 2867 2115 2896 nota

343 2919 596 2950 terminationis
630 2927 669 2947 ιιι·
702 2917 790 2948 mate
824 2917 939 2948 addita
966 2916 1008 2948 cs.
1036 2918 1064 2949 Ι.
1093 2918 1145 2947 75.
1173 2918 1212 2953 ΙΙ,
1239 2918 1291 2948 51,
1320 2916 1372 2947 IV.
1403 2917 1452 2947 2¹.
1491 2917 1556 2946 Pro
1581 2916 1639 2946 hcc
1664 2917 1781 2947 autem
1808 2915 2037 2947 scribendum
2063 2917 2117 2947 est

343 2968 438 2998 hoec:
468 2968 592 2997 dicitur
618 2968 709 2998 enim
736 2967 876 2998 brexius
904 2967 1008 3003 idem,
1036 2967 1128 3006 quod
1149 2967 1345 3006 praecedit:
1373 2966 1470 2996 haee
1489 2968 1599 2997 omnia
1617 2970 1705 2996 recta
1723 2970 1936 3006 --pulantes
1954 2968 2002 3004 t:
2018 2965 2116 3006 officii

343 3018 477 3056 iudicio)
502 3018 625 3054 faciunt
652 3019 681 3047 in
708 3018 828 3048 sivla-e.
866 3018 944 3048 Hoc
962 3033 1006 3040 -—
1023 3017 1095 3056 fieri
1120 3016 1309 3047 absurdam
1337 3016 1424 3046 hanc
1451 3015 1598 3046 haberet
1624 3015 1865 3055 tautologiam:
1894 3019 1929 3046 ut
1953 3016 2115 3046 ‹dioec--

345 3069 449 3099 debila
473 3070 625 3106 putantes
647 3067 774 3106 faviane
798 3068 829 3097 in
856 3068 998 3104 dolore»,
1027 3067 1120 3105 quasi
1145 3067 1241 3105 officii
1268 3066 1386 3095 iudicio
1408 3066 1514 3104 fieriu
1541 3067 1596 3096 W.
1622 3066 1701 3097 Mihi
1725 3066 1783 3096 hoc
1799 3065 1937 3097 videtur
1954 3065 2115 3097 nomina-—

347 3119 436 3149 tix‘us
462 3126 539 3149 esse
567 3119 615 3157 t:
639 3126 678 3148 ea
706 3127 789 3155 resq
825 3117 867 3148 ad
894 3118 967 3158 fieri
1000 3120 1117 3148 autem
1151 3115 1301 3154 intelligo
1334 3116 1413 3146 haec
1437 3117 1560 3147 omnia.
1589 3133 1623 3137 -
1653 3116 1704 3147 Ξῖ.
1733 3115 1774 3146 ab
1798 3115 1846 3146 his
1871 3115 1894 3146 C
1922 3132 1955 3136 —
1984 3115 2036 3146 25.
2062 3116 2115 3147 in-

344 3171 534 3209 telleceaque
559 3170 582 3200 C
611 3186 643 3190 -
672 3171 717 3198 est
741 3177 797 3198 om
838 3170 880 3198 O.
909 3169 978 3199 «De
1003 3172 1047 3198 est
1075 3168 1108 3198 in
1135 3167 1327 3198 conium-tis
1353 3167 1534 3197 sententiis
1565 3167 1687 3197 iterato
1712 3174 1743 3196 ν.
1770 3165 1788 3206 S
1813 3164 1865 3196 74.
1893 3166 1927 3196 et
1949 3165 2114 3196 Kuehner

346 3220 390 3252 ad
415 3220 454 3255 V,
482 3220 498 3250 Ξ
520 3232 534 3246 ι»
564 3237 596 3241 -
633 3219 681 3248 Ξῖ.
708 3220 874 3256 poenitens
899 3220 922 3250 C
952 3235 984 3239 —
1021 3219 1051 3248 id
1082 3221 1125 3247 est
1156 3213 1293 3248 ἑαιτὲν
1318 3213 1602 3259 τιμωρούμενος
1626 3215 1799 3256 glossema
1825 3223 1903 3247 esse
1927 3214 2113 3247 videbatur

346 3272 381 3303 P.
409 3269 560 3301 Manutio
587 3269 620 3299 et
645 3267 823 3299 Lainbinu.
853 3286 886 3290 —
913 3265 1508 3299 EAYTONTEIJLQPOTMENOC
1530 3267 1589 3298 GR
1615 3284 1649 3288 —
1677 3266 1730 3298 ⁶29.
1758 3265 1891 3298 Chreme
1914 3265 1958 3298 Ο.
