2249 3624
876 207 1215 249 FRAGMENTA.
1845 209 1926 251 983

271 311 329 349 32.
367 310 408 349 Si
437 309 540 349 deus
566 323 672 350 unus
700 317 781 361 est,
811 323 917 363 quae
942 323 1035 350 esse
1063 310 1183 350 beata
1211 311 1385 352 solitudo
1415 314 1569 363 queat?
1597 315 1701 363 (Lac
1719 320 1804 353 tan
1822 316 1926 354 tius

172 375 292 413 Inst.
324 372 350 411 l.
379 374 410 411 I.
437 385 471 412 c.
502 374 561 420 7.)

271 436 332 473 33.
369 436 625 488 Praecipiunt
668 436 768 475 haec
812 438 838 485 †
879 437 988 484 istis3
1038 437 1130 475 facit
1168 450 1302 476 nemo.
1360 438 1571 486 (Nonius
1612 452 1649 476 v.
1685 441 1925 492 Praecipere

171 511 212 551 p.
243 498 352 547 372.)

271 562 330 600 34.
368 562 467 598 Recte
507 562 645 598 Tullius
677 563 798 598 civiles
828 564 948 603 viros,
995 565 1155 608 quirem
1182 565 1367 609 puble'cam
1399 564 1609 610 qubernenc,
1641 567 1703 611 qui
1733 567 1836 602 urbes
1865 573 1926 603 aut
1957 576 1974 604 5

171 636 282 661 novas
315 627 530 661 constituant
566 631 628 660 aut
663 627 874 661 constitutas
911 628 1091 671 aequitate
1127 632 1315 667 tueantur,
1367 629 1430 672 qui
1465 630 1618 663 salutem
1658 630 1926 675 libertatemque

171 689 302 724 civium
332 688 386 723 vel
416 688 516 722 bonis
543 688 678 733 leqe'bus
711 688 765 723 vel
799 689 1006 723 salubribus
1042 690 1203 723 consiliis
1239 690 1293 724 vel
1328 691 1472 725 iudiciis
1501 692 1672 736 gravibus
1706 698 1923 733 conservent,

169 751 416 798 philosophiae
447 751 653 786 doctoribus
679 752 851 796 praefert.
908 749 1111 798 Profecto,
1142 753 1276 797 inquil,
1313 751 1443 788 omnis
1487 751 1656 790 istorum
1688 751 1923 802 disputatio,

170 822 417 863 quamquam
448 810 677 850 uberrimos
707 811 837 849 sontes
867 811 1024 849 virtutis
1059 817 1099 850 et
1133 812 1327 851 scientiae
1364 814 1587 858 contineat,
1618 820 1753 852 tamen
1781 814 1925 854 collata

171 886 261 913 cum
289 874 431 912 horum
457 874 557 913 actis
585 874 860 925 perfectisque
889 874 1014 912 rebus
1044 886 1188 912 vereor
1218 886 1268 912 ne
1306 887 1385 913 non
1415 881 1569 914 tantum
1600 875 1787 916 videatur
1817 883 1975 917 attu-io

168 935 266 975 lisse
305 936 473 987 negotiis
520 937 726 976 hominum
767 936 969 985 utilitatis,
1017 943 1213 987 quantum
1261 937 1574 977 oblectationem
1604 939 1810 990 quandam
1842 941 1924 979 otii.

170 1000 491 1049 (Lactantius
515 1000 662 1038 Institt.
692 1001 735 1038 L.
768 1002 835 1038 Ill.
867 1013 900 1038 c.
933 1001 989 1038 16.
1023 1002 1058 1050 ,5.
1093 1001 1128 1039 2.
1160 1006 1200 1038 et
1229 1001 1280 1050 5.)

271 1063 332 1102 35.
366 1063 477 1110 Quae
506 1069 569 1101 est
594 1063 718 1112 igitur
745 1062 1022 1114 philosophia,
1055 1063 1252 1101 Socrate?²
1280 1075 1356 1101 nec
1385 1062 1525 1102 dubito
1547 1064 1669 1114 quin,
1699 1076 1926 1116 quaecum-

175 1136 256 1175 que
283 1125 357 1172 sit,
386 1124 537 1164 lautum
566 1125 717 1163 κίοῐυῐιι
747 1130 786 1163 et
814 1124 1041 1174 elegantem
1069 1126 1282 1175 magnifiee
1310 1137 1445 1176 neque
1466 1126 1599 1164 minus
1619 1139 1740 1178 quam
1760 1127 1928 1166 deceret

176 1186 310 1226 colere
339 1187 594 1226 instituisset.
652 1188 855 1236 (Nonius
883 1200 918 1225 v.
950 1188 1119 1226 Lautum
1156 1200 1194 1238 p.
1226 1188 1327 1235 337.)
1941 1201 1976 1229 ⁴5

273 1250 334 1291 36.
374 1248 462 1288 Vidi
488 1250 527 1288 in
556 1249 696 1288 dolore
725 1249 931 1301 podagrae
960 1249 1081 1288 nihilo
1108 1250 1242 1301 ipsum
1272 1249 1335 1288 vel
1365 1251 1542 1288 omnium
1569 1252 1787 1291 maximum
1816 1253 1927 1292 Stoi-

171 1324 336 1361 corum,
367 1312 647 1358 Posidonium,
688 1324 811 1364 quam
839 1312 1127 1351 Nicomachum
1155 1312 1339 1364 Tyrium,
1369 1312 1571 1364 hospitem
1598 1326 1754 1363 meum,
1788 1315 1928 1354 fortio—

170 1387 271 1414 rem.
330 1373 479 1424 (Idem
505 1388 543 1414 v.
575 1374 646 1413 Vel
673 1387 711 1426 p.
755 1376 864 1422 527.)

272 1439 334 1477 37.
369 1459 415 1466 -
444 1436 719 1489 eloquentiam
747 1438 871 1487 tueri,
914 1449 1038 1488 quam
1070 1442 1112 1475 tu
1150 1436 1190 1474 in
1219 1436 1401 1486 caelum,
1442 1439 1653 1486 Hortensi,
1696 1438 1842 1489 credo,
1886 1445 1930 1478 ut

169 1500 259 1551 ipse
317 1511 410 1539 cum
467 1512 514 1540 ea
571 1499 688 1539 simul
737 1498 1037 1546 adscenderes‚
1093 1498 1348 1539 sustulisse&
1418 1499 1571 1550 (Idem
1621 1513 1658 1540 v,
1716 1501 1928 1541 Sublatum
1941 1513 1978 1542 20

171 1574 211 1614 p.
254 1563 356 1612 385.)

273 1626 333 1666 38.
374 1626 434 1664 Tu
461 1637 525 1663 me
555 1631 595 1663 et
622 1623 722 1664 alias
750 1636 830 1663 non
858 1635 1080 1674 numquam
1102 1628 1141 1662 et
1167 1622 1287 1675 paulo
1308 1630 1400 1663 ante
1420 1624 1658 1665 adhortatus
1678 1637 1744 1676 es,
1773 1632 1811 1664 ul
1829 1625 1930 1666 alio-

171 1700 260 1727 rum
288 1688 392 1728 sacta
421 1692 461 1726 et
487 1693 634 1726 eventa
663 1687 964 1737 conquirerem.
1022 1686 1176 1736 (Idem
1205 1700 1241 1724 v.
1272 1687 1453 1726 Eventus
1480 1700 1518 1738 p.
1554 1688 1654 1737 201.)

271 1750 330 1789 39.
374 1751 451 1798 Qui
478 1762 570 1788 cum
599 1748 718 1788 hodie
745 1748 899 1788 bellum
927 1761 1019 1788 cum
1046 1754 1203 1788 mortuo
1231 1755 1376 1799 gerant
1400 1773 1448 1779 —
1477 1750 1776 1799 (Arusianus
1803 1752 1929 1790 Mes—

175 1813 286 1852 sius
314 1825 354 1864 p.
383 1814 468 1852 217.
512 1812 710 1862 Lindem.)
1943 1822 1981 1853 25

272 1876 332 1915 40.
371 1876 457 1922 Qua
494 1887 537 1913 re
576 1874 695 1912 velim
730 1874 815 1913 dari
844 1874 958 1919 mihi,
999 1873 1185 1917 Luculle,
1215 1874 1358 1914 iubeas
1386 1874 1561 1914 indicem
1590 1876 1852 1926 tragicorum,
1889 1882 1932 1915 ut

172 1950 354 1983 sumam,
388 1939 421 1976 si
453 1937 521 1988 qui
549 1937 650 1975 sorte
677 1937 772 1974 mihi
802 1935 965 1975 desunt.
1021 1937 1222 1986 (Nonius
1249 1950 1286 1975 v.
1318 1938 1490 1976 Sumere
1518 1950 1557 1988 p.
1589 1940 1694 1986 396.)

272 2002 332 2040 41.
373 2001 598 2039 Facessant
639 2000 761 2050 igitur
799 2011 965 2048 omneS,
1009 2000 1078 2050 qui
1119 1998 1268 2038 docere
1311 2000 1407 2038 nihil
1440 2005 1631 2052 possunt,
1675 2012 1754 2051 quo
1786 2000 1931 2040 melius

173 2063 487 2116 sapientiusque
515 2064 713 2101 vivamus.
772 2061 923 2112 (Idem
950 2076 987 2102 V.
1020 2064 1241 2101 Facessere
1270 2075 1308 2114 p.
1342 2065 1445 2112 307.)

271 2125 332 2165 42.
371 2125 412 2164 Si
452 2125 590 2173 nobis,
634 2137 725 2163 cum
767 2137 817 2163 ex
858 2124 933 2164 hac
974 2125 1054 2163 vita
1083 2125 1437 2175 emigraverimus,
1481 2126 1521 2164 in
1551 2126 1763 2166 beatorum
1790 2125 1989 2165 insulisao

171 2185 398 2225 immortale
430 2196 598 2232 aevum,
628 2190 671 2223 ut
699 2183 859 2223 fabulae
888 2185 1044 2233 serunt,
1092 2183 1242 2234 degere
1272 2184 1433 2234 liceret,
1464 2187 1562 2237 quid
1590 2200 1693 2238 opus
1714 2194 1823 2227 esset
1845 2188 1932 2227 elo—

174 2248 359 2298 quentia,
387 2259 477 2286 cum
505 2246 653 2286 iudicia
683 2246 791 2286 nulla
830 2248 994 2289 fierent,
1030 2252 1098 2286 aut
1127 2248 1227 2298 ipsis
1265 2248 1386 2285 etiam
1421 2248 1664 2288 virtutibus?
1716 2251 1799 2289 Nec
1827 2251 1933 2289 enim

173 2309 405 2349 fortitudine
439 2321 675 2360 egeremus,
706 2308 818 2347 nullo
848 2309 1056 2360 proposito
1089 2314 1158 2348 aut
1185 2309 1324 2348 labore
1354 2316 1423 2349 aut
1448 2311 1644 2361 periculo,
1674 2313 1931 2361 nociustitia,

179 2385 270 2412 cum
299 2377 410 2410 esset
440 2370 535 2410 nihil
567 2372 678 2422 quod
711 2376 977 2422 appeteretur
1009 2370 1155 2420 alieni,
1190 2383 1266 2410 nec
1298 2374 1590 2423 temperantia,
1632 2386 1737 2425 quae
1772 2381 1935 2425 regeret

175 2447 266 2484 eas,
297 2446 403 2486 quae
437 2432 572 2472 nullae
599 2439 752 2482 essent,
783 2432 996 2472 libidines:
1027 2446 1077 2472 ne
1107 2433 1325 2485 prudentia
1355 2434 1519 2486 quidem
1555 2448 1792 2485 egeremus,
1822 2436 1932 2475 nullo
1946 2443 1982 2472 35

175 2497 338 2536 delectu
364 2496 573 2548 proposito
597 2495 798 2534 bonorum
832 2502 872 2534 et
899 2495 1111 2535 malorum.
1166 2497 1251 2535 Una
1278 2496 1399 2547 igitur
1430 2508 1614 2536 essemus
1646 2497 1754 2537 beati
1792 2500 1933 2549 cogni—

175 2560 283 2598 tione
322 2565 491 2599 naturae
532 2563 570 2596 et
590 2558 779 2607 scientia,
807 2571 887 2609 qua
907 2558 992 2597 sola
1014 2559 1134 2597 etiam
1153 2557 1323 2596 deorum
1341 2564 1403 2596 est
1419 2559 1498 2598 vita
1519 2558 1736 2598 laudanda.
1777 2560 1836 2598 Ex
1853 2572 1932 2611 quo

175 2621 341 2672 intelligi
366 2626 502 2672 potest
529 2626 665 2659 cetera
694 2620 951 2659 necessitatis
981 2632 1100 2669 esse,
1132 2632 1254 2658 unum
1285 2621 1359 2658 hoc
1390 2620 1623 2660 voluntatis.
1670 2622 1858 2672 (Augus
1877 2623 1932 2661 ti-

175 2696 272 2722 nus
301 2683 351 2722 de
379 2684 517 2723 Trinit.
548 2682 573 2720 1.
603 2683 707 2720 XIV.
739 2695 773 2721 c.
805 2685 840 2722 9.
872 2684 915 2722 Τ.
946 2685 1015 2721 111.
1047 2695 1085 2734 p.
1122 2684 1230 2731 432.)

275 2747 336 2785 43.
372 2767 419 2775 —-
463 2744 611 2783 deinde
651 2744 746 2783 honi
786 2756 922 2784 mores
958 2750 998 2783 et
1027 2745 1296 2784 modestiores
1326 2750 1365 2783 et
1393 2743 1445 2783 ad
1473 2745 1672 2795 capienda
1708 2752 1930 2798 praecepta
1946 2754 1982 2784 40

176 2807 394 2846 molliores.
449 2807 667 2855 (Nonius
696 2819 732 2845 V.
765 2807 864 2857 Capi
893 2819 931 2857 p.
974 2808 1073 2857 254.)

275 2870 336 2909 44.
375 2893 419 2898 —-
462 2869 599 2909 Altera
648 2874 711 2908 est
750 2881 854 2908 nexa
904 2881 996 2908 cum
1038 2870 1249 2921 superiore
1291 2874 1331 2908 et
1368 2867 1464 2907 inde
1505 2875 1682 2921 apteque
1727 2870 1929 2922 pendens.

179 2931 337 2982 (Idem
364 2945 399 2972 v.
430 2933 579 2983 Aptum
608 2944 647 2983 p
684 2932 780 2981 235.)

277 2995 338 3034 45.
378 2994 489 3034 Caeli
528 2995 737 3045 signorum
773 2993 1055 3034 admirabilem
1099 2994 1283 3033 ordinem
1319 2993 1675 3046 insatiabilemque
1702 2995 1930 3048 pulchritu-

181 3056 317 3096 dinem
342 3057 468 3107 magis
496 3062 667 3108 spectat.
724 3055 868 3105 (Idem
895 3070 931 3096 v.
963 3058 1159 3108 Spectare
1187 3069 1224 3107 p.
1260 3057 1368 3105 402.)
1944 3064 1981 3094 45

268 3219 298 3251 3.
327 3220 415 3251 Fort.
435 3220 488 3252 isti
507 3221 646 3257 sedicem
669 3220 751 3259 facit
762 3228 867 3253 nemo.
885 3221 942 3252 01³.
966 3238 1001 3243 -
1022 3221 1076 3258 43,
1100 3222 1150 3253 An
1164 3229 1385 3260 quaecumque
1401 3224 1446 3253 esc
1461 3238 1479 3243 -
1494 3238 1511 3244 -
1524 3229 1628 3261 neque
1638 3221 1745 3253 minus
1759 3222 1932 3263 maqnislce

183 3276 285 3308 quam
309 3287 366 3303 —.
391 3269 450 3302 On.
479 3287 515 3294 —
540 3270 594 3303 20.
621 3271 710 3302 Fort.
736 3270 904 3302 sustulisti.
931 3271 989 3302 Oa.
