2249 3624
269 186 349 228 894
990 187 1059 226 DE
1090 187 1316 228 LEGIBUS

268 298 335 333 tur
365 298 406 333 et
434 292 703 332 Atheniensis
737 291 972 332 Clisthenes
1004 292 1154 332 Iunoni
1188 293 1373 340 Samiae,
1406 293 1508 333 civis
1539 294 1752 347 egregius,
1785 308 1877 335 cum
1910 296 2032 336 rebus

267 356 433 396 timeret
463 355 571 402 suis,
604 353 781 393 filiarum
815 354 922 394 dotis
953 353 1196 394 credidisse.

379 418 465 457 Iam
497 417 548 457 de
580 416 799 469 periuriis,
839 415 890 455 de
921 416 1082 456 incesto
1114 416 1219 456 nihil
1250 430 1350 457 sane
1383 416 1460 457 hoc
1492 417 1661 470 quidem
1693 418 1786 458 loco
1818 418 2033 472 disputan-

268 481 365 521 dum
399 486 474 520 est.

235 559 252 586 5
378 543 510 584 Donis
541 542 655 594 impii
688 555 739 581 ne
770 541 936 594 placare
967 540 1148 580 audeant
1177 540 1303 589 deos,
1344 541 1558 581 Platonem
1588 542 1783 590 audiant,
1821 544 1893 597 qui
1925 549 2034 584 vetat

267 608 468 652 dubitare,
500 618 583 658 qua
614 604 667 643 sit
698 609 836 644 mente
867 601 1031 643 futurus
1065 602 1189 651 deus,
1221 617 1314 643 cum
1346 605 1407 644 vir
1436 617 1559 644 nemo
1590 604 1726 644 bonus
1759 605 1809 644 ab
1840 605 2032 659 improbo

268 683 311 710 se
343 667 490 708 donari
525 667 637 706 velit.

377 732 438 770 De
471 729 687 781 diligentia
726 734 917 769 votorum
960 728 1059 767 satis
1101 729 1141 767 in
1180 728 1271 780 lege
1304 728 1459 767 dictum
1492 734 1555 768 est
1586 728 1615 780 ’ἷ-
1646 742 1693 769 ac
1726 730 1811 769 voti
1846 730 2033 782 sponsio,

266 809 349 849 qua
380 793 614 845 obligamur
644 792 735 831 deo.
788 793 926 830 Poena
959 804 1058 830 vero
1091 791 1268 831 violatae
1299 790 1513 842 religionis
1546 792 1696 830 iustam
1729 793 2034 832 recusationem

214 871 250 899 ⁴0
266 871 348 898 non
380 856 517 896 habet.
579 854 687 902 Quid
721 867 796 906 ego
836 854 904 892 hic
935 852 1228 893 sceleratorum
1269 858 1364 892 utar
1402 853 1629 905 exemplis,
1674 867 1854 906 quorum
1888 853 2034 907 plenae

265 927 362 961 sunt
401 917 672 971 tragoediae?
735 916 851 963 Quae
891 921 984 955 ante
1026 916 1170 955 oculos
1212 921 1332 961 sunt,
1380 927 1428 953 ea
1469 915 1608 967 potius
1649 916 1876 968 adtingam.
1946 916 2034 956 Etsi

264 984 366 1023 haec
402 979 743 1020 commemoratio
785 991 931 1018 vereor
970 991 1021 1017 ne
1067 991 1193 1030 supra
1233 978 1415 1017 hominis
1457 977 1665 1017 fortunam
1707 991 1799 1018 esse
1831 980 2034 1028 videatur,

263 1051 416 1091 tamen,
449 1041 650 1095 quoniam
683 1053 818 1079 sermo
851 1040 952 1079 mihi
984 1045 1046 1079 est
1077 1039 1187 1092 apud
1221 1052 1308 1085 vos,
1340 1038 1445 1078 nihil
1477 1039 1659 1079 reticebo
1691 1040 1914 1093 volamque
1942 1041 2032 1089 hoc,

265 1107 376 1162 quod
416 1106 585 1158 loquar,
629 1103 692 1142 dis
724 1101 1014 1142 inmortalibus
1055 1108 1215 1154 gratum
1248 1101 1390 1154 potius
1421 1100 1556 1141 videri
1588 1114 1711 1155 quam
1744 1115 1866 1155 grave
1896 1103 2033 1143 homi-

215 1182 249 1210 45
266 1171 401 1211 nibus.

376 1231 506 1271 XVII.
540 1225 606 1266 4⁶2.
640 1226 741 1266 Cum
775 1227 1034 1279 perditorum
1066 1227 1218 1265 civium
1251 1227 1407 1266 scelere
1440 1226 1628 1265 discessu
1660 1240 1754 1266 meo
1782 1227 2030 1280 religionum

263 1297 353 1336 iura
385 1293 546 1347 polluta
578 1296 696 1336 sunt,
729 1290 865 1329 vexati
898 1289 1030 1328 nostri
1064 1289 1189 1328 Lares
1220 1288 1467 1335 familiares,
1508 1289 1548 1327 in
1581 1301 1725 1328 eorum
1758 1290 1927 1330 sedibus
1959 1303 2031 1330 ex·

263 1355 529 1398 aedificatum
562 1353 760 1405 templum
794 1352 1030 1399 Licentiae,
1071 1352 1216 1405 pulsus
1256 1365 1278 1391 a
1311 1351 1497 1390 delubris
1529 1352 1588 1398 is,
1629 1354 1699 1405 qui
1731 1352 1802 1392 illa
1835 1357 2030 1399 servarat,

264 1417 571 1469 circumspicite
604 1415 795 1454 celeriter
826 1416 963 1454 animo
997 1439 1047 1442 -—
1081 1415 1185 1453 nihil
1219 1415 1330 1454 enim
1363 1414 1511 1454 attinet
1543 1428 1797 1468 quemquam
1825 1415 2031 1454 nominari

213 1493 314 1522 20—
356 1481 426 1534 qui
464 1480 548 1518 sint
584 1491 720 1517 rerum
762 1478 898 1516 exitus
939 1478 1170 1517 consecuti.
1241 1478 1348 1524 Nos,
1392 1477 1462 1530 qui
1502 1477 1614 1516 illam
1657 1476 1874 1516 custodem
1918 1477 2030 1517 urbis

264 1543 457 1584 omnibus
501 1540 655 1592 ereptis
696 1539 850 1578 nostris
891 1539 1014 1578 rebus
1052 1553 1099 1579 ac
1142 1539 1314 1592 perditis
1357 1540 1502 1579 violari
1540 1540 1590 1579 ab
1631 1540 1767 1593 impiis
1800 1540 1910 1593 passi
1943 1553 2027 1579 non

263 1620 406 1647 sumus
440 1616 614 1656 eamque
648 1616 700 1642 ex
730 1607 871 1642 nostra
904 1602 1026 1642 domo
1056 1601 1097 1639 in
1130 1601 1261 1654 ipsius
1294 1602 1422 1654 patris
1455 1601 1623 1641 domum
1651 1601 1890 1648 detulimus,
1921 1601 2032 1641 iudi-

264 1670 323 1708 cia
355 1672 547 1713 senatus,
588 1665 752 1712 Italiae,
794 1665 979 1717 gentium
1011 1663 1192 1716 denique
1225 1663 1409 1703 omnium
1442 1660 1709 1704 conservatae
1742 1664 1900 1717 patriae
1932 1676 2031 1703 con-

264 1731 396 1772 secuti
429 1743 583 1769 sumus.
645 1728 738 1776 Quo
782 1728 883 1780 quid
922 1726 1112 1766 accidere
1145 1726 1282 1778 potuit
1313 1726 1471 1766 homini
1505 1726 1788 1779 praeclarius?
1842 1726 2028 1774 Quorum

212 1807 248 1835 25
264 1793 421 1834 scelere
453 1792 678 1844 religiones
710 1796 795 1830 tum
829 1795 1058 1843 prostratae
1090 1788 1369 1841 adflictaeque
1402 1795 1521 1836 sunt,
1555 1789 1704 1841 partim
1737 1802 1789 1828 ex
1820 1788 1903 1828 illis
1945 1787 2029 1827 dis—

262 1855 379 1896 tracti
416 1867 463 1894 ac
502 1853 692 1906 dissipati
735 1853 892 1899 iacent,
934 1851 1006 1904 qui
1038 1865 1135 1891 vero
1167 1865 1219 1890 ex
1250 1851 1299 1890 iis
1332 1856 1370 1890 et
1401 1851 1548 1891 horum
1582 1851 1783 1891 scelerum
1816 1849 2028 1903 principes

262 1918 429 1958 fuerant
468 1921 508 1956 et
546 1921 709 1970 praeter
749 1920 911 1955 ceteros
944 1915 985 1953 in
1019 1914 1132 1953 omni
1165 1913 1367 1965 religione
1399 1913 1527 1966 inpii,
1565 1927 1649 1954 non
1678 1913 1818 1953 'solum
1848 1912 1956 1952 nullo
1986 1912 2028 1951 in

351 2116 378 2147 4,
408 2115 552 2146 clistaenes
576 2114 614 2151 Α,
641 2112 769 2143 clilenes
793 2111 816 2142 B
855 2127 889 2132 —
928 2111 1066 2151 eyregiis
1090 2110 1114 2141 B
1141 2127 1174 2132 --
1213 2111 1242 2141 ⁶2.
1271 2110 1353 2141 dolis
1376 2106 1473 2141 B¹H:
1502 2110 1622 2140 domis
1645 2106 1696 2147 ΑῙ,
1724 2109 1811 2140 doles
1834 2105 1875 2140 Α2
1889 2107 1963 2140 3²0
1990 2125 2025 2130 -

262 2167 444 2199 credidisse.
471 2165 542 2195 Iam
567 2162 703 2201 Madvig
729 2162 867 2202 (Opusc.
896 2161 935 2198 ΙΙ,
956 2160 1050 2198 450):
1085 2160 1240 2197 credidit;
1265 2161 1319 2191 secl
1342 2160 1410 2190 iam
1434 2162 1477 2196 A,
1511 2159 1648 2190 credidit
1670 2159 1724 2190 sed
1747 2159 1848 2190 eliam
1870 2156 1921 2195 B¹‚
1954 2166 2029 2189 cre-

262 2218 343 2248 diditv
366 2216 419 2247 sed
442 2214 512 2245 iam
537 2211 654 2245 132110
693 2228 727 2234 -
766 2211 796 2241 3.
821 2210 958 2250 peiuriis
983 2208 1034 2247 H¹‚
1058 2219 1119 2249 per
1142 2211 1168 2240 A
1193 2211 1225 2240 in
1252 2218 1320 2241 ras.
1349 2226 1383 2230 —
1411 2210 1442 2240 5.
1469 2209 1599 2248 impune
1619 2209 1750 2247 placere
1773 2208 1912 2239 audiant
1936 2207 1963 2238 H
1989 2223 2024 2230 —

261 2269 375 2297 uetant
399 2263 488 2296 ΑῑΒ1
505 2264 530 2295 H
571 2280 603 2284 —
643 2262 673 2292 6.
701 2270 802 2300 quam
825 2261 865 2291 sit
890 2260 917 2291 H
956 2277 989 2281 —
1028 2269 1101 2290 cum
1125 2260 1180 2290 uir
1202 2268 1295 2290 nemo
1319 2262 1344 2290 Α
1378 2260 1410 2290 in
1436 2266 1503 2290 ras.
1531 2257 1639 2289 habet
1675 2274 1708 2279 —
1748 2258 1779 2289 7.
1805 2258 1900 2288 uellet
1923 2257 1949 2288 H
1990 2275 2024 2280 —

262 2317 292 2348 8.
320 2317 358 2347 de
382 2315 491 2346 Bake:
526 2321 596 2344 om.
624 2312 704 2348 CO,
739 2310 802 2342 sed
828 2311 860 2340 iu
886 2312 910 2341 Α
937 2309 1026 2340 duae
1051 2309 1186 2341 litterae
1212 2318 1334 2341 erasae
1359 2310 1440 2340 sunt
1463 2310 1543 2339 ante
1569 2308 1659 2348 diliy.
1700 2324 1734 2330 —
1773 2307 1977 2348 diligentiam
2002 2307 2026 2338 C

265 2383 299 2388 —-
334 2366 456 2396 dictum
488 2363 535 2394 C:
572 2362 661 2392 dicta
686 2361 710 2392 Ο
752 2378 785 2382 -
829 2359 937 2391 verba
965 2362 1128 2400 corrupta
1154 2368 1194 2390 ac
1217 2360 1285 2390 uoti
1314 2360 1413 2399 (uotis
1437 2360 1479 2396 C)
1512 2359 1641 2398 sponsio
1665 2366 1732 2397 qua
1756 2355 1831 2397 (qud
1850 2353 1897 2396 B¹)
1928 2355 2025 2397 obliq.

263 2417 320 2447 deo
346 2414 532 2452 Feldbueg.
561 2421 602 2443 ex
627 2409 892 2451 interpolatione
918 2409 1054 2440 adiecta
1078 2411 1194 2450 putat;
1232 2413 1278 2440 est
1301 2413 1411 2440 aulem
1433 2409 1500 2440 voti
1522 2408 1651 2448 sponsio
1675 2416 1743 2448 qua
1766 2408 1823 2439 deo
1846 2406 1908 2438 obl.
1935 2407 2024 2438 coni.

263 2464 396 2496 Vahlen
426 2481 458 2486 —-
488 2463 518 2493 9.
534 2462 662 2492 uiolala
687 2462 709 2492 Β
737 2478 770 2483 -
800 2461 851 2491 40.
871 2468 948 2499 erqo
965 2460 988 2490 B
1023 2477 1049 2481 —
1066 2460 1184 2499 plenae
1199 2462 1275 2490 sunt
1299 2468 1380 2490 nos:
1404 2459 1495 2498 plaet
1517 2460 1556 2496 Α,
1578 2457 1687 2497 placet
1710 2457 1734 2488 B
1752 2457 1791 2496 H,
1816 2458 1892 2487 sunt
1911 2456 2028 2495 plenae

264 2516 308 2551 O;
336 2524 379 2545 an
403 2512 486 2544 latet
508 2512 655 2543 scatenti>
693 2528 728 2532 —-
768 2510 819 2540 Μ.
845 2510 1019 2540 racoecliae
1044 2509 1080 2547 C,
1108 2509 1170 2540 scd
1196 2512 1283 2549 traq.
1312 2510 1343 2540 in
1372 2509 1396 2540 H
1423 2517 1512 2540 corr.
1546 2526 1589 2530 —
1623 2515 1725 2547 queae
1747 2507 1773 2538 A
1803 2523 1834 2528 -
1863 2506 2028 2545 atlinyam

263 2565 372 2596 Bake:
401 2564 566 2603 attirzqarzt
590 2562 628 2599 C,
655 2560 716 2592 sed
741 2561 767 2591 A
793 2560 879 2597 adt.;
906 2560 1117 2599 attingantur
1140 2559 1165 2590 O
1203 2576 1237 2580 -—
1275 2559 1334 2590 elsi
1356 2558 1435 2589 haec
1458 2567 1527 2589 om.
1548 2558 1573 2588 H
1613 2575 1646 2579 —
1687 2557 1739 2588 42.
1765 2555 2027 2587 commemeratio

263 2616 302 2653 Α,
328 2614 505 2645 comet-atio
532 2613 557 2643 ll
585 2629 618 2633 —
645 2610 788 2641 homines
810 2605 942 2640 A¹B¹H
970 2626 1003 2631 —
1031 2608 1209 2639 uideantur
1234 2605 1269 2639 B¹
1296 2625 1330 2630 -
1360 2608 1410 2639 ⁴3.
1436 2616 1542 2639 sermo
1565 2606 1645 2637 mihi
1667 2606 1746 2637 AB:
1772 2614 1877 2637 sermo
1894 2613 1964 2636 om.
1984 2605 2024 2643 H,

262 2665 341 2696 mihi
364 2671 468 2694 sermo
493 2662 517 2693 Ο
544 2678 579 2684 --
606 2669 662 2691 vos
687 2660 951 2691 Ranconnetus:
977 2667 1029 2689 eos
1053 2659 1077 2689 C
1105 2675 1139 2679 —-
1166 2657 1340 2697 nolamque
1365 2658 1389 2689 C
1415 2657 1490 2697 (sed
1515 2666 1557 2688 uo
1581 2658 1607 2688 A
1632 2657 1666 2687 in
1691 2655 1793 2694 ras.):
1820 2655 1978 2693 velimque
2001 2654 2026 2685 Ο

266 2732 301 2738 -
330 2714 379 2745 44.
408 2714 469 2744 diis
494 2713 516 2743 C
533 2712 557 2742 O
590 2727 624 2732 ——
659 2718 762 2750 gyrat-e
785 2708 977 2739 hominibus.
1007 2708 1113 2746 Quum
1138 2707 1274 2747 Madvig
1299 2708 1591 2747 (interpunctione
1616 2704 1808 2736 verborum
1834 2703 2023 2742 correcta):

262 2772 368 2804 yraue
391 2762 502 2793 omnia
526 2765 594 2792 lum
619 2761 671 2800 (lu
696 2760 721 2790 H
749 2768 839 2789 corr.
867 2759 899 2788 in
925 2758 973 2796 in)
1001 2758 1043 2793 (ῖς
1076 2766 1249 2797 gravem,
1291 2758 1409 2788 Omnia
1433 2760 1501 2788 tum
1519 2773 1566 2778 --
1582 2758 1746 2786 servarat.
1781 2753 2027 2792 circumspicite

264 2814 308 2849 0;
345 2811 526 2842 hominibus
556 2808 804 2849 corrigendum
838 2816 915 2839 esse
942 2808 1075 2848 primus
1099 2807 1184 2838 vidit
1207 2806 1466 2846 wyttenbach,
1500 2815 1566 2837 nec
1591 2808 1708 2836 tamen
1734 2802 1900 2835 intellexit
1934 2802 1968 2834 id
1992 2803 2027 2833 in

264 2862 411 2894 lectione
436 2861 546 2891 omnia
569 2859 689 2890 latere.
720 2876 753 2880 ——
782 2858 833 2888 46.
853 2859 1025 2888 discessum
1049 2865 1162 2887 eorum
1186 2857 1349 2896 legionum
1374 2857 1434 2887 BH
1461 2874 1503 2878 --
1525 2855 1727 2895 νείερίοηαῃι
1743 2855 1768 2884 Α
1797 2871 1831 2875 -—
1860 2854 1910 2884 ⁴7.
1929 2852 2027 2891 fami·

263 2912 356 2943 liaris
380 2908 415 2942 Βι
443 2928 475 2932 -
506 2910 556 2940 49.
575 2908 811 2947 circumspicite
834 2907 1006 2938 Victorius
1025 2908 1058 2937 et
1077 2905 1134 2937 112:
1161 2907 1384 2945 circumspicit
1406 2910 1435 2938 et
1458 2902 1510 2945 H¹‚
1536 2903 1800 2943 circumspicite*
1824 2904 1846 2944 (t
1863 2911 1905 2933 ex
1922 2900 2025 2941 corr.)

264 2964 302 2999 A,
336 2960 556 2999 circumspicit
579 2959 760 3001 ccccleriler
783 2958 806 2988 B
833 2965 923 2988 corr.
952 2957 984 2987 in
1009 2956 1228 2995 circumspicit
1251 2956 1330 2987 hacc
1353 2956 1410 2987 cel.
1450 2972 1483 2976 —
1523 2955 1644 2985 animis
1669 2953 1793 2984 Davies
1818 2953 1852 2983 et
1875 2952 1894 2982 2
1919 2949 2024 2983 codd.

265 3010 348 3041 dett.
391 3027 423 3031 ——
462 3010 513 3039 ⁵22.
541 3002 671 3046 eamqui
696 3009 719 3039 (J
760 3025 793 3028 —
831 3006 1005 3037 delulimus
1030 3006 1055 3036 ΙΙ
1082 3014 1171 3036 corr.
1199 3014 1240 3036 ex
1265 3006 1364 3036 detuli
1387 3005 1481 3036 modo
1519 3022 1552 3027 -
1590 3004 1643 3032 23.
1670 3003 1717 3031 ita
1740 3002 1827 3032 aliae
1850 3001 1873 3031 B
1900 3017 1934 3023 ——
1969 2999 2023 3032 24.

265 3069 361 3099 quo*
383 3061 409 3091 Α
438 3076 470 3079 -
498 3059 648 3089 accedere
674 3058 697 3088 B
726 3075 759 3079 —
788 3065 926 3095 quorum
953 3057 989 3086 C.
1010 3055 1225 3095 Stephanus.-
1253 3063 1316 3088 quo
1340 3055 1378 3088 A,
1406 3060 1484 3090 quos
1508 3051 1590 3089 1311,
1617 3050 1678 3082 sed
1704 3051 1737 3081 in
1764 3051 1789 3081 H
1814 3058 1829 3080 s
1852 3050 2024 3090 expuncta

268 3127 303 3132 —
330 3110 382 3140 25.
405 3111 478 3148 post
499 3111 594 3138 ratae
617 3108 643 3138 Α
671 3123 704 3129 -
732 3107 881 3137 distracti
905 3114 944 3136 ac
967 3105 1115 3140 dissipati
1139 3100 1351 3141 Stephanus:
1379 3102 1557 3132 distractae
1576 3109 1616 3130 ac
1641 3100 1695 3138 (ad
1717 3097 1756 3130 A¹
1772 3096 1821 3137 H¹)
1847 3100 2024 3138 dissipatae

267 3160 291 3191 C
321 3176 354 3181 —
382 3159 434 3189 ⁶26.
463 3158 539 3196 quid
562 3165 640 3187 uero
664 3153 747 3188 ΛῙΒ1
778 3175 809 3178 -
836 3165 878 3183 ox
901 3153 947 3181 nis
971 3151 1029 3182 AB
1057 3167 1090 3171 —
1118 3153 1244 3181 elorum
1268 3147 1307 3181 Α1
1346 3167 1380 3172 ——
1418 3151 1471 3181 27.
1496 3150 1630 3189 fuerant
1654 3149 1693 3179 C:
1731 3149 1864 3188 fuerunt
1887 3148 1912 3178 Ο
1938 3148 1972 3178 et
1995 3148 2023 3178 Α

267 3218 308 3240 ex
334 3216 423 3239 corr,
462 3224 494 3228 -
533 3207 621 3237 nullo
644 3207 675 3236 in
701 3207 768 3232 vlla
791 3202 941 3232 cruciatu
964 3200 1107 3241 scripsi:
1138 3200 1209 3230 uita
1233 3201 1372 3231 cruciati
1398 3200 1476 3236 CO;
1503 3200 1658 3240 priorum
1684 3198 1904 3229 coniecturas
1928 3206 1960 3227 v.
1987 3196 2021 3227 in

266 3257 453 3297 Feldhueg,
481 3253 669 3287 comment.
697 3260 728 3291 p.
744 3251 819 3288 200,
846 3250 974 3291 quibus
998 3250 1148 3282 accessit
1171 3250 1357 3281 novissima
1376 3248 1549 3281 Vahlenii:
1583 3257 1648 3280 non
1671 3247 1776 3279 solum
1798 3248 1832 3278 in
1855 3247 1924 3278 vita
1946 3247 2021 3277 sunt

264 3307 447 3348 iynominia
470 3301 610 3332 cruciati
632 3304 730 3340 alque
753 3301 908 3332 dedecore
931 3302 999 3332 etc.
