2249 3624
225 129 307 173 5‘24
879 132 949 171 DE
981 130 1334 170 DIVINATIONE

224 240 337 280 niam
379 238 644 293 philosophia
683 238 747 278 vir
783 235 920 276 bouus
962 236 1143 276 efficitur
1183 241 1223 276 et
1260 237 1400 283 fortis,
1442 236 1540 276 Cato
1580 241 1723 276 noster
1758 238 1800 277 in
1838 237 1986 277 horum

224 302 425 343 librorum
466 314 638 341 numero
676 299 898 353 ponendus
930 304 1005 338 est.
1065 296 1103 337 4.
1138 299 1326 352 Cumque
1357 299 1603 338 Aristoteles
1635 299 1820 352 itemque
1852 300 1988 340 Theo-

223 364 441 417 phrastuS,
483 363 737 403 excellentes
782 362 857 401 viri
899 375 990 400 cum
1031 361 1261 400 subtilitate
1295 366 1378 400 tum
1411 361 1556 414 copia,
1595 374 1688 400 cum
1721 361 1989 415 philosophia

225 425 388 466 dicendi
431 427 553 465 etiam
593 429 816 478 praecepta
855 423 1179 470 coniunxerint,
1225 423 1356 462 nostri
1398 436 1565 476 quoque
1605 424 1772 463 oratorii
1814 424 1906 463 libri
1945 425 1986 463 in

191 488 403 532 seundem
435 488 633 527 librorum
664 499 883 525 numerum
915 485 1122 526 referendi
1157 486 1371 526 videntur:
1402 486 1459 525 ita
1479 491 1562 525 tres
1585 492 1706 526 erunt
1728 487 1778 526 de
1801 486 1988 534 Oratore,

223 557 394 605 quartus
425 551 594 596 Brutus,
626 549 796 601 quintus
830 548 992 588 Orator.

337 613 388 651 ΙΙ,
434 611 582 651 Adhuc
619 610 722 650 haec
760 616 904 658 erant3
953 610 1004 650 ad
1045 611 1206 663 reliqua
1246 611 1370 650 alacri
1409 611 1683 651 tendebamus
1721 612 1885 659 animo,
1931 613 1989 652 sic

222 677 375 731 parati,
406 680 468 720 ut,
501 674 580 713 nisi
613 687 721 726 quae
745 686 866 713 causa
889 674 1056 726 gravior
1079 674 1330 720 obstitisset,
1353 674 1512 713 nullum
1537 674 1829 727 philosophiae
1853 675 1988 713 locum

223 752 314 778 esse
345 744 606 790 pateremur,
640 737 712 790 qui
743 751 826 776 non
849 737 1007 777 Latinis
1039 737 1188 777 litteris
1221 735 1465 776 inlustratus
1499 742 1673 789 pateret.
1724 737 1847 784 Quod
1881 738 1989 776 enim

173 814 208 842 to
223 814 374 840 munus
405 800 464 839 rei
499 799 689 852 publicae
721 799 884 839 adferre
920 801 1052 840 maius
1086 800 1288 839 meliusve
1320 813 1565 852 possumus,
1589 813 1712 852 quam
1738 800 1769 837 si
1793 799 1990 838 docemus

222 869 348 917 atque
381 862 596 902 erudimus
626 862 918 902 iuventutem?
964 863 1030 902 his
1064 863 1307 915 praesertim
1342 863 1526 902 moribus
1558 868 1683 914 atque
1715 861 1990 914 temporibus,

223 926 375 979 quibus
407 926 464 964 ita
497 924 693 977 prolapsa
724 930 799 973 est,
831 931 876 964 ut
906 926 1089 965 omnium
1123 925 1272 977 opibus
1304 924 1552 963 refrenanda
1583 937 1631 963 ac
1663 923 1894 962 coercenda
1927 924 1990 963 sit.

222 986 260 1027 5.
291 989 375 1027 Nec
407 1000 504 1026 vero
537 987 577 1025 id
613 984 720 1027 effici
752 1001 877 1040 posse
909 986 1096 1034 confido,
1140 987 1251 1040 quod
1292 1000 1344 1025 ne
1384 985 1678 1039 postulandum
1715 985 1882 1038 quidem
1916 991 1992 1032 est,

221 1057 266 1090 ut
309 1063 453 1090 omnes
493 1049 784 1090 adulescentes
825 1064 868 1090 se
910 1051 958 1090 ad
999 1050 1100 1089 hae«¹
1143 1049 1278 1087 studia
1318 1054 1576 1088 convertant.
1647 1049 1771 1087 Pauci
1805 1049 1988 1088 utinam!

172 1123 206 1152 ⁴5
221 1126 396 1167 quorum
429 1118 567 1151 tamen
600 1113 642 1151 iu
675 1126 718 1152 re
751 1114 919 1166 publica
951 1113 1033 1151 late
1066 1116 1207 1164 patere
1239 1111 1393 1163 poterit
1424 1110 1642 1149 industria.
1702 1112 1906 1164 Equidem
1940 1125 1992 1150 ex

221 1176 271 1215 iis
303 1175 427 1214 etiam
459 1175 638 1214 fructum
671 1177 790 1228 capio
824 1174 978 1215 laboris
1013 1175 1117 1220 mei,
1162 1172 1231 1226 qui
1264 1174 1345 1213 iam
1377 1179 1512 1213 aetate
1546 1174 1730 1225 provecti
1764 1174 1806 1212 in
1839 1175 1991 1213 nostris

220 1237 340 1277 libris
371 1238 680 1291 adquiescunt3
716 1252 893 1291 quorum
927 1237 1065 1277 studio
1097 1236 1264 1288 legendi
1296 1249 1432 1275 meum
1467 1237 1675 1276 scribendi
1708 1236 1890 1275 studium
1924 1249 1993 1275 ve-

219 1301 457 1340 hementius
488 1303 530 1340 in
564 1300 652 1339 dies
684 1301 900 1346 incitatur,
935 1314 1039 1353 quos
1073 1299 1238 1352 quidem
1273 1298 1437 1350 plures,
1471 1311 1593 1350 quam
1626 1298 1767 1344 rebar,
1801 1312 1892 1338 esse
1925 1311 1994 1338 co-

221 1363 362 1415 gnovi.
423 1363 690 1415 Magnificum
723 1363 828 1402 illud
872 1363 997 1402 etiam
1030 1361 1311 1413 Romanisque
1356 1360 1599 1400 hominibus
1645 1361 1902 1413 gloriosum,
1949 1366 1995 1400 ut

169 1436 206 1465 ⁶20
221 1426 389 1465 Graecis
422 1426 472 1465 de
505 1426 771 1478 philosophia
804 1426 954 1465 litteris
986 1440 1067 1466 non
1102 1432 1264 1478 egeant.
1325 1424 1364 1464 6.
1398 1425 1519 1473 Quod
1552 1424 1764 1478 adsequar
1786 1424 1989 1477 profecto,

221 1488 254 1527 si
286 1487 477 1527 instituta
511 1488 740 1541 perfecero.
791 1491 848 1528 Ac
880 1489 981 1528 mihi
1014 1489 1184 1543 quidem
1207 1487 1482 1540 explicandae
1505 1488 1797 1540 philosophiae
1825 1500 1991 1526 causam

220 1549 368 1590 adtulit
399 1564 518 1590 casus
551 1552 688 1603 gravis
721 1551 921 1598 civitatis,
955 1566 1046 1591 cum
1078 1552 1120 1590 in
1153 1552 1277 1590 armis
1309 1551 1501 1590 civilibus
1534 1564 1610 1590 nec
1634 1551 1739 1590 tueri
1763 1563 1855 1589 meo
1879 1563 1993 1590 more

219 1626 306 1652 rem
337 1613 541 1666 publicam
573 1627 649 1652 nec
671 1613 775 1653 nihil
798 1627 919 1665 agere
942 1621 1131 1666 poteram
1166 1628 1240 1654 nec
1263 1614 1363 1667 quid
1387 1614 1548 1667 potius,
1582 1612 1693 1666 quod
1727 1613 1896 1666 quidem
1929 1625 1994 1652 me

220 1674 391 1728 dignum
425 1682 554 1723 esset,
587 1690 753 1727 agerem
787 1677 1058 1729 reperiebam.
1107 1677 1275 1716 Dabunt
1304 1676 1431 1727 igitur
1453 1676 1554 1715 mihi
1577 1676 1740 1715 veniam
1771 1675 1852 1714 mei
1881 1675 1993 1714 cives

168 1750 205 1779 25
222 1738 286 1777 vel
317 1739 488 1791 gratiam
523 1741 662 1792 potius
693 1740 928 1787 habebunt,
977 1740 1114 1792 quod,
1156 1754 1249 1779 cum
1291 1744 1403 1778 esset
1443 1739 1484 1777 in
1525 1738 1650 1777 unius
1690 1742 1896 1790 potestate
1926 1751 1992 1777 res

221 1801 411 1853 publica,
454 1815 590 1854 neque
633 1815 708 1854 ego
748 1816 812 1842 me
844 1802 986 1842 abdidi
1029 1816 1168 1856 neque
1201 1802 1367 1841 deserui
1409 1815 1547 1854 neque
1580 1801 1724 1840 adflixi
1769 1814 1905 1852 neque
1937 1801 1992 1840 ita

220 1865 343 1916 gessi,
376 1865 495 1917 quasi
528 1864 687 1904 homini
718 1872 790 1905 aut
820 1865 1079 1917 temporibus
1111 1865 1257 1911 iratus,
1290 1878 1427 1916 neque
1460 1877 1583 1916 porro
1615 1863 1670 1902 ita
1706 1868 1778 1902 aut
1799 1863 1993 1902 adulatus

220 1931 292 1965 aut
321 1925 547 1966 admiratus
578 1926 785 1966 fortunam
818 1941 909 1966 sum
943 1927 1140 1974 alterius,
1179 1933 1225 1966 ut
1256 1940 1320 1965 me
1352 1940 1468 1965 meae
1501 1926 1745 1978 paeniteret.
1806 1926 1850 1964 ld
1883 1925 1992 1964 enim

219 1988 357 2040 ipsum
389 2002 411 2027 a
435 1989 605 2028 Platone
637 1989 993 2043 philosophiaque
1026 1990 1265 2036 didiceram,
1298 1989 1506 2028 naturales
1539 2002 1630 2028 esse
1663 1987 1864 2041 quasdam
1897 2001 1995 2027 con-

170 2063 205 2092 30
221 2052 436 2092 versiones
467 2066 604 2092 rerum
638 2053 916 2106 publicarum,
959 2059 1004 2092 ut
1037 2066 1108 2092 eae
1142 2058 1226 2091 tum
1259 2066 1280 2090 a
1314 2052 1575 2105 principibus
1609 2056 1873 2096 tenerentur,
1907 2055 1993 2088 tum

220 2128 244 2154 a
284 2115 476 2167 populis,
520 2115 747 2168 aliquando
784 2128 806 2154 a
849 2115 1037 2167 singulis.
1099 2113 1136 2153 7.
1179 2114 1299 2163 Quod
1344 2128 1434 2154 cum
1474 2115 1695 2153 accidisset
1738 2120 1903 2152 nostrae
1935 2112 1994 2151 rei

221 2177 428 2230 publicae,
461 2184 547 2217 tum
581 2178 765 2230 pristinis
797 2178 929 2216 orbati
964 2178 1209 2216 muneribus
1242 2177 1343 2216 haec
1376 2176 1515 2215 studia
1536 2189 1738 2216 renovare
1764 2175 1994 2226 coepimus,

221 2245 267 2279 ut
307 2245 348 2279 et
389 2241 553 2280 animus
595 2241 797 2280 molestiis
840 2240 917 2279 hac
967 2241 1229 2293 potissimum
1271 2252 1314 2277 re
1360 2239 1570 2278 levaretur
1622 2244 1661 2277 et
1699 2238 1994 2291 prodessemus

222 2302 382 2342 civibus
422 2304 602 2350 uostris,
649 2317 732 2356 qua
770 2317 812 2342 re
852 2316 1034 2355 cumque
1074 2315 1307 2355 possemus.
1366 2301 1412 2340 In
1445 2299 1562 2340 libris
1595 2301 1705 2340 euim
1743 2299 1991 2339 senteutiam

169 2375 205 2404 35
223 2365 481 2412 dicebamus,
521 2363 890 2412 contionabamur,
932 2363 1237 2418 philosophiam
1272 2363 1393 2403 nobis
1426 2378 1498 2417 pro
1530 2363 1589 2402 rei
1621 2363 1812 2416 publicae
1843 2374 1994 2414 procu-

222 2429 383 2469 ratione
417 2429 683 2468 substitutam
726 2428 986 2481 putabamus.
1048 2429 1165 2466 Nunc
1209 2427 1407 2480 quoniam
1449 2426 1499 2465 de
1540 2440 1583 2465 re
1625 2425 1794 2478 publica
1832 2423 1992 2463 consuli

222 2492 360 2544 coepti
391 2505 555 2539 sumus,
588 2491 810 2531 tribuenda
842 2496 905 2530 est
936 2503 1061 2543 opera
1093 2490 1149 2529 rei
1181 2490 1399 2542 publicae,
1431 2489 1496 2528 vel
1530 2488 1665 2528 omnis
1697 2487 1836 2540 potius
1868 2487 1909 2526 iu
1945 2499 1994 2526 ea

307 2672 336 2701 3.
365 2680 438 2701 cum
463 2672 526 2701 ΑΒ
545 2671 569 2701 Η
587 2669 640 2700 W:
669 2674 737 2701 tum
762 2669 840 2700 V-'O
876 2688 910 2692 -
944 2674 1028 2709 supi.
1058 2670 1082 2701 Η
1114 2687 1145 2691 0-
1182 2678 1255 2699 Cum
1279 2669 1374 2708 eopia
1400 2669 1423 2699 B
1441 2669 1465 2699 ll
1500 2685 1533 2689 —-
1568 2668 1597 2699 4.
1624 2667 1878 2698 coniunctam!
1901 2668 1926 2697 A
1956 2684 1990 2688 —

219 2722 250 2752 5.
279 2720 437 2750 librorum
470 2729 539 2751 om.
568 2720 671 2751 codd.
698 2720 781 2751 dett.
812 2721 934 2751 Moser}
961 2721 1001 2755 O,
1036 2719 1211 2749 eorundem
1236 2718 1396 2748 librorum
1427 2716 1547 2748 maluit
1573 2718 1754 2756 lIottinger
1788 2734 1819 2738 -
1858 2724 1994 2746 numero

220 2770 247 2800 H
276 2788 310 2792 —-
338 2770 368 2800 7.
396 2780 416 2800 a
440 2771 570 2809 reliqua
594 2769 633 2801 Αἱ
661 2788 694 2792 -
724 2771 754 2802 9.
777 2774 976 2809 putaremur
1002 2767 1052 2807 Ψ,
1077 2773 1271 2808 putaremus
1289 2767 1329 2798 Ψ)
1347 2785 1381 2791 -
1411 2769 1461 2799 112.
1490 2777 1571 2807 opus
1594 2768 1631 2799 Α]
1661 2786 1695 2789 -
1722 2768 1785 2798 hac
1808 2766 1994 2797 cohor-enda

222 2820 259 2850 B1
288 2838 321 2841 —
351 2820 401 2850 43.
429 2821 485 2859 qui
509 2821 593 2851 idem
618 2821 644 2851 H
680 2838 712 2842 —
753 2819 803 2851 Η..
832 2820 918 2850 adol.
942 2820 965 2849 Ο
994 2835 1028 2841 —
1065 2818 1176 2858 pauci]
1199 2828 1311 2857 pauor
1336 2819 1361 2849 Η
1395 2836 1430 2840 -
1470 2819 1521 2848 15
1547 2819 1653 2857 poluit
1679 2818 1704 2848 Η
1736 2835 1764 2840 —
1803 2817 1854 2847 46.
1881 2826 1924 2847 ew
1946 2816 1994 2846 leis

220 2871 257 2909 (is
273 2869 313 2908 V)
337 2871 435 2901 etiam
461 2872 504 2906 (Ἰ,
531 2872 631 2901 eliam
655 2879 696 2900 es:
721 2871 761 2900 iis
785 2870 809 2900 O
838 2887 870 2892 —-
901 2870 979 2908 quia
1002 2870 1070 2900 iam
1096 2869 1122 2898 V
1151 2886 1184 2890 -
1215 2869 1264 2899 ⁴7.
1293 2869 1485 2908 aquiescwzt
1510 2871 1556 2906 A,
1583 2869 1798 2907 adquiescant
1824 2868 1846 2898 B
1878 2884 1908 2888 —
1938 2865 1990 2896 48.

217 2920 378 2950 incitatur
402 2920 445 2951 C:
480 2921 604 2951 citatur
628 2921 777 2956 Nonius,
812 2918 928 2950 locum
955 2928 982 2950 s.
1011 2928 1042 2949 v.
1069 2919 1174 2949 citare
1198 2919 1246 2957 (z
1260 2919 1399 2956 vocare)
1432 2919 1481 2949 sic
1506 2927 1539 2958 p.
1558 2918 1621 2948 265
1654 2917 1822 2948 afferens:
1851 2924 1992 2955 quorum

217 2970 363 3001 studium
392 2970 517 3009 leqendi
548 2979 611 3000 non
641 2970 801 3000 scribenda
831 2970 975 2999 studium
997 2969 1213 2999 vehementius
1243 2969 1277 2998 in
1302 2969 1367 2999 dies
1391 2969 1493 2998 citant
1531 2985 1566 2990 ——
1604 2968 1656 2998 20.
1684 2968 1801 2998 lilleris
1825 2966 1867 2997 C:
1902 2965 1993 2995 libris

220 3019 339 3051 maluit
364 3020 524 3057 Rathius,
557 3029 647 3060 quae
673 3029 729 3051 res
755 3019 860 3050 dubia
885 3020 956 3050 visa
984 3020 1037 3049 est
1062 3018 1229 3057 Madvig-‘io
1255 3018 1297 3048 ad
1325 3019 1395 3049 (lic.
1424 3018 1466 3048 de
1493 3017 1574 3048 sinn,
1602 3026 1635 3058 p.
1655 3017 1695 3048 30
1734 3033 1767 3039 —
1806 3017 1859 3048 ς21.
1882 3015 1992 3055 philo-

217 3070 334 3109 sophia
358 3071 381 3100 B
421 3087 452 3092 —-
493 3070 544 3101 22.
571 3071 686 3110 gyrat-is
709 3079 803 3100 casus
835 3069 1024 3100 Lambinus
1049 3070 1073 3099 O
1110 3085 1144 3089 —
1185 3068 1235 3099 24.
1263 3072 1341 3099 esset
1366 3077 1464 3108 aqerc
1489 3068 1511 3098 Β
1551 3085 1584 3088 —-
1623 3068 1674 3099 ⁹25.
1701 3076 1775 3097 cum
1800 3075 1869 3098 om.
1898 3066 1923 3097 H
1952 3082 1987 3087 —-

219 3121 272 3152 27.
299 3123 394 3150 ratus
419 3120 443 3150 ll
482 3137 516 3141 —
555 3120 601 3150 ila
621 3128 725 3159 porro
759 3129 797 3151 ex
826 3119 903 3150 libr.
931 3119 1015 3150 dett.
1044 3119 1203 3149 Mosei-us
1229 3118 1252 3148 O
1291 3135 1325 3139 —
1364 3118 1417 3149 ⁶28.
1452 3118 1618 3148 adadmir.
1652 3119 1696 3152 A.
1737 3117 1869 3147 ammir.
1898 3116 1922 3146 ll
1952 3133 1986 3137 —

219 3172 305 3210 sum]
329 3180 424 3201 suam
449 3172 475 3201 A
511 3187 544 3192 -
575 3172 755 3209 paenitere!
780 3173 824 3202 A:
856 3180 928 3209 pen.
959 3171 1006 3205 ll.
1036 3178 1131 3209 poen.
1160 3168 1254 3199 ssvo
1282 3185 1317 3190 -
1351 3169 1439 3199 Idem
1464 3169 1515 3198 ira
1539 3170 1645 3207 ips-um
1670 3168 1694 3198 ll
1724 3184 1757 3188 —
1793 3167 1844 3197 30.
1871 3169 1908 3196 ut
1929 3166 1989 3196 hae

223 3229 263 3251 ex
290 3229 380 3252 corr.
409 3220 436 3250 V
464 3237 497 3241 —
526 3220 604 3260 tum]
630 3230 704 3251 cum
730 3222 754 3252 Η
784 3237 816 3242 -·
852 3221 903 3251 32.
930 3220 1009 3262 lum]
1034 3228 1109 3250 cum
1135 3219 1158 3249 Η
1187 3235 1220 3239 -
1249 3218 1300 3249 33.
1327 3220 1447 3249 animis
1471 3216 1510 3249 Η1
1538 3236 1572 3239 -
1602 3218 1743 3248 molestis
1765 3216 1817 3256 ΑΙ,
1842 3225 1864 3247 a
1886 3215 1987 3247 mole-

220 3270 290 3302 sniis
314 3271 355 3302 ΙΙ2
380 3287 414 3292 -
438 3270 644 3310 potissimum
667 3271 873 3302 releuarelur
896 3272 922 3302 A
950 3288 984 3292 -
1023 3270 1075 3302 35.
1102 3270 1249 3300 concion.
1276 3270 1338 3300 ΒΟ
1366 3286 1400 3291 -
1439 3269 1492 3300 37.
1518 3269 1682 3308 coepimus
1706 3268 1744 3299 V.
