2249 3624
525 174 614 213 Lm.
646 174 697 213 11.
738 173 834 214 Cn.
865 174 1142 214 Lx—Lxll.
1180 172 1239 227 §S
1272 170 1522 214 ibn—4⁶28.
1826 170 1905 210 {5⁹9

141 285 284 321 rantur
311 284 382 320 aut
411 279 702 332 negleguntur,
734 286 804 319 aut
836 280 968 320 nescit
998 280 1078 319 hoc
1105 280 1208 319 deus
1231 286 1300 320 aut
1324 280 1475 320 frustra
1498 281 1755 319 somniorum
1780 280 1907 331 signi-

140 343 331 382 ficatione
362 341 521 389 utitur3
565 342 636 381 sed
670 342 819 382 liorum
854 349 1045 382 neutrum
1077 343 1117 382 in
1150 343 1273 382 deum
1306 344 1439 382 cadit:
1484 342 1586 382 nihil
1619 342 1744 395 igitur
1774 356 1797 381 a
1828 342 1907 380 deo

139 404 311 444 somniis
343 401 567 455 significari
598 404 813 444 fatendum
846 411 920 444 est.

249 466 356 505 LXI.
403 463 489 504 Ιὲὕ.
522 466 629 505 lllud
662 468 784 506 ctiam
818 468 1008 520 requiro,
1049 482 1142 514 cur,
1184 467 1216 507 si
1250 467 1351 507 deus
1384 468 1461 507 ista
1495 469 1582 508 visa
1615 465 1734 507 nobis
1766 467 1904 520 provi-

138 529 262 568 dendi
299 541 421 568 causa
460 528 551 574 dat,
593 542 676 567 non
716 529 981 579 vigilantibus
1015 531 1150 583 potius
1182 530 1250 569 det
1283 544 1407 583 quam
1441 530 1759 570 dormientibus.
1811 531 1940 568 Sive5

138 593 246 632 enim
278 597 476 630 externus
509 596 549 629 et
580 590 840 630 adventicius
874 592 1016 644 pulsus
1039 593 1200 631 animos
1224 592 1522 632 dormientium
1547 599 1799 639 commovet,
1823 593 1908 632 sive

136 667 212 708 per
248 667 292 694 se
332 654 411 706 ipsi
451 653 578 692 animi
622 659 864 698 moventur,
909 654 997 692 sive
1035 668 1143 707 quae
1184 668 1307 693 causa
1339 656 1419 694 alia
1451 663 1535 702 est,
1577 670 1649 695 cur
1680 656 1908 695 secundum

137 717 320 770 quietem
351 715 514 768 aliquid
547 715 701 762 videre,
733 715 893 762 audire,
916 730 1040 765 agere
1066 716 1298 763 videamur,
1323 718 1468 756 eadem
1491 731 1615 757 causa
1641 719 1909 771 vigilantibus

137 791 228 818 esse
259 783 446 831 poterat;
478 777 607 831 idque
639 776 672 816 si
704 783 846 817 nostra
877 791 1003 817 causa
1036 778 1075 816 di
1106 779 1337 818 secundum
1367 781 1552 832 quietem
1576 780 1781 827 facerent,
1807 782 1910 833 vigi-

137 839 316 879 lantibus
349 840 458 880 idem
492 838 689 887 facerent,
720 840 967 892 praesertim
999 855 1092 880 cum
1126 839 1379 895 Chrysippus
1410 842 1682 883 Academicos
1715 845 1961 884 refellensw

137 901 342 955 permulto
383 902 562 942 clariora
603 908 644 942 et
687 902 865 942 certiora
907 916 998 942 esse
1043 901 1174 949 dicat,
1224 916 1331 955 quae
1375 904 1643 956 vigilantibus
1692 906 1909 946 videantur

137 977 262 1018 quam
293 977 400 1018 quae
432 966 754 1005 somniantibus.
814 965 909 1004 Fuit
942 965 1069 1017 igitur
1099 964 1239 1005 divina
1272 964 1561 1006 beneficientia
1593 970 1778 1021 dignius,
1817 983 1910 1008 cum

137 1027 403 1067 consulerent
434 1028 572 1075 nobis,
605 1028 780 1067 clariora
812 1026 899 1067 visa
930 1028 1028 1068 dare
1061 1028 1248 1077 vigilanti
1282 1042 1407 1080 quam
1437 1030 1680 1070 obscuriora
1708 1044 1782 1083 pcr
1803 1045 1912 1070 som-

135 1104 250 1130 num.
294 1089 419 1138 Quod
452 1090 649 1143 quoniam
680 1104 762 1130 non
786 1090 852 1137 lit,
875 1091 1037 1130 somnia
1060 1090 1200 1129 divina
1222 1091 1408 1143 putanda
1430 1105 1513 1131 non
1536 1098 1645 1132 sunt.
1699 1091 1714 1131 ,1
1728 1091 1792 1132 27.
1827 1095 1911 1132 lam

135 1166 235 1194 vero
268 1153 367 1206 quid
402 1166 508 1205 opus
541 1159 604 1192 est
635 1153 923 1193 circumitione
956 1158 997 1193 et
1027 1152 1239 1200 anfractu,
1281 1158 1326 1192 ut
1358 1154 1410 1193 sit
1440 1155 1643 1194 utendum
1675 1155 1963 1209 interpreti-⁴5

135 1216 212 1256 bus
242 1216 522 1263 somniorum,
555 1216 696 1268 potius
728 1229 853 1269 quam
885 1216 1053 1255 derecto
1087 1216 1211 1262 deuS,
1243 1216 1275 1255 si
1308 1216 1477 1269 quidem
1510 1218 1632 1256 nobis
1654 1219 1913 1266 consulebat,

136 1278 229 1319 hoc
271 1278 466 1325 facito,
509 1278 603 1318 hoc
644 1292 704 1318 ne
746 1278 952 1318 feceris
995 1277 1172 1325 diceret,
1216 1278 1344 1332 idque
1387 1279 1522 1319 visum
1556 1281 1742 1333 vigilanti
1775 1282 1912 1335 potius

138 1353 261 1394 quam
293 1341 517 1381 dormienti
550 1341 702 1381 daret?

249 1404 377 1442 LXII.
415 1404 499 1443 Iam
530 1417 630 1443 vero
664 1404 758 1457 quis
792 1403 929 1443 dicere
961 1403 1114 1443 audeat
1146 1416 1243 1443 vera
1274 1403 1415 1443 omnia
1445 1416 1535 1444 esse
1567 1407 1762 1446 somnia?
1802 1407 1914 1446 Ali-

138 1472 260 1522 quot
288 1466 481 1507 somnia
511 1480 660 1514 vera,
687 1467 824 1520 inquit
846 1466 1024 1513 Ennius,
1057 1466 1145 1506 sed
1176 1465 1349 1506 omnia
1380 1479 1595 1507 noenum
1628 1475 1911 1509 necessest.
1928 1473 1964 1502 20

140 1530 260 1579 Quae
302 1535 366 1569 est
404 1528 572 1569 tandem
613 1530 691 1569 ista
733 1529 976 1569 distinctio?
1023 1542 1130 1582 quae
1161 1542 1284 1575 vera,
1326 1541 1434 1582 quae
1465 1529 1570 1569 salsa
1602 1531 1758 1570 habet?
1806 1536 1847 1571 et
1879 1532 1912 1571 si

137 1606 236 1633 vera
266 1605 289 1632 a
320 1593 399 1631 deo
433 1592 662 1639 mittuntur,
694 1591 797 1631 falsa
828 1591 940 1631 unde
974 1593 1230 1631 nascuntur?
1268 1592 1370 1631 Nam
1402 1591 1437 1631 si
1470 1606 1519 1632 ea
1551 1606 1724 1647 quoque
1757 1593 1913 1642 divina,

138 1654 240 1708 quid
271 1655 581 1694 inconstantius
613 1655 722 1694 deo?
767 1655 868 1708 quid
900 1654 1091 1694 inscitius
1123 1659 1262 1694 autem
1294 1659 1357 1693 est
1397 1667 1522 1707 quam
1561 1661 1721 1695 mentes
1761 1661 1914 1696 morta-

138 1717 240 1756 lium
280 1714 397 1756 falsis
437 1722 478 1756 et
513 1717 784 1757 mendacibus
825 1717 926 1757 visis
966 1717 1209 1757 concitare?
1271 1716 1342 1755 Sin
1379 1730 1477 1756 vera
1514 1718 1601 1757 visa
1633 1717 1773 1758 divina
1805 1723 1913 1767 sunt,

137 1778 242 1819 falsa
273 1784 412 1819 autem
443 1785 485 1819 et
513 1779 654 1819 inania
684 1779 889 1827 humana,
921 1793 1027 1832 quae
1059 1785 1122 1819 est
1152 1779 1231 1818 ista
1264 1778 1513 1832 designandi
1545 1780 1729 1827 licentia,
1762 1785 1807 1820 ut
1837 1782 1914 1821 hoc
1928 1785 1964 1814 -25

141 1842 270 1890 deus,
315 1840 392 1882 hoc
423 1847 570 1882 natura
600 1842 749 1882 fecerit
779 1843 916 1895 potius
957 1855 1083 1895 quam
1125 1847 1195 1881 aut
1234 1842 1374 1881 omnia
1415 1842 1542 1890 deus,
1585 1842 1699 1896 quod
1738 1843 1913 1896 negatis,

139 1910 210 1944 aut
241 1905 380 1944 omnia
412 1906 595 1944 natura?
657 1904 782 1953 Quod
816 1905 1013 1958 quoniam
1045 1903 1146 1944 illud
1178 1905 1362 1957 negatis,
1406 1903 1484 1944 hoc
1516 1906 1753 1946 necessario
1785 1904 1914 1945 confi-

140 1967 311 2007 tendum
343 1972 417 2006 est.
486 1963 572 2006 128.
604 1969 801 2007 Naturam
832 1972 970 2007 autem
1003 1980 1096 2007 eam
1127 1967 1232 2015 dico,
1264 1980 1347 2021 qua
1377 1981 1606 2021 numquam
1626 1969 1793 2009 animus
1813 1969 1915 2009 insi-

139 2035 252 2070 stens
293 2030 518 2083 agitatione
557 2035 597 2070 et
634 2036 749 2070 motu
781 2043 872 2069 esse
904 2043 1058 2070 vacuus
1090 2035 1240 2082 potest.
1301 2031 1339 2069 Is
1371 2044 1464 2070 cum
1498 2031 1697 2083 languore
1728 2032 1915 2084 corporis

139 2106 216 2132 nec
248 2092 443 2132 membris
475 2093 534 2132 uti
566 2106 643 2132 nec
674 2093 867 2132 sensibus
899 2094 1052 2146 potest}
1085 2091 1235 2132 incidit
1264 2092 1307 2131 in
1339 2093 1427 2133 visa
1458 2094 1571 2134 varia
1603 2098 1644 2133 et
1674 2093 1833 2133 incerta
1863 2096 1966 2133 ex30

140 2154 356 2208 reliquiis,
403 2160 448 2193 ut
478 2156 534 2195 ait
563 2155 832 2203 Aristoteles,
873 2154 1192 2194 inhaerentibus
1226 2168 1369 2195 earum
1400 2168 1565 2202 rerum,
1603 2169 1706 2210 quas
1738 2157 1915 2209 vigilans

141 2218 317 2270 gesserit
347 2223 419 2257 aut
449 2216 719 2271 cogitaveri13
765 2230 940 2271 quarum
978 2217 1295 2270 perturbatione
1335 2217 1548 2258 mirabiles
1586 2217 1795 2258 interdum
1828 2220 1917 2259 exi·

140 2285 253 2321 stunt
283 2280 446 2334 species
477 2280 759 2328 somniorum,
791 2293 897 2332 quae
929 2281 962 2319 si
993 2280 1075 2320 alia
1105 2279 1235 2328 falsa,
1275 2280 1358 2320 alia
1389 2294 1507 2328 vera,
1547 2294 1629 2334 qua
1660 2287 1758 2322 nota
1788 2282 1916 2322 inter—

228 2510 257 2542 l.
284 2510 404 2551 neglig).
431 2511 456 2541 Ο
484 2528 519 2532 -
546 2510 646 2541 nescit
668 2510 752 2540 haut
775 2510 853 2541 deus
877 2518 967 2541 corr.
995 2509 1029 2540 in
1053 2509 1156 2541 nescit
1179 2518 1219 2541 ea
1243 2509 1320 2540 deus
1343 2508 1372 2539 V
1399 2527 1433 2531 —
1468 2511 1499 2541 ⁶2.
1527 2511 1581 2541 scd
1606 2511 1801 2544 Victorius:
1829 2517 1858 2544 et
1875 2514 1913 2551 C,

141 2563 176 2591 at
199 2561 386 2592 Ascensius
413 2577 448 2582 —
474 2560 505 2590 5.
524 2559 705 2590 uitantibus
719 2558 759 2590 A¹
778 2576 812 2581 -—
841 2560 872 2590 6.
891 2560 1065 2590 aduenlius
1089 2558 1126 2590 A¹
1155 2577 1190 2582 —
1217 2559 1248 2591 7.
1274 2560 1343 2599 ipse
1366 2560 1403 2590 Bl
1431 2577 1465 2581 —
1493 2560 1521 2592 9.
1551 2561 1601 2591 clei
1626 2561 1681 2591 BV
1708 2579 1742 2583 -
1771 2562 1822 2594 40.
1842 2572 1916 2595 cum

140 2610 333 2642 Victorius:
366 2613 402 2641 ut
426 2611 450 2641 C
488 2627 522 2632 —
557 2608 611 2641 421
637 2609 858 2649 beneficientia
883 2610 925 2640 B:
953 2608 1170 2650 beneficientia
1193 2611 1240 2646 Α,
1268 2609 1477 2649 beneficentia
1503 2610 1576 2648 VO,
1604 2610 1646 2642 cs.
1667 2611 1679 2641 Ι
1697 2611 1714 2651 ἓ
1731 2612 1771 2643 82
1797 2629 1831 2634 —
1861 2613 1914 2645 43.

140 2660 319 2692 consuleret
344 2660 518 2692 Manutius
550 2677 585 2681 —
620 2660 778 2700 uigilanle'
800 2659 876 2690 AV:
912 2659 1071 2699 ueyllanti
1095 2660 1139 2697 B,
1166 2659 1384 2699 uigilantibus
1408 2659 1511 2691 codd.
1531 2660 1656 2701 interp.
1681 2662 1808 2693 Moseri
1833 2664 1867 2694 et
1891 2663 1917 2694 O

144 2727 179 2732 —
201 2719 262 2750 per
284 2718 435 2741 somnum
460 2708 577 2741 llalm:
601 2718 662 2749 per
685 2710 848 2740 somnium
872 2710 931 2740 CO
959 2727 993 2731 —
1022 2710 1074 2740 45.
1100 2709 1292 2740 circuitione
1319 2709 1370 2740 VO
1400 2726 1435 2731 —
1462 2708 1513 2749 sil]
1532 2711 1558 2740 si
1583 2709 1673 2741 13¹—
1702 2711 1754 2742 46.
1773 2713 1919 2743 somnio—

143 2768 217 2790 rum
236 2761 360 2799 potius,
387 2768 488 2798 quam
512 2760 660 2791 directo?
684 2760 772 2790 Deus
788 2777 837 2782 --
854 2759 948 2790 daret
987 2759 1069 2790 edd.
1098 2760 1178 2791 Loci
1202 2760 1414 2791 sententiam
1436 2759 1627 2800 Madvigius
1651 2762 1814 2800 restituit,
1839 2761 1919 2794 vul-

142 2811 219 2850 gata
243 2810 435 2842 verborum
460 2809 742 2849 interpunctione
769 2808 956 2840 emendata
992 2827 1027 2832 —
1066 2809 1193 2840 derecto
1219 2810 1261 2841 C:
1295 2809 1416 2841 direclo
1441 2810 1466 2840 O
1502 2826 1536 2830 —
1576 2810 1628 2840 49.
1655 2810 1791 2850 aliquod
1815 2810 1853 2842 B¹
1881 2830 1915 2835 —

142 2859 195 2890 20.
221 2861 336 2899 inquid
358 2858 431 2890 ΑΒι
466 2876 501 2881 -
540 2860 653 2890 omnia
682 2868 747 2889 non
776 2867 864 2889 nunc
894 2859 975 2890 haec
1003 2862 1083 2890 esset
1114 2859 1183 2897 AV,
1216 2859 1328 2890 omnia
1352 2869 1415 2890 non
1441 2868 1527 2890 nunc
1550 2867 1676 2891 necesse
1700 2863 1746 2891 est
1769 2861 1817 2898 Β,
1855 2861 1919 2893 sed

142 2917 229 2941 nunc
253 2911 470 2950 punctatum,
497 2909 611 2940 omnia
636 2917 759 2940 necesse
783 2912 828 2940 ese
853 2908 1004 2949 Erlang.,
1031 2910 1144 2940 omnia
1168 2918 1232 2940 non
1257 2913 1301 2940 esc
1325 2918 1448 2941 neccsse
1472 2910 1607 2941 Marsus
1625 2910 1668 2947 O;
1695 2910 1821 2950 aliquot
1845 2915 1921 2942 sunt

143 2966 225 2990 vera
247 2960 394 2998 somnia,
420 2961 456 2989 at
479 2967 544 2989 non
568 2958 679 2989 omnia
704 2962 748 2990 est
772 2967 895 2990 necesse
925 2958 979 2990 vel
1011 2958 1138 2998 aliquot
1161 2961 1235 2989 sunt
1258 2967 1341 2990 vera
1365 2960 1513 2996 somnia,
1548 2959 1661 2990 omnia
1683 2968 1749 2991 esse
1771 2969 1837 2992 non
1860 2970 1920 2992 ne—

144 3012 255 3040 cessest
278 3008 454 3045 Ribbeck;
491 3009 620 3039 somnia
651 3016 733 3039 vera
763 3008 908 3047 aliquot,
942 3017 1057 3039 cerum
1089 3009 1202 3040 omnia
1230 3017 1338 3039 noenu
1362 3012 1513 3040 necessest
1538 3017 1580 3040 ex
1605 3008 1743 3049 Ilbcrgii
1768 3011 1918 3043 coniect.

146 3056 277 3089 Vahlen
304 3075 338 3080 —-
364 3058 417 3089 Ἢ.
438 3066 524 3097 quae
540 3065 613 3083 aaa
630 3066 711 3088 nam
733 3057 760 3088 si
783 3058 820 3096 Β,
847 3059 901 3089 cui
927 3058 959 3088 in
985 3065 1095 3097 marg.
1123 3058 1242 3089 infimo
1268 3057 1445 3089 adiectum
1472 3060 1526 3090 est
1548 3063 1813 3093 uer-a*****si
1836 3071 1920 3093 uera

144 3107 337 3145 mittuntur,
361 3107 448 3146 falsa
470 3108 556 3138 unde
579 3111 763 3138 nascuntur
799 3125 834 3130 -
876 3108 930 3139 22.
955 3109 1121 3139 mitantur
1143 3108 1213 3138 ΑΨ
1251 3125 1284 3129 -
1328 3108 1380 3138 23.
1406 3108 1597 3140 inscientlus
1627 3111 1679 3148 Αἱ,
1712 3111 1856 3143 inscitius
1880 3112 1917 3151 Β,

145 3156 299 3188 instemus
322 3157 362 3188 V¹
379 3175 414 3180 —
441 3157 494 3189 24.
521 3159 547 3189 si
571 3166 656 3189 uera
679 3159 719 3188 Al
746 3174 781 3180 —
809 3158 862 3189 ⁶26.
886 3158 965 3197 ferit
988 3158 1025 3189 Βι
1052 3175 1088 3180 —-
1115 3158 1191 3189 deus
1215 3160 1274 3188 aut
1296 3158 1423 3197 neyatis
1446 3158 1483 3189 Β1
1503 3175 1537 3179 -
1564 3158 1618 3190 27.
1635 3158 1861 3193 honecessarco
1879 3161 1917 3200 B,

145 3206 204 3237 hoc
227 3205 295 3237 del.
322 3207 458 3239 Ernesti
483 3224 519 3229 —
546 3207 599 3239 ⁶29.
624 3210 732 3238 motus
754 3210 781 3238 A
805 3224 848 3229 —
872 3215 998 3238 vacuus
1021 3215 1085 3238 non
1107 3210 1213 3246 potest
1236 3207 1459 3247 liottingerus
1488 3224 1522 3229 —
1549 3208 1687 3249 layuore
1710 3210 1755 3248 B,
1781 3211 1920 3251 langore

146 3255 249 3294 A¹V¹,
285 3255 328 3287 ct.
355 3257 382 3287 11
407 3256 505 3297 5⁴39
542 3273 578 3278 —
619 3257 673 3288 30.
699 3256 907 3288 inciditenuis
929 3257 1054 3288 auaria
1077 3257 1115 3287 Β1
1148 3272 1183 3278 -
1221 3255 1274 3287 34.
1300 3256 1440 3298 reliquis
1461 3258 1503 3289 Α1
1529 3274 1564 3280 -
1603 3258 1781 3291 aristotelis
1803 3260 1843 3291 Β·-’
1878 3276 1913 3282 --

147 3301 200 3336 33.
224 3305 340 3345 speties
361 3307 390 3338 A
418 3323 453 3329 —-
483 3314 567 3340 uera
589 3309 666 3339 sunt
688 3313 756 3347 qua
778 3306 822 3348 B,
849 3305 914 3338 sed
936 3309 1012 3338 sunl
1035 3314 1112 3348 sup.
1132 3304 1190 3338 lin.
1209 3313 1255 3338 m.
1275 3312 1347 3338 sec,
