2249 3624
625 187 713 228 Lm.
736 187 788 227 ΙΙ.
833 186 931 227 CAP.
955 186 1179 226 xl-xll.
1219 184 1278 238 §S
1301 183 1493 225 eti—20.
1888 177 1969 220 889

215 302 355 342 sanum
387 303 427 338 et
456 293 751 348 Inpudentiae;
793 293 968 332 virtutes
1001 293 1134 339 enim,
1166 306 1248 332 non
1281 293 1376 332 vitia
1410 304 1654 332 consecrare
1687 289 1817 329 decet.
1869 289 1968 328 Ara-

215 376 296 417 que
337 364 496 400 vetusta
535 356 575 396 in
609 355 766 395 Palatio
797 355 940 394 Febris
982 361 1021 394 et
1061 355 1189 394 altera
1220 355 1420 408 Esquiliis
1451 355 1583 394 Malae
1614 354 1820 393 Fortunae
1853 350 1969 389 dete-

215 423 358 466 standa
401 427 525 474 atque
568 418 704 458 omnia
749 418 838 457 eius
885 418 994 457 modi
1042 417 1301 470 repudianda
1347 423 1453 456 sunt.
1526 415 1647 465 Quod
1697 416 1729 454 si
1777 412 1968 465 lingenda

215 486 401 532 nomina,
440 483 468 534 †
496 481 746 533 Vicaepotae
784 480 923 534 potius
957 478 1183 533 [vincendi]
1217 487 1341 534 atque
1376 476 1596 534 [potiundi]
1632 478 1770 516 Statae
1802 471 1969 530 [standi]

216 548 545 602 cognominaque
578 543 752 582 Statoris
785 549 824 581 et
856 543 1001 582 Invicti
1035 544 1143 583 Iovis
1175 557 1395 597 rerumque
1428 542 1754 595 expetendarum
1789 539 2003 583 nomina‚⁵

217 610 391 654 Salutis,
430 605 632 651 Honoris,
675 603 799 656 Opis,
842 605 1066 643 Victoriae.
1143 606 1436 659 Quoniamque
1479 605 1792 657 exspectatione
1836 614 1970 642 rerum

214 671 412 713 bonarum
453 667 624 720 erigitur
665 667 849 713 animus,
890 672 1001 706 recte
1044 667 1168 707 etiam
1204 668 1304 721 Spes
1344 682 1365 708 a
1399 668 1585 707 Calatino
1628 670 1866 705 consecrata
1897 668 1971 702 est.

212 736 473 784 Fortunaque
505 730 557 769 sit
588 729 652 768 vel
675 729 809 768 Huius
842 729 923 768 dici
955 743 1124 768 —nam
1160 730 1268 769 valet
1299 731 1339 769 in
1373 743 1515 769 omnes
1549 730 1634 768 dies
1657 750 1709 757 -
1742 727 1804 766 vel
1827 725 1972 777 Respi-

211 797 322 836 ciens
363 794 414 834 ad
453 805 572 846 opem
614 791 852 838 ferendam,
895 792 959 831 vel
1000 793 1124 839 Fors,
1167 793 1206 831 in
1241 806 1325 846 quo
1357 793 1501 832 incerti
1535 805 1654 831 casus
1686 788 1972 843 significantur

212 858 361 912 magis,
393 856 458 896 vel
492 855 737 907 Primigenia
771 868 792 893 a
825 854 1053 907 gignendO,
1086 868 1225 894 comes
1256 862 1341 894 tum
1380 856 1392 875 ²
1426 856 1444 873 ἢ

320 919 411 958 XII.
458 915 524 956 ⁶29.
568 918 780 957 Feriarum
823 917 1111 970 fcstorumque
1154 917 1313 956 dierum
1354 917 1460 956 ratio
1494 918 1534 956 in
1567 916 1707 955 liberis
1740 914 1970 967 requietem

209 983 346 1023 litium
376 980 503 1020 habet
535 986 574 1019 et
605 980 855 1032 iurgiorum,
897 980 937 1018 in
971 980 1101 1018 serris
1134 993 1306 1032 operum
1342 986 1381 1018 ct
1414 978 1624 1017 laborum:
1669 990 1770 1030 quas
1803 988 1972 1027 compo-

208 1045 304 1085 sitio
335 1043 432 1083 anni
464 1041 653 1082 conferre
689 1041 813 1081 debet
845 1041 896 1081 ad
929 1041 1228 1095 perfectionem
1261 1054 1432 1094 operum
1466 1041 1725 1080 rusticorum.
1778 1037 1898 1086 Quod
1922 1037 1972 1076 ad

207 1113 368 1159 tempus
406 1110 452 1144 ut
493 1100 821 1158 [sacrificiorum]
864 1104 1089 1143 libamenta
1131 1110 1348 1143 serventur
1377 1102 1570 1156 fetusque
1604 1116 1819 1155 pecorum,
1863 1112 1971 1153 quae

208 1169 316 1208 dicta
353 1168 394 1206 in
436 1167 526 1219 lege
567 1171 685 1212 sunt,
719 1166 940 1218 diligenter
971 1164 1159 1205 habenda
1192 1167 1294 1206 ratio
1326 1166 1598 1205 intercalandi
1632 1171 1712 1205 est:
1762 1163 1875 1218 quod
1908 1164 2021 1202 ἰπὶ-45

208 1231 397 1270 stitutum
442 1228 576 1282 perite
619 1241 641 1267 a
672 1229 805 1267 Numa
837 1229 1117 1282 posteriorum
1151 1227 1390 1281 pontilicum
1424 1229 1688 1281 neglegentia
1719 1226 1969 1266 dissolutum

207 1298 282 1333 est.
341 1292 424 1330 lam
464 1291 566 1330 illud
609 1303 659 1329 ex
700 1291 901 1330 institutis
942 1289 1185 1343 pontificum
1228 1296 1268 1330 et
1310 1292 1577 1344 haruspicum
1610 1304 1692 1330 non
1726 1288 1968 1329 mutandum

209 1360 281 1402 est,
315 1353 466 1407 quibus
498 1352 644 1392 hostiis
676 1352 978 1392 immolandum
1012 1354 1197 1407 quoique
1231 1354 1323 1400 deo,
1355 1355 1419 1393 cui
1452 1355 1689 1400 maioribus,
1723 1353 1786 1392 cui
1817 1352 1971 1390 lacten-

208 1417 330 1463 tibus,
364 1415 430 1455 cui
461 1415 658 1461 maribus,
692 1415 758 1453 cui
790 1414 970 1455 feminis.
1032 1417 1175 1455 Plures
1208 1423 1344 1456 autem
1379 1416 1548 1456 deorum
1584 1416 1782 1461 omnium,
1815 1413 1968 1466 singuli

206 1480 465 1534 singulorum
497 1479 734 1518 sacerdotes
766 1485 806 1518 et
836 1479 1122 1531 respondendi
1154 1479 1253 1518 iuris
1287 1485 1323 1518 et
1347 1477 1698 1518 conficiendarum
1722 1478 1967 1529 religionum
1983 1478 2019 1508 20

204 1543 443 1583 facultatem
475 1540 683 1580 adferunt.
746 1542 932 1595 Cumque
966 1542 1090 1581 Vesta
1132 1541 1250 1595 quasi
1283 1540 1418 1581 focum
1452 1542 1587 1588 urbis,
1631 1548 1671 1580 ut
1705 1541 1862 1579 Graeco
1894 1552 1969 1577 no—

206 1607 318 1646 mine
350 1611 411 1645 est
442 1604 672 1657 appellata,
715 1605 824 1657 quod
867 1617 941 1643 nos
973 1617 1102 1657 prope
1134 1603 1244 1642 idem
1278 1604 1501 1651 Graecum,
1543 1617 1619 1643 mm
1652 1604 1966 1655 interpretatum

205 1681 355 1709 nornen
388 1673 597 1711 tenemus,
631 1667 848 1719 complexa
881 1667 954 1712 sit,
987 1668 1025 1706 ei
1057 1665 1257 1706 colendae
1289 1667 1469 1719 virgines
1502 1667 1705 1719 praesint,
1738 1671 1781 1704 ut
1812 1662 1969 1715 advigi-

206 1731 313 1770 letur
343 1730 507 1769 facilius
539 1729 590 1769 ad
623 1730 854 1769 custodiam
887 1729 994 1782 ignis
1027 1735 1067 1769 et
1088 1729 1268 1768 sentiant
1292 1730 1487 1769 mulieres
1510 1735 1696 1768 naturam
1720 1725 1966 1766 seminarum

206 1807 370 1834 omnem
403 1794 633 1833 castitatem
666 1794 764 1845 pati.

1987 854 2021 882 10

1981 1789 2018 1820 25

294 1924 324 1953 4.
351 1923 490 1953 uirtutes
512 1922 553 1952 Α2
567 1920 619 1952 13¹2:
646 1922 768 1952 uirtute
793 1919 882 1957 13¹H.
910 1922 1034 1953 uirtus?
1050 1919 1090 1953 Α1
1116 1939 1149 1943 -
1179 1931 1239 1952 ηοη
1268 1923 1292 1953 Η
1322 1922 1392 1961 {sed
1413 1923 1442 1952 in
1463 1928 1562 1959 ras.):
1590 1925 1619 1952 et
1635 1925 1658 1952 Α
1672 1921 1707 1958 Β,
1733 1920 1811 1950 haul
1830 1919 1965 1955 Daffles,

204 1973 337 2004 minime
361 1971 513 2005 Vahlem
542 1973 654 2011 possis
680 1973 783 2003 etiam
810 1981 865 2002 nec
889 1973 1059 2012 suspicari
1087 1989 1118 1993 -
1148 1974 1335 2003 consecr-wi
1361 1972 1460 2002 codd
1482 1973 1565 2003 dett.
1593 1974 1625 2002 et
1651 1971 1675 2000 O
1715 1988 1748 1992 -
1784 1976 1968 2006 *araquae

205 2026 243 2060 Α,
271 2032 329 2054 era
356 2025 429 2061 (ara
455 2021 559 2061 corr.)
586 2030 669 2060 quae
693 2022 716 2053 B
743 2024 898 2061 (Araque,
925 2031 1008 2060 quae
1033 2023 1245 2052 reluslissinm
1271 2026 1315 2053 es!
1342 2023 1372 2052 in
1389 2023 1458 2053 I’ul.
1486 2026 1522 2058 υ)
1551 2039 1581 2043 -
1614 2023 1641 2051 2.
1670 2023 1793 2051 vetusta
1814 2021 1842 2049 in
1870 2017 1968 2050 Mad-

205 2074 279 2112 vig:
313 2075 435 2103 uetus*
458 2072 543 2111 (sup.
564 2071 606 2102 lin
640 2073 713 2110 slat)
741 2071 771 2102 e'n
797 2074 842 2110 Α,
868 2075 960 2102 velus
983 2072 1028 2101 tin
1056 2073 1155 2104 (corr.
1176 2075 1267 2102 uetus
1284 2075 1328 2102 es!
1344 2072 1387 2110 in]
1415 2073 1457 2107 Β,
1492 2075 1579 2101 velus
1604 2072 1636 2101 in
1662 2072 1763 2110 [corr.
1789 2072 1882 2100 'uetus
1904 2071 1969 2098 stac

203 2122 247 2160 in)
272 2121 300 2152 H
339 2138 373 2143 --
411 2122 542 2159 esquilis
565 2122 626 2152 All
667 2139 699 2143 —-
738 2122 924 2152 deles-landa
951 2126 1050 2160 alque
1073 2122 1195 2162 scripsi
1220 2125 1412 2162 praeeunte
1439 2122 1607 2161 Mailxigio
1641 2122 1713 2160 (qui
1739 2119 1969 2160 proposuerat

203 2171 411 2202 detestandae
434 2171 562 2210 alque):
600 2171 799 2210 detestatque
822 2174 845 2202 Α
861 2172 905 2209 ΙΙ,
939 2172 1179 2210 detestaturque
1204 2173 1245 2209 Β,
1278 2173 1498 2211 ‹letes-totaque
1523 2173 1547 2201 O
1587 2189 1620 2193 —
1659 2170 1688 2201 3.
1715 2170 1756 2200 da
1782 2169 1915 2198 nomina
1940 2169 1964 2197 A

203 2221 235 2252 in
259 2230 328 2253 ras.
354 2221 461 2252 habet
503 2238 544 2243 —
581 2220 611 2251 4.
638 2221 731 2251 uicac
753 2225 850 2260 potae
884 2222 972 2257 &uice
992 2225 1091 2260 polae
1114 2221 1194 2252 add.
1214 2231 1229 2252 e
1253 2230 1329 2262 sup.
1350 2232 1367 2252 o
1392 2224 1430 2258 A,
1458 2222 1519 2252 sed
1546 2222 1616 2251 uice
1640 2222 1673 2252 in
1700 2220 1781 2258 ras.)
1807 2222 1833 2250 et
1855 2218 1968 2257 potius

204 2272 337 2311 (epotius
361 2271 395 2309 Β)
427 2271 579 2301 uincendi
608 2274 707 2309 alque
734 2271 883 2310 potiundi
911 2272 1095 2302 statas-anda·
1127 2273 1321 2310 coqnomma
1347 2281 1431 2311 quae
1455 2272 1586 2302 statoris
1611 2272 1657 2307 C;
1699 2269 1808 2300 verba
1834 2265 1965 2298 inclusa

203 2319 331 2352 delevit
362 2321 537 2357 Goerenz;
578 2320 766 2359 Vicaepome
791 2324 834 2351 es!
855 2322 965 2360 potius
989 2323 1055 2351 etc.
1084 2320 1292 2359 Fcldliuegel
1335 2339 1365 2343 ——
1405 2325 1504 2360 aeque·
1527 2324 1643 2351 &lame
1666 2326 1842 2357 rerumque
1865 2324 1967 2355 erpe-

202 2371 388 2408 tendarum,
415 2369 539 2400 Salutis
563 2371 629 2401 etc.
658 2370 783 2407 Christ,
811 2370 952 2410 reliquis
978 2369 1101 2401 deletis
1129 2387 1164 2392 —
1191 2372 1221 2402 5.
1249 2372 1362 2402 inuicii
1389 2372 1424 2406 Β,
1452 2371 1555 2401 inuito
1578 2372 1602 2401 A
1616 2371 1642 2400 H
1672 2387 1703 2392 -
1733 2368 1762 2397 6.
1790 2367 1966 2406 quoniam-

203 2429 263 2461 que
285 2419 487 2452 Turnebus:
514 2420 672 2459 quoniam
696 2428 789 2458 quem
816 2418 850 2450 13¹
867 2416 918 2458 w,
946 2421 1102 2459 quoniam
1127 2429 1223 2459 quom
1250 2422 1334 2459 (cum
1352 2419 1400 2458 13²)
1425 2425 1448 2452 Α
1461 2419 1507 2454 B'2,
1542 2421 1696 2459 quoniam
1721 2418 1850 2457 quictem
1874 2416 1900 2446 H
1927 2432 1961 2437 --

203 2471 233 2502 7.
253 2470 410 2501 bonorum
434 2469 493 2501 AB
533 2487 568 2492 —
605 2469 636 2500 8.
662 2469 875 2508 Fortunaque
899 2474 1011 2509 quaest
1037 2469 1100 2507 (vel
1126 2471 1273 2501 Fortuna
1299 2471 1427 2510 quaest>
1454 2469 1664 2506 Buecheler,
1699 2468 1753 2498 cui
1778 2467 1818 2497 sit
1842 2464 1965 2496 salsum

202 2520 352 2558 videtur,
372 2519 466 2561 quod
484 2527 608 2550 omnes
626 2517 703 2550 illae
723 2520 892 2551 Fortunae
912 2529 992 2551 vere
1011 2519 1122 2551 cultae
1141 2521 1218 2551 sint.
1249 2538 1282 2542 —
1309 2521 1404 2551 huius
1419 2523 1462 2551 A:
1488 2521 1618 2551 huiusce
1642 2518 1737 2550 ΒΗΟ
1764 2534 1797 2538 -
1826 2515 1968 2553 respiens

204 2567 290 2601 ΑῙΒι
316 2586 350 2591 -
379 2570 409 2600 9.
436 2578 528 2608 opem
550 2572 590 2607 A,
616 2568 679 2600 sed
704 2577 752 2599 em
777 2569 809 2600 in
835 2578 901 2600 ras.
932 2587 961 2590 —
993 2570 1109 2600 incerli
1132 2578 1187 2600 cas
1209 2572 1234 2601 A
1261 2571 1293 2601 in
1320 2579 1386 2601 ras.
1412 2569 1521 2601 habet
1545 2587 1586 2591 —
1612 2569 1661 2599 tO.
1679 2563 1877 2606 primigenia
1900 2564 1963 2595 All

207 2637 240 2641 —
267 2629 288 2650 α
310 2619 472 2660 yiynendo
495 2620 542 2657 A,
577 2618 638 2649 sed
665 2619 704 2649 do
734 2620 767 2650 in
800 2628 938 2657 rasura,
975 2620 1194 2660 mayiynendo
1219 2620 1241 2650 B
1279 2637 1313 2641 —
1351 2624 1524 2650 comestum
1549 2619 1612 2650 ΑΗ
1642 2621 1678 2656 (ε
1702 2619 1735 2648 in
1760 2620 1783 2648 A
1811 2617 1842 2647 in
1869 2616 1963 2653 ras),

206 2678 280 2700 cum
304 2665 373 2700 esti]
396 2669 419 2700 B
449 2685 481 2690 -
511 2669 562 2700 Μ,
585 2669 721 2707 quietem
747 2668 790 2700 fl2
815 2686 847 2692 —
879 2669 930 2700 ΛΞ.
957 2670 1063 2700 litium
1087 2670 1181 2700 habet
1203 2672 1247 2701 A:
1274 2670 1367 2700 habet
1390 2670 1494 2701 litium
1520 2670 1543 2700 B
1559 2669 1582 2699 ll
1600 2669 1624 2700 O
1650 2685 1684 2690 —
1711 2666 1753 2698 rsa
1775 2668 1806 2697 In
1831 2674 1966 2705 operum

203 2720 229 2751 A
253 2720 286 2751 in
312 2728 379 2751 ras.
406 2718 514 2749 habet
536 2736 579 2741 -
603 2719 802 2757 compositior
826 2720 882 2749 AB
913 2736 945 2739 —
974 2718 1024 2749 43.
1052 2720 1094 2749 ad
1121 2720 1164 2749 1·1:
1191 2723 1219 2749 ct
1242 2720 1315 2754 ΑΒ,
1342 2720 1404 2749 scd
1430 2720 1461 2749 in
1490 2722 1511 2749 A
1539 2728 1574 2749 re
1598 2718 1685 2748 debet
1709 2721 1737 2748 et
1758 2725 1818 2756 per
1842 2717 1874 2746 in
1894 2722 1961 2745 ras,

203 2770 256 2800 est
281 2786 316 2791 —
343 2768 429 2807 quod
445 2769 488 2798 ad
506 2766 619 2799 Klotz:
647 2769 733 2808 quod
759 2768 838 2805 Co,
876 2769 1095 2808 praeiverant
1121 2768 1329 2808 Feldliucgel
1356 2771 1390 2799 et
1414 2768 1535 2804 Halm,
1573 2767 1626 2798 ille
1660 2768 1836 2798 comt-lens
1867 2768 1966 2803 atque

202 2817 245 2848 ad
267 2821 389 2857 tempus
411 2820 457 2854 ut,
484 2816 540 2847 hic
563 2821 662 2856 ulque
686 2818 729 2847 ad
753 2821 878 2856 tempus
902 2820 968 2848 etc.
1006 2836 1048 2840 —
1083 2817 1134 2849 44.
1161 2819 1402 2858 sacrificiorum
1432 2820 1467 2848 ut
1491 2817 1665 2855 glossema
1691 2825 1771 2847 cuni
1797 2813 1964 2845 Vahlenio

203 2866 246 2904 (v.
271 2868 311 2898 N.
338 2874 428 2898 mus.
455 2866 553 2897 rhen.
580 2867 664 2905 xm,
691 2876 724 2908 p.
742 2867 816 2904 303)
842 2867 1057 2904 inclusimus,
1084 2869 1141 2908 qui
1166 2871 1349 2908 praeterea
1376 2869 1540 2898 coniecit:
1575 2871 1607 2896 ul
1629 2867 1764 2906 fruyum
1787 2866 1965 2896 libamenta

203 2918 268 2948 etc.
298 2935 332 2939 —
359 2916 575 2947 liberamenta
593 2916 631 2953 Η,
658 2916 761 2947 libera
777 2921 881 2948 mente
898 2918 933 2954 B,
961 2917 1230 2948 liberans-‘mente
1256 2919 1423 2956 {extrema
1449 2926 1464 2947 e
1489 2926 1527 2947 cx
1546 2918 1648 2955 corr.)
1674 2919 1700 2947 Α
1730 2934 1761 2938 -
1792 2916 1841 2946 15,
1861 2916 1966 2945 inter-

204 2965 330 2995 calendi
354 2967 392 3001 Α,
418 2965 643 2996 incer-calenda
667 2966 692 2997 H
722 2984 756 2989 —
785 2966 837 2997 46.
864 2975 885 2997 a
907 2975 1009 2997 numa
1034 2967 1056 2997 B
1082 2976 1172 2998 corr.
1201 2976 1240 2998 ex
1266 2976 1389 2997 annum
1415 2976 1435 2996 a
1463 2984 1505 2988 —
1542 2967 1592 2996 47.
1619 2965 1671 3006 etc]
1696 2970 1725 2996 c!
1750 2966 1776 2996 II
1806 2983 1839 2987 -
1865 2974 1965 2995 arus—

201 3014 311 3052 picum
334 3016 361 3044 Α
386 3014 419 3044 in
445 3022 513 3045 ras.
542 3030 576 3035 —
606 3013 656 3044 18.
683 3015 799 3052 cuique
823 3015 862 3043 13²
875 3016 912 3050 O,
940 3017 1082 3055 quuique
1107 3016 1133 3046 H
1169 3033 1203 3038 -
1243 3016 1294 3046 «¹9.
1321 3016 1441 3055 sinyuli
1465 3016 1679 3056 Stephanus:
1711 3015 1850 3054 singulis
1874 3015 1897 3044 C
1926 3032 1960 3036 —

202 3063 255 3093 ‘20-
280 3063 557 3101 conficiendarum
581 3062 658 3094 cod.
686 3061 755 3094 Pal.
775 3062 835 3092 IV:
869 3063 1129 3102 confitendorum
1154 3066 1226 3103 CO,
1252 3066 1521 3096 continendarum
1547 3066 1649 3099 Bake.
1676 3065 1965 3104 concipiendorum

202 3110 369 3150 Wagner,
393 3113 695 3142 conservandarum
719 3112 858 3147 Dax'ies,
891 3112 1194 3142 consumendarum
1218 3116 1336 3144 neseio
1362 3115 1450 3154 quis,
1482 3123 1554 3144 cum
1577 3116 1639 3155 fide
1663 3115 1859 3145 tuendarum
1885 3115 1963 3153 Lip-

205 3159 287 3197 sius,
309 3161 571 3201 profilendarum
595 3160 726 3191 Vahlen
752 3159 772 3191 l.
793 3161 847 3190 cit.
875 3168 951 3200 pag.
967 3161 1049 3194 ⁶299:
1088 3162 1141 3191 est
1165 3161 1318 3199 conficere
1344 3161 1513 3199 religyionps
1541 3166 1700 3195 nostrum
1733 3165 1804 3195 «die
1827 3164 1962 3203 heiligen

205 3209 421 3250 Handlunyen
444 3211 642 3249 ausrichten,
659 3210 871 3241 vollziehen».
898 3228 940 3233 —
963 3211 1016 3241 2⁴.
1041 3219 1116 3241 cum
1140 3212 1163 3241 A
1190 3210 1223 3240 in
1243 3218 1308 3239 ras.
1329 3209 1435 3240 habet
1462 3227 1496 3231 —
1523 3210 1576 3240 2⁷2.
1602 3223 1666 3244 non
1690 3215 1702 3244 4
1726 3213 1802 3244 cod,
1819 3214 1958 3251 Lagom.

208 3266 251 3288 ex
274 3260 384 3290 coni.:
410 3268 479 3291 om.
500 3260 560 3292 CO
595 3277 630 3282 —
669 3260 721 3292 23.
746 3260 920 3300 compleam
943 3259 1144 3292 Turnebus:
1171 3267 1334 3299 con-<peasa
1358 3259 1382 3291 C
1416 3276 1451 3282 —
1488 3258 1541 3291 24.
1567 3263 1726 3290 naturam
1749 3264 1901 3301 Lipsius:
1927 3264 1961 3294 in

207 3311 366 3340 naturam
390 3310 524 3350 (natura
546 3311 570 3342 B
596 3310 699 3351 corr.)
725 3310 763 3342 C.
