2249 3624
210 114 290 156 504
870 110 939 149 DE
971 107 1323 148 DIVINATIONE

209 223 438 261 Varronem
460 225 500 259 et
521 220 574 258 M.
595 217 808 263 Catonem,
840 217 914 268 qui
945 220 1030 254 tum
1058 215 1114 253 ibi
1142 220 1273 260 erant,
1305 213 1449 253 doctos
1473 213 1678 261 homines,
1708 212 1976 254 vehementer

212 296 302 324 esse
347 282 618 335 perterritos:
662 278 806 331 paucis
852 290 952 316 sane
995 281 1088 329 post
1130 276 1278 315 diebus
1323 289 1374 315 ex
1420 275 1631 315 Pharsalia
1675 275 1774 328 fuga
1812 277 1976 317 venisse

210 346 468 385 Labienum:
502 343 573 396 qui
606 355 697 381 cum
730 339 943 379 interitum
977 338 1185 377 exercitus
1217 337 1506 384 nuntiavisset,
1537 337 1695 390 reliqua
1719 337 1976 378 vaticinatio-

210 409 275 447 nis
305 407 421 446 brevi
455 418 545 445 esse
578 403 779 443 confecta.
840 399 905 440 69.
946 402 1047 440 Nam
1092 406 1132 439 et
1171 414 1224 439 ex
1263 399 1423 440 horreis
1464 399 1672 453 direptum
1715 400 1977 453 effusumque

180 469 463 509 5frumentum
497 468 580 506 vias
613 465 749 505 omnis
781 464 1115 516 angiportusque
1147 468 1449 510 constraverat,
1490 468 1530 502 et
1559 476 1686 502 naves
1717 463 1854 503 subito
1886 477 1978 516 per-

210 532 342 573 territi
375 537 485 570 metu
518 526 843 572 conscendistis,
886 531 926 565 et
965 532 1089 564 noctu
1129 525 1181 565 ad
1220 526 1420 578 oppidum
1461 526 1735 578 respicientes
1767 527 1977 579 flagrantis

213 594 447 639 onerarias,
497 604 599 643 quas
642 587 913 628 incenderant
954 588 1130 635 milites,
1171 588 1268 642 quia
1309 589 1429 642 sequi
1466 588 1705 636 noluerant,
1747 588 1977 629 videbatis:

213 661 423 710 postremo
455 667 478 692 a
512 652 669 692 Rhodia
701 651 832 690 classe
865 651 1018 690 deserti
1049 663 1190 691 verum
1222 656 1357 690 vatem
1389 650 1518 690 fuisse
1552 650 1754 690 sensistis.

325 715 390 755 70.
422 715 607 769 Exposui
640 727 765 766 quam
797 713 1039 752 brevissime
1071 714 1186 766 potui
1219 713 1369 754 somnii
1401 719 1442 753 et
1471 713 1624 753 furoris
1652 715 1839 762 oracula,
1872 729 1978 769 quae

160 789 195 819 io
212 792 351 820 carere
383 784 468 818 arte
506 776 706 816 dixeram.
769 775 958 823 Quorum
1002 776 1218 815 amborum
1262 790 1462 828 generum
1508 790 1589 816 una
1626 778 1731 816 ratio
1772 784 1855 826 est,
1896 792 1979 832 qua

214 842 435 894 Cratippus
480 845 620 879 noster
664 838 725 877 uti
763 838 895 877 solet:
942 839 1100 877 animos
1132 838 1347 878 hominum
1380 838 1560 891 quadam
1593 853 1645 878 ex
1677 845 1790 893 parte
1822 839 1978 880 extrin-

212 917 332 944 secus
364 916 455 941 esse
487 907 639 941 tractos
673 907 713 940 et
744 900 915 940 haustos
946 922 1000 929 —
1032 914 1083 940 ex
1116 914 1198 954 quo
1231 901 1488 953 intellegitur
1520 915 1612 941 esse
1644 908 1761 941 extra
1792 902 1978 943 divinum

212 967 420 1012 animum,
456 964 662 1003 humanus
692 963 803 1002 unde
836 964 1011 1003 ducatur
1056 986 1108 991 —-
1150 963 1323 1002 humani
1354 968 1492 1002 autem
1523 964 1651 1004 animi
1684 977 1773 1004 eam
1805 970 1978 1017 partem,

213 1041 318 1082 quae
350 1041 531 1073 sensum,
565 1039 671 1080 quae
703 1031 873 1072 motum,
907 1039 1012 1078 quae
1044 1025 1273 1078 adpetitum
1305 1025 1469 1072 habeat,
1500 1039 1584 1065 non
1617 1040 1708 1067 esse
1738 1027 1790 1067 ab
1816 1028 1980 1068 actione

163 1102 198 1130 45
214 1090 402 1143 corporis
433 1089 677 1141 seiugatam:
711 1101 819 1141 quae
851 1094 989 1127 autem
1022 1101 1116 1142 pars
1147 1088 1274 1127 animi
1307 1087 1481 1127 rationis
1512 1094 1636 1142 atque
1666 1089 1980 1142 intellegentiae

214 1156 267 1194 sit
296 1154 526 1207 particeps,
559 1164 649 1191 eam
682 1157 768 1190 tum
801 1163 996 1190 maxume
1027 1151 1187 1202 vigere,
1220 1164 1310 1190 cum
1345 1150 1565 1203 plurimum
1597 1151 1706 1192 absit
1734 1165 1758 1191 a
1788 1165 1979 1205 corpore.

213 1214 279 1257 71.
325 1217 470 1269 Itaque
516 1214 715 1268 expositis
761 1213 965 1265 exemplis
1011 1226 1201 1252 verarum
1247 1212 1592 1252 vaticinationum
1639 1219 1679 1253 et
1724 1215 1980 1255 somniorum

214 1278 433 1331 Cratippus
476 1277 582 1316 solet
625 1277 826 1315 rationem
873 1275 1124 1314 concludere
1169 1275 1250 1314 hoc
1295 1274 1450 1314 modo:
1500 1275 1542 1314 Si
1585 1276 1674 1316 sine
1720 1277 1853 1317 oculis
1895 1291 1981 1317 non

213 1346 350 1394 potest
390 1346 555 1379 exstare
597 1338 783 1378 officium
828 1343 868 1377 et
905 1351 1055 1377 munus
1092 1337 1330 1384 oculorum,
1377 1343 1552 1390 possunt
1582 1344 1719 1379 autem
1752 1339 1981 1393 aliquando

161 1412 198 1443 20
213 1404 320 1444 oculi
352 1416 435 1443 non
467 1402 582 1454 fungi
615 1414 691 1441 suo
725 1414 918 1448 munere,
958 1401 1030 1454 qui
1062 1400 1129 1440 vet
1159 1401 1289 1440 semel
1320 1401 1377 1440 ita
1408 1407 1471 1440 est
1500 1414 1600 1441 usus
1631 1402 1779 1449 oculis,
1810 1408 1856 1442 ut
1885 1415 1981 1444 vera

212 1473 423 1513 cerneret,
470 1467 504 1506 is
541 1465 665 1504 habet
702 1477 870 1503 sensum
907 1463 1122 1503 oculorum
1156 1476 1251 1502 vera
1282 1464 1557 1503 cernentium.
1616 1465 1718 1504 Item
1751 1465 1900 1518 igitur,
1946 1466 1979 1505 si

212 1529 303 1569 sine
326 1528 581 1569 divinatione
603 1540 686 1566 non
712 1532 846 1579 potest
866 1524 1050 1566 officium
1086 1531 1126 1564 et
1147 1539 1297 1565 munus
1331 1526 1599 1566 divinationis
1632 1533 1812 1575 exstare,
1844 1534 1981 1581 potest

212 1597 351 1632 autem
384 1591 500 1645 quis,
542 1603 635 1630 cum
669 1589 972 1628 divinationem
1005 1588 1176 1635 habeat,
1217 1601 1355 1628 errare
1387 1589 1615 1642 aliquando
1658 1603 1736 1630 nec
1767 1603 1862 1631 vera
1893 1604 1982 1630 cer-

212 1667 337 1701 nere,
386 1653 485 1693 satis
529 1659 591 1693 est
630 1652 681 1691 ad
724 1650 1050 1691 confirmandam
1093 1650 1393 1690 divinationem
1436 1652 1565 1691 semel
1605 1652 1763 1705 aliquid
1805 1666 1896 1693 esse
1924 1654 1982 1694 ita

162 1725 200 1757 25
214 1716 456 1761 divinatum,
488 1721 534 1754 ut
564 1715 664 1754 nihil
696 1714 865 1753 fortuito
898 1714 1099 1753 cecidisse
1132 1713 1333 1753 videatur.
1387 1714 1493 1754 Sunt
1521 1720 1660 1755 autem
1693 1715 1784 1755 eius
1815 1716 1979 1768 generis

213 1778 562 1825 innumerabilia;
597 1791 687 1817 esse
718 1777 843 1829 igitur
873 1775 1172 1815 divinationem
1204 1774 1488 1816 confitendum
1520 1782 1597 1817 est.

326 1841 523 1880 XXXIII.
554 1838 620 1879 72.
655 1840 773 1888 Quae
806 1852 902 1878 vero
935 1843 1005 1877 aut
1036 1838 1275 1877 coniectura
1307 1839 1569 1892 explicantur
1599 1845 1672 1880 aut
1702 1841 1862 1881 eventis
1894 1841 1981 1881 ani-

213 1905 428 1945 madversa
459 1918 505 1943 ac
535 1908 676 1942 notata
707 1907 820 1948 sunt,
854 1915 902 1941 ea
933 1914 1086 1954 genera
1119 1900 1348 1948 divinandi,
1380 1907 1425 1941 ut
1454 1915 1582 1954 supra
1613 1902 1714 1950 dixi,
1746 1917 1831 1943 non
1862 1909 1980 1944 natu-

212 1967 328 2014 ralia,
361 1966 432 2006 sed
464 1963 690 2006 artificiosa
722 1964 939 2004 dicuntur:
971 1964 1012 2003 in
1036 1977 1119 2017 quo
1150 1963 1407 2016 haruspices,
1438 1977 1618 2017 augures
1641 1966 1982 2020 coniectoresque

161 2038 198 2068 30
213 2034 495 2070 numerantur.
557 2028 670 2067 Haec
707 2027 983 2080 inprobantur
1019 2040 1040 2066 a
1079 2026 1390 2078 Peripateticis,
1436 2040 1458 2066 a
1498 2028 1647 2068 Stoicis
1685 2028 1980 2069 defenduntur.

217 2092 405 2141 Quorum
440 2091 519 2131 alia
552 2097 648 2130 sunt
678 2091 816 2143 posita
847 2090 889 2128 in
922 2089 1204 2128 monumentis
1237 2095 1277 2128 et
1308 2090 1543 2142 disciplina,
1576 2091 1687 2144 quod
1709 2092 1981 2131 Etruscorum

214 2155 429 2194 declarant
460 2159 500 2192 et
529 2152 787 2205 haruspicini
821 2157 861 2191 et
891 2151 1120 2204 fulgurales
1163 2157 1204 2191 et
1233 2152 1407 2192 rituales
1439 2153 1558 2200 libri,
1598 2154 1721 2193 vestri
1755 2155 1878 2194 etiam
1909 2167 1981 2194 au-

213 2217 397 2270 gurales,
439 2216 520 2255 alia
551 2221 688 2255 autem
720 2215 859 2255 subito
893 2228 946 2254 ex
977 2220 1165 2267 tempore
1197 2214 1437 2255 coniectura
1470 2216 1755 2269 explicantur,
1796 2222 1842 2256 ut
1871 2216 1980 2270 apud

212 2281 439 2320 Homerum
474 2278 665 2325 Calchas,
707 2279 778 2331 qui
810 2291 862 2317 ex
893 2290 1110 2331 passerum
1141 2290 1314 2317 numero
1345 2277 1443 2317 belli
1474 2279 1642 2319 Troiani
1684 2292 1816 2319 annos
1850 2292 1981 2333 augu-

297 2498 328 2528 2.
355 2506 420 2528 esse
443 2506 512 2528 om.
540 2497 568 2528 H
595 2513 629 2518 —
659 2496 833 2536 pharsalia
859 2496 938 2527 AH:
972 2496 1135 2535 phar-Silia
1160 2496 1200 2533 V,
1231 2496 1385 2535 pai-salia
1409 2497 1451 2535 B,
1484 2497 1677 2528 Pharsalica
1701 2497 1748 2534 O;
1787 2496 1830 2529 cf.
1857 2497 1901 2529 ad
1927 2506 1977 2529 or.

210 2546 354 2587 Philipp.
375 2548 413 2581 II,
434 2546 505 2586 5³39
534 2563 568 2568 —
596 2546 625 2577 3.
646 2546 729 2586 cnm]
749 2550 817 2577 cum
833 2547 858 2577 Η
880 2563 914 2567 -
942 2547 972 2577 5.
1000 2547 1178 2585 angiporta
1204 2547 1413 2577 Ciceronem
1439 2547 1471 2577 in
1496 2545 1592 2578 libris
1618 2546 1661 2578 de
1687 2547 1829 2579 divinat.
1850 2547 1979 2579 dixisse

210 2597 340 2628 Nonius
371 2605 398 2627 s.
426 2597 458 2627 h.
487 2605 518 2626 v.
545 2596 651 2627 refert
685 2614 717 2618 —
757 2596 860 2627 subito
885 2605 957 2627 eam
980 2601 1173 2635 partemque
1196 2605 1324 2627 sensum
1344 2597 1514 2635 perterriti
1545 2597 1591 2634 B,
1630 2596 1693 2628 sed
1718 2597 1831 2629 tribus
1856 2598 1981 2629 mediis

209 2647 327 2678 verbis
352 2647 553 2687 expunctis:
580 2656 612 2677 v.
641 2642 727 2677 inira
752 2656 784 2678 v.
813 2646 851 2678 113
881 2664 914 2668 —
944 2647 973 2677 6.
1000 2648 1185 2687 flagrantes
1208 2646 1309 2677 AHO
1338 2664 1372 2669 —
1401 2647 1431 2677 7.
1457 2647 1653 2677 honerarias
1676 2644 1757 2685 ΑΨ,
1782 2648 1982 2678 honorarius

209 2698 233 2729 B
262 2714 296 2719 —
325 2698 353 2728 9.
381 2697 518 2728 oracula
543 2694 617 2727 V'2O
646 2714 680 2718 —
710 2698 759 2727 tO.
788 2697 941 2728 dilueram
965 2700 1038 2727 arte
1062 2697 1173 2727 codex
1200 2696 1365 2728 Creuzeri
1392 2714 1424 2718 —
1454 2697 1629 2728 ambarum
1655 2698 1681 2728 H
1709 2715 1744 2720 —
1773 2699 1824 2729 Η,
1851 2699 1983 2729 animas

209 2748 233 2779 B
260 2764 294 2768 —-
322 2751 357 2777 ut
381 2747 495 2778 assolet
521 2747 547 2778 H
575 2765 609 2769 -
638 2748 781 2786 quodam
807 2747 833 2777 H
861 2765 895 2769 —
923 2750 1023 2786 parte
1046 2750 1074 2777 el
1099 2747 1302 2778 aielrinsecus
1325 2748 1349 2778 B
1378 2765 1412 2769 —
1442 2747 1492 2778 13.
1520 2747 1701 2778 humanum
1726 2748 1753 2779 H
1781 2766 1816 2770 —
1843 2750 1917 2780 inde
1943 2747 1980 2778 V¹

211 2814 246 2819 -—
276 2798 326 2827 45.
350 2806 433 2836 pars
457 2798 561 2827 animi
585 2806 658 2827 eain
680 2801 809 2836 partem
835 2806 918 2835 quae
941 2805 1069 2826 sensum
1094 2797 1223 2836 (sensns
1246 2798 1290 2835 H)
1317 2797 1456 2827 rationis
1487 2798 1563 2836 HV,
1598 2799 1681 2829 item
1707 2801 1753 2837 A,
1793 2799 1855 2830 sed
1880 2800 1912 2830 in
1938 2808 1980 2831 eo

207 2856 335 2878 sensum
361 2856 519 2878 erasum:
548 2847 590 2878 de
617 2846 693 2877 cod.
711 2848 734 2878 B
754 2856 784 2878 v,
802 2855 906 2887 supra
932 2846 1118 2877 lectionem
1146 2846 1189 2877 ad
1213 2856 1244 2877 ν.
1267 2848 1285 2878 5
1315 2865 1347 2868 -
1386 2847 1434 2878 48.
1454 2849 1481 2879 si
1499 2857 1568 2879 om.
1590 2849 1689 2880 AHV
1708 2866 1741 2870 —
1772 2849 1822 2879 49.
1842 2849 1980 2889 offitium

208 2898 234 2928 Α
259 2914 300 2918 -
326 2897 376 2927 22.
401 2901 504 2935 polest
528 2901 556 2928 et
581 2898 722 2937 officium
749 2898 793 2928 C:
820 2900 922 2935 potest
945 2897 1089 2937 officium
1115 2897 1245 2928 habent
1271 2897 1374 2928 codd.
1403 2898 1441 2935 11,
1468 2898 1483 2936 §
1507 2898 1563 2929 ¹07
1593 2916 1625 2920 —
1653 2900 1704 2930 25.
1730 2899 1870 2939 fortuitu
1894 2899 1921 2930 H
1942 2916 1976 2921 -

208 2946 260 2977 27.
288 2947 454 2985 explicant
478 2948 505 2978 H
529 2964 571 2970 —
594 2948 698 2978 uentis
722 2945 836 2978 BHV1
866 2964 897 2968 —
933 2948 984 2978 ⁴28.
1011 2956 1051 2978 ac
1077 2948 1120 2978 C:
1148 2950 1177 2978 et
1202 2948 1226 2977 O
1254 2965 1288 2969 —
1322 2947 1376 2978 ⁶29.
1404 2948 1569 2978 ducuntur
1593 2949 1620 2980 H
1654 2964 1688 2970 —
1724 2950 1758 2979 in
1782 2957 1844 2988 quo
1870 2949 1912 2980 C:
1946 2949 1980 2979 in

207 2996 296 3035 queis
324 2996 496 3033 Davisius3
524 2996 710 3028 lectionem
735 2996 906 3028 librorum
933 3006 974 3027 ex
999 2995 1099 3028 simili
1125 3006 1189 3027 usu
1207 2997 1374 3028 Varronis
1393 2997 1547 3028 defendit
1564 2997 1768 3038 Spengelius
1785 2999 1818 3030 in
1837 2997 1976 3030 emend.

206 3046 353 3076 Varron.
381 3054 412 3085 p.
434 3046 451 3076 7
481 3064 514 3067 —
543 3046 594 3077 31.
622 3047 707 3085 quod
731 3050 760 3077 et
783 3050 987 3077 etruscorum
1015 3047 1097 3084 ΑΗ,
1125 3048 1211 3084 quod
1236 3051 1264 3078 et
1288 3051 1316 3078 et
1340 3049 1539 3078 rusticorum
1565 3049 1587 3079 B
1616 3065 1649 3070 —
1677 3049 1728 3080 32.
1755 3049 1935 3088 fulgorales
1954 3049 1977 3079 B

209 3112 244 3117 —
272 3095 408 3126 rituales
431 3094 520 3126 BV'2:
549 3097 700 3127 [rituales
724 3096 849 3135 AHV'2‚
876 3096 1070 3127 tonitruales
1094 3095 1224 3136 aliquot
1250 3096 1335 3127 dett.
1365 3098 1411 3134 (ut
1431 3096 1579 3137 Erlang.)
1605 3100 1638 3129 et
1657 3098 1694 3128 O.
1728 3097 1818 3129 Libri
1837 3096 1978 3129 rituales

207 3153 289 3177 cum
316 3146 414 3177 Festo
446 3148 589 3177 auctore
621 3146 663 3178 de
696 3146 842 3179 urbibus
869 3146 1081 3183 condendis,
1117 3146 1161 3177 de
1187 3146 1334 3178 aedibus
1359 3147 1541 3178 sacrandis
1567 3146 1683 3188 deque
1709 3146 1785 3179 aliis
1810 3147 1844 3178 id
1869 3154 1977 3187 genus

205 3194 312 3227 rebus
338 3198 499 3236 agerent,
533 3195 637 3228 multa
671 3206 712 3228 ex
746 3196 926 3238 disciplina
953 3197 1176 3236 haruspicina
1203 3199 1307 3237 petita
1335 3199 1513 3229 continere
1540 3199 1713 3239 poterant.
1741 3214 1775 3219 —
1803 3197 1855 3230 32.
1874 3196 1977 3228 nostri

206 3243 329 3276 Salisb.
360 3262 393 3267 —
420 3245 480 3277 alii
505 3246 532 3277 H
561 3263 595 3268 —-
623 3244 674 3278 34.
703 3249 757 3286 qui
782 3247 919 3279 Ernesti
944 3246 1135 3279 delendum
1160 3248 1307 3279 censuit.
