2249 3624
261 154 343 200 466
864 161 934 201 DE
965 160 1191 201 DEORUM
1220 160 1437 200 NATURA

262 279 387 313 catur.
448 269 514 309 57.
546 267 890 319 Aesculapiorum
922 266 1078 320 primus
1110 265 1340 318 Apollinis,
1382 279 1507 319 quem
1538 266 1720 308 Arcades
1751 270 1916 319 colunt,
1959 272 2032 325 qui

262 334 480 390 specillum
523 332 733 372 invenisse
770 330 1015 383 primusque
1049 329 1196 368 volnus
1229 329 1382 367 dicitur
1412 328 1683 380 obligavisse,
1724 332 1934 373 secundus
1970 348 2035 375 se-

261 398 385 438 cundi
419 395 612 437 Mercurii
645 393 797 432 frater:
841 395 875 431 is
907 391 1079 430 fulmine
1113 404 1334 443 percussus
1365 390 1518 430 dicitur
1547 393 1740 433 humatus
1774 408 1866 435 esse
1899 397 2036 451 Cyno-

261 463 395 503 suris:
429 460 574 500 tertius
606 455 775 507 Arsippi
807 460 847 494 et
867 455 1088 501 Arsinoae,
1122 455 1192 506 qui
1217 453 1372 506 primus
1395 454 1684 506 purgationem
1708 455 1790 496 alvi
1814 458 2035 513 dentisque

229 524 544 567 5evoIsionem,
577 525 622 558 ut
652 517 812 563 ferunt,
845 516 1030 563 invenit,
1063 516 1182 555 cuius
1213 516 1255 554 in
1288 515 1463 555 Arcadia
1494 530 1577 555 non
1610 516 1734 570 longe
1766 532 1790 559 a
1811 521 1937 561 Lusio
1960 523 2038 562 flu-

261 588 371 627 mine
403 584 639 637 sepulcrum
673 584 711 619 et
742 579 860 618 lucus
892 578 1136 618 ostenditur.
1196 578 1350 617 XXIII.
1381 578 1625 631 Apollinum
1649 581 1966 635 antiquissimus
1987 584 2036 633 is,

261 662 385 703 quem
417 646 542 700 paulo
575 649 698 683 antea
730 655 751 681 e
783 641 967 680 Volcano
1000 647 1141 680 natum
1168 654 1259 680 esse
1283 641 1370 680 dixi
1393 641 1608 681 custodem
1631 643 1901 693 Athenarum,
1934 647 2039 687 alter

263 709 506 765 Corybantis
549 706 680 751 filius,
720 710 844 743 natus
884 704 927 742 in
969 703 1112 751 Creta,
1156 704 1272 744 cuius
1315 705 1365 744 de
1407 705 1480 744 illa
1520 706 1658 746 insula
1691 720 1783 748 cum
1814 709 1912 749 Iove
1944 709 2036 763 ipso

261 781 469 815 certamen
501 770 631 809 fuisse
664 767 860 814 traditur,
902 767 1050 806 tertius
1083 768 1181 806 Iove
1213 768 1333 806 tertio
1366 773 1486 807 natus
1520 773 1560 808 et
1601 769 1782 817 Latona,
1825 785 1951 824 quem
1985 785 2038 812 ex

210 847 244 875 4ο
259 834 544 891 Hyperboreis
567 831 755 883 Delphos
777 829 917 868 ferunt
938 830 1180 877 advenisse,
1216 836 1389 883 quartus
1412 830 1453 868 in
1475 831 1675 878 Arcadia,
1709 846 1832 885 quem
1854 835 2037 874 Arcades

263 900 431 952 ,Νόμιον
470 895 704 950 appellant,
747 891 863 945 quod
902 892 953 931 ab
995 905 1043 931 eo
1087 906 1129 931 se
1175 891 1287 944 leges
1326 892 1465 931 ferunt
1494 894 1722 946 accepisse.
1781 894 1847 935 58.
1879 898 2038 937 Dianae

258 963 356 1002 item
388 961 554 1014 plures:
588 957 719 1011 prima
751 955 862 994 Iovis
894 960 934 993 et
964 954 1258 1008 Proserpinae,
1293 968 1401 1008 quae
1434 956 1653 1008 pinnatum
1687 956 1936 1010 Cupidinem
1969 972 2039 1012 ge-

257 1024 400 1064 nuisse
432 1023 605 1068 dicitur,
638 1018 820 1059 secunda
853 1017 1013 1064 notior,
1047 1031 1170 1071 quam
1206 1019 1303 1057 Iove
1335 1018 1459 1057 tertio
1492 1024 1532 1057 et
1558 1019 1718 1059 Latona
1748 1027 1887 1061 natam
1920 1035 2040 1062 acce-

257 1087 422 1140 pimus3
471 1085 618 1125 tertiae
658 1089 777 1136 pater
818 1081 918 1133 Upis
963 1082 1158 1128 traditur,
1206 1081 1359 1120 Glauce
1401 1087 1559 1130 mater3
1609 1095 1699 1122 eam
1732 1096 1858 1136 saepe
1889 1083 2038 1124 Graeci

209 1159 244 1187 ⁴5
259 1151 375 1203 Upim
410 1154 581 1202 paterno
603 1146 773 1185 nomine
795 1144 1019 1197 appellant.
1067 1145 1272 1197 Dionysos
1297 1144 1451 1183 multos
1474 1144 1707 1184 habemus:
1738 1147 1919 1198 primum
1943 1148 2040 1186 Iove

259 1219 299 1253 et
331 1211 581 1264 Proserpina
612 1215 755 1248 natum
771 1239 780 1255 ,
814 1207 1043 1246 secundum
1067 1207 1175 1253 Nilo,
1209 1208 1279 1260 qui
1302 1209 1456 1260 Nysam
1480 1207 1632 1246 dicitur
1653 1208 1931 1255 interemisse,
1955 1215 2039 1249 ter-

261 1278 360 1317 tium
395 1275 543 1314 Cabiro
578 1279 710 1326 patre,
753 1284 934 1324 eumque
966 1283 1104 1321 regem
1139 1271 1260 1309 Asiae
1293 1270 1526 1323 praefuisse
1559 1270 1723 1318 dicunt,
1766 1273 1830 1312 cui
1865 1272 2041 1312 Sabazia

259 1345 356 1380 sunt
386 1338 597 1383 instituta,
631 1340 825 1389 quartum
859 1334 956 1372 love
985 1339 1025 1372 et
1049 1333 1184 1379 Luna,
1218 1334 1281 1373 cui
1313 1347 1427 1372 sacra
1452 1333 1635 1386 Orphica
1659 1340 1859 1386 putantur
1879 1333 2041 1382 confici,

259 1402 450 1455 quintum
482 1401 582 1439 Niso
614 1405 756 1438 uatum
789 1403 830 1436 et
861 1398 1054 1450 Thyone,
1087 1409 1109 1435 a
1141 1408 1224 1448 quo
1257 1397 1513 1436 Trietcrides
1546 1398 1795 1437 constitutae
1828 1404 2039 1451 putantur.

209 1473 246 1503 20
259 1462 326 1506 59.
358 1466 497 1504 Venus
528 1463 662 1515 prima
685 1460 809 1500 Caelo
842 1464 881 1499 et
909 1459 985 1497 Die
1009 1465 1121 1505 nata,
1156 1459 1274 1498 cuius
1296 1460 1416 1499 Elide
1440 1459 1660 1499 delubrum
1687 1459 1879 1508 vidimus,
1911 1461 2042 1500 altera

261 1542 409 1583 spuma
442 1532 679 1580 procreata,
713 1537 764 1563 ex
797 1536 879 1576 qua
912 1528 952 1562 et
984 1522 1188 1561 Mercurio
1214 1522 1461 1575 Cupidinem
1496 1522 1730 1562 secundum
1753 1529 1898 1563 natum
1921 1536 2040 1563 acce-

260 1593 418 1647 pimus,
462 1589 582 1629 tertia
624 1589 722 1627 Iove
763 1593 860 1625 nata
893 1591 932 1625 et
964 1586 1116 1633 Diona,
1160 1599 1268 1639 quae
1302 1587 1445 1639 nupsit
1479 1586 1685 1632 Volcano,
1727 1586 1801 1625 sed
1835 1599 1888 1626 ex
1920 1599 1969 1626 ea
2000 1589 2041 1626 et

261 1657 391 1695 Marte
436 1659 558 1692 natus
598 1652 774 1690 Anteros
818 1649 990 1694 dicitur,
1039 1653 1186 1701 quarta
1230 1648 1346 1701 Syria
1394 1649 1616 1702 Cyproque
1659 1653 1882 1702 concepta,
1930 1662 2040 1702 quae

261 1720 423 1759 Astarte
464 1720 654 1761 vocatur,
697 1726 820 1766 quam
853 1711 1035 1750 Adonidi
1076 1711 1270 1763 nupsisse
1302 1711 1517 1763 proditum
1550 1715 1624 1749 est.
1676 1712 1862 1750 Minerva
1893 1713 2040 1764 prima,

211 1787 248 1816 25
263 1794 387 1834 quam
411 1778 620 1832 Apollinis
653 1782 825 1816 matrem
855 1788 978 1827 supra
1001 1774 1203 1821 diximus,
1236 1774 1421 1813 secunda
1444 1779 1535 1813 orta
1556 1773 1669 1820 Nilo,
1702 1786 1823 1827 quam
1846 1774 2042 1828 Aegyptii

264 1844 402 1883 Saitae
435 1842 592 1887 colunt,
626 1840 745 1879 tertia
778 1839 869 1885 illa,
903 1850 1029 1891 quam
1060 1850 1083 1876 a
1116 1837 1211 1876 Iove
1244 1842 1482 1889 generatam
1506 1849 1632 1889 supra
1655 1836 1862 1884 diximus,
1896 1841 2044 1890 quarta

262 1907 361 1947 Iove
393 1912 491 1945 nata
523 1909 562 1943 et
595 1903 812 1956 Coryphe,
846 1900 1000 1941 Oceani
1035 1899 1139 1946 filia,
1175 1913 1298 1953 quam
1330 1899 1513 1939 Arcades
1544 1899 1723 1954 Ιζορίαν
1754 1900 1971 1940 nominant
2003 1903 2044 1940 et

264 1970 559 2024 quadrigarum
598 1966 869 2006 inventricem
906 1964 1068 2010 ferunt,
1113 1963 1260 2016 quinta
1291 1963 1510 2010 Pallantis,
1557 1975 1666 2015 quae
1697 1967 1857 2015 patrem
1889 1963 2044 2003 dicitur

262 2033 524 2075 interemisse
563 2029 848 2081 virginitatem
890 2040 1007 2067 suam
1044 2025 1202 2065 violare
1243 2033 1481 2073 conantem,
1524 2026 1590 2065 cui
1632 2025 1856 2078 pinnarum
1897 2025 2043 2066 talaria

213 2095 461 2149 30adfigunt.
522 2091 588 2131 60.
622 2091 783 2145 Cupido
830 2091 987 2144 primus
1030 2089 1237 2128 Mercurio
1284 2096 1323 2129 et
1366 2090 1500 2128 Diana
1542 2088 1676 2141 prima
1717 2094 1839 2129 natus
1877 2087 2042 2136 dicitur,

265 2158 474 2201 secundus
515 2156 719 2197 Mercurio
765 2160 804 2194 et
835 2154 999 2194 Venere
1045 2153 1247 2199 secunda,
1293 2153 1457 2199 tertius,
1504 2151 1577 2205 qui
1615 2151 1726 2191 idem
1758 2157 1821 2191 est
1850 2152 2042 2198 Anteros,

264 2224 395 2264 Marte
428 2226 470 2262 et
498 2221 661 2261 Venere
693 2219 828 2259 tertia.
871 2219 1009 2271 Atque
1040 2216 1143 2256 haec
1172 2215 1344 2269 quidem
1373 2216 1539 2268 aliaque
1571 2214 1662 2255 eius
1694 2214 1805 2255 modi
1828 2227 1881 2254 ex
1903 2218 2044 2254 vetere

355 2411 385 2441 i.
413 2407 630 2447 asclepiorum
654 2412 831 2445 superscr.
850 2404 1117 2442 aesculapiorum
1143 2403 1179 2434 C.
1209 2401 1258 2433 Cf.
1278 2402 1297 2442 §
1315 2401 1368 2432 39.
1397 2418 1432 2423 —
1459 2401 1618 2432 archades
1634 2400 1662 2431 V
1679 2400 1835 2442 (ubique)
1858 2417 1893 2423 ——
1919 2399 1951 2432 2.
1970 2408 2044 2440 spe·-

265 2460 377 2492 cillum
401 2466 578 2500 superscr.
606 2456 696 2487 ulum
722 2455 767 2491 V;
793 2454 959 2494 speculam
985 2455 1007 2485 P
1036 2470 1070 2475 -
1098 2453 1128 2484 3.
1155 2451 1314 2483 mercurii
1339 2460 1428 2483 corr.
1449 2460 1489 2482 ex
1508 2451 1652 2482 mercuri
1675 2451 1766 2489 AC;
1791 2451 1938 2483 mercuri
1961 2451 1986 2482 B
2006 2466 2042 2474 -

265 2510 292 2541 is
317 2518 406 2541 corr.
434 2518 473 2540 ex
499 2509 547 2539 his
573 2507 597 2538 V
626 2525 660 2529 —
687 2507 864 2547 yynosuris
886 2505 951 2536 AC
968 2504 1008 2542 E,
1042 2504 1211 2544 qinosuris
1235 2511 1325 2534 corr.
1353 2503 1387 2533 in
1411 2502 1574 2532 cinosuris
1598 2501 1625 2531 V
1651 2518 1685 2523 —
1721 2500 1752 2534 4.
1780 2502 1914 2533 arsinoe
1936 2502 2002 2533 AB
2018 2500 2042 2532 C

270 2578 305 2584 -—-
331 2560 361 2591 6.
388 2559 480 2590 lucus
511 2558 617 2600 priori
648 2566 670 2587 u
701 2563 878 2596 superscr.
905 2564 923 2585 o
948 2555 974 2584 V
1009 2571 1042 2576 —-
1078 2554 1107 2585 7.
1136 2557 1235 2584 antea
1263 2551 1432 2584 ABCV:
1466 2555 1541 2583 ante
1573 2551 1674 2584 EPO
1702 2568 1737 2574 —
1764 2561 1781 2583 e
1804 2550 1856 2584 21:
1888 2561 1931 2584 ea:
1954 2552 1979 2584 Ο
2005 2567 2042 2574 -

267 2610 298 2642 9.
325 2610 377 2651 er]
410 2613 439 2641 ec
463 2611 489 2640 A
525 2626 559 2630 —
594 2609 645 2639 vll.
675 2603 825 2648 Νόμιον
858 2606 1026 2637 Huetius:
1064 2604 1250 2634 nonzionem
1275 2601 1315 2634 Ἡ.
1356 2601 1406 2634 Cf.
1435 2601 1599 2634 Clemens
1623 2601 1720 2633 Alex.
1747 2604 1859 2634 Protr.
1885 2612 1920 2644 p.
1946 2603 1978 2635 8.
2007 2619 2043 2625 —

268 2662 422 2699 accipisse
446 2661 469 2690 B
486 2659 508 2690 E
536 2675 571 2680 ——
600 2659 651 2689 112.
675 2659 859 2697 pennatam
884 2656 906 2687 B
923 2655 947 2686 E
975 2673 1009 2677 —
1040 2654 1091 2686 13.
1117 2655 1226 2685 notior
1251 2662 1342 2684 corr.
1362 2661 1434 2684 sec.
1455 2661 1501 2683 m.
1522 2661 1563 2683 ex
1588 2652 1690 2683 uilior
1713 2652 1740 2683 V
1759 2670 1793 2675 —
1821 2654 2005 2693 accipimus
2021 2654 2045 2686 P

271 2728 305 2734 —
327 2709 378 2741 lt.
405 2710 520 2741 tertiae
541 2711 638 2748 pater
654 2725 701 2731 --
718 2711 834 2738 nalum
858 2706 1043 2745 accepimus
1061 2708 1104 2744 (v.
1123 2705 1177 2743 21)
1203 2712 1274 2735 om.
1294 2703 1318 2734 C
1347 2719 1382 2725 -
1410 2703 1509 2733 tertia
1529 2706 1627 2742 patre
1647 2711 1738 2734 corr.
1758 2712 1801 2735 ex
1818 2704 1937 2735 terciae
1950 2706 2048 2743 pater

268 2761 316 2796 Β;
344 2760 441 2790 tertia
466 2767 481 2790 e
499 2761 598 2797 patre
621 2757 645 2789 E
672 2774 707 2778 -
738 2757 859 2788 Graeci
882 2764 976 2794 saepe
1003 2755 1027 2785 O
1056 2772 1090 2777 —
1125 2755 1177 2786 45.
1205 2753 1356 2792 dyonisos
1380 2761 1469 2783 corr.
1496 2752 1529 2783 in
1555 2753 1719 2791 dyonistos
1742 2755 1785 2792 A,
1820 2753 1986 2792 dyonisios
2008 2753 2045 2792 P,

269 2810 422 2842 dionisius
448 2809 470 2839 E
495 2826 537 2830 —
564 2808 615 2839 46.
643 2808 751 2838 nisam
776 2807 802 2837 V
830 2824 864 2828 —
893 2806 944 2837 47.
971 2804 1089 2836 Cabiro
1122 2805 1187 2835 lac.
1217 2804 1433 2834 Gronovius:
1466 2803 1582 2841 caprio
1606 2804 1632 2834 A
1650 2803 1770 2841 BEP,
1804 2812 1929 2843 capryo
1954 2803 1982 2833 V
2008 2819 2044 2825 -

263 2861 426 2900 perfecisse
443 2858 481 2888 V¹
502 2876 535 2881 —
563 2858 616 2889 cui
639 2857 786 2889 Sabazia
803 2855 975 2887 Manutius
991 2863 997 2884 :
1023 2855 1118 2885 cuius
1136 2853 1264 2884 abazca
1279 2854 1305 2884 A
1320 2852 1364 2890 E,
1391 2851 1484 2882 cuius
1507 2851 1658 2883 abazaea
1683 2852 1706 2883 B
1723 2853 1746 2883 Ρ
1761 2852 1788 2883 V
1804 2862 1810 2888 ;
1837 2853 1890 2883 cui
1908 2851 2046 2884 Cabiria

271 2912 479 2945 CreuzeruS‚
506 2908 531 2938 O
554 2925 588 2929 —
612 2907 663 2938 48.
690 2907 805 2946 confici
829 2913 919 2937 corr.
947 2913 988 2935 ex
1008 2904 1131 2943 confeci
1148 2906 1172 2935 A
1189 2903 1216 2933 V
1237 2920 1270 2925 —
1303 2902 1354 2932 ⁴9.
1375 2901 1480 2932 thione
1505 2902 1528 2932 B
1544 2902 1568 2933 E
1591 2919 1626 2924 —
1650 2902 1703 2933 ΞΟ.
1729 2901 1947 2933 elidelubrum
1962 2899 2042 2939 AV,

270 2960 310 2991 eli
328 2960 429 2996 (corr.
449 2959 481 2988 in
505 2957 576 2996 heli)
595 2956 765 2987 delubrum
782 2957 818 2994 Β,
844 2956 895 2986 eli.
916 2953 1086 2985 delubrum
1103 2955 1137 2990 Ρ,
1163 2953 1241 2984 helis
1257 2950 1429 2983 delubrum
1446 2952 1469 2983 E
1494 2967 1528 2973 —
1556 2951 1702 2982 uidimus
1723 2959 1814 2983 corr.
1835 2950 1912 2983 ead.
1933 2959 1981 2982 m.
2001 2956 2045 2981 ex

269 3010 417 3040 uidemus
439 3008 467 3038 V
489 3024 518 3029 -
542 3007 595 3037 Ἤ.
615 3006 797 3045 accipimus
821 3006 843 3036 P
863 3021 896 3026 —
918 3004 970 3035 22.
996 3004 1091 3034 terlio
1115 3003 1139 3033 B
1161 3020 1195 3024 ——
1216 3001 1269 3033 23.
1289 3004 1420 3032 anteros
1444 3009 1535 3032 corr.
1558 3001 1592 3032 In
1609 3004 1782 3033 anteneros
1803 3002 1831 3032 A
1845 3001 1869 3032 B
1892 3017 1926 3022 -—
1951 2999 2046 3039 syria

271 3066 450 3100 superscr.
476 3057 553 3088 sitia
576 3056 603 3086 V
631 3074 665 3078 —
697 3056 868 3095 Cyproque
892 3055 947 3094 (ex
971 3051 1130 3094 Ampelio
1156 3053 1190 3083 et
1212 3053 1260 3083 Io.
1287 3050 1398 3091 Lydo)
1424 3051 1643 3083 Creuzerus:
1678 3059 1821 3090 cyroque
1844 3051 1909 3082 AB
1925 3048 2041 3089 CPV,

269 3112 409 3148 tyroque
432 3107 457 3137 E
492 3123 526 3129 -—
562 3106 613 3136 25.
640 3105 800 3144 apollonis
822 3102 903 3136 AV¹
930 3120 965 3125 —-
998 3103 1051 3134 26.
1077 3102 1223 3133 salaetae
1246 3103 1289 3141 A,
1316 3101 1440 3133 saletae
1463 3102 1486 3133 B
1502 3101 1546 3140 C,
1571 3101 1669 3133 salete
1692 3101 1717 3133 E
1733 3101 1776 3140 V,
1802 3100 1935 3132 saletem
1958 3100 1982 3132 P
2008 3113 2044 3120 —-

271 3167 293 3189 a
316 3158 379 3189 AB
395 3156 418 3188 C
434 3157 479 3187 P:
507 3163 577 3185 om.
605 3154 628 3185 E
643 3154 669 3184 V
684 3155 708 3185 Ο
738 3171 772 3177 -
798 3155 851 3186 27.
878 3153 990 3193 corufe
1013 3154 1039 3184 A
1054 3153 1076 3183 B
1092 3152 1117 3184 C
1134 3151 1157 3183 E
1172 3151 1201 3181 V
1226 3152 1414 3192 (superscr.
1434 3159 1552 3182 coruce
1575 3151 1613 3191 V)
1643 3168 1677 3172 —
1704 3149 1848 3195 Κορέαν
1873 3157 1960 3181 nos:
1987 3156 2045 3179 co-

270 3208 348 3238 rian
373 3208 399 3237 A
415 3206 436 3236 Β
453 3205 476 3236 C
492 3205 516 3235 E
532 3205 556 3234 V
582 3204 613 3243 (n
639 3204 669 3234 in
696 3212 764 3235 ras.
784 3204 838 3243 B);
869 3204 1003 3235 Curiam
1027 3202 1051 3234 Ο
1073 3218 1107 3223 -
1134 3201 1187 3232 29.
1212 3202 1372 3240 pinarum
1397 3209 1487 3232 corr.
1507 3201 1541 3232 in
1563 3209 1728 3240 penarum
1743 3201 1793 3235 A;
1815 3205 2003 3239 pennarum
2018 3195 2046 3228 E

274 3273 309 3279 -—
337 3256 390 3287 31.
417 3255 474 3295 qui
496 3254 580 3284 idem
604 3253 784 3284 Davisius:
812 3254 942 3293 quidem
967 3251 996 3285 ‘21
1022 3268 1056 3273 —
1084 3253 1216 3282 anteros
1240 3258 1330 3282 corr.
1358 3251 1393 3282 in
1418 3253 1592 3284 anteneros
1614 3250 1678 3283 AB
1699 3267 1734 3273 —
1754 3249 1807 3282 32.
1825 3248 1960 3288 aliaque
1975 3247 2047 3279 Da-

273 3305 402 3338 visius:
430 3307 528 3343 atque
551 3301 598 3341 V;
624 3304 654 3333 ec
679 3302 778 3340 B2O;
805 3310 875 3335 om.
901 3301 1110 3335 AB¹CEP.
1138 3300 1188 3334 Cf.
1214 3308 1250 3343 p.
1269 3299 1344 3342 467,
1372 3300 1424 3333 46.
