2249 3624
477 179 565 218 Lm.
597 179 644 219 V.
685 178 781 218 CAP.
813 179 1223 220 XXVIII—XXIX.
1264 179 1324 234 §§
1357 179 1550 222 77-83.
1814 181 1894 222 353

126 284 259 328 laudis
281 284 454 325 studiosi
476 285 635 338 gloriae
667 288 814 338 gratia,
846 301 986 327 amore
1014 288 1173 327 incensi
1207 288 1470 340 cupiditatis:
1504 288 1627 341 plena
1648 288 1731 328 vita
1755 302 1894 328 exem-

127 349 289 404 plorum
324 352 398 387 est.

237 411 427 450 XXVIII.
459 408 524 450 80.
564 411 647 451 Sed
685 412 882 453 adhibeat
913 415 1045 453 oratio
1079 414 1247 453 modum
1282 419 1321 452 et
1351 414 1495 453 redeat
1525 414 1642 461 illuc,
1682 414 1793 453 unde
1825 414 1896 453 de-

127 474 256 514 flexit.
300 472 444 519 Dabit,
477 474 669 527 inquam,
702 489 746 514 se
778 477 819 515 in
852 482 1056 516 tormenta
1089 477 1171 515 vita
1204 476 1342 522 beata,
1385 490 1460 515 nec
1491 477 1705 523 iustitiam,
1739 483 1897 530 tempe-

127 536 301 577 rantiam
332 534 376 574 in
407 536 638 589 primisque
659 536 970 585 fortitudinem,
1004 538 1332 591 magnitudinem
1356 540 1504 586 animi,
1537 540 1780 592 patientiam
1802 545 1929 592 pro-5

127 603 290 644 secuta,
321 610 413 637 cum
445 599 613 638 tortoris
645 613 691 639 os
723 600 897 648 viderit,
931 602 1130 640 consistet
1152 601 1458 654 virtutibusque
1481 602 1674 640 omnibus
1697 602 1787 641 sine
1812 602 1897 640 ullo

125 661 250 702 animi
282 666 440 700 terrore
471 661 522 700 ad
556 662 783 701 cruciatum
816 663 1014 716 prosectis
1046 663 1211 702 resistet
1242 669 1358 702 extra
1397 662 1530 710 fores,
1577 669 1622 703 ut
1662 671 1758 704 ante
1798 664 1898 711 dixi,

124 724 338 776 limenque
369 724 564 763 carceris.
623 724 732 772 Quid
768 726 878 765 enim
911 738 959 764 ea
990 724 1175 771 foedius,
1218 723 1316 778 quid
1350 724 1581 764 deformius
1623 726 1708 765 sola
1741 726 1898 772 relicta,

123 800 148 826 α
177 787 372 827 comitatu
406 786 689 839 pulcherrimo
722 790 970 840 segregata?
1000 787 1113 841 quod
1148 794 1284 826 tamen
1318 785 1406 826 sieri
1439 788 1556 826 nullo
1588 795 1709 841 pacto
1741 795 1898 842 potcst;

122 864 198 891 nec
231 850 339 890 enim
372 849 546 889 virtutes
579 850 670 889 sine
700 850 822 890 beata
853 852 936 890 vita
969 850 1191 889 cohaerere
1229 856 1407 901 possunt
1439 864 1513 889 nec
1546 851 1617 890 illa
1649 852 1738 890 sine
1771 852 1944 890 virtu-io

122 913 244 954 tibus.
304 909 370 951 81.
412 913 558 965 ltaque
596 925 687 951 eam
734 913 997 966 tergiversari
1045 926 1126 951 non
1167 912 1304 951 sinent
1351 925 1581 966 secumque
1624 914 1805 966 rapient,
1847 914 1898 953 ad

122 988 430 1029 quemcumque
463 975 577 1027 ipsae
609 975 796 1015 dolorem
830 976 1148 1027 cruciatumque
1181 974 1398 1013 ducentur.
1456 976 1665 1028 Sapientis
1698 982 1760 1015 est
1791 977 1898 1016 enim

120 1038 335 1092 proprium
379 1037 483 1077 nihil
524 1038 633 1090 quod
681 1038 896 1090 paenitere
933 1038 1066 1090 possit
1097 1037 1254 1083 facere,
1296 1037 1401 1075 nihil
1435 1037 1631 1083 invitum,
1665 1039 1900 1091 splendide,

122 1106 370 1147 constanter,
403 1100 594 1152 graviter,
627 1099 802 1139 honeste
835 1101 997 1147 onmia,
1035 1099 1140 1139 nihil
1172 1100 1228 1139 ita
1260 1105 1504 1152 exspectare
1538 1100 1656 1152 quasi
1693 1107 1804 1140 certo
1836 1101 1901 1140 fu-

121 1168 277 1210 turum,
308 1162 413 1202 nihil
446 1175 538 1202 cum
571 1163 769 1202 acciderit
800 1163 1020 1210 admirari,
1061 1169 1106 1201 ut
1137 1162 1399 1216 inopinatum
1431 1176 1478 1202 ac
1510 1176 1665 1202 novum
1698 1165 1900 1204 accidisse
1916 1172 1950 1201 15

121 1225 331 1271 videatur,
364 1225 504 1265 omnia
535 1224 585 1264 ad
619 1239 740 1265 suum
773 1226 991 1265 arbitrium
1022 1224 1190 1272 referre,
1223 1226 1312 1265 suis
1336 1231 1442 1265 stare
1465 1225 1647 1265 iudiciis.
1681 1227 1774 1274 Quo
1798 1228 1898 1281 quid

121 1288 171 1328 sit
200 1288 363 1327 beatius
395 1288 496 1327 mihi
533 1293 643 1327 certe
674 1288 717 1326 in
751 1295 931 1327 mentem
964 1288 1107 1327 venire
1139 1301 1222 1327 non
1255 1293 1405 1340 potest.
1457 1286 1523 1327 82.
1547 1288 1783 1329 Stoicorum
1808 1291 1900 1343 qui-

120 1351 212 1391 dem
245 1350 379 1390 facilis
411 1350 625 1390 conclusio
658 1356 746 1397 est,
791 1351 862 1404 qui
907 1364 999 1390 cum
1040 1350 1167 1389 finem
1198 1351 1405 1390 bonorum
1438 1364 1529 1389 esse
1562 1352 1770 1391 senserint
1801 1366 1900 1392 con-

120 1426 267 1468 gruere
307 1419 478 1453 naturae
517 1426 696 1466 cumque
729 1426 777 1452 ea
810 1413 1111 1452 convenienter
1141 1413 1304 1461 vivere,
1344 1427 1436 1452 cum
1468 1412 1510 1452 id
1543 1414 1596 1453 sit
1625 1414 1665 1453 in
1700 1415 1898 1468 sapientis

119 1477 240 1516 situm
272 1489 357 1515 non
389 1475 529 1515 officio
562 1476 718 1522 solum,
751 1489 895 1515 verum
924 1476 1049 1515 etiam
1072 1480 1303 1528 potestate,
1335 1481 1538 1528 sequatur
1559 1490 1732 1517 necesse
1755 1484 1819 1517 est
1839 1484 1949 1526 ut,20

118 1539 233 1580 cuius
263 1541 305 1579 in
337 1544 545 1592 potestate
578 1552 783 1578 summum
816 1539 996 1586 bonum,
1038 1538 1079 1578 in
1121 1539 1311 1578 eiusdem
1343 1538 1430 1578 vita
1461 1539 1583 1578 beata
1621 1540 1686 1579 sit.
1753 1541 1815 1580 Ita
1852 1541 1899 1580 fit

118 1615 283 1656 semper
319 1602 403 1641 vita
443 1601 563 1641 beata
602 1602 818 1654 sapientis.
874 1601 1011 1641 Habes
1055 1614 1163 1654 quae
1202 1601 1429 1641 fortissime
1462 1602 1511 1641 de
1544 1602 1667 1642 beata
1698 1603 1784 1643 vita
1815 1603 1896 1643 dici

116 1671 259 1719 putem
291 1670 351 1713 et,
384 1678 467 1719 quo
499 1664 624 1705 modo
656 1679 768 1706 nunc
800 1671 880 1713 est,
920 1665 1001 1705 nisi
1035 1664 1137 1718 quid
1170 1669 1214 1704 tu
1246 1664 1397 1704 melius
1429 1665 1637 1713 attuleris,
1670 1666 1795 1706 etiam
1825 1681 1897 1707 ve-

117 1728 295 1769 tissime.

227 1791 384 1830 XXIX.
416 1789 464 1830 A.
494 1790 644 1831 Melius
676 1791 874 1846 equidem
906 1791 1068 1832 adferre
1100 1790 1207 1830 nihil
1237 1803 1432 1843 possum,
1465 1789 1539 1830 sed
1572 1804 1594 1830 a
1626 1795 1665 1830 te
1696 1791 1895 1845 impetra·
1909 1801 1945 1829 ‘25

115 1854 193 1894 rim
222 1853 427 1900 lubenter,
458 1859 523 1901 ut,
555 1854 636 1894 nisi
671 1855 895 1895 molestum
929 1860 1005 1902 est,
1037 1853 1238 1906 quoniam
1270 1858 1310 1892 te
1332 1853 1448 1892 nulla
1469 1853 1636 1893 vincula
1660 1854 1896 1907 impediunt

116 1916 243 1957 ullius
282 1921 419 1956 certae
461 1916 705 1970 disciplinae
746 1918 939 1972 libasque
981 1931 1032 1957 ex
1068 1916 1263 1957 omnibus
1306 1915 1602 1969 quodcumque
1637 1920 1678 1956 te
1711 1917 1894 1956 maxime

118 1978 258 2032 specie
289 1978 479 2018 veritatis
511 1985 670 2028 movet,
703 1980 815 2033 quod
848 1981 972 2034 paulo
1000 1985 1096 2020 ante
1119 1979 1422 2031 Peripateticos
1444 1984 1714 2031 veteremque
1735 1979 1894 2019 Acade—

117 2041 239 2081 miam
268 2041 425 2081 hortari
455 2041 676 2091 videbare,
718 2049 763 2083 ut
804 2045 895 2083 sine
930 2042 1228 2083 retractatione
1260 2041 1389 2080 libere
1422 2040 1560 2081 dicere
1591 2041 1799 2081 auderent
1822 2049 1894 2081 ‘sa-

115 2103 265 2157 pientis
297 2117 387 2144 esse
420 2117 587 2158 semper
616 2106 897 2155 beatissimos,
939 2106 982 2146 id
1014 2105 1138 2144 velim
1171 2103 1337 2151 audire,
1379 2116 1503 2156 quem
1534 2104 1586 2144 ad
1625 2104 1796 2144 modum
1828 2103 1891 2144 his
1906 2113 1943 2142 30

115 2171 234 2219 putes
267 2172 595 2207 consentaneum
628 2182 720 2209 esse
751 2168 792 2208 id
825 2168 989 2217 dicere;
1028 2167 1159 2207 multa
1198 2167 1307 2207 enim
1344 2178 1367 2205 a
1397 2170 1438 2205 te
1470 2172 1615 2206 contra
1644 2166 1766 2205 istam
1798 2179 1892 2206 sen-

115 2229 286 2269 tentiam
317 2227 426 2268 dicta
457 2235 556 2270 sunt
586 2236 627 2270 et
659 2231 891 2271 Stoicorum
922 2230 1087 2271 ratione
1119 2229 1332 2269 conclusa.
1382 2226 1451 2268 83.
1485 2230 1540 2269 Μ.
1573 2229 1745 2269 Utamur
1765 2229 1894 2282 igitur

114 2289 323 2338 libertate,
364 2304 445 2344 qua
485 2293 606 2333 nobis
650 2293 750 2333 solis
780 2294 824 2333 in
854 2294 1125 2347 philosophia
1155 2292 1254 2332 licet
1284 2292 1363 2339 uti,
1408 2305 1587 2345 quorum
1620 2291 1753 2331 oratio
1785 2290 1892 2330 nihil

115 2352 205 2406 ipsa
233 2354 410 2402 iudicat,
441 2355 515 2395 sed
545 2355 724 2396 habetur
752 2356 796 2395 in
828 2357 964 2397 omnis
995 2356 1147 2410 partiS‚
1178 2360 1224 2395 ut
1245 2354 1295 2394 ab
1319 2354 1410 2394 aliis
1433 2354 1567 2407 possit
1588 2355 1680 2407 ipsa
1700 2367 1777 2407 per
1799 2367 1891 2393 sese

115 2416 271 2458 nullius
308 2418 555 2458 auctoritate
594 2418 792 2458 adiuncta
821 2419 1008 2459 iudicari.
1058 2419 1110 2458 Et
1142 2417 1342 2471 quoniam
1375 2417 1528 2456 videris
1559 2416 1640 2456 hoc
1671 2415 1798 2462 velle,
1829 2420 1942 2462 ut,35

117 2491 402 2534 quaecumque
434 2479 774 2521 dissentientium
796 2481 1148 2534 philosophorum
1174 2479 1385 2519 sententia
1406 2479 1461 2518 sit
1482 2479 1533 2519 de
1554 2477 1721 2525 finibus,
1753 2483 1893 2518 tamen

116 2539 245 2581 virtus
276 2542 375 2582 satis
405 2541 558 2583 habeat
587 2543 639 2583 ad
669 2544 799 2583 vitam
827 2543 993 2584 beatam
1023 2542 1243 2598 praesidii,
1281 2540 1395 2594 quod
1429 2540 1601 2594 quidem
1635 2540 1892 2580 Carneadem

118 2600 328 2656 disputare
366 2604 535 2646 solitum
567 2606 832 2660 accepimus;
872 2605 945 2646 sed
984 2606 1019 2646 is
1060 2610 1106 2644 ut
1145 2609 1290 2644 contra
1322 2602 1505 2651 Stoicos,
1537 2616 1644 2656 quos
1676 2602 1895 2642 studiosis-

118 2663 220 2706 sime
250 2678 417 2719 semper
444 2667 663 2708 refellebat
694 2673 733 2708 et
764 2673 910 2709 contra
932 2682 1110 2722 quorum
1132 2666 1400 2719 disciplinam
1424 2665 1640 2718 ingenium
1663 2664 1752 2705 eius
1775 2677 1896 2705 exar—

119 2732 246 2776 serat,
275 2741 353 2769 nos
384 2729 556 2783 quidem
585 2729 692 2770 illud
724 2743 819 2770 cum
848 2743 952 2784 pace
983 2743 1169 2784 agemus.
1221 2729 1266 2769 Si
1288 2727 1399 2768 enim
1420 2727 1549 2768 Stoici
1568 2726 1666 2767 finis
1686 2727 1894 2767 bonorum
1908 2740 1946 2771 40

204 2914 234 2946 4.
255 2914 361 2954 plana
385 2915 450 2946 GR
469 2932 504 2937 -
532 2916 718 2955 eoeemplum
743 2916 783 2947 G²
800 2932 835 2937 -
864 2914 894 2947 4.
921 2914 1023 2947 Dabit
1047 2915 1091 2947 C:
1118 2914 1237 2953 Dabit,
1264 2913 1353 2945 dabit
1371 2913 1396 2944 O
1417 2929 1450 2935 -
1479 2912 1511 2942 5.
1534 2912 1700 2951 patientia
1725 2911 1788 2943 GR
1804 2912 1841 2943 B¹
1859 2929 1893 2934 —

119 2959 149 2993 7.
174 2962 267 2995 Inter
288 2964 413 2996 resistet
437 2967 472 2997 et
494 2969 594 2997 extra
619 2974 761 2997 erasum
787 2967 840 2998 est
856 2969 885 2997 et
907 2966 941 2997 in
962 2967 987 2998 R
1007 2983 1041 2988 —
1070 2966 1100 2997 9.
1121 2975 1142 2996 a
1158 2962 1366 2996 Lambinus:
1395 2969 1465 2992 om.
1485 2962 1509 2991 C
1528 2961 1565 2992 Ο.
1593 2960 1679 2991 Vide
1698 2960 1897 2992 adnotatio-

120 3011 171 3043 nis
193 3011 479 3054 supplementum
508 3014 596 3046 infra
619 3024 654 3056 p.
679 3015 754 3047 366.
784 3033 819 3038 -
856 3016 907 3047 44.
934 3017 1047 3054 itaque
1077 3015 1135 3046 illa
1160 3012 1375 3055 tergiversari
1391 3029 1408 3033 -
1424 3011 1598 3050 -rapienti
1622 3011 1754 3042 Nonius
1779 3020 1814 3052 p.
1842 3011 1895 3043 44.

124 3075 158 3081 —-
183 3061 298 3094 sinenti
321 3064 387 3096 GR
405 3081 439 3086 —
469 3065 520 3096 43.
543 3066 690 3105 penitere
715 3065 778 3096 GR
805 3083 840 3087 —
863 3066 966 3105 possit
990 3074 1059 3097 om.
1088 3067 1127 3097 G1
1155 3083 1188 3087 —
1217 3063 1270 3095 44.
1295 3062 1445 3103 graviter
1468 3063 1656 3091 constanter
1680 3061 1717 3097 R,
1744 3060 1807 3091 sed
1833 3060 1898 3091 ad-

122 3107 198 3142 ditis
230 3111 306 3143 ead.
338 3120 386 3144 m.
419 3115 526 3154 signis
556 3115 847 3155 transpositionis.
895 3114 1020 3147 «Conf.
1053 3114 1092 3155 ἓξ
1119 3114 1170 3145 42.
1199 3113 1251 3144 43.
1279 3111 1380 3143 1104.»
1409 3110 1463 3141 W.
1497 3126 1532 3131 —
1567 3110 1618 3140 45.
1653 3109 1827 3147 opinatum
1860 3110 1900 3140 R¹

126 3174 160 3181 —
184 3159 236 3192 49.
261 3162 418 3201 sapientis
440 3163 654 3196 Lambinus:
687 3164 831 3203 sapiente
856 3164 899 3195 C.
938 3163 1036 3196 Conf.
1063 3172 1096 3194 v.
1122 3163 1182 3194 21:
1217 3162 1311 3193 cuius
1334 3162 1366 3191 in
1394 3161 1556 3198 potestate
1578 3167 1740 3189 summum
1765 3158 1896 3190 bonum.

126 3223 160 3230 -
185 3209 238 3242 26.
263 3214 308 3242 est
337 3210 508 3244 Halmius:
541 3213 583 3244 sit
608 3213 672 3245 CO
701 3230 735 3235 -
762 3213 814 3244 ⁵27.
841 3212 929 3243 illius
960 3214 1024 3244 GR
1051 3214 1085 3244 et
1117 3213 1219 3251 (corr.
1247 3212 1281 3241 in
1310 3210 1418 3248 ullius)
1451 3209 1475 3239 B
1510 3226 1545 3231 —
1578 3209 1631 3240 ⁵28.
1665 3208 1896 3239 achademiam

126 3255 189 3290 GR
214 3276 249 3282 -
278 3260 331 3292 29.
358 3261 501 3293 dicerent
529 3263 593 3295 GR
625 3263 670 3304 (in
695 3264 721 3294 G
745 3261 880 3293 litterae
908 3265 945 3294 nt
973 3262 1111 3304 punctis
1143 3262 1283 3293 notatae
1314 3259 1405 3298 sunt)
1441 3275 1476 3281 —
1510 3258 1564 3290 37.
1594 3259 1731 3289 uirtutis
1760 3258 1841 3289 satis
1872 3260 1896 3289 G

127 3319 162 3329 —
188 3306 240 3340 39.
271 3314 442 3343 exasserat
472 3312 537 3345 GR
569 3327 604 3335 -
637 3311 691 3345 40.
722 3320 782 3344 nos
813 3312 944 3352 quidem
972 3312 1055 3344 illud
1083 3310 1145 3343 W:
1182 3318 1242 3341 nos
1271 3308 1353 3340 illud
1382 3307 1513 3350 quidem
1544 3307 1620 3340 CO.
1659 3308 1762 3339 «Non
1787 3307 1898 3339 inter-

195 3366 313 3400 Cxcno
339 3369 374 3402 Τ.
393 3369 444 3404 IV.
1511 3367 1565 3411 23
