2249 3624
278 121 359 164 380
871 123 940 164 DE
972 122 1196 164 DEORUM
1224 122 1441 163 NATURA

278 231 403 270 deum
442 234 578 270 autem
620 228 869 269 animantem
911 234 1022 269 certe
1055 229 1247 269 volumus
1280 241 1384 268 esse.
1430 229 1567 282 Atque
1598 229 1665 269 hie
1697 229 1807 269 idem
1839 228 1922 269 alio
1955 229 2045 271 loco

277 293 447 333 aethera
479 292 602 332 deum
636 292 754 339 dicit,
787 292 821 331 si
854 291 1037 343 intellegi
1072 296 1208 344 potest
1236 290 1338 330 nihil
1361 291 1545 331 sentiens
1569 292 1691 339 deus,
1725 292 1796 345 qui
1818 304 2047 345 numquam

278 356 400 396 nohis
432 355 612 396 occurrit
642 367 780 407 neque
811 354 853 394 in
885 353 1078 408 precibus
1110 367 1247 407 neque
1278 354 1323 393 in
1356 355 1507 407 optatis
1536 367 1676 407 neque
1706 355 1749 394 in
1779 354 1902 394 votis.
1944 354 2048 393 Aliis

278 422 414 458 autem
456 417 572 456 libris
602 416 805 456 rationem
839 416 1048 469 quandam
1080 430 1154 469 per
1184 429 1349 456 omnem
1381 422 1569 456 naturam
1599 430 1742 471 rerum
1773 418 2048 471 pertinentem

246 481 320 520 5vi
352 480 494 520 divina
526 493 618 519 esse
651 478 856 519 adfectam
888 485 1018 532 putat.
1071 479 1185 518 Idem
1216 479 1337 518 astris
1367 478 1447 519 hoc
1476 479 1586 519 idem
1612 480 1774 527 tribuit,
1808 485 1892 519 tum
1916 478 2048 526 annis,

278 540 491 583 mensibus
523 555 815 595 annorumque
849 541 1164 582 mutationibus.
1213 541 1312 580 Cum
1345 554 1443 580 vero
1472 541 1649 581 Hesiodi
1672 542 1956 594 Theogoniam
1987 542 2051 581 in-

277 610 548 659 terpretatur,
581 604 691 644 tollit
721 605 892 644 omnino
925 604 1098 643 usitatas
1129 603 1434 656 perceptasque
1466 603 1730 657 cognitiones
1752 604 1948 651 deorum3
1980 616 2052 644 ne-

278 682 361 722 que
393 669 502 708 enim
535 668 676 707 Iovem
707 680 846 720 neque
878 668 1079 706 Iunonem
1112 679 1250 719 neque
1286 666 1452 706 Vestam
1492 680 1628 720 neque
1661 680 1937 720 quemquam,
1980 667 2052 720 qui

240 752 254 755 >
277 731 333 769 ita
365 731 621 783 appellatur,
652 729 693 768 in
726 728 900 769 deorum
931 729 1057 768 habet
1087 742 1279 776 numer0,
1312 728 1384 768 sed
1418 729 1542 768 rebus
1565 730 1758 769 inanimis
1781 736 1908 783 atque
1930 730 2053 770 mutis

227 796 264 825 ⁴0
279 806 353 845 per
384 793 590 845 quandam
635 789 981 843 significationem
1024 793 1126 831 haec
1158 790 1281 830 docet
1314 791 1466 830 tributa
1499 792 1679 831 nomina.
1732 789 1798 831 37.
1833 792 1960 831 Cuius
1993 792 2054 831 di-

279 854 428 908 scipuli
460 854 666 894 Aristonis
707 867 791 893 non
835 853 971 893 minus
1015 867 1163 906 magno
1204 855 1245 893 in
1279 867 1419 893 errore
1452 855 1658 893 sententia
1691 860 1772 902 est,
1813 854 1883 906 qui
1914 867 2054 906 neque

277 916 453 955 formam
487 916 553 956 dei
586 916 771 969 intellegi
805 929 924 969 posse
957 922 1123 955 censeat
1154 930 1292 969 neque
1326 916 1481 956 iudeis
1514 930 1681 956 sensum
1716 930 1807 956 esse
1839 917 1948 956 dicat
1978 916 2055 955 du-

278 979 466 1031 bitetque
508 979 697 1025 omnino,
737 978 840 1018 deus
873 978 1062 1017 animans
1096 992 1226 1018 necne
1258 980 1321 1018 sit.
1377 979 1596 1018 Cleanthes
1628 984 1787 1027 autem,
1819 979 1889 1032 qui
1922 980 2056 1018 Zeno-

278 1054 375 1080 nem
405 1041 563 1080 audivit
593 1055 677 1081 una
708 1055 801 1081 cum
833 1055 906 1087 eo,
942 1054 1065 1094 quem
1100 1042 1290 1094 proxime
1317 1042 1544 1088 nominavi,
1578 1047 1661 1081 tum
1694 1042 1830 1095 ipsum
1853 1039 2053 1081 mundum

229 1108 264 1137 ⁴5
280 1102 401 1142 deum
435 1103 537 1143 dicit
568 1117 681 1151 esse,
719 1110 804 1144 tum
838 1104 965 1143 totius
996 1109 1170 1142 naturae
1203 1104 1332 1142 menti
1363 1109 1488 1156 atque
1520 1103 1659 1143 animo
1692 1102 1837 1143 tribuit
1867 1103 1947 1143 hoc
1983 1118 2055 1144 no-

279 1179 394 1211 men,
437 1170 521 1205 tum
554 1167 746 1206 ultimum
780 1171 820 1206 et
851 1166 1099 1206 altissimum
1132 1172 1258 1219 atque
1294 1166 1480 1219 undique
1514 1166 1813 1206 circumfusum
1845 1171 1884 1206 et
1918 1171 2056 1206 extre-

279 1241 389 1266 mum
424 1228 562 1268 omnia
593 1230 827 1282 cingentem
860 1234 985 1281 atque
1017 1227 1267 1281 conplexum
1296 1228 1507 1275 ardorem,
1543 1229 1615 1282 qui
1639 1229 1782 1268 aether
1803 1229 2055 1277 nominetur,

278 1291 554 1330 certissimum
598 1293 720 1332 deum
766 1291 934 1331 iudicat.
992 1291 1193 1344 Idemque
1235 1291 1352 1344 quasi
1397 1290 1576 1330 delirans
1618 1292 1658 1330 in
1698 1292 1748 1331 iis
1784 1292 1917 1338 libris,
1949 1306 2056 1346 quos

279 1353 444 1406 scripsit
477 1360 621 1394 contra
653 1355 931 1407 voluptatem,
964 1358 1049 1392 tum
1085 1351 1201 1405 tingit
1231 1353 1402 1393 formam
1430 1354 1639 1407 quandam
1674 1359 1714 1393 et
1744 1354 1925 1408 speciem
1956 1355 2057 1394 deo·

228 1421 392 1463 20rum,
436 1421 523 1456 tum
562 1417 824 1456 divinitatem
866 1429 1032 1455 omnen]
1076 1414 1222 1456 tribuit
1262 1417 1404 1463 astris,
1447 1421 1532 1455 tum
1577 1416 1679 1455 nihil
1722 1417 1884 1458 ratione
1916 1421 2059 1457 censet

281 1492 373 1519 esse
405 1479 602 1519 divinius.
654 1481 714 1519 lta
746 1477 789 1518 lit
820 1484 864 1519 ut
895 1479 999 1518 deus
1028 1478 1118 1525 ille,
1152 1492 1275 1531 quem
1309 1483 1448 1518 mente
1482 1477 1692 1518 noscimus
1713 1484 1840 1532 atque
1865 1479 1907 1518 in
1929 1479 2056 1519 animi

279 1542 448 1581 notione
479 1548 689 1595 tamquam
722 1543 762 1581 iu
798 1543 971 1593 vestigio
1002 1541 1194 1580 volumus
1226 1554 1455 1593 reponere,
1487 1554 1696 1595 nusquam
1728 1555 1900 1594 prorsus
1931 1555 2058 1596 appa-

278 1610 380 1644 reat.
441 1605 529 1644 XV.
562 1603 628 1644 38.
670 1606 721 1644 At
763 1606 984 1650 Persaeus,
1030 1603 1219 1642 eiusdem
1264 1604 1443 1643 Zenonis
1485 1603 1674 1651 auditor,
1719 1617 1789 1644 eos
1826 1605 1923 1643 dicit
1963 1619 2055 1645 esse

279 1668 443 1708 habitos
485 1668 607 1714 deos,
653 1681 676 1706 a
717 1668 869 1720 quibus
913 1680 1061 1719 magna
1106 1666 1260 1705 utilitas
1299 1666 1348 1705 ad
1392 1667 1498 1706 vitae
1537 1667 1692 1706 cultum
1726 1672 1835 1707 esset
1866 1667 2056 1715 inventa,

228 1731 477 1783 ffiipsasque
518 1744 584 1769 res
624 1729 747 1769 utiles
786 1734 826 1769 et
864 1729 1067 1768 salutares
1108 1729 1281 1768 deorum
1315 1742 1405 1767 esse
1437 1729 1654 1768 vocabulis
1690 1734 1975 1782 nuncupatas,
2013 1736 2058 1770 ut

279 1807 332 1832 ne
366 1794 445 1831 hoc
478 1792 647 1845 quidem
681 1792 856 1839 diceret,
889 1792 961 1830 illa
993 1792 1159 1830 inventa
1193 1805 1283 1830 esse
1308 1790 1500 1836 deorum,
1534 1792 1604 1830 sed
1639 1792 1725 1845 ipsa
1758 1792 1912 1832 divina.
1962 1792 2055 1841 Quo

281 1856 382 1909 quid
425 1855 644 1895 absurdius
688 1868 812 1908 quam
854 1860 925 1894 aut
967 1868 1031 1893 res
1076 1854 1263 1893 sordidas
1302 1859 1427 1907 atque
1462 1854 1661 1893 deformis
1693 1854 1867 1894 deorum
1900 1856 2056 1895 honore

280 1918 460 1958 adficere
491 1922 562 1957 aut
591 1918 781 1957 homines
812 1917 893 1956 iam
927 1922 1059 1956 morte
1084 1917 1244 1956 deletos
1272 1930 1476 1969 reponere
1500 1916 1541 1955 in
1565 1917 1686 1965 deos,
1720 1930 1897 1970 quorum
1921 1918 2057 1958 omnis

282 1981 418 2021 cultus
451 1985 561 2020 esset
591 1980 754 2020 futurus
785 1980 827 2019 in
862 1980 1010 2019 luctu?
1071 1978 1139 2017 39.
1174 1980 1257 2019 Iam
1292 1993 1389 2019 vero
1414 1980 1695 2033 Chrysippus,
1727 1980 1799 2032 qui
1823 1980 2056 2020 Stoicorum

231 2049 267 2078 30
282 2044 540 2083 somniorum
564 2042 823 2082 vaferrumus
844 2043 1022 2082 habetur
1044 2042 1270 2095 interpres,
1298 2055 1488 2094 magnam
1513 2043 1674 2081 turbam
1698 2047 1920 2094 congregat
1940 2042 2061 2094 igno-

283 2112 418 2146 torum
452 2105 647 2152 deorum,
689 2111 812 2160 atque
853 2105 909 2145 ita
947 2106 1206 2157 ignotorum,
1248 2110 1293 2143 ut
1324 2118 1396 2143 eos
1433 2117 1484 2143 ne
1521 2105 1762 2144 coniectura
1798 2103 1964 2157 quidem
1998 2104 2061 2143 in-

281 2169 458 2209 formare
492 2169 724 2220 possimus,
769 2181 860 2207 cum
903 2181 1017 2206 mens
1060 2173 1198 2206 nostra
1232 2166 1398 2220 quidvis
1432 2167 1620 2206 videatur
1651 2167 1906 2219 cogitatione
1938 2180 2061 2219 posse

283 2232 529 2285 depingere:
563 2232 619 2270 ait
651 2231 759 2269 enim
792 2231 873 2269 vim
907 2230 1088 2269 divinam
1122 2230 1164 2268 in
1198 2230 1358 2268 ratione
1392 2244 1482 2269 esse
1516 2230 1691 2283 positam
1715 2235 1756 2269 et
1777 2229 1817 2267 in
1844 2229 2061 2268 universae

283 2300 455 2333 naturae
487 2294 625 2333 animo
657 2299 782 2346 atque
817 2298 975 2338 mente,
1008 2292 1230 2345 ipsumque
1265 2292 1463 2331 mundum
1499 2292 1622 2331 deum
1657 2292 1755 2331 dicit
1789 2304 1879 2331 esse
1906 2296 1946 2330 et
1971 2291 2061 2330 eius

232 2362 268 2390 35
284 2357 408 2396 animi
442 2357 648 2396 fusionem
682 2356 941 2402 universam,
989 2361 1072 2394 tum
1107 2355 1197 2393 eius
1240 2354 1372 2407 ipsius
1406 2355 1705 2408 principatum,
1748 2354 1817 2407 qui
1849 2354 1891 2393 in
1923 2358 2061 2393 mente

284 2425 325 2458 et
355 2420 516 2459 ratione
551 2424 751 2464 xersetur,
786 2431 1135 2471 communemque
1168 2431 1306 2456 rerum
1336 2423 1527 2457 naturam
1551 2417 1952 2470 universitatemque
1975 2430 2062 2456 om-

374 2608 402 2637 ·t.
429 2607 525 2645 loquo
550 2608 573 2637 P
601 2623 636 2628 —
663 2606 694 2636 2.
723 2605 800 2636 dicit
826 2603 878 2637 ⁸21:
906 2605 982 2635 (licit
1007 2614 1071 2635 esse
1093 2604 1116 2635 Ο
1141 2622 1172 2626 —
1201 2603 1230 2636 Ιι,
1260 2604 1430 2643 quandam
1454 2604 1617 2634 rationem
1635 2603 1658 2634 C
1681 2621 1714 2625 —
1743 2612 1869 2634 omnem
1887 2603 1964 2635 cod.
1985 2602 2065 2635 Glo-

286 2657 482 2695 gaviensis:
511 2656 657 2686 onmium
682 2653 762 2686 ⁸]IO.
791 2654 866 2685 Vid.
894 2654 1160 2685 Sclioemannus
1187 2655 1274 2685 Diss.
1306 2654 1329 2683 V
1356 2662 1389 2693 p.
1416 2654 1434 2684 7
1461 2662 1511 2692 sq.
1538 2670 1570 2674 —
1597 2654 1835 2692 ymrtinqentem
1859 2654 1883 2685 C
1912 2669 1947 2676 ——
1974 2655 2005 2685 5.
2032 2653 2066 2684 vi

285 2708 398 2738 divina
423 2716 490 2738 esse
509 2707 680 2738 Manutius
707 2707 741 2737 et
767 2705 843 2736 cod.
867 2704 1126 2743 Glogaviensis:
1154 2708 1189 2734 ut
1215 2704 1328 2734 (lirina
1355 2712 1419 2734 esse
1443 2704 1467 2733 Α
1485 2704 1532 2739 (ᾖς
1559 2706 1594 2733 ut
1614 2702 1730 2734 diuina]
1746 2712 1810 2734 esse
1826 2704 1873 2741 B;
1899 2707 1936 2735 ut
1953 2705 2067 2735 divina

285 2758 326 2788 sit
350 2758 373 2788 E
402 2775 435 2778 —
465 2757 629 2794 adfectam
662 2754 805 2785 seclusit
833 2754 1111 2785 Schoemannus.
1140 2770 1174 2774 -—
1205 2753 1234 2783 6.
1265 2754 1481 2792 Tleeossuniwn
1507 2753 1701 2783 Manutius:
1736 2753 1942 2793 tlteoyoiiiam
1966 2753 2000 2784 id
2023 2756 2067 2784 est

287 2808 448 2847 originem
472 2808 607 2837 (lem-um
632 2805 659 2837 :⁸1
688 2823 721 2826 —
751 2805 780 2835 7.
809 2806 923 2835 insitas
945 2807 1205 2842 praeventusque
1231 2802 1432 2834 Lambinus.
1462 2802 1510 2832 (Is.
1531 2803 1557 2832 11
1585 2802 1673 2841 §9¹-
1696 2821 1729 2824 —
1757 2803 1788 2833 9.
1815 2803 2002 2842 appellatur
2019 2803 2064 2834 C:

288 2857 470 2895 appelletur
495 2862 516 2887 A
537 2857 621 2889 131³:
656 2856 816 2894 apelletur
840 2855 863 2885 B
893 2871 926 2876 -
966 2855 1012 2885 tt,
1043 2855 1200 2884 sententia
1233 2857 1276 2884 est
1305 2854 1359 2892 τμη·
1385 2851 1444 2884 A²z
1480 2853 1654 2883 sententias
1679 2854 1733 2892 qui
1759 2852 1796 2884 Α1
1812 2854 1834 2884 Β
1851 2854 1898 2890 Ε;
1932 2853 2064 2884 sentias.

289 2907 345 2946 qui
371 2907 394 2937 (ἶ
424 2921 456 2926 -
487 2905 537 2935 1153.
564 2905 705 2935 cll-untes
730 2907 752 2935 Α
771 2905 793 2934 C
810 2905 833 2934 E
850 2905 872 2935 P
890 2922 931 2926 -—-
962 2904 1008 2935 ll.
1035 2905 1140 2942 ips->nn
1168 2904 1262 2933 (lenm
1285 2904 1444 2933 mundum
1469 2903 1545 2932 (licit
1570 2901 1597 2934 Ἦ
1621 2921 1651 2924 -
1682 2904 1732 2934 17.
1753 2904 1809 2942 qui
1832 2903 1920 2934 ether
1945 2902 2066 2940 (littera

290 2958 368 2997 post
393 2956 448 2994 qui
473 2955 583 2992 erasa}
610 2957 654 2991 A3
683 2955 761 2993 quia
786 2954 897 2984 aether
922 2955 945 2983 (1
963 2955 985 2984 P
1005 2971 1037 2975 —
1068 2954 1119 2984 «18.
1147 2954 1180 2983 in
1204 2955 1252 2983 lu's
1277 2952 1305 2985 Ἡ
1327 2972 1358 2975 -
1389 2954 1662 2984 49.u‹›t1mlalem
1688 2954 1709 2984 Β
1726 2955 1750 2984 C
1768 2954 1791 2984 E
1807 2955 1828 2984 P
1850 2970 1884 2974 —
1911 2952 1964 2984 ⁶23.
1990 2961 2068 2992 per-

288 3014 359 3037 seus
383 3006 407 3036 Α
424 3005 446 3035 C
464 3004 486 3035 1⁴]
514 3021 548 3025 —
585 3005 662 3035 (licit
692 3013 761 3035 om.
790 3003 840 3040 Qu
874 3005 962 3034 dizit
991 3004 1270 3034 Schoemannus.
1300 3006 1378 3042 (esse
1402 3005 1450 3034 ait
1474 3003 1600 3033 habitos
1624 3002 1773 3034 Klotzius
1798 3003 1831 3034 in
1859 3002 2066 3041 Prooemio.)

292 3074 326 3078 —
353 3055 405 3086 Ἡ.
433 3064 454 3084 α
479 3054 593 3093 quibus
617 3055 734 3092 aitqua
758 3064 885 3095 maana
910 3056 933 3085 Β
965 3072 992 3076 -
1033 3054 1085 3084 25
1113 3054 1209 3084 utiles
1233 3054 1264 3084 in
1293 3062 1412 3084 rasura
1439 3062 1484 3085 tn.
1512 3062 1584 3084 sec.
1611 3055 1636 3084 A
1664 3070 1698 3074 —
1727 3052 1778 3083 28.
1808 3052 1952 3092 afficeret
1976 3052 2000 3083 C
2030 3068 2064 3073 -

288 3106 340 3136 Q).
368 3104 537 3142 chrysipns
561 3106 606 3136 A:
639 3105 846 3143 elzryssippus
871 3106 920 3141 133
953 3104 1136 3142 chrisippus
1169 3105 1192 3133 (Ζ
1211 3103 1233 3134 Ε
1263 3121 1295 3125 —-
1334 3103 1383 3133 330.
1413 3107 1569 3143 coyrogyat
1594 3102 1631 3134 Α1
1660 3120 1694 3125 —
1721 3103 1953 3143 ignoratorum
1977 3102 2000 3132 B
2026 3118 2067 3123 —

290 3154 341 3185 31.
369 3162 426 3183 nec
447 3153 634 3183 coniectura
657 3156 678 3184 Λ
696 3154 718 3184 Β
735 3155 758 3184 (ἶ
783 3172 823 3176 -
846 3154 897 3185 32.
926 3163 1013 3184 mens
1037 3162 1105 3184 orn.
1127 3154 1150 3183 (ἶ
1173 3170 1205 3174 -
1232 3153 1282 3184 33.
1303 3154 1333 3183 in
1361 3156 1440 3184 ante
1458 3154 1634 3183 universae
1650 3161 1720 3184 om.
1742 3153 1765 3183 C
1782 3153 1806 3183 Ο
1828 3170 1861 3174 -
1890 3151 1942 3183 35.
1963 3150 2067 3182 animi

290 3203 486 3243 infusionem
511 3203 554 3242 (in
579 3211 756 3243 superser.
784 3203 860 3235 ead.
882 3203 941 3243 m.)
969 3204 991 3234 B
1013 3220 1045 3224 —
1076 3202 1126 3233 36.
1154 3203 1465 3243 universitatemque
1485 3202 1726 3234 tteindortius:
1752 3203 1945 3233 uniuersam
1970 3203 2068 3239 atque

293 3252 374 3286 <210.
402 3253 451 3284 Cf.
479 3261 512 3295 p.
540 3252 615 3293 381,
642 3252 671 3285 4.
