2249 3624
724 203 812 242 Lm.
835 203 903 242 vl.
945 201 1040 243 cix».
1063 202 1264 241 1v-1x,
1305 200 1364 254 §g
1387 199 1528 241 4—9.
1933 198 2014 239 845

246 319 381 356 staret.
432 312 617 351 Dicemus
646 310 774 361 iqitur
805 314 838 347 et
869 322 965 360 quos
996 309 1036 348 in
1068 314 1218 348 tantum
1248 308 1526 360 philosophum
1547 308 1693 358 reserat
1713 306 1910 359 quandam
1931 319 2017 344 cen-

245 389 363 416 surae
393 374 616 414 exercuisse
645 372 836 410 levitatem
869 372 1002 423 quisve
1032 384 1166 410 eorum
1196 372 1313 410 etiam
1344 372 1532 422 scriptam
1565 371 1770 422 reliquerit
1796 370 2017 409 accusatio-

244 451 363 478 nem.
387 467 396 476 .
418 467 427 476 .
474 437 769 488 Epicureorum
800 441 880 473 tota
908 435 1044 486 factio.
1078 448 1201 486 aequo
1232 446 1382 484 semper
1411 446 1548 472 errore
1579 447 1603 471 a
1632 446 1724 471 rero
1755 433 1865 471 clei-ia
1893 439 1924 471 et
1946 432 2016 470 illa

245 501 481 541 existimans
510 498 674 538 ridenda
705 511 804 549 quae
834 498 992 539 nesciat.
1027 510 1185 536 sacrum
1216 498 1394 536 volumen
1425 502 1459 534 et
1484 496 1769 547 auyustissima
1790 497 1923 534 irrisit
1945 508 2017 533 na-

245 571 359 603 turae
389 563 509 603 seria.
548 561 697 601 Colotes
730 571 819 598 cero
850 560 955 598 inter
975 559 1148 610 Epicuri
1178 559 1379 598 auditores
1409 559 1644 610 loquacitate
1664 560 1879 598 notabilior
1899 559 2047 597 etiams

244 627 287 666 in
317 626 462 665 librum
493 624 626 663 retulit
656 635 754 674 quae
784 622 828 660 de
857 622 930 660 lzoc
960 622 1142 660 amarius
1172 622 1380 660 cai-illatus
1410 628 1476 660 est.
1521 622 1594 659 Sed
1624 627 1761 665 cetera,
1794 634 1892 673 quae
1912 621 2018 659 iniu-

245 690 311 729 ria
340 689 504 734 notavit,
535 687 569 725 si
600 686 755 738 quidem
785 685 835 724 ad
865 686 1075 731 somnium,
1107 685 1150 723 (le
1181 698 1255 736 quo
1286 685 1349 722 liic
1372 685 1551 735 procedit
1578 696 1718 730 sermo,
1739 697 1818 723 non
1839 685 2016 729 attinent,

245 751 317 790 hoc
348 751 431 790 Ioco
461 748 573 788 nobis
603 747 815 786 omittenda
847 753 961 786 sunt:
993 747 1103 785 illam
1135 747 1377 785 calumniam
1393 759 1687 797 persequentia,
1709 760 1806 798 quae
1826 747 1907 785 nisi
1927 760 2019 797 sup-

237 813 436 866 plodetur,
472 811 638 850 manebit
662 810 843 849 Ciceroni
874 822 961 848 cum
983 810 1145 848 Platone
1176 811 1407 850 comniunis.
1438 810 1506 848 Aa
1535 823 1558 848 a
1584 810 1815 862 philosopho
1842 810 2019 861 fabulam

244 889 323 915 non
359 875 580 927 oportuisse
618 873 808 924 confirmi,
851 872 1038 923 quoniam
1076 872 1229 911 nullum
1265 873 1440 924 fiymenti
1470 884 1590 923 yenus
1623 873 1704 911 reri
1730 872 2020 923 professoribus
2035 878 2070 907 ⁴0

245 939 479 977 conveniret.
540 938 621 977 Cur
652 937 766 980 enim,
801 937 941 988 inquit,
975 936 1009 975 si
1039 948 1174 975 rerum
1204 936 1428 974 caelestium
1458 936 1667 980 notionem,
1700 936 1734 973 si
1755 935 1931 974 habitum
1950 947 2022 973 nos

245 1001 475 1040 animarum
504 999 640 1038 docere
670 999 842 1043 coluisti,
874 1011 953 1037 non
982 999 1155 1049 simplici
1185 1005 1218 1050 et
1249 998 1427 1036 absoluta
1459 998 1530 1036 lioc
1553 998 1818 1036 insinuatione
1839 1003 2023 1036 curatum

246 1069 320 1112 est,
361 1063 426 1102 sed
455 1063 633 1114 quaesita
668 1074 841 1112 persona
871 1074 1061 1112 casusque
1091 1061 1319 1112 eoecosjitata
1347 1060 1502 1098 nocitus
1533 1065 1566 1098 et
1596 1060 1811 1111 corriposita
1842 1060 2023 1099 adi-ocati·

246 1138 388 1165 scaena
421 1126 598 1178 fiqmenti
638 1125 766 1176 ipsam
804 1126 1017 1175 quaerendi
1053 1125 1138 1163 reri
1176 1125 1342 1163 ianuam
1375 1123 1574 1162 mendacio
1598 1123 1856 1173 polluerunt?
1914 1124 2023 1162 Jl'aec

246 1188 460 1240 quoniam,
503 1188 597 1226 dum
636 1188 680 1226 de
711 1187 918 1226 Platonico
951 1188 1033 1226 Ere
1072 1188 1288 1232 iactantur,
1330 1187 1448 1225 etiarn
1479 1186 1643 1237 quietem
1675 1187 1860 1237 Africani
1894 1187 2071 1225 nostri⁴5

246 1252 482 1290 somniantis
515 1251 712 1297 incusant,
746 1252 978 1289 resistamus
1010 1251 1165 1302 urqenti
1195 1256 1228 1288 et
1256 1251 1414 1301 frustra
1445 1261 1616 1300 araneus
1641 1249 1855 1298 refellatur,
1880 1254 2023 1287 utana

247 1314 447 1353 calumnia
476 1313 669 1352 dissoluta
699 1314 904 1365 utriusque
931 1314 1082 1364 factum
1112 1313 1360 1359 incolumem,
1394 1318 1437 1350 ut
1462 1313 1528 1363 sas
1558 1317 1624 1357 est,
1656 1312 1821 1351 retineat
1850 1312 2023 1364 diynita-

248 1382 336 1415 tem.
403 1374 705 1428 (Macrobius
739 1377 777 1423 Ι,
812 1373 847 1423 sl,
882 1374 1101 1428 §8—11,
1134 1374 1161 1427 §
1185 1374 1236 1427 b.)

362 1439 473 1478 VIII.
517 1438 555 1478 8.
602 1440 825 1490 Scipionem
859 1439 985 1489 ipsum
1016 1439 1111 1477 liaeo
1141 1439 1296 1477 occasio
1335 1438 1387 1476 ad
1426 1437 1675 1476 narrandum
1705 1438 1902 1476 somnium
1926 1450 2025 1489 pro-

249 1502 425 1547 vocavit,
467 1502 570 1554 quod
610 1503 724 1554 lonqo
764 1509 934 1553 tempore
975 1516 1013 1540 se
1043 1507 1204 1540 testatus
1235 1506 1288 1539 est
1319 1501 1474 1539 silentio
1504 1501 1734 1539 condidisse.
1795 1500 1892 1539 Cum
1921 1501 2024 1539 enirn
2037 1505 2074 1534 20

250 1564 410 1604 Laelius
451 1571 680 1617 quereretur
716 1565 848 1603 nullas
878 1565 1047 1604 Nasicae
1085 1571 1238 1604 statuas
1277 1564 1318 1602 in
1352 1564 1510 1614 publico
1550 1564 1592 1602 in
1630 1564 1823 1615 interfecti
1863 1564 2026 1615 tyranni

250 1629 607 1667 remunerationem
629 1628 793 1674 locatas,
819 1628 1017 1679 respondit
1039 1628 1173 1679 Scipio
1198 1632 1287 1679 post
1308 1627 1392 1665 alia
1413 1627 1455 1664 in
1477 1626 1570 1665 llaec
1594 1627 1732 1665 rerba:
1765 1624 1847 1664 Sed
1881 1639 2026 1678 quam-

251 1703 376 1742 quam
429 1690 691 1742 sapientibus
739 1691 997 1730 conscientia
1038 1690 1128 1742 ipsa
1169 1689 1374 1729 factorum
1416 1689 1677 1741 egregiorum
1719 1688 2025 1741 amplissimum

250 1752 415 1792 virtutis
449 1759 511 1792 est
543 1753 799 1805 praemium,
842 1758 979 1792 tamen
1012 1752 1082 1791 illa
1115 1752 1257 1791 divina
1288 1752 1420 1791 virtus
1453 1765 1537 1791 non
1570 1758 1727 1791 statuas
1760 1751 1930 1804 plumbo
1964 1752 2026 1791 in-

252 1814 472 1854 haerentes
504 1828 580 1855 nec
614 1815 848 1867 triumphos
880 1816 1169 1854 arescentibus
1202 1815 1368 1861 laureis,
1401 1814 1474 1854 sed
1507 1815 1721 1854 stabiliora
1752 1813 1958 1867 quaedam
1986 1817 2076 1853 et25

253 1876 453 1916 viridiora
486 1877 769 1930 praemiorum
802 1891 955 1930 genera
989 1877 1213 1916 desiderat.
1278 1877 1395 1925 Quae
1427 1877 1595 1917 tandem
1629 1879 1706 1917 ista
1739 1882 1856 1924 sunt,
1889 1877 2027 1930 inquit

254 1938 453 1978 Laelius?
514 1940 616 1979 Tum
651 1940 815 1992 Scipio,
853 1939 1046 1979 Patimini
1079 1952 1164 1986 me,
1205 1940 1405 1992 quoniam
1438 1941 1607 1980 tertium
1640 1939 1749 1979 diem
1780 1940 1861 1979 iam
1892 1938 2029 1978 feriati

256 2014 414 2049 sumus,
447 2007 480 2040 et
513 2008 654 2048 cetera,
689 2002 829 2054 quilius
858 2002 908 2040 ad
936 2003 1213 2041 narrationem
1244 2004 1389 2041 somnii
1418 2004 1536 2047 renit,
1569 2003 1708 2042 docens
1738 2002 1809 2041 illa
1839 2015 1917 2040 esse
1947 2006 2029 2039 sta-

254 2063 399 2103 biliora
440 2070 474 2103 et
514 2065 713 2104 riricliora
744 2066 1018 2116 praemiorum
1059 2077 1227 2116 qenera,
1269 2079 1368 2117 quae
1411 2067 1490 2117 ipse.
1519 2066 1680 2104 ¹vidisset
1709 2067 1752 2103 in
1781 2065 1890 2103 caelo
1919 2063 2030 2102 bonis

253 2138 389 2166 rerum
412 2127 669 2178 publicarum
697 2134 855 2167 serrata
886 2128 1116 2167 rectoribus.
1179 2128 1486 2180 (Macrobius
1526 2128 1560 2176 I,
1592 2125 1636 2175 4«,
1667 2125 1695 2179 §
1718 2125 1743 2167 2
1775 2125 1850 2180 sq.)
2042 2128 2078 2156 3⁰

914 2210 1110 2250 SoMle'M
1145 2210 1371 2250 Scipion-m.

367 2296 583 2349 (Numerus
606 2297 829 2348 posterior,
863 2296 966 2336 binis
996 2297 1257 2336 semicirculis
1288 2298 1627 2349 circumscriptus,
1660 2301 1771 2336 notat
1801 2300 1918 2347 caput

764 2366 968 2411 separatae
999 2360 1093 2398 olim
1124 2360 1279 2398 Somnii
1309 2360 1522 2412 editionis.)

366 2440 438 2479 lx.
480 2439 540 2493 (1.)
580 2438 618 2480 9.
658 2440 761 2481 Cum
792 2440 835 2479 in
866 2440 1048 2480 Africam
1080 2440 1290 2480 venissem
1322 2441 1386 2479 Μ’.
1411 2439 1582 2479 Manilio
1621 2439 1783 2479 consuli
1820 2438 1871 2478 ad
1904 2450 2030 2492 quar-

255 2506 338 2543 tam
369 2502 576 2555 legionem
608 2503 829 2550 tribunus,
872 2509 917 2542 ut
949 2503 1084 2550 scitis,
1125 2503 1323 2550 militum,
1357 2502 1458 2541 nibil
1492 2502 1591 2542 mihi
1623 2501 1701 2541 fuit
1733 2500 1872 2554 potius
1904 2510 2080 2553 quam35

254 2570 301 2605 ut
331 2565 594 2605 Masinissam
626 2565 893 2605 convenirem
926 2578 1079 2617 regem,
1112 2564 1296 2604 familiae
1328 2569 1494 2604 nostrae
1526 2565 1647 2603 iustis
1679 2563 1729 2603 de
1759 2562 1897 2602 causis
1928 2563 2031 2601 ami-

256 2628 482 2668 cissimum.
543 2626 605 2666 Ad
645 2640 768 2680 quem
809 2633 855 2667 ut
896 2629 1014 2674 veni,
1059 2627 1291 2679 conplexus
1334 2641 1398 2666 me
1439 2639 1569 2665 senex
1609 2625 1922 2665 conlacrimavit
1958 2625 2032 2664 ali-

257 2695 501 2743 quantoque
532 2695 628 2743 post
658 2690 851 2741 suspexit
881 2689 934 2729 ad
967 2690 1126 2729 caelum
1159 2694 1218 2735 et,
1251 2689 1419 2735 Grates,
1451 2689 1610 2741 inquit,
1643 2688 1715 2727 tibi
1747 2701 1838 2739 ago,
1871 2700 2031 2726 summe

258 2752 343 2799 Sol,
376 2752 592 2806 vobisque,
623 2751 778 2804 reliqui
811 2752 995 2798 caelites,
1029 2751 1145 2804 quod
1177 2757 1272 2790 ante
1306 2764 1431 2805 quam
1463 2764 1516 2789 ex
1546 2750 1623 2789 hac
1654 2750 1739 2789 vita
1771 2750 1901 2802 migro
1933 2762 2033 2788 con-

258 2814 389 2868 spicio
432 2814 475 2854 in
517 2827 609 2854 meo
650 2826 779 2866 regno
823 2819 864 2853 et
900 2813 967 2853 his
1006 2814 1125 2853 tectis
1158 2814 1200 2852 P.
1226 2813 1466 2852 Cornelium
1499 2812 1761 2864 Scipionem,
1803 2812 1923 2851 cuius
1955 2820 2082 2863 ego40

258 2876 426 2916 nomine
466 2876 558 2930 ipso
598 2889 792 2923 recreor,
839 2876 982 2929 itaque
1023 2889 1256 2929 numquam
1298 2888 1351 2914 ex
1390 2875 1525 2914 animo
1568 2887 1661 2913 meo
1704 2873 1880 2913 discedit
1917 2873 2031 2912 illius

368 3036 398 3068 5.
426 3037 594 3068 auditores
616 3038 777 3077 famosior
800 3040 829 3068 et
851 3037 1053 3076 loquacitate
1081 3036 1259 3067 notabilior
1289 3036 1314 3067 O
1348 3037 1469 3066 contra
1499 3034 1601 3066 codd.
1642 3051 1686 3057 —
1723 3034 1753 3065 6.
1785 3035 1961 3066 cai-illatus
1989 3038 2034 3066 est

262 3084 366 3116 codd.
393 3086 532 3126 optimi:
558 3087 765 3126 reprehendit
789 3086 813 3116 O
843 3103 876 3108 —
904 3086 936 3117 8.
963 3086 1182 3125 supplodatur
1206 3087 1231 3116 Ο
1260 3102 1294 3107 -
1323 3086 1375 3115 45.
1402 3085 1479 3114 dum
1503 3082 1582 3114 libri
1607 3083 1788 3115 meliores:
1818 3094 1917 3123 quum
1942 3085 1966 3115 Ο
1995 3102 2029 3106 -

261 3134 314 3166 27.
339 3144 402 3174 me,
427 3137 546 3175 inquit,
573 3137 729 3176 quoniam
756 3136 781 3166 O
816 3152 851 3157 —-
890 3136 942 3167 34.
970 3145 1087 3167 ixclrir
1112 3144 1257 3166 SOMNJL'M
1283 3142 1439 3165 Stjlluo'sls
1466 3134 1521 3164 Fit
1548 3133 1621 3172 (sed
1647 3134 1672 3165 R
1698 3139 1860 3172 cuuosisx,
1887 3142 2032 3164 SOMNIL'M

266 3192 421 3215 SC1P1ONIS
446 3194 481 3217 zu.
500 3194 605 3216 τυιιιι
631 3193 800 3216 emenonis
831 3184 994 3216 sxcfflwTU
1021 3195 1058 3215 fix
1084 3194 1175 3215 rinno
1197 3193 1252 3215 .v1.
1279 3193 1319 3213 ni:
1346 3192 1383 3213 iis
1408 3191 1555 3214 ectitius.
1582 3183 1614 3214 M
1656 3200 1690 3206 —-
1732 3183 1784 3214 34.
1810 3184 1870 3214 M:
1894 3183 2034 3214 Manilio

267 3233 441 3273 Sigonius:
474 3244 585 3266 ANlCio
612 3243 733 3266 immo
758 3235 793 3272 F,
830 3243 851 3265 a
874 3235 997 3266 manlio
1022 3235 1168 3266 EMPR
1208 3251 1242 3255 ——
1282 3232 1412 3264 consule
1437 3233 1460 3263 C
1501 3250 1533 3254 -
1573 3232 1626 3264 35.
1653 3233 1757 3264 tribas
1780 3234 1918 3264 asscitus
1942 3232 1966 3263 E
1993 3249 2028 3254 —

264 3283 373 3321 potius
393 3283 457 3322 fuit
479 3284 504 3315 Ο
543 3302 574 3307 -
616 3284 668 3316 38.
695 3284 739 3314 act
763 3285 808 3315 C:
845 3284 879 3314 in
904 3283 928 3315 Ο
964 3302 1006 3306 -
1045 3284 1097 3316 39.
1124 3283 1243 3322 reliqui
1267 3280 1312 3313 M²
1325 3284 1364 3314 P:
1402 3282 1538 3322 reliquis
1561 3283 1621 3314 EF
1635 3280 1719 3315 M¹R
1750 3284 1785 3314 et
1808 3281 1966 3324 plerique
1995 3298 2030 3304 —

267 3329 322 3366 4⁴.
346 3331 414 3373 ipse
437 3332 583 3365 EFMR
610 3350 644 3355 —
670 3333 784 3374 itaque
808 3333 852 3366 C:
878 3333 927 3365 ita
951 3332 988 3366 O.
