2249 3624
319 102 374 144 82
710 104 780 144 DE
809 102 1016 144 FINIBUS
1047 100 1308 143 BONORUM
1337 102 1406 142 ET
1436 100 1703 144 MALORUM

317 216 488 259 homine
516 215 708 257 videatur
737 214 962 268 indignius.
1013 215 1076 254 Ad
1107 214 1264 255 maiora
1294 215 1404 255 enim
1434 213 1642 268 quaedam
1666 225 1745 252 nos
1771 214 1919 251 natura
1938 211 2084 265 genuit

319 286 360 320 et
391 279 682 326 conformavit,
713 283 759 318 ut
788 278 891 317 mihi
921 276 1093 331 quidem
1123 277 1300 317 videtur.
1348 278 1407 317 Ac
1437 277 1528 317 fieri
1565 279 1706 329 potest
1744 278 1790 313 ut
1819 287 1976 322 errem,
2007 273 2082 313 sed

315 343 373 383 ita
403 354 572 395 prorsus
604 341 819 387 existimo,
850 353 990 392 neque
1019 353 1114 379 eum
1145 340 1424 392 Torquatum,
1457 339 1531 393 qui
1560 339 1640 378 hoc
1660 336 1821 390 primus
1849 348 2082 388 cognomen

315 404 493 451 invenit,
523 407 595 443 aut
623 407 814 455 torquem
843 401 959 441 illum
988 401 1100 441 hosti
1131 401 1381 449 detraxisse,
1411 407 1459 441 ut
1488 401 1674 453 aliquam
1696 411 1749 438 ex
1769 411 1819 438 eo
1847 397 2083 450 perciperet

285 476 494 519 5corpore
533 464 816 517 voluptatem,
861 469 933 503 aut
976 477 1069 503 cum
1100 463 1260 503 Latinis
1294 464 1412 504 tertio
1451 462 1672 504 consulatu
1703 459 1942 501 conflixisse
1971 458 2082 513 apud

315 529 504 569 Veserim
542 531 714 580 propter
744 526 1015 579 voluptatem.
1066 525 1189 574 Quod
1219 539 1318 566 vero
1352 526 1488 566 securi
1523 523 1732 577 percussit
1761 521 1914 571 filium,
1944 522 2083 575 priva-

314 592 424 632 visse
465 604 509 631 se
540 590 666 629 etiam
694 588 859 629 videtur
895 588 1037 628 multis
1067 588 1377 641 voluptatibus,
1418 602 1512 628 cum
1542 586 1623 639 ipsi
1653 589 1827 625 naturae
1856 585 2082 637 patrioque

313 653 445 694 amori
474 651 718 706 praetulerit
743 651 809 691 ius
838 650 1069 690 maiestatis
1100 655 1226 703 atque
1256 650 1437 703 imperii.
1492 646 1560 689 24.
1593 648 1731 696 Quid?
1762 649 2003 700 Torquatus
2033 645 2083 692 is,

313 715 387 768 qui
417 714 564 755 consul
595 727 689 753 cum
722 712 794 752 Cn.
826 712 1000 752 Octavio
1032 712 1133 759 fuit,
1172 726 1265 752 cum
1296 713 1410 752 illam
1441 711 1706 752 severitatem
1735 710 1780 750 in
1811 723 1860 749 eo
1892 706 1978 748 filio
2010 706 2084 746 ad-

262 789 298 817 40
311 777 469 825 hibuit,
501 790 627 830 quem
656 776 699 816 in
729 775 998 828 adoptionem
1029 776 1078 814 D.
1111 774 1253 815 Silano
1286 775 1640 827 emancipaverat‚
1672 777 1720 812 ut
1744 786 1854 820 eum,
1887 769 2084 811 Macedo-

312 854 413 880 num
443 839 591 892 legatis
622 838 936 885 accusantibus,
968 837 1082 890 quod
1112 839 1316 890 pecunias
1346 843 1584 890 praetorem
1614 835 1657 875 in
1678 834 1898 888 provincia
1919 833 2082 886 cepisse

310 907 555 956 arguerent,
587 913 755 940 causam
785 900 898 952 apud
930 913 974 940 se
1006 899 1146 940 dicere
1174 900 1338 940 iuberet
1367 912 1497 953 reque
1529 912 1582 939 ex
1602 903 1780 951 utraque
1801 900 1919 951 parte
1941 894 2085 935 audita

309 964 622 1018 pronuntiaret,
663 976 760 1003 eum
790 975 875 1002 non
906 962 1031 1002 talem
1063 962 1197 1002 videri
1228 962 1359 1002 fuisse
1389 962 1432 1001 in
1462 960 1661 1015 imperio,
1694 960 1842 1014 quales
1874 958 1965 999 eius
1996 969 2084 997 ma-

307 1030 419 1069 iores
447 1027 650 1074 fuissent,
682 1030 723 1066 et
751 1026 795 1065 in
826 1030 1094 1078 conspectum
1125 1039 1247 1065 suum
1269 1025 1412 1065 venire
1434 1023 1589 1070 vetuit,
1620 1036 1721 1062 num
1744 1021 1848 1076 quid
1868 1021 1945 1062 tibi
1965 1020 2084 1061 vide-

262 1096 378 1131 t5tur
409 1089 461 1130 de
491 1088 777 1142 voluptatibus
809 1088 893 1128 suis
925 1087 1202 1140 cogitavisse?
1254 1087 1337 1127 Sed
1367 1092 1414 1126 ut
1444 1087 1631 1126 omittam
1661 1084 1872 1138 pericula,
1903 1083 2082 1130 labores,

311 1153 499 1194 dolorem
531 1151 675 1198 etiam,
715 1164 840 1204 quem
871 1148 1055 1203 optimus
1091 1151 1273 1203 quisque
1313 1163 1387 1203 pro
1427 1149 1562 1202 patria
1593 1153 1633 1188 et
1671 1161 1747 1201 pro
1778 1147 1865 1187 suis
1896 1146 2082 1200 suscipit,

310 1221 356 1257 ut
386 1229 470 1256 non
501 1213 626 1254 modo
657 1212 817 1252 nullam
850 1218 1007 1266 captet,
1039 1213 1112 1252 sed
1145 1213 1269 1253 etiam
1299 1216 1534 1266 praetereat
1563 1224 1706 1251 omnes
1727 1210 1977 1264 voluptates,
2008 1208 2084 1247 do-

310 1279 421 1319 lores
453 1277 635 1329 denique
668 1275 841 1329 quosvis
872 1275 1086 1329 suscipere
1109 1275 1225 1315 malit
1246 1288 1370 1328 quam
1394 1275 1587 1315 deserere
1609 1273 1739 1313 ullam
1760 1270 1888 1313 officii
1907 1276 2081 1325 partem,

311 1342 363 1383 ad
396 1354 464 1389 ea,
503 1352 611 1393 quae
641 1337 721 1377 hoc
751 1350 838 1377 non
867 1339 1006 1378 minus
1039 1338 1275 1385 declarant,
1317 1337 1391 1377 sed
1421 1336 1617 1376 videntur
1647 1336 1821 1383 leviora,
1851 1334 2082 1376 veniamus.

261 1415 298 1445 20
313 1402 380 1445 25.
414 1402 527 1452 Quid
557 1401 651 1448 tibi,
685 1401 910 1454 Torquate,
942 1400 1044 1454 quid
1074 1400 1173 1440 huic
1196 1400 1357 1440 Triario
1380 1399 1562 1447 litterae,
1595 1398 1698 1453 quid
1717 1397 1918 1439 historiae
1940 1397 2084 1450 cogni-

311 1469 459 1520 tioque
489 1478 654 1510 rerum,
687 1462 787 1515 quid
818 1469 1036 1516 poetarum
1067 1462 1273 1510 evolutio,
1305 1461 1406 1515 quid
1439 1467 1551 1501 tanta
1581 1466 1642 1501 tot
1665 1474 1861 1501 versuum
1882 1461 2084 1501 memoria

310 1527 539 1582 voluptatis
580 1526 729 1566 affert?
778 1526 865 1565 Nec
903 1525 1004 1564 mihi
1042 1525 1147 1565 illud
1178 1525 1360 1564 dixeris:
1401 1525 1515 1564 Haec
1558 1524 1668 1563 enim
1709 1523 1803 1576 ipsa
1843 1523 1947 1563 mihi
1985 1528 2084 1564 sunt

311 1590 512 1645 voluptati
555 1594 596 1629 et
632 1593 750 1628 erant
782 1587 856 1628 illa
894 1588 1132 1641 Torquatis.
1182 1589 1422 1640 Numquam
1458 1587 1535 1627 hoc
1566 1587 1623 1626 ita
1654 1585 1845 1626 defendit
1873 1587 2083 1640 Epicurus

310 1667 450 1708 neque
476 1651 737 1692 Metrodorus
768 1655 840 1690 aut
864 1651 1087 1704 quisquam
1119 1664 1279 1697 eorum,
1312 1650 1384 1703 qui
1417 1655 1490 1689 aut
1519 1654 1684 1702 saperet
1713 1649 1875 1702 aliquid
1905 1654 1977 1690 aut
2005 1650 2084 1691 ista

261 1729 298 1758 ⁶25
312 1716 541 1758 didicisset.
590 1714 645 1752 Et
674 1713 789 1767 quod
822 1713 1033 1766 quaeritur
1063 1726 1210 1765 saepe,
1251 1726 1324 1752 cur
1354 1718 1435 1752 tam
1468 1711 1589 1751 multi
1621 1711 1704 1751 sint
1734 1711 1953 1763 Epicurei,
1985 1717 2084 1753 sunt

310 1780 416 1820 aliae
457 1789 629 1831 quoque
669 1788 841 1823 causae,
881 1776 954 1815 sed
996 1775 1308 1814 multitudinem
1338 1774 1441 1814 haec
1473 1773 1655 1814 maxime
1686 1773 1837 1823 allicit,
1880 1776 1995 1829 quod
2025 1777 2083 1817 ita

310 1846 459 1896 putant
497 1838 578 1878 dici
615 1838 666 1878 ab
700 1838 796 1886 illo,
834 1843 947 1878 recta
987 1842 1028 1877 et
1063 1838 1241 1878 honesta
1274 1850 1382 1891 quae
1415 1837 1521 1885 sint,
1562 1849 1611 1876 ea
1640 1836 1779 1876 facere
1809 1837 1904 1891 ipsa
1933 1851 2009 1892 per
2039 1851 2083 1878 se

309 1904 529 1950 laetitiam,
560 1901 604 1941 id
635 1905 699 1941 est
726 1901 998 1954 voluptatem.
1042 1900 1246 1940 Homines
1279 1899 1426 1953 optimi
1456 1913 1542 1939 non
1573 1899 1826 1952 intellegunt
1856 1904 1988 1941 totam
2018 1914 2085 1942 ra-

308 1968 471 2008 tionem
503 1964 655 2012 everti,
698 1963 733 2004 si
763 1964 821 2004 ita
851 1976 916 2003 res
948 1976 992 2003 se
1022 1963 1187 2003 habeat.
1246 1963 1351 2002 Nam
1382 1962 1418 2002 si
1449 1962 1770 2008 concederetur,
1808 1963 1935 2005 etiam
1965 1963 2001 2004 si
2031 1964 2085 2004 ad

261 2041 298 2071 30
311 2043 465 2083 corpus
504 2026 612 2069 nihil
648 2025 876 2074 referatur,
915 2026 994 2066 ista
1025 2039 1100 2065 sua
1131 2031 1281 2079 sponte
1313 2030 1355 2065 et
1383 2038 1459 2078 per
1489 2038 1534 2064 se
1565 2038 1657 2065 esse
1687 2024 1895 2074 iucunda,
1933 2039 2010 2079 per
2040 2039 2085 2066 se

311 2097 422 2132 esset
460 2096 502 2132 et
540 2091 672 2132 virtus
714 2097 755 2132 et
785 2091 966 2144 cognitio
996 2104 1154 2139 rerum,
1199 2090 1312 2144 quod
1355 2090 1526 2130 minime
1564 2090 1636 2130 ille
1677 2091 1788 2138 vult,
1832 2091 2083 2145 expetenda.

310 2153 377 2195 26.
408 2155 522 2194 Haec
551 2154 679 2207 igitur
698 2155 867 2207 Epicuri
896 2167 982 2193 non
1013 2154 1169 2207 probo,
1198 2153 1385 2206 inquam.
1438 2154 1500 2192 De
1531 2158 1670 2193 cetero
1701 2153 1856 2194 vellem
1885 2154 2085 2207 equidem

309 2222 382 2258 aut
416 2217 506 2270 ipse
546 2216 748 2256 doctrinis
787 2216 938 2256 fuisset
972 2215 1219 2256 instructior
1247 2239 1302 2243 —
1344 2220 1408 2255 est
1438 2215 1571 2263 enim,
1613 2215 1729 2269 quod
1758 2216 1835 2256 tibi
1864 2217 1924 2257 ita
1952 2215 2087 2257 videri

310 2293 483 2320 necesse
515 2284 601 2327 est,
632 2292 719 2319 non
750 2279 850 2319 satis
880 2278 1036 2333 politus
1066 2278 1117 2318 iis
1149 2278 1341 2326 artibus,
1364 2291 1468 2332 quas
1494 2279 1566 2332 qui
1596 2282 1741 2318 tenent
1769 2278 1923 2319 eruditi
1944 2278 2087 2333 appel-

260 2342 449 2383 351a11tur
478 2364 554 2390 -,
601 2347 674 2382 aut
711 2355 764 2382 ne
806 2341 1082 2382 deterruisset
1120 2341 1225 2381 alios
1265 2354 1290 2382 a
1328 2341 1503 2382 studiis:
1552 2354 1810 2396 quamquam
1839 2344 1882 2382 te
1912 2340 2086 2395 quidem

309 2406 432 2445 video
464 2405 637 2444 minime
668 2418 760 2445 esse
791 2404 1052 2444 deterritum.

424 2468 533 2507 VIII.
566 2467 687 2515 Quae
719 2480 813 2506 cum
846 2466 1071 2514 dixissem,
1103 2466 1233 2519 magis
1264 2471 1310 2506 ut
1340 2465 1457 2507 illum
1488 2480 1759 2521 provocarem
1781 2479 1907 2521 quam
1927 2470 1976 2507 ut
1994 2466 2086 2521 ipse

311 2528 524 2581 loquerer,
555 2534 644 2570 tum
675 2529 861 2570 Triarius
893 2528 1047 2570 leniter
1075 2528 1286 2577 arridens,
1319 2530 1382 2569 Tu
1414 2529 1599 2584 quidem,
1629 2530 1789 2584 inquit,
1821 2534 1954 2572 totum
1985 2529 2087 2584 Epi-

399 2720 430 2751 4.
456 2723 581 2752 natura
605 2729 674 2752 om.
700 2721 725 2752 B
753 2737 789 2744 —
817 2720 848 2753 3.
873 2728 976 2760 neque
998 2721 1083 2760 eum]
1107 2730 1148 2753 nc
1170 2721 1256 2752 cuim
1279 2721 1366 2753 enim
1389 2722 1413 2753 B
1442 2740 1477 2744 —
1500 2722 1619 2762 primis
1641 2722 1666 2753 B
1693 2738 1729 2746 —-
1755 2722 1981 2763 cognicionem
2002 2723 2028 2754 Β
2047 2739 2083 2745 -

312 2768 343 2800 4.
362 2769 488 2800 inuenit
510 2770 589 2801 BG:
616 2771 776 2803 invenerit
791 2771 854 2802 AO
875 2789 908 2795 -
936 2772 967 2802 5.
994 2780 1132 2811 corpore
1155 2772 1354 2811 voluptatem
1370 2772 1446 2803 AB:
1473 2772 1623 2811 corporis
1643 2771 1846 2812 voluptatem
1863 2773 1905 2811 G;
1931 2773 2087 2812 volupta-

311 2822 375 2850 tem
397 2828 535 2858 corpore
558 2820 583 2851 Ο
611 2838 646 2843 —-
673 2822 703 2852 6.
725 2821 887 2861 percussit
903 2822 929 2853 G
954 2823 987 2852 ct
1010 2820 1220 2860 Madvigius:
1242 2821 1441 2860 percusserit
1465 2822 1490 2852 Α
1505 2821 1528 2851 Β
1544 2822 1569 2852 O
1586 2839 1629 2845 —-
1649 2822 1839 2861 priuauisse
1861 2823 1913 2854 A:
1937 2823 2088 2863 privasse

312 2868 373 2900 ΒΜ
392 2886 427 2891 -
447 2869 478 2900 7.
495 2869 606 2909 ctiam]
624 2873 653 2901 ct
670 2871 693 2901 B
711 2889 745 2893 —
761 2872 944 2911 patriaque
968 2879 1081 2902 amore
1097 2871 1121 2901 B
1139 2888 1174 2892 —
1195 2870 1225 2902 8.
1247 2871 1431 2909 Torquatus
1447 2880 1527 2902 nos:
1554 2871 1576 2902 l.
1595 2874 1770 2910 torquatus
1792 2871 1898 2904 codd.
1915 2873 1969 2913 (ex
1985 2872 2004 2912 S
2020 2872 2084 2911 43);

313 2917 347 2949 T.
375 2917 559 2957 Torquatus
583 2928 665 2951 cum
688 2920 785 2951 fastis
809 2922 842 2953 M
856 2922 893 2952 O.
921 2920 971 2952 Cf.
990 2930 1022 2952 v.
1042 2921 1073 2951 3.
1096 2938 1131 2943 —
1158 2920 1188 2952 9.
1216 2920 1286 2961 Ca]
1313 2921 1352 2951 G.
1370 2921 1412 2951 N.
1432 2922 1459 2952 A
1480 2938 1514 2942 —
1543 2921 1595 2952 40.
1622 2921 1836 2961 adepcionem
1858 2922 1884 2953 B
1905 2939 1942 2944 —
1966 2922 2086 2953 sillano

312 2967 374 2999 AB
393 2983 430 2988 -
457 2966 510 2998 43.
531 2969 759 3007 pronunciare
775 2971 798 3000 B
819 2986 854 2991 —
883 2968 935 3002 44.
962 2969 1018 3000 tibi
1041 2969 1170 3000 videtur
1192 2970 1276 3001 AB:
1303 2970 1432 3001 videtur
1455 2969 1511 3000 tibi
1536 2970 1566 3001 M
1581 2970 1605 3001 O
1624 2987 1659 2993 —
1687 2971 1741 3002 2¹6.
1767 2971 1895 3003 dotores
1917 2971 1942 3003 B
1966 2987 2003 2994 —
2027 2980 2086 3003 su-

312 3016 411 3055 scepit
434 3016 458 3047 B
477 3033 511 3038 —
540 3017 593 3049 49.
617 3020 790 3050 ueniamus
814 3028 904 3051 corr.
931 3028 975 3051 ex
997 3020 1168 3051 uideamus
1190 3020 1217 3051 Α
1237 3038 1271 3042 -
1299 3020 1352 3052 ⁶23.
1379 3021 1526 3059 torquati
1548 3021 1614 3052 AB
1641 3037 1675 3042 —
1702 3019 1755 3053 24.
1774 3020 1984 3053 Metrodorus
2007 3021 2033 3051 G
2051 3022 2086 3052 et

314 3066 507 3099 Manutius:
541 3075 621 3099 uero
650 3072 685 3099 tu
707 3070 870 3101 ABMO.
905 3070 955 3101 Cf.
982 3071 1025 3108 II,
1053 3070 1071 3110 ἓ
1096 3070 1148 3101 92.
1178 3088 1212 3091 -
1242 3070 1295 3101 ⁶25.
1321 3070 1446 3109 epicuri
1470 3070 1494 3099 Γ»
1521 3087 1556 3091 -
1594 3071 1648 3102 26.
1673 3071 1753 3102 haec
1782 3071 1869 3103 AB:
1905 3070 1965 3102 hoe
1994 3071 2019 3102 O
2047 3088 2082 3093 -—

315 3117 369 3149 28.
395 3117 565 3156 laetitiam]
591 3117 761 3149 licenciam
784 3119 808 3149 Β
837 3136 871 3141 -
901 3119 955 3150 29.
980 3128 1033 3150 res
1055 3127 1088 3150 se
1109 3121 1134 3150 Α
1151 3119 1195 3149 B:
1222 3128 1255 3150 se
1278 3128 1330 3150 res
1353 3120 1378 3150 O
1397 3136 1432 3140 —
1459 3120 1533 3150 ,Non
1556 3120 1583 3150 si
1606 3121 1631 3151 B
1651 3137 1685 3142 —
1713 3120 1766 3152 30.
1793 3123 1873 3153 esset
1894 3120 2037 3151 iocunda
2055 3120 2083 3151 A

316 3184 360 3189 --
375 3165 428 3197 31.
453 3170 483 3198 ct
499 3168 580 3199 ante
604 3176 699 3208 cossa.
718 3176 788 3199 om.
807 3169 832 3200 B
852 3187 887 3191 —-
914 3169 967 3200 32.
986 3169 1116 3208 quidem
1138 3170 1163 3199 Β
1184 3187 1218 3191 -—
1245 3168 1299 3200 33.
1325 3169 1381 3199 tibi
1404 3169 1451 3199 ita
1474 3170 1554 3201 AB:
1580 3171 1629 3203 ita
1652 3170 1709 3204 tibi
1730 3170 1798 3205 ΜΟ
1817 3187 1853 3193 -
1872 3169 1926 3203 35.
1943 3179 2011 3203 uon
2026 3169 2083 3202 de-

317 3217 471 3251 terruisse
493 3217 517 3248 B
544 3234 579 3239 —
607 3216 660 3249 38.
686 3217 802 3250 leuiter
823 3219 888 3250 ΑΒ
903 3218 928 3251 Ε
952 3237 995 3242 -
1020 3219 1099 3251 Tam
1123 3218 1201 3258 quid
1224 3222 1326 3250 totum
1348 3219 1464 3259 inquid
1487 3219 1524 3250 B.
