2249 3624
736 186 832 228 cn».
864 187 994 227 xvn.
1034 184 1092 239 §§
1125 184 1321 227 56-60.
1831 181 1911 223 603

157 292 235 334 sibi
265 291 496 331 natationes
528 296 654 344 atque
686 304 858 332 cursus:
904 292 1022 331 nobis
1061 293 1230 332 senibus
1273 306 1324 331 ex
1365 290 1596 331 lusionibus
1637 291 1774 330 multis
1808 290 1912 329 talos

156 355 397 406 relinquant
429 358 468 391 et
500 359 704 392 tesseras:
746 353 786 392 id
819 354 956 406 ipsum
990 360 1123 394 utrum
1158 355 1327 400 lubebit,
1362 355 1556 408 quoniam
1590 355 1679 394 sine
1712 353 1762 392 iis
1794 352 1913 391 beata

156 428 247 457 esse
277 420 470 454 senectus
503 421 652 466 potest.

270 476 400 516 XVII.
445 475 511 515 59.
554 477 704 516 Multas
744 476 794 516 ad
838 491 903 516 res
946 479 1144 530 perutiles
1183 478 1475 532 Xenophontis
1514 478 1604 518 libri
1643 482 1760 524 sunt,
1807 488 1914 528 quos

156 539 303 592 legite,
347 551 526 591 quaeso,
564 538 769 583 studiose,
814 546 856 578 ut
896 539 1044 580 fai-itis.
1106 542 1239 588 Quam
1273 541 1443 592 copiose
1475 541 1524 579 ab
1557 554 1605 578 eo
1638 539 1723 589 agri
1753 538 1946 576 cultui-11⁶

155 602 346 642 laudatur
384 601 425 640 in
457 613 507 639 eo
541 600 667 646 libro,
710 602 780 653 qui
814 607 874 640 est
907 602 956 640 de
990 603 1141 642 tuenda
1173 618 1216 642 re
1249 603 1464 648 familiari,
1507 603 1577 655 qni
1611 600 1916 640 Oeconomicus

155 662 408 704 inscribitur.
480 665 615 714 Atque
656 668 699 700 ut
740 663 990 714 intellegatis
1023 665 1124 703 nibil
1158 666 1194 703 ei
1229 672 1309 703 tam
1343 665 1481 714 regale
1514 664 1643 702 videri
1677 676 1799 716 (iiiam
1832 668 1918 700 stu-

154 726 266 766 dium
299 724 385 776 agri
419 723 600 769 colendi,
635 724 825 763 Socrates
857 726 898 764 in
931 738 980 764 eo
1015 726 1118 764 libro
1153 727 1335 778 loquitur
1366 740 1457 765 eum
1494 726 1729 764 Critobulo:
1766 724 1916 776 Cyrum

153 788 380 832 minorem,
422 786 640 825 Persarum
681 799 846 838 regem,
888 794 1164 840 praestantem
1206 788 1372 838 ingenio
1413 794 1539 840 atque
1582 787 1743 839 imperii
1776 785 1917 835 gloria,

153 864 245 890 cum
279 848 492 904 Lysander
530 847 912 895 Lacedaemonius,
958 850 1018 888 vir
1055 863 1239 888 summae
1279 850 1468 894 virtutis,
1515 850 1696 888 venisset
1733 849 1781 888 ad
1823 851 1968 887 eum⁴0

154 911 293 951 Sardis
334 911 456 964 eique
496 910 606 949 dona
645 922 667 948 a
708 910 831 949 sociis
864 911 1106 957 adtulisset,
1147 917 1186 950 et
1219 912 1367 950 ceteris
1400 912 1440 950 in
1474 910 1597 950 rebus
1630 925 1788 950 comem
1822 922 1919 961 erga

153 972 413 1027 Lysandrum
453 979 578 1026 atque
620 974 847 1012 humanum
888 973 1017 1012 fuisse
1056 979 1095 1013 et
1134 975 1169 1013 ei
1213 973 1420 1027 quendam
1463 979 1732 1025 consaeptum
1775 985 1917 1024 agrum

154 1035 378 1087 diligenter
419 1037 624 1074 consitum
666 1035 915 1074 ostendisse.
987 1036 1086 1075 Cum
1131 1042 1267 1074 autem
1307 1035 1584 1074 admiraretur
1629 1035 1840 1087 Lysander
1880 1038 1919 1072 et

152 1096 419 1152 proceritates
451 1098 646 1136 arborum
680 1103 720 1135 et
753 1097 934 1136 directos
967 1098 1008 1136 in
1041 1099 1317 1151 quincuncem
1350 1097 1518 1136 ordines
1551 1104 1590 1136 et
1622 1097 1790 1135 humum
1824 1096 1920 1134 sub-

152 1165 283 1199 actam
321 1164 447 1211 atque
487 1173 630 1212 puram
670 1165 709 1198 et
748 1160 992 1199 suavitatem
1027 1160 1225 1206 odorum,
1266 1160 1337 1212 qui
1370 1160 1621 1198 adtlarentur
1652 1172 1702 1197 ex
1737 1158 1970 1204 noi-ibus,¹rs

152 1227 239 1261 tum
271 1235 364 1261 eum
397 1222 553 1261 dixisse
586 1221 726 1261 mirari
759 1235 802 1260 se
835 1236 917 1261 non
951 1223 1074 1262 modo
1109 1222 1391 1273 diligentiam,
1431 1222 1502 1260 sed
1536 1221 1657 1260 etiam
1691 1220 1919 1259 sollertiam

153 1284 266 1329 eius,
297 1296 319 1322 a
351 1296 436 1335 quo
469 1290 609 1323 essent
639 1284 710 1322 illa
743 1284 929 1323 dimensa
961 1290 1087 1338 atque
1120 1284 1340 1335 discripta,
1374 1289 1413 1322 et
1447 1284 1599 1336 Cyrum
1632 1282 1920 1335 respondisse:

155 1346 306 1398 «Atqui
344 1359 421 1398 ego
449 1345 537 1386 vista
579 1360 668 1386 sum
711 1346 848 1386 omnia
889 1347 1133 1393 dimensus;
1180 1346 1261 1385 mei
1295 1351 1391 1384 sunt
1423 1345 1613 1390 ordines,
1656 1357 1745 1383 mea
1778 1344 1922 1383 discri-

151 1408 257 1461 ptio,
290 1408 443 1447 multae
476 1409 600 1447 etiam
632 1409 804 1448 istarum
837 1409 1030 1447 arborum
1064 1421 1153 1447 mea
1178 1421 1300 1446 manu
1323 1413 1418 1446 sunt
1442 1413 1593 1446 satae.»
1638 1408 1741 1446 Tum
1768 1407 1922 1459 Lysan-

151 1470 271 1509 drum
301 1471 531 1510 intuentem
565 1484 789 1523 purpuram
824 1471 913 1509 eius
937 1476 977 1510 et
999 1471 1178 1509 nitorem
1203 1470 1387 1521 corporis
1411 1474 1687 1521 ornatumque
1712 1469 1920 1507 Persicum
1936 1474 1972 1502 90

152 1532 282 1572 multo
321 1544 424 1571 auro
462 1532 688 1584 multisque
728 1533 901 1584 gemmis
941 1533 1123 1571 dixisse:
1169 1533 1319 1571 «Recte
1352 1545 1448 1570 vero
1483 1537 1542 1577 te,
1587 1531 1713 1583 Cyre,
1755 1531 1921 1570 beatum

151 1595 315 1640 ferunt,
348 1595 547 1647 quoniam
588 1595 731 1634 virtuti
773 1600 869 1633 tuae
912 1594 1079 1634 fortuna
1119 1595 1343 1633 coniuncta
1385 1599 1484 1632 est.»
1565 1592 1630 1631 ot).
1673 1593 1758 1632 Hac
1798 1593 1923 1644 igitur

150 1657 318 1697 fortuna
356 1656 437 1696 frui
479 1657 570 1696 licet
613 1655 809 1704 senibus,
852 1670 927 1696 nec
970 1663 1083 1696 aetas
1126 1656 1301 1708 impedit
1333 1669 1416 1709 quo
1450 1657 1586 1695 minus
1618 1661 1659 1695 et
1689 1661 1920 1694 ceterarum

150 1732 287 1759 rerum
332 1724 373 1758 et
414 1720 456 1758 in
499 1720 644 1772 primis
683 1720 769 1771 agri
813 1719 978 1758 colendi
1021 1718 1158 1758 studia
1200 1724 1418 1758 teneamus
1459 1732 1594 1771 usque
1637 1718 1686 1758 ad
1729 1718 1920 1756 ultimum

151 1787 315 1833 tempus
347 1782 587 1820 senectutis.
647 1783 699 1821 M.
734 1781 903 1835 quidem
937 1781 1146 1820 Valerium
1180 1782 1355 1820 Corvum
1389 1781 1630 1832 accepimus
1663 1780 1712 1819 ad
1746 1779 1922 1818 centesi-
1936 1786 1973 1814 25

152 1857 263 1883 mum
295 1855 448 1883 annum
480 1844 749 1896 perduxisse,
783 1858 876 1883 cum
909 1850 1019 1883 esset
1050 1849 1141 1882 acta
1172 1844 1251 1882 iam
1285 1848 1420 1882 aetate
1451 1843 1491 1881 in
1524 1842 1631 1894 agris
1663 1854 1823 1894 eosque
1855 1853 1924 1879 co-

154 1907 285 1947 leret:
348 1907 468 1945 euius
509 1906 617 1946 inter
654 1907 831 1958 primum
877 1912 919 1945 et
957 1911 1120 1945 sextum
1158 1905 1418 1944 consulatum
1458 1918 1533 1943 sex
1571 1910 1611 1943 et
1648 1902 1925 1956 quadraginta

153 1968 250 2009 anni
282 1968 575 2008 interfuerunt.
628 1969 684 2008 lta
719 1974 921 2021 quantum
954 1968 1134 2020 spatium
1167 1967 1315 2007 aetatis
1350 1967 1526 2006 maiores
1559 1966 1691 2005 nostri
1724 1964 1773 2004 ad
1805 1977 1924 2003 sene-

155 2031 276 2072 ctutis
317 2031 482 2071 initium
525 2043 616 2071 esse
659 2031 909 2078 voluerunt,
954 2036 1093 2070 tantus
1133 2030 1194 2068 illi
1234 2043 1379 2068 cursus
1412 2028 1617 2068 honorum
1649 2027 1750 2067 fuit:
1797 2032 1923 2080 atque

238 2248 268 2278 4.
294 2246 443 2277 nationes
468 2248 502 2281 Ρ,
529 2245 593 2277 sed
619 2249 654 2276 ta
679 2245 756 2276 ead.
777 2254 823 2277 m.
844 2254 1022 2287 superscr.
1050 2264 1091 2269 -—-
1115 2255 1159 2277 ea:
1181 2246 1291 2276 multis
1315 2245 1494 2276 lusionibus
1518 2246 1529 2275 Ι
1555 2245 1631 2285 post
1657 2247 1795 2274 tesseras
1818 2242 1927 2274 habet

156 2315 188 2320 -
209 2297 288 2328 tales
306 2295 341 2328 1³¹
361 2314 394 2318 —
424 2296 453 2326 ²2
474 2296 664 2335 relinquant
678 2302 694 2319 a
708 2303 724 2320 »r
739 2299 877 2327 tesseras
895 2298 916 2327 P
938 2314 971 2318 —
1002 2299 1112 2327 utrum
1137 2296 1283 2326 BERS:
1309 2304 1413 2326 unum
1438 2295 1503 2325 IP:
1536 2298 1711 2333 ult-umque
1736 2295 1790 2325 W.
1807 2294 1926 2325 Nauck

156 2364 190 2369 —
216 2347 256 2377 iis
277 2346 354 2378 PS:
381 2346 427 2377 eis
451 2346 488 2382 E,
513 2346 562 2375 tiis
586 2346 702 2376 BlRO
731 2364 765 2368 —
794 2347 825 2377 5.
851 2346 961 2385 facilis
985 2346 1038 2376 uel
1061 2347 1172 2376 sciatis
1197 2346 1220 2376 E
1250 2363 1281 2367 —
1310 2346 1339 2376 6.
1368 2346 1423 2384 qui
1447 2344 1504 2385 est]
1529 2353 1623 2384 quem
1650 2344 1672 2375 Ε
1702 2361 1736 2366 -—
1762 2344 1928 2383 familiari

153 2405 188 2428 re
212 2397 223 2428 1
251 2413 286 2418 —
320 2396 351 2426 7.
378 2395 536 2426 scribitur
560 2396 584 2426 E
612 2412 646 2417 —
682 2399 781 2434 atque
805 2396 905 2426 etiam
929 2400 964 2426 ut
988 2397 1010 2427 B
1027 2397 1098 2434 PS,
1125 2399 1224 2434 atque
1247 2399 1285 2426 ul
1307 2397 1408 2426 etiam
1434 2396 1442 2425 1
1472 2412 1505 2416 —
1540 2403 1744 2434 quamquam
1769 2392 1804 2424 1³¹
1831 2410 1866 2415 —-
1893 2392 1925 2424 8.

155 2448 231 2486 post
255 2445 337 2476 libro
362 2444 443 2476 add.
463 2454 526 2484 quo
553 2446 583 2475 in
612 2447 633 2476 Ρ
658 2454 766 2476 manu
790 2445 821 2476 Ξ.
851 2463 884 2467 —-
921 2446 1076 2476 critobole
1101 2444 1208 2477 BEV-¹
1233 2463 1266 2467 -
1300 2446 1423 2475 circum
1447 2453 1622 2475 memorem
1648 2444 1671 2474 R
1698 2461 1733 2465 —-
1769 2443 1800 2474 9.
1820 2451 1928 2483 reqcm

151 2504 325 2536 persarum
349 2495 410 2526 ΒΟ
433 2511 477 2518 —
502 2496 552 2526 Μ.
573 2495 742 2525 adtulisset
767 2504 837 2525 om.
858 2495 882 2526 E
909 2512 943 2516 ——
973 2504 1094 2526 comem
1119 2495 1204 2526 dett.
1226 2496 1345 2536 penei:
1372 2503 1575 2525 communem
1600 2494 1683 2529 (303
1711 2493 1847 2533 Madvig
1872 2492 1928 2531 (ad

155 2546 223 2577 Cic.
249 2545 292 2577 de
316 2545 400 2576 finn.
426 2545 471 2581 ΙΙ,
496 2544 592 2584 580,
631 2544 689 2575 ubi
717 2547 795 2575 est:
834 2545 907 2582 quis
930 2545 1021 2575 illam
1046 2548 1144 2585 neyal
1169 2549 1197 2576 et
1223 2545 1341 2575 bonum
1366 2546 1474 2575 virum
1498 2547 1527 2574 et
1551 2552 1673 2575 comem
1697 2547 1725 2574 et
1747 2543 1930 2573 humanum

153 2596 282 2635 fuissem
308 2595 462 2626 «Vereor
485 2604 528 2626 ne
555 2595 660 2625 etiam
687 2595 718 2625 in
743 2596 875 2625 Catone
901 2594 990 2634 559„
1019 2594 1076 2626 ubi
1106 2604 1197 2625 nunc
1223 2595 1338 2626 editur
1363 2604 1403 2625 ex
1430 2594 1582 2634 optumis
1607 2602 1691 2624 sane
1717 2591 1818 2623 codd.
1839 2600 1930 2622 com-

153 2654 282 2676 munem
314 2654 395 2685 crya
426 2645 633 2683 Lysandrum
664 2649 693 2675 et
722 2645 924 2683 humanum,
958 2644 1108 2679 librarii„
1144 2644 1238 2684 quod
1264 2644 1408 2684 plenum
1435 2645 1527 2674 esset
1560 2645 1721 2682 (comem),
1755 2649 1817 2681 pro
1843 2649 1931 2671 con-

154 2695 280 2736 pendio
310 2695 558 2735 frequentioris
590 2695 685 2725 vocis
717 2695 931 2735 acceperint.
979 2696 1066 2726 Nam
1093 2693 1155 2725 alia
1183 2697 1237 2725 est
1259 2694 1496 2730 communitas,
1532 2701 1622 2731 quae
1655 2693 1687 2722 in
1713 2690 1827 2722 Laelio
1853 2689 1929 2730 §65

154 2743 367 2786 postulatur,
394 2747 467 2776 tum
495 2754 585 2785 quae
611 2745 704 2785 apud
731 2746 935 2775 Suetonium
963 2745 994 2775 in
1022 2743 1281 2784 inperantibus,
1309 2752 1414 2783 quom
1442 2751 1479 2773 se
1505 2743 1632 2772 ceteris
1657 2742 1828 2781 aequant,
1855 2738 1931 2770 lau-

155 2793 289 2825 datur.»
317 2811 352 2816 ——
381 2795 432 2826 ⁴2.
459 2795 645 2825 lisandrum
671 2794 706 2826 P¹
735 2811 769 2816 —
797 2798 898 2833 alque
921 2795 1102 2825 huma-num
1127 2795 1238 2824 on1.S
1266 2810 1299 2815 —
1327 2795 1535 2831 conseptrum
1553 2794 1575 2823 P
1595 2808 1628 2812 —
1659 2791 1709 2822 43.
1729 2799 1804 2821 curn
1820 2793 1932 2820 autem

157 2873 203 2879 ·-
219 2859 317 2895 alque
337 2865 461 2896 puram
484 2858 614 2888 Nonius
640 2866 673 2897 p.
690 2856 764 2890 400.
787 2856 827 2887 ΒΞ
862 2874 897 2879 -
936 2857 1121 2888 miraretur
1146 2853 1182 2887 Β1
1213 2873 1243 2877 —
1284 2854 1453 2893 Lysander
1475 2854 1711 2893 proceritatem
1735 2852 1865 2883 Nonius
1893 2869 1927 2873 —

156 2905 207 2938 ⁴4.
228 2906 371 2937 derectos
394 2906 500 2943 idem,
527 2908 636 2944 recte,
665 2908 702 2937 ut
719 2905 859 2936 videtur
880 2925 912 2928 —
942 2907 1185 2945 quinquuneem
1211 2906 1256 2936 ΕΙ
1286 2923 1318 2926 -
1349 2905 1399 2935 45.
1420 2913 1462 2935 ear
1487 2912 1569 2935 nos:
1597 2906 1627 2934 et
1651 2905 1685 2937 P.
1713 2911 1728 2933 e
1753 2901 1930 2933 BElRSO

159 2971 192 2976 -—
219 2954 271 2986 ⁴6.
298 2964 371 2986 eum
395 2964 465 2988 om.
485 2957 506 2987 S
541 2973 586 2980 ·—
620 2957 675 2987 sed
699 2964 772 2987 eam
796 2956 963 2987 solertiam
992 2958 1013 2987 P
1052 2974 1085 2978 —
1130 2957 1181 2986 ⁴7.
1209 2955 1367 2992 discripta
1392 2955 1438 2985 B:
1477 2954 1640 2993 descripta
1667 2951 1865 2983 ElPRSO
1893 2967 1927 2971 —

157 3007 188 3035 et
209 3005 339 3036 BIPS:
367 3007 395 3036 ei
418 3006 497 3044 ER,
525 3010 553 3037 et
577 3007 605 3037 ei
630 3006 654 3036 O
683 3023 716 3028 —
746 3005 797 3037 48.
824 3007 890 3037 ista
915 3015 986 3037 sum
1010 3006 1121 3037 omnia
1146 3006 1225 3036 13131
1242 3005 1321 3036 PR:
1348 3005 1411 3034 ista
1437 3005 1549 3034 omnia
1571 3012 1642 3033 sum
1667 3003 1708 3040 S,
1735 3002 1845 3032 omnia
1868 3001 1931 3031 ista

157 3062 228 3085 sum
251 3054 276 3086 Ο
304 3072 339 3076 -
366 3055 534 3094 discriptio
559 3056 603 3086 P:
632 3056 807 3093 descriptio
832 3055 1016 3086 BEIRSO
1044 3073 1076 3077 —
1107 3056 1146 3086 49
1187 3056 1348 3085 distarem
1375 3054 1410 3085 P¹
1439 3072 1471 3076 —
1499 3054 1552 3084 ε20.
1579 3054 1648 3084 eius
1673 3054 1695 3083 P
1720 3060 1811 3083 corr.
1839 3058 1884 3080 m.
1912 3050 1931 3080 ⁶2

159 3111 199 3134 ex
222 3108 324 3135 metus
349 3122 383 3126 —
423 3105 476 3135 2⁴.
502 3108 588 3135 recte
611 3104 783 3135 BEIRS:
811 3105 872 3135 rite
899 3106 956 3135 ΡΟ
986 3122 1018 3126 -—
1054 3114 1133 3136 aero
1159 3113 1228 3135 om.
1250 3106 1270 3134 S
1300 3121 1332 3125 —
1371 3103 1422 3133 ⁶22.
1450 3103 1625 3133 conuineta
1648 3104 1686 3133 Pl
1715 3119 1744 3122 —
1785 3100 1838 3130 ⁶23.
1863 3098 1933 3138 frui

157 3152 292 3192 fortuna
315 3154 339 3185 R
367 3171 401 3175 —
435 3154 560 3193 inpedit
585 3155 596 3184 1
625 3171 657 3175 —
696 3153 748 3185 24.
776 3154 882 3184 studio
908 3158 1078 3185 teneamur
1103 3155 1125 3184 R
1154 3171 1188 3176 —
1223 3154 1276 3184 ⁶25.
1304 3153 1477 3183 coruinum
1502 3153 1669 3189 EIPRS,
1696 3150 1882 3181 coruinium
1907 3148 1930 3178 B

164 3218 199 3223 --
225 3203 405 3243 accipimus
427 3204 451 3234 B
476 3222 518 3226 —
542 3204 595 3235 26.
619 3204 828 3242 pertimuisse]
854 3213 887 3235 V.
909 3204 1036 3234 Osann.
1065 3203 1106 3233 ad
1134 3204 1203 3234 Cic.
1233 3202 1275 3233 de
1303 3211 1339 3232 re
1365 3201 1459 3242 publ.
1488 3210 1520 3242 p.
1537 3202 1599 3233 363
1627 3219 1658 3223 —
1688 3203 1756 3232 iam
1773 3203 1847 3230 acta
1866 3201 1929 3228 aet.
1982 3193 1990 3197 ”

161 3250 205 3289 Ε,
230 3252 297 3283 iam
320 3256 441 3284 exacta
467 3257 530 3284 aet.
560 3253 658 3285 Oebl.
693 3271 736 3276 —-
770 3254 822 3284 27.
854 3254 958 3284 ‚XXX
988 3254 1012 3284 E
1048 3270 1077 3274 —
1121 3253 1174 3284 ⁶28.
1202 3252 1423 3291 interfuerunt
1448 3252 1525 3283 EP:
1559 3252 1735 3290 interfuere
1760 3250 1802 3288 R,
1828 3249 1932 3278 inter-

163 3300 295 3341 fuerant
317 3302 395 3334 BIS
424 3320 458 3326 —
486 3304 590 3335 nostri
615 3312 685 3335 om.
704 3305 728 3335 P
753 3305 789 3334 et
812 3302 908 3334 Oehl.
937 3319 972 3326 —
1001 3302 1054 3334 ⁶29.
1081 3302 1176 3333 initia
1202 3303 1225 3333 E
1252 3319 1285 3323 —
1315 3301 1368 3332 ⁶29.
1395 3301 1443 3332 illi
1467 3301 1510 3332 S:
1537 3302 1590 3333 ille
1614 3300 1776 3332 BElPR.
