2249 3624
312 220 419 264 ⁴002
1051 224 1330 266 CICERONIS

311 327 359 365 lis
395 328 450 366 ita
483 327 668 378 locabat,
703 333 748 368 ut
784 328 824 366 in
867 327 1038 378 singulis
1066 334 1207 368 essent
1231 328 1329 367 bina
1356 326 1511 368 media:
1542 329 1610 367 vix
1636 330 1745 368 enim
1773 328 1904 369 audeo
1932 330 2069 371 dicere

311 388 575 440 medietates,
617 403 721 442 quas
751 391 893 430 Graeci
920 393 1149 442 μεσότητας
1176 391 1411 443 appellant,
1452 391 1527 430 sed
1556 393 1672 443 quasi
1699 394 1753 432 ita
1781 392 1978 443 dixerim,
2005 395 2070 433 in-

310 451 548 504 tellegatur;
587 455 663 492 erit
697 455 804 492 enim
844 453 1030 505 planius:
1069 467 1210 494 earum
1244 454 1413 494 alteram
1445 455 1591 494 eadem
1630 460 1747 507 parte
1792 461 2070 507 praestantem

311 516 505 555 extremis
537 515 766 568 eademque
805 521 1067 568 superatam,
1106 516 1276 556 alteram
1314 517 1402 568 pari
1429 529 1599 556 numero
1627 523 1906 570 praestantem
1934 524 2073 558 extre-

278 579 385 618 5mis
412 579 585 630 parique
615 584 863 630 superatam.
922 579 1214 630 Sesquialteris
1242 584 1378 618 autem
1405 579 1628 619 intervallis
1659 585 1698 618 et
1726 581 1999 631 sesquitertiis
2035 586 2075 621 et

309 641 606 692 sesquioctavis
635 642 808 692 sumptis
844 654 894 680 ex
930 641 992 680 his
1030 641 1369 692 conligationibus
1406 643 1447 681 in
1483 643 1623 693 primis
1659 642 1883 682 intervallis
1910 644 2073 695 sesqui-

310 709 454 743 octavo
492 703 703 743 intervallo
741 705 1001 756 sesquitertia
1029 706 1162 744 omnia
1191 705 1405 757 explebat,
1438 718 1528 744 cum
1556 706 1796 757 particulam
1825 706 2076 757 singulorum

310 765 576 818 relinqueret.
628 767 725 806 Eius
764 773 900 806 autem
935 767 1160 818 particulae
1196 767 1410 807 intervallo
1449 768 1590 807 relicto
1618 768 1797 808 habebat
1832 782 2002 807 numerus
2029 774 2077 807 ad

310 841 526 867 numerum
555 828 729 868 eandem
757 830 1064 881 proportionem
1094 831 1495 882 conparationemque
1521 832 1561 869 in
1591 833 1808 882 extremis,
1851 844 1974 883 quam
2001 833 2076 872 ha-

261 901 295 930 40
311 890 410 930 bent
437 890 613 930 ducenta
641 893 935 944 quinquaginta
963 906 1025 930 sex
1052 905 1142 932 cum
1174 892 1362 932 ducentis
1391 893 1658 944 quadraginta
1695 895 1848 938 tribus,
1881 900 2004 947 atque
2021 896 2076 935 ita

310 954 556 1005 permixtum
586 954 709 1004 illud,
745 967 794 993 ex
833 967 913 1006 quo
958 956 1060 995 haec
1109 956 1266 1004 secuit,
1319 956 1398 995 iam
1439 968 1557 994 omne
1588 963 1912 1009 consumpserat.
1966 959 2077 997 Hanc

309 1017 432 1066 igitur
468 1028 629 1055 omnem
666 1018 993 1057 coniunctionem
1034 1017 1240 1069 duplicem
1268 1018 1306 1056 in
1334 1017 1629 1068 longitudinem
1658 1018 1802 1058 diffidit
1828 1020 2074 1071 mediaeque

311 1079 626 1118 accommodans
653 1079 828 1119 mediam
858 1081 973 1131 quasi
1004 1079 1262 1130 decussavit,
1298 1079 1449 1119 deinde
1489 1081 1530 1119 in
1571 1081 1712 1120 orbem
1749 1082 1929 1129 intorsit,
1966 1087 2077 1121 utet

311 1143 427 1192 ipsae
456 1153 595 1179 secum
625 1148 664 1180 et
689 1143 796 1181 inter
823 1154 867 1180 se
897 1154 947 1180 ex
977 1143 1269 1192 commissura,
1301 1156 1406 1195 quae
1435 1155 1456 1181 e
1486 1143 1651 1193 regione
1681 1150 1814 1194 esset,
1854 1144 2077 1195 iungeren-

262 1214 297 1243 45
312 1210 398 1253 tur,
429 1215 561 1254 eoque
589 1209 723 1253 motu,
754 1204 869 1243 cuius
898 1204 1010 1243 orbis
1039 1217 1204 1256 semper
1230 1204 1272 1243 in
1301 1204 1446 1243 eodem
1475 1210 1562 1243 erat
1589 1204 1820 1256 eodemque
1847 1206 1968 1246 modo
1991 1207 2076 1245 cie-

310 1267 455 1317 batur,
483 1266 666 1318 undique
696 1273 759 1306 est
785 1280 855 1306 eas
884 1267 1200 1320 circumplexus.
1256 1270 1390 1319 Atque
1417 1269 1471 1307 ita
1500 1281 1592 1307 cum
1620 1268 1791 1307 alterum
1820 1274 1932 1307 esset
1959 1275 2077 1309 exte-

311 1326 481 1379 riorem,
522 1333 675 1367 alterum
712 1333 920 1368 interiorem
948 1330 1162 1381 amplexus
1190 1330 1356 1380 orbem,
1385 1330 1497 1369 illum
1526 1330 1711 1370 eiusdem
1739 1336 1931 1381 naturae,
1969 1331 2078 1371 hunc

312 1392 478 1432 alterius
505 1393 682 1442 notavit,
714 1403 911 1444 eamque,
943 1405 1048 1444 quae
1077 1398 1164 1432 erat
1192 1392 1376 1431 eiusdem
1393 1424 1401 1440 ,
1424 1392 1600 1432 detorsit
1617 1406 1638 1433 a
1658 1392 1785 1432 latere
1805 1394 1846 1432 in
1867 1394 2078 1434 dexteram

311 1462 489 1507 partem,
517 1457 621 1495 hanc
647 1462 782 1495 autem
812 1457 988 1495 citimam
1018 1469 1040 1495 a
1067 1455 1257 1495 mediana
1284 1456 1389 1495 linea
1420 1456 1568 1495 direxit
1596 1456 1647 1495 ad
1667 1456 1845 1506 laevam,
1867 1457 1941 1495 sed
1960 1457 2075 1508 prin—

261 1528 297 1556 20
313 1519 490 1570 cipatum
519 1517 633 1557 dedit
660 1519 860 1570 superiori
880 1551 887 1567 ,
919 1531 1041 1570 quam
1063 1518 1190 1557 solam
1209 1518 1459 1558 individuam
1481 1518 1656 1570 reliquit.
1685 1519 1923 1557 Interiorem
1942 1526 2077 1558 autem

312 1593 404 1619 cum
431 1581 472 1619 in
501 1593 574 1619 sex
600 1581 729 1632 partis
758 1581 986 1631 divisisset,
1030 1588 1188 1633 septem
1226 1581 1337 1621 orbis
1366 1581 1553 1634 dispares
1583 1581 1707 1633 duplo
1736 1587 1776 1620 et
1803 1581 1921 1633 triplo
1949 1583 2078 1621 inter-

312 1643 417 1683 vallo
455 1644 609 1683 moveri
635 1644 754 1683 iussit
781 1645 993 1683 contrariis
1022 1634 1198 1683 inter'se
1227 1645 1431 1683 cursibus.
1486 1646 1635 1684 Eorum
1664 1650 1799 1684 autem
1827 1646 1946 1684 trium
1983 1646 2078 1684 fecit

310 1718 433 1758 pares
473 1706 726 1757 celeritates,
769 1706 844 1745 sed
885 1713 1077 1758 quattuor
1110 1713 1150 1746 et
1179 1707 1286 1746 inter
1324 1719 1368 1746 se
1409 1707 1597 1759 dispares
1638 1713 1678 1746 et
1711 1706 1921 1747 dissimilis
1955 1708 2076 1748 trium

311 1768 574 1820 reliquorum.

400 1959 429 1989 l.
458 1961 494 1989 ut
519 1958 656 1999 singulis
683 1960 708 1989 G
732 1959 760 1989 V
792 1977 824 1981 -
857 1959 888 1992 ⁶2.
918 1963 1089 1991 mesotetas
1117 1961 1160 1997 C,
1190 1963 1360 1991 mesoteres
1393 1960 1430 1998 E,
1467 1963 1667 1991 meseoetoeas
1690 1961 1715 1991 G
1747 1977 1780 1983 —
1808 1961 1955 2000 apellant
1984 1963 2010 1993 A
2041 1979 2074 1984 —

311 2008 342 2040 3.
369 2017 484 2040 earum
508 2009 650 2041 alterum
678 2009 820 2040 alteram
847 2009 1004 2049 (alterum
1031 2009 1098 2041 del.
1127 2018 1173 2040 m.
1193 2011 1327 2048 vetere)
1346 2010 1371 2039 V
1392 2027 1426 2031 —
1456 2009 1487 2041 4.
1517 2011 1693 2049 eademque
1711 2019 1800 2042 corr.
1823 2019 1865 2042 ex
1882 2011 2036 2051 edemque
2051 2012 2078 2042 V

314 2075 348 2081 -
371 2059 513 2090 alteram
525 2059 605 2098 pari
621 2077 638 2082 -
655 2078 672 2082 -
699 2061 856 2091 eoetremis
873 2060 907 2091 in
933 2069 1000 2091 ras.
1027 2059 1134 2091 habet
1157 2058 1198 2091 Α2
1228 2077 1262 2082 -
1294 2061 1325 2092 5.
1349 2061 1492 2100 parique
1517 2061 1540 2092 C
1560 2061 1584 2092 E
1602 2062 1647 2091 G:
1675 2061 1817 2099 parique
1839 2069 1976 2092 numero
1999 2060 2076 2099 alii,

307 2110 450 2148 parique
474 2109 632 2150 [numero]
659 2110 683 2140 O
716 2127 748 2131 ——
778 2110 998 2149 sesquialteris
1023 2119 1113 2141 corr.
1140 2119 1182 2141 ex
1205 2110 1431 2150 sesquealteris
1454 2111 1478 2141 B
1505 2111 1550 2149 (et
1573 2110 1623 2141 sic
1648 2109 1840 2150 deinceps),
1872 2111 2080 2151 sesqualteris

312 2157 363 2197 V¹,
387 2159 607 2197 seoequatterts
630 2161 655 2191 A
670 2161 695 2190 G
726 2177 759 2182 -
790 2160 1002 2201 sesquitertiis
1025 2168 1116 2191 corr.
1144 2168 1184 2190 ex
1209 2161 1413 2199 sesquetertis
1437 2161 1474 2198 A,
1501 2160 1729 2199 seoequiterciis
1757 2160 1782 2190 G
1801 2177 1834 2181 -
1856 2159 1887 2192 6.
1905 2162 2080 2200 seoequioc-

310 2210 397 2240 tauis
425 2210 451 2240 G
470 2208 521 2246 V2,
545 2210 782 2248 secquioctaais
798 2210 837 2239 V¹
865 2228 900 2232 —
929 2209 1074 2250 sumptis]
1101 2210 1181 2240 ortis
1206 2208 1257 2240 vel
1282 2210 1369 2240 natis
1394 2210 1444 2241 Fr.
1472 2210 1707 2241 Hermannus.
1741 2227 1775 2232 -
1806 2217 1850 2240 ex
1871 2209 1933 2240 hiis
1956 2210 2015 2241 EG
2042 2227 2077 2233 —

310 2259 528 2297 sesquioctaui
552 2260 575 2289 C
595 2260 697 2297 (corr.
720 2268 761 2290 ex
784 2261 1008 2299 sesqueoctaui
1033 2260 1119 2298 AB),
1145 2261 1374 2298 setaquioctaui
1400 2260 1438 2297 G,
1464 2260 1682 2299 sesquioctaui
1706 2259 1730 2290 E
1758 2276 1792 2281 -
1820 2260 1851 2291 7.
1876 2260 2081 2299 sesquitertia

313 2316 402 2338 corr.
423 2316 464 2338 ex
477 2309 690 2347 sesquetertia
706 2310 732 2340 A
744 2310 780 2347 B,
798 2310 1021 2349 sexquitercia
1039 2311 1063 2340 G
1093 2325 1125 2330 —
1154 2309 1185 2340 8.
1203 2310 1316 2340 relicto
1333 2310 1444 2340 ABE:
1465 2309 1622 2341 adrelicto
1637 2309 1690 2347 V¹,
1710 2309 1753 2339 ad
1769 2309 1932 2348 reliquum
1949 2310 2025 2340 GV2
2042 2326 2076 2331 -

312 2366 469 2389 numerus
493 2359 537 2389 ad
561 2367 630 2390 om.
652 2359 744 2389 CEG
765 2377 799 2381 —
827 2359 858 2390 9.
884 2361 1020 2391 eandem
1038 2360 1291 2399 proportionem
1314 2360 1584 2398 conparationem
1608 2360 1641 2390 in
1658 2357 1762 2395 A¹V¹;
1789 2359 1924 2390 eandem
1935 2368 2081 2398 propor-

313 2408 398 2438 tione
413 2408 683 2446 conparationem
702 2409 735 2439 in
752 2407 808 2445 B¹;
834 2410 948 2441 eadem
968 2411 1182 2449 proportione
1205 2413 1425 2449 conparatum
1447 2410 1482 2440 in
1505 2407 1547 2441 A2
1556 2407 1645 2445 B²E3
1676 2409 1810 2440 eandem
1830 2409 2082 2448 proportionum

314 2461 587 2497 conparationem
610 2459 643 2489 in
668 2460 693 2489 G
714 2456 763 2490 V2.
796 2459 880 2490 Vide
906 2468 949 2490 ne
973 2469 1006 2491 v.
1033 2460 1303 2499 conparationem
1326 2460 1513 2491 insiticium
1539 2459 1592 2490 sit.
1623 2476 1656 2481 -
1685 2460 1737 2489 ⁴0.
1763 2467 1821 2489 sea:
1838 2467 1906 2490 om.
1928 2459 2023 2492 CEG
2042 2477 2077 2481 —

316 2508 366 2538 Η.
390 2508 502 2546 secuit,
520 2508 589 2539 iam
605 2517 726 2548 margo
745 2508 800 2540 ed.
822 2509 1093 2540 Cratandrinae:
1119 2510 1205 2540 secui
1222 2510 1321 2540 ctiam
1344 2511 1390 2544 A:
1417 2518 1449 2540 se
1466 2510 1521 2548 qui
1543 2509 1640 2540 etiam
1663 2508 1706 2545 133
1732 2509 1822 2547 sequi
1845 2509 1946 2540 etiam
1960 2508 2005 2545 E;
2031 2518 2081 2540 se—

317 2557 372 2594 qui
390 2560 419 2588 et
435 2558 502 2588 iam
519 2559 565 2595 G,
591 2559 713 2598 sequiet
735 2559 804 2590 iam
827 2559 855 2589 V
883 2577 916 2582 —-
944 2568 1071 2590 omnem
1099 2559 1192 2590 CEG
1212 2576 1247 2581 —
1276 2560 1327 2590 42.
1357 2560 1563 2597 mediamque
1589 2558 1804 2589 accomodans
1829 2558 1904 2594 CG;
1939 2559 2082 2590 medium

316 2607 534 2638 accomodans
550 2608 573 2639 E
594 2626 628 2630 -
650 2608 701 2640 43.
722 2609 889 2640 accusauit
906 2607 1061 2648 ABEV¹‚
1087 2610 1257 2640 decussant
1283 2610 1305 2640 G
1336 2627 1366 2632 —
1396 2609 1526 2640 intorsit
1551 2609 1664 2640 CEG:
1689 2609 1783 2639 torsit
1806 2608 1831 2639 O
1856 2625 1891 2629 —
1920 2607 1971 2639 44.
1998 2618 2082 2648 quae

314 2665 330 2687 e
354 2658 484 2696 regione
507 2656 547 2688 Α2
557 2656 650 2689 B2V:
685 2667 769 2698 quae
791 2659 923 2699 reqione
955 2657 1058 2699 A¹B¹;
1084 2668 1146 2698 que
1168 2668 1189 2689 a
1212 2659 1344 2699 reqioue
1368 2659 1410 2695 E3
1449 2667 1518 2698 qua
1550 2667 1566 2689 e
1588 2659 1720 2698 regione
1744 2659 1769 2689 G
1798 2675 1832 2680 -
1863 2661 1962 2689 essent
1986 2658 2081 2689 BEV

320 2722 349 2727 -
383 2706 432 2736 45.
452 2706 485 2736 in
501 2707 590 2738 edem
606 2706 665 2744 V¹;
692 2710 727 2740 in
744 2709 855 2740 eadem
872 2710 895 2739 G
907 2707 946 2738 V'2
962 2726 1003 2731 —
1022 2709 1074 2740 116.
1093 2712 1172 2740 esset
1188 2709 1280 2740 CEG
1293 2718 1303 2739 .·
1330 2709 1455 2748 fecisset
1472 2709 1497 2739 O
1519 2726 1553 2730 -
1574 2709 1623 2739 ⁴7.
1644 2709 1784 2739 alterum
1803 2707 1992 2738 interiorem
2009 2708 2082 2739 Ma-

317 2755 454 2785 nutius:
477 2757 666 2789 interiorem
682 2759 823 2789 alterum
847 2758 891 2795 Ο;
918 2767 989 2790 om.
1016 2758 1110 2790 CEG
1131 2776 1165 2780 —
1192 2758 1365 2797 amplectis
1390 2759 1436 2796 (ut
1467 2758 1510 2789 sit
1534 2758 1714 2797 genetivus
1739 2757 1889 2788 nominis
1915 2755 2081 2788 substan-

317 2805 385 2844 tivi)
411 2805 436 2835 O
465 2823 494 2828 —
526 2806 578 2837 48.
609 2808 739 2839 notauit
764 2809 881 2839 CEG:
908 2809 1091 2839 nominavit
1115 2816 1195 2839 cum
1221 2809 1372 2839 Manutio
1398 2810 1443 2848 (et
1467 2816 1576 2847 marg.
1604 2807 1641 2846 V)
1667 2808 1692 2837 O
1727 2825 1759 2828 —
1795 2814 1932 2847 eumque
1959 2807 2047 2845 qui-
2064 2824 2080 2830 -

316 2854 401 2884 hunc
424 2858 532 2886 autem
554 2856 702 2888 citimum
717 2874 734 2879 —
751 2874 769 2880 -
786 2867 880 2897 quem
904 2858 1006 2888 solum
1029 2858 1237 2888 individuum
1268 2858 1440 2888 Manutius
1472 2860 1506 2888 et
1531 2857 1636 2887 Henr.
1663 2855 1872 2896 Stephanus.
1902 2873 1937 2878 -—
1968 2857 2082 2888 dexte-

316 2913 392 2934 ram
419 2905 533 2935 AGV:
565 2906 719 2937 dextram
747 2907 838 2938 BEO
873 2925 903 2929 -
937 2907 987 2938 49.
1018 2908 1165 2937 citimam
1189 2907 1346 2945 (citimam
1371 2916 1412 2938 ex
1436 2906 1666 2943 correctione)
1696 2914 1717 2935 a
1740 2905 1893 2935 mediana
1918 2906 2005 2937 linea
2032 2907 2079 2938 A:

257 2990 260 2993 ‚
316 2951 445 2984 vitiem&
462 2963 511 2985 me
527 2956 606 2987 dian
623 2957 732 2987 alinea
751 2957 879 2997 (quinta
897 2955 1008 2988 littera
1025 2955 1138 2988 deleta
1157 2964 1332 2996 superscr.
1349 2957 1417 2996 ma)
1436 2957 1477 2988 B:
1495 2957 1589 2987 citem
1606 2964 1660 2986 am
1675 2954 1827 2985 mediana
1840 2955 1925 2987 linea
1940 2955 2079 2996 (quarta

317 3003 378 3039 litt.
399 3011 489 3035 corr.
510 3005 541 3035 in
559 3005 617 3037 iet
634 3005 754 3037 litteris
768 3015 812 3037 an
828 3007 1022 3047 expunctis)
1038 3006 1081 3042 V;
1100 3007 1253 3037 cicimam
1270 3007 1458 3037 amediana
1471 3006 1557 3036 linea
1576 3005 1617 3036 E:
1634 3003 1688 3035 cre
1705 3013 1801 3035 mane
1817 3005 1920 3035 diana
1932 3005 2017 3036 linea
2032 3005 2077 3039 G:

316 3053 465 3084 citimam
489 3063 510 3084 a
533 3055 642 3085 media
665 3056 752 3087 linea
776 3057 801 3087 Ο
827 3073 860 3077 -
893 3057 1016 3087 direoeit
1039 3056 1151 3088 ABE:
1180 3057 1302 3087 diatcrit
1325 3056 1377 3094 V¹,
1404 3057 1537 3087 (luxerit
1561 3053 1639 3086 GV²
1672 3072 1705 3076 --
1740 3054 1847 3085 leuam
1877 3054 1900 3085 E
1932 3055 1957 3084 G
1986 3054 2015 3083 V
2042 3069 2075 3075 —

317 3104 370 3134 20.
395 3103 537 3142 reliquid
562 3103 685 3135 A¹GV¹
713 3123 747 3127 —
778 3106 832 3136 ⁶21.
856 3107 963 3144 partis
986 3106 1028 3137 B:
1054 3108 1167 3145 partes
1190 3106 1214 3136 O
1240 3124 1281 3127 —
1310 3106 1468 3136 divisisset
1491 3105 1681 3137 Manutius:
1711 3104 1792 3135 caeli
1815 3103 1972 3134 divisisset
1988 3103 2012 3135 C
2032 3105 2077 3139 G;

317 3152 481 3183 dividisset
504 3153 562 3183 celi
587 3154 611 3184 E
638 3171 671 3175 —-
703 3155 789 3185 orbis
814 3156 927 3186 CEG:
955 3155 1047 3186 orbes
1071 3155 1095 3186 O
1126 3172 1159 3176 —
1191 3155 1333 3193 disparis
1357 3156 1389 3186 h.
1418 3154 1439 3186 l.
1466 3155 1603 3186 BEGV
1634 3171 1668 3176 —
1702 3154 1755 3185 22.
1781 3153 1959 3184 contrariis
1987 3160 2077 3183 corr.

319 3210 360 3232 ex
384 3202 548 3233 contraris
572 3204 597 3233 A
626 3220 658 3224 —
685 3204 738 3235 ⁶23.
762 3214 860 3243 pares
884 3214 974 3236 corr.
1001 3214 1043 3236 ex
1064 3208 1176 3244 partes
1200 3204 1226 3234 V
1258 3221 1292 3226 -
1327 3205 1507 3236 celeritates
1536 3208 1565 3235 et
1595 3206 1753 3243 quattuor
1782 3203 1878 3235 ABE
1913 3219 1947 3223 —
1985 3201 2080 3233 dissi—

318 3251 403 3282 milis
427 3252 539 3282 ABE:
560 3252 729 3283 dissimiles
745 3253 840 3283 GVO
861 3271 895 3276 —
922 3254 975 3285 ⁶24.
996 3256 1077 3285 Post
1093 3263 1125 3285 V.
1143 3253 1346 3293 reliquorum
1364 3263 1382 3285 e
1412 3253 1552 3286 Platone
1579 3252 1627 3294 (ἐν
1652 3250 1751 3296 λόγῳ
1775 3250 1814 3284 δὲ
1831 3249 2077 3297 φερομένους)

320 3299 452 3331 addidit
468 3299 575 3332 verba
592 3310 666 3333 cum
681 3303 812 3334 ratione
828 3306 936 3335 tamen
960 3303 1161 3335 Lambinus.
