2249 3624
308 251 390 294 950
1047 248 1328 290 CICERONIS

412 363 449 396 4.
496 358 539 394 Ut
558 358 655 394 Idib.
678 358 791 395 Maiis
818 359 857 392 in
884 361 1047 392 senatum
1075 356 1315 395 convenimus,
1346 359 1495 400 royalus
1522 365 1584 400 e90
1613 357 1823 391 sententiam
1848 356 1964 391 mulla
1989 358 2072 393 dmi

311 424 354 458 de
379 434 520 458 summa
546 434 585 457 re
611 423 773 467 publica,
804 426 909 465 atque
936 420 996 453 ille
1028 419 1124 453 locus
1150 419 1315 452 inductus
1343 429 1365 452 α
1384 429 1438 452 me
1465 423 1514 453 est
1539 419 1735 454 divinitus:
1764 428 1816 455 ne
1845 429 1924 456 una
1951 416 2071 467 plaga

312 489 480 534 accepta
501 489 640 533 patres
661 481 880 531 conscripti
901 478 1179 525 conciderent,
1210 489 1261 516 ne
1283 477 1532 526 deficerent,
1563 478 1706 517 volnus
1726 490 1819 518 esse
1839 479 1926 517 eius
1945 479 2070 529 modi,

315 545 423 596 quod
451 546 545 583 mihi
573 557 649 583 nec
678 541 1019 582 dissimulandum
1048 553 1124 579 nec
1152 540 1529 592 pertimescendum
1556 541 1778 589 videretur,
1807 554 1859 580 ne
1887 548 1956 581 aut
1982 554 2073 580 me—

280 607 465 647 5tuendo
493 607 741 658 ignavissimi
777 611 846 643 aut
873 603 1096 654 ignorando
1135 602 1359 642 stultissimi
1400 602 1697 652 iudicaremur3
1740 604 1804 643 bis
1842 603 2073 644 absolutum

314 683 405 709 esse
433 669 646 708 Lentulum
664 700 672 716 ,
707 668 771 706 bis
801 665 1033 713 Catilinam,
1072 666 1178 703 hunc
1220 665 1382 703 tertium
1410 666 1489 704 iam
1521 678 1613 705 esse
1641 679 1662 705 a
1690 666 1894 705 iudicibus
1919 667 1959 705 in
1986 679 2073 706 rem

313 733 519 784 publicam
546 732 787 770 immissum.
841 730 977 777 Erras,
1008 727 1147 775 Clodi;
1178 740 1259 765 non
1280 734 1318 765 te
1338 727 1496 766 iudices
1526 728 1632 777 urbi,
1663 727 1737 768 sed
1758 729 1912 768 carceri
1932 741 2074 768 reser-

315 801 461 834 varunt
487 807 623 845 neque
653 799 691 831 te
722 793 901 831 retinere
928 791 968 828 in
1000 791 1175 838 civitate,
1206 788 1281 828 sed
1309 790 1450 828 exsilio
1480 791 1641 841 privare
1659 791 1887 830 voluerunt.
1943 793 2074 839 Quam

315 859 366 897 ob
404 871 512 905 rem,
550 863 689 908 patres
728 855 972 905 conscripti,
1004 854 1143 903 erigite
1183 854 1360 900 animos,
1399 854 1571 892 retinete
1608 860 1786 892 vestram
1821 853 2072 904 dignitatem.

266 925 300 953 ⁴0
315 924 447 961 Manet
484 921 550 959 illa
577 921 617 958 in
647 917 885 969 republica
922 917 1123 955 bonorum
1165 917 1404 964 consensio,
1444 915 1558 954 dolor
1596 918 1772 955 accessit
1804 916 1924 955 bonis
1961 916 2074 961 viris,

317 985 444 1023 virtus
473 995 551 1021 non
581 988 644 1020 est
669 981 894 1024 imminuta,
925 978 1021 1017 nihil
1050 985 1114 1017 est
1140 978 1274 1018 damni
1303 979 1450 1017 factum
1486 979 1593 1027 novi,
1622 979 1712 1026 sed,
1742 978 1852 1030 quod
1880 985 1980 1028 erat,
2008 979 2075 1017 in-

317 1053 480 1085 tentum
512 1052 587 1084 est.
642 1046 683 1083 In
712 1044 832 1083 unius
871 1042 1044 1080 hominis
1079 1041 1224 1093 perditi
1260 1040 1406 1079 iudicio
1435 1041 1576 1092 plures
1605 1040 1756 1081 similes
1785 1042 1934 1093 reperti
1963 1047 2071 1082 sunt.

319 1111 387 1147 Sed
433 1112 520 1156 quid
556 1112 655 1156 ayo?
702 1120 815 1154 paene
858 1109 1058 1142 orationem
1107 1108 1144 1141 in
1184 1107 1373 1151 epistolam
1415 1107 1559 1142 inclusi.
1644 1105 1846 1154 (Cicero
1895 1103 1947 1144 ad
1991 1106 2073 1143 Att.

320 1174 353 1221 1,
386 1172 444 1221 16,
476 1173 533 1220 9.)

269 1234 304 1263 10

735 1231 819 1275 XV.
868 1231 976 1273 PRO
1009 1229 1051 1272 C.
1083 1230 1319 1272 ANTONIO
1351 1243 1388 1273 a.
1420 1244 1461 1271 u.
1494 1243 1528 1272 c.
1561 1231 1656 1272 695.

421 1315 611 1357 ’Τῖῑωπτος
651 1309 721 1352 οὖν
751 1315 771 1351 ὁ
799 1314 979 1362 Κικέρων
1020 1315 1074 1358 τῷ
1114 1325 1155 1349 τε
1198 1312 1376 1360 Καίσαρι
1412 1310 1483 1350 καὶ
1526 1315 1580 1359 τῷ
1615 1311 1814 1363 Πολιιπηΐῳ
1846 1314 2074 1365 γενόμενος,

316 1382 594 1432 ἐβὲβαιώσαῖο
627 1377 700 1426 τὴν
738 1377 933 1414 ὑπόνοιαν
961 1376 1002 1413 ἓν
1028 1378 1079 1426 τῇ
1110 1376 1204 1426 ὑπὲρ
1234 1378 1305 1412 τοῦ
1330 1374 1540 1413 ’Avrmm'ov
1576 1376 1790 1426 ἀπολογίᾳ,
1822 1396 1866 1403 -
1892 1376 1940 1413 ‘O
1965 1375 2005 1414 δὲ
2031 1375 2079 1426 δὴ

317 1443 500 1492 Κικέρων
531 1444 623 1491 ὑπὲρ
651 1440 780 1478 αι’-τοῦ
808 1439 908 1480 τότε,
937 1438 1005 1475 ἁτε-
1033 1439 1104 1475 καὶΓ
1132 1437 1412 1488 συνάρχονῑός
1439 1444 1489 1481 οἱ,
1517 1437 1750 1488 ὑπέρδικῶν,
1778 1439 1943 1476 πλέῖστα
1970 1437 2078 1478 κατὰ

319 1508 390 1543 τοῦ
432 1505 665 1553 Καίσαρος,
708 1505 758 1545 ὡς
797 1500 867 1539 καὶ
907 1501 1038 1539 αἰτίου
1079 1507 1148 1549 τῆς
1189 1500 1300 1549 δίκης
1339 1503 1448 1547 αὐτῷ
1488 1501 1772 1551 ς’ἑγενηλια-’νοιη
1810 1500 2079 1552 καταδρομὴν

267 1568 304 1596 20
319 1568 536 1617 ἐποιήσατο
563 1567 638 1603 καί
660 1581 751 1603 τινα
779 1566 890 1612 αὐτῷ
908 1563 977 1602 mai
1002 1563 1378 1615 προσελοιδόρηυεν.
1415 1563 1639 1613 (Cassius
1660 1563 1749 1602 Dio
1769 1564 1982 1613 XXXVIII,
2002 1564 2076 1615 10.)

541 1667 643 1710 XVI.
698 1664 1093 1708 INTERROGATIO
1125 1664 1193 1706 DE
1225 1664 1361 1707 AERE
1393 1665 1588 1707 ALIENO
1619 1665 1852 1711 MILONIS.

749 1749 1040 1781 ARGUMENTUM
1065 1748 1355 1779 scnomasrAE
1380 1748 1607 1779 nossiENsis.

419 1819 461 1854 In
490 1820 637 1853 eundem
665 1829 799 1853 armum
828 1818 1053 1852 consulatum
1080 1818 1257 1862 petierunt
1288 1816 1327 1851 T.
1359 1818 1497 1852 Annius
1525 1816 1615 1852 Milo
1644 1822 1675 1852 et
1700 1815 1746 1861 Q.
1776 1814 1960 1854 Metellus
1988 1816 2079 1855 Sci-

322 1881 386 1931 pio
416 1886 455 1918 et
486 1881 712 1930 Hypsaeus.
773 1880 860 1925 Quo
891 1891 995 1916 anno
1035 1878 1154 1916 ctiam
1184 1879 1225 1916 P.
1256 1877 1423 1916 Clodius
1451 1876 1644 1926 Pulcher,
1685 1878 1874 1916 inimicus
1903 1878 2009 1926 eius,
2038 1879 2079 1916 in

270 1958 306 1985 25
323 1948 538 1994 praeturae
568 1942 784 1980 candidam
813 1946 995 1979 venerat.
1060 1940 1171 1978 Idem
1209 1952 1301 1978 cum
1328 1941 1510 1991 petitioni
1537 1939 1695 1978 Milonis
1724 1940 2015 1979 adversaretur
2042 1946 2082 1979 et

322 2006 480 2044 comitia
509 2004 633 2043 multo
663 2011 702 2042 et
730 2005 839 2043 vario
878 2004 1055 2042 ambitus
1092 2015 1243 2053 genere
1282 2002 1491 2049 turbaret⁷
1535 2015 1614 2052 quo
1643 2003 1772 2052 magis
1800 2004 2013 2054 Hypsaeus
2041 2008 2082 2041 et

323 2068 456 2118 Scipio
485 2067 675 2113 consules
713 2067 1048 2117 designarentur,
1086 2065 1174 2104 Milo
1204 2071 1339 2104 autem
1372 2064 1580 2116 repulsam
1609 2065 1754 2113 ferret,
1791 2077 1865 2115 per
1891 2065 1963 2103 hos
1993 2064 2080 2103 dies

323 2137 490 2170 senatus
520 2136 766 2169 convocatus
796 2135 880 2168 est:
921 2128 1031 2180 apud
1060 2141 1181 2180 quem
1212 2130 1253 2167 P.
1281 2127 1448 2168 Clodius
1476 2129 1746 2166 invectionem
1776 2127 1851 2165 sibi
1881 2140 1961 2165 non
1989 2133 2081 2166 tan-

323 2201 406 2232 tum
437 2200 574 2232 contra
603 2193 804 2241 Milonem,
833 2205 974 2231 verum
1008 2193 1125 2231 etiam
1156 2197 1295 2230 contra
1322 2192 1454 2241 ipsum
1475 2192 1523 2228 M.
1545 2189 1716 2228 Tullium
1747 2188 2079 2228 contumeliosam

272 2269 308 2298 80
324 2263 445 2307 atque
481 2268 667 2307 asperam
708 2255 972 2306 depoposcit,
1010 2260 1053 2293 ut
1089 2254 1284 2293 ambitum
1320 2253 1473 2291 moveri
1512 2252 1563 2291 ab
1595 2265 1642 2291 eo
1677 2252 1852 2302 diceret,
1890 2252 2081 2302 quoniam

325 2318 459 2356 multis
489 2331 583 2368 erga
613 2331 696 2357 rem
727 2317 932 2369 publicam
961 2318 1115 2355 meritis
1143 2315 1421 2368 praevaleret:
1453 2315 1532 2353 vim
1562 2314 1690 2353 moliri
1713 2315 1831 2353 etiam
1852 2326 1925 2365 per
1944 2326 2081 2353 arma—

326 2387 387 2419 tos
415 2381 598 2419 homines
629 2381 931 2418 criminaretur:
964 2379 1013 2417 ad
1044 2386 1271 2417 extremum
1292 2377 1410 2427 longe
1431 2378 1578 2426 minus,
1611 2389 1731 2428 quam
1760 2377 1942 2419 haberet.¹
1974 2377 2080 2415 aeris

326 2442 442 2481 alieni
473 2455 565 2480 esse
595 2443 838 2493 professum.
895 2443 994 2481 Nam
1022 2441 1254 2479 sestertium
1283 2440 1471 2489 sexagies
1500 2440 1539 2477 in
1568 2451 1662 2477 aere
1692 2438 1824 2478 alieno
1856 2452 1900 2477 se
1927 2439 2081 2477 habere

327 2507 536 2556 professus
579 2504 668 2543 Milo
714 2503 941 2542 secundnm
986 2510 1167 2541 veterem
1212 2501 1551 2540 consuetudinem
1597 2501 1740 2540 suerat.
1818 2502 1919 2540 Cum
1962 2501 2083 2550 igitur

277 2581 312 2609 355
329 2567 476 2605 obnixe
514 2565 781 2605 contenderet
815 2565 981 2604 Clodius
1011 2577 1090 2603 non
1130 2570 1319 2614 oportere
1359 2571 1495 2610 petere,
1534 2564 1602 2614 qui
1636 2575 1782 2612 magno
1827 2575 1921 2601 aere
1949 2562 2081 2602 alieno

332 2629 592 2668 defeneratus
628 2628 808 2680 praedae
842 2628 1050 2666 videretur
1085 2627 1296 2665 habiturus
1326 2638 1418 2665 esse
1456 2639 1539 2664 rein
1573 2625 1800 2677 publicam,
1841 2624 2084 2664 contradixit

330 2693 416 2729 cius
445 2692 696 2729 insectationi
725 2692 772 2729 M.
806 2691 974 2738 Cicero,
1014 2690 1081 2740 qui
1110 2688 1379 2728 familiaritate
1417 2689 1638 2740 praecipua
1676 2688 1861 2726 Milonem
1892 2687 2084 2738 diligebat.

331 2754 382 2791 ob
412 2754 451 2791 id
481 2755 653 2792 maxime
682 2754 892 2801 meritum,
928 2752 1038 2804 quod
1067 2753 1361 2790 restitutionem
1392 2764 1490 2790 suae
1519 2751 1722 2801 dignitatis
1755 2750 1805 2789 ab
1835 2748 1978 2788 eodem
2009 2750 2082 2788 tri-

334 2816 441 2854 buno
470 2816 603 2867 plebis
631 2817 870 2855 meminerat
897 2814 1088 2854 adiutam.
1145 2816 1303 2860 Quanto
1332 2820 1467 2852 autem
1499 2813 1590 2852 odio
1619 2812 1806 2851 babuerit
1834 2813 1874 2850 P.
1897 2811 2083 2851 Clodium

283 2878 409 2918 liciam
439 2885 689 2929 compertum
720 2884 783 2915 est
810 2890 858 2915 ex
888 2876 1137 2916 orationibus
1165 2875 1270 2913 illius
1300 2875 1508 2926 plurimis,
1546 2874 1696 2924 quibus
1726 2874 1812 2912 eius
1841 2874 1962 2912 vitam
1991 2886 2078 2911 mo-

334 2952 482 2989 resque
509 2939 716 2978 dilacerat.
778 2940 837 2977 Ex
875 2939 1003 2988 iurgio
1039 2939 1197 2988 itaque,
1237 2936 1347 2987 quod
1377 2938 1484 2975 inter
1512 2949 1556 2976 se
1584 2940 1820 2983 moverant,
1856 2936 1980 2974 oratio
2007 2935 2083 2974 ista

335 3003 554 3051 composita
586 3008 667 3050 cst,
699 3002 812 3039 cuius
841 3000 1114 3050 inscriptionis
1148 2998 1327 3047 titulum,
1372 2999 1610 3049 priusquam
1645 2997 1906 3036 commentari
1935 2996 2083 3046 adgre-

336 3062 442 3111 diar,
472 3063 772 3113 explanandum
802 3069 919 3114 puto,
954 3075 1034 3101 non
1063 3062 1114 3100 ab
1143 3074 1185 3099 re
1215 3062 1451 3100 existimans
1481 3062 1656 3099 futurum
1701 3057 1879 3112 [nostris]
1917 3059 2083 3098 lectori-

336 3125 435 3169 bus,
475 3125 506 3161 si
543 3126 732 3163 orationis
774 3126 930 3163 titulum
970 3138 1049 3163 non
1092 3123 1254 3162 indocte
1291 3124 1590 3174 perspexerint.
1659 3123 1819 3172 Quippe
1850 3121 2085 3160 inscribitur

288 3198 618 3227 451NTnnaooA'rio
645 3201 692 3225 niz
721 3202 814 3226 ..minz
843 3201 980 3227 ..trimo
1008 3199 1175 3226 mitons.
1240 3186 1569 3236 interrogationis
1606 3191 1740 3223 autem
1770 3196 1849 3222 non
1878 3195 1956 3222 una
1985 3194 2082 3234 spe-

339 3249 422 3287 cies
443 3254 541 3292 erat,
572 3249 644 3286 scd
665 3251 796 3297 varia,
824 3255 867 3287 ut
894 3249 968 3288 alia
999 3248 1242 3300 significaret
1269 3248 1538 3286 accusationis
1566 3245 1924 3294 denuntiationem,
1953 3243 2084 3295 qualis

339 3309 403 3349 illa
432 3312 695 3362 praescriptio
734 3318 796 3349 cst
822 3313 1011 3351 orationis
1042 3313 1150 3361 eius,
1190 3323 1268 3361 qua
1298 3322 1396 3348 usus
1426 3310 1496 3348 suit
1523 3311 1561 3348 in
1591 3321 1683 3348 eum
1711 3310 1752 3348 P.
1784 3307 1972 3357 Clodius,
2006 3320 2084 3345 cum
