2249 3624
533 153 622 193 Lm.
653 152 724 192 111.
768 151 865 192 cst.
897 151 1157 192 vll—vni.
1200 148 1259 204 §ss
1291 146 1485 188 ii-is,
1826 142 1898 185 284

141 273 232 300 mus
264 272 347 299 non
379 264 442 298 est
471 264 593 311 aptus
626 257 676 298 ad
708 257 1021 311 exsequendum
1054 270 1203 297 munus
1234 269 1368 295 suum.
1421 256 1573 294 Munus
1604 258 1742 293 autem
1775 252 1904 292 animi

141 326 205 360 est
249 321 408 360 ratione
447 321 553 360 bene
592 321 650 359 uti
692 325 730 359 et
772 320 973 372 sapientis
1013 321 1175 359 animus
1213 319 1267 358 ita
1308 331 1470 370 semper
1511 316 1699 357 adfectus
1738 321 1822 362 est,
1862 321 1905 355 ut

139 382 302 421 ratione
343 383 495 434 optime
535 388 695 428 utatur;
737 395 961 434 numquam
1005 381 1131 433 igitur
1168 386 1229 419 est
1270 380 1546 434 perturbatus.
1596 380 1649 418 At
1686 376 1903 429 aegritudo

139 443 398 496 perturbatio
430 450 492 483 est
521 444 672 488 animi;
707 456 872 494 semper
904 444 1030 494 igitur
1062 457 1108 482 ea
1139 444 1304 495 sapiens
1338 443 1512 482 vacabit.

225 505 331 544 Vlll.
362 503 421 544 lti.
453 506 546 544 Veri
570 506 693 544 etiam
718 505 852 544 simile
876 506 975 544 illud
1000 512 1074 549 est.
1097 507 1166 558 qui
1189 507 1241 544 sit
1265 512 1514 557 temperans,
1538 529 1587 533 -
1612 517 1735 556 quem
1758 502 1902 541 Graeci
1920 506 1938 535 5

140 567 351 619 σώφρονα
391 568 601 620 appellant
645 580 821 619 eamque
866 569 1057 606 virtutem
1099 568 1592 620 ‹51017000151-›21'vocant,
1634 580 1757 619 quam
1790 565 1904 603 soleo

138 631 332 684 equidem
362 636 449 669 tum
472 630 807 681 temperantiam,
842 636 926 668 tum
953 631 1281 669 moderationem
1304 631 1537 683 appellare,
1571 643 1652 668 non
1678 640 1905 680 numquam

138 694 262 734 etiam
303 692 572 737 modestiam,
613 691 684 730 sed
729 691 836 730 haud
870 692 955 730 scio
987 706 1038 730 an
1073 699 1180 731 recte
1213 707 1260 731 ea
1295 694 1420 732 virtus
1455 692 1671 744 frugalitas
1703 687 1905 742 appellari

137 757 288 810 possit,
321 754 434 808 quod
467 754 684 805 angustius
716 753 826 805 apud
861 754 1041 793 Graecos
1073 755 1201 801 valet,
1235 757 1306 808 qui
1329 755 1435 804 frugi
1457 756 1649 794 homini-s
1670 760 1906 805 χρησιζιιους

137 817 365 871 appellant,
398 815 439 855 id
472 823 532 855 est
565 821 720 855 tantum
751 816 874 855 modo
898 817 1033 863 utilis;
1067 823 1106 856 at
1138 817 1237 856 illnd
1261 825 1322 856 est
1346 818 1490 864 latius;
1524 818 1660 857 omnis
1684 816 1792 855 enim
1815 815 1958 853 abs-10

137 880 328 926 tinentia,
360 880 494 918 omnis
527 879 785 926 innocentia,
809 901 854 907 —
883 892 992 931 quac
1014 880 1124 931 apud
1147 880 1328 918 Graecos
1354 881 1546 919 usitatum
1570 893 1721 918 nomen
1746 877 1906 917 nullum

136 943 283 989 habet,
323 940 395 980 sed
436 941 588 980 habere
633 947 769 993 potest
800 941 1068 992 (ἔβλάρειανε
1113 956 1205 980 uani
1239 948 1301 981 est
1332 942 1568 981 innocentia
1600 941 1781 980 adfectio
1815 938 1907 978 talis

135 1004 276 1051 animi,
308 1016 414 1056 quae
447 1009 591 1043 noceat
625 1004 780 1043 nemini
803 1027 869 1049 —‚
902 1004 1084 1056 reliquas
1117 1004 1240 1043 etiam
1265 1004 1437 1043 virtutes
1470 1004 1685 1054 frugalitas
1708 1002 1906 1041 continet.

136 1068 253 1117 Quae
294 1067 374 1106 nisi
412 1072 524 1105 tanta
556 1071 667 1105 esset
699 1072 739 1105 et
770 1066 803 1105 si
837 1066 885 1105 iis
916 1066 1143 1118 angustiis,
1184 1067 1336 1119 quibus
1369 1066 1560 1118 plerique
1593 1069 1759 1118 putant,
1793 1069 1907 1102 tene-

135 1138 269 1178 retur,
291 1142 518 1182 numquam
540 1133 652 1167 esset
674 1129 717 1167 L.
745 1129 904 1168 Pisonis
927 1142 1159 1180 cognomen
1183 1134 1300 1168 tanto
1323 1141 1451 1181 opere
1476 1127 1701 1166 laudatum.
1738 1123 1800 1165 17.
1824 1125 1904 1165 Sed
1922 1133 1956 1160 15

135 1194 233 1247 quia
265 1205 340 1232 nec
373 1191 445 1243 qui
477 1197 648 1243 propter
681 1196 834 1230 metum
859 1191 1113 1243 praesidium
1142 1192 1332 1244 reliquit,
1366 1190 1477 1244 quod
1503 1196 1565 1229 est
1587 1190 1799 1241 ignaviae,
1832 1202 1906 1228 nec

135 1257 207 1310 qui
238 1260 408 1308 propter
438 1253 653 1292 avaritiam
687 1253 791 1292 clam
823 1253 1061 1306 depositum
1085 1268 1167 1294 non
1191 1253 1394 1300 reddidit,
1428 1253 1541 1306 quod
1566 1258 1629 1292 est
1660 1251 1906 1297 iniustitiae,

132 1331 210 1358 nec
242 1317 312 1370 qui
345 1322 514 1369 propter
544 1317 818 1356 temeritatem
848 1317 955 1356 male
986 1331 1073 1356 rem
1102 1318 1251 1369 gessit,
1285 1317 1396 1369 quod
1427 1322 1490 1355 est
1520 1315 1739 1361 stultitiae,
1771 1313 1907 1365 frugi

133 1380 337 1433 appellari
379 1379 507 1427 solet,
551 1392 601 1419 eo
640 1380 712 1418 tris
756 1380 952 1426 virtutes,
998 1379 1309 1426 fortitudinem,
1355 1378 1577 1424 iustitiam,
1625 1377 1906 1430 prudentiam,

132 1442 349 1495 frugalitas
397 1442 618 1495 complexa
663 1448 745 1482 est:
787 1463 841 1470 —
881 1443 959 1482 etsi
1000 1443 1077 1482 hoc
1118 1442 1287 1495 quidem
1327 1453 1550 1481 commune
1591 1445 1654 1480 est
1686 1440 1957 1486 virtutum;20

133 1519 278 1546 omnes
311 1505 419 1545 enim
453 1506 561 1544 inter
591 1519 635 1545 se
667 1518 803 1544 nexae
826 1512 867 1544 et
892 1506 1057 1557 iugatae
1080 1510 1199 1544 sunt:
1230 1527 1284 1531 —
1312 1502 1475 1556 reliqua
1498 1503 1626 1555 igitur
1646 1508 1730 1549 est,
1763 1508 1909 1555 quarta

132 1568 265 1608 virtus
309 1574 352 1607 ut
390 1568 442 1607 sit
483 1568 593 1620 ipsa,
635 1567 865 1619 frugalitas.
919 1568 1020 1608 Eius
1063 1569 1171 1607 enim
1206 1565 1370 1606 videtur
1401 1579 1492 1605 esse
1522 1567 1739 1618 proprium
1772 1570 1908 1604 motus

133 1632 259 1671 animi
302 1631 538 1683 adpetentis
581 1644 725 1683 regere
758 1637 798 1670 et
829 1631 976 1670 sedare
1009 1642 1259 1682 semperque
1287 1629 1577 1669 adversantem
1622 1628 1781 1667 libidini
1821 1640 1909 1666 mo-

132 1693 317 1733 deratam
348 1693 391 1732 in
423 1694 536 1732 omni
569 1706 612 1732 re
644 1706 808 1733 servare
841 1693 1140 1734 constantiam:
1173 1692 1239 1731 cui
1274 1692 1527 1731 contrarium
1552 1692 1698 1731 vitium
1722 1691 1908 1743 nequitia

133 1756 297 1795 dicitur.
340 1752 406 1794 48.
430 1755 748 1808 Frugalitas‚
776 1763 818 1795 ut
839 1758 1004 1808 opinor,
1027 1768 1049 1794 a
1071 1755 1237 1807 fruge,
1261 1768 1343 1808 qua
1366 1754 1471 1793 nihil
1494 1755 1644 1794 melius
1665 1760 1719 1794 εει
1742 1767 1763 1792 e
1786 1759 1906 1799 terra,
1922 1758 1958 1786 ‘25

132 1818 377 1871 nequitia
408 1818 459 1858 ab
491 1832 541 1858 eo
572 1840 626 1847 —
655 1819 732 1857 etsi
756 1819 832 1858 erit
852 1819 931 1858 hoc
953 1819 1131 1858 fortasse
1156 1818 1324 1864 durius,
1357 1817 1430 1856 sed
1453 1823 1725 1870 temptemus;
1758 1816 1907 1855 lusisse

134 1886 349 1933 putemur,
383 1883 415 1920 si
448 1881 551 1920 nihil
585 1882 638 1920 sit
668 1901 742 1928 —,
774 1881 825 1920 ab
859 1895 923 1927 eo,
956 1880 1069 1934 quod
1103 1880 1447 1933 nequicquam
1472 1880 1599 1919 estin
1623 1879 1691 1919 tali
1716 1879 1905 1918 homine:

134 1957 187 1983 ex
219 1958 302 1997 quo
336 1945 445 1984 idem
484 1944 648 1984 nihili
689 1944 853 1984 dicitur.
916 1943 999 1991 Qui
1038 1943 1091 1982 sit
1127 1942 1233 1995 frugi
1276 1943 1402 1995 igitur
1434 1942 1520 1988 vel,
1558 1942 1592 1981 si
1625 1941 1776 1988 mavis,
1819 1953 1907 1980 mo-

218 2123 245 2153 3.
274 2122 323 2163 Al]
351 2123 394 2153 ad
419 2122 456 2152 (Ξι
487 2141 516 2144 -—
555 2123 583 2153 5.
614 2122 710 2163 illud]
742 2123 787 2153 illi
813 2124 850 2153 (3¹
881 2141 912 2144 κ
955 2123 1000 2153 10.
1028 2122 1071 2152 ad
1096 2123 1133 2152 G¹
1171 2140 1193 2142 -
1234 2119 1279 2152 il.
1308 2121 1333 2150 .κὶ
1358 2121 1406 2150 his·
1431 2122 1453 2151 (Ι
1490 2139 1520 2144 —
1559 2121 1610 2151 isi.
1637 2120 1792 2158 relinquit
1818 2120 1840 2149 (Σ
1873 2137 1903 2140 -

131 2174 170 2204 47
211 2174 346 2212 deposili
372 2174 397 2203 G
420 2190 449 2194 —
482 2172 531 2203 19.
559 2182 658 2211 eoque
683 2174 742 2203 iris
766 2173 860 2203 Bake
878 2172 898 2203 l.
919 2171 926 2203 l
961 2182 993 2212 p.
1015 2172 1065 2202 90.
1090 2189 1124 2193 —-
1153 2171 1203 2202 ⁴20.
1231 2171 1289 2200 hoe
1314 2171 1444 2209 quidem
1470 2174 1513 2201 es!
1537 2180 1706 2200 (mmmmm
1730 2171 1907 2203 i·ir·lu(uni,·

129 2231 238 2254 omnes
261 2223 346 2253 enim
369 2223 454 2253 inter
477 2231 509 2251 se
525 2223 658 2262 iugatae
675 2227 746 2252 sun!
766 2223 894 2253 Nonius
914 2231 944 2262 p>
967 2222 1017 2252 417.
1042 2240 1075 2244 —
1098 2223 1148 2252 ¹31.
1176 2222 1280 2251 (nimis
1304 2222 1327 2250 G
1346 2222 1369 2252 R
1400 2239 1431 2241 —
1459 2222 1590 2259 *reliqua
1614 2221 1717 2260 igyitm·
1740 2224 1770 2250 ec
1786 2223 1908 2258 quarta

131 2274 215 2305 GR:
247 2274 377 2312 reliqua
407 2273 512 2311 iyitur
540 2275 584 2302 εει
616 2275 646 2302 et
674 2276 796 2310 quarta
823 2273 864 2302 B:
900 2272 1064 2309 reliquum
1090 2272 1192 2310 issilur
1215 2276 1278 2309 est,
1316 2276 1439 2310 quarta
1464 2272 1508 2306 Ο;
1543 2272 1753 2309 relinquitur,
1786 2274 1909 2309 quarta

130 2324 221 2354 BaKe
247 2322 268 2354 l.
289 2322 296 2353 l
328 2331 361 2363 p.
383 2322 434 2353 90.
458 2339 490 2344 ·—-
523 2322 572 2352 23.
600 2325 785 2361 appeientes
809 2325 832 2351 t)
855 2339 886 2343 —
916 2331 1041 2360 semper
1064 2330 1148 2362 (que
1173 2324 1196 2351 (ι’
1214 2320 1249 2352 ΙίῙ
1270 2339 1303 2342 -
1333 2325 1541 2352 auersantem
1561 2323 1585 2351 G
1601 2322 1624 2352 R
1647 2339 1679 2342 —
1708 2321 1760 2351 -25,
1787 2324 1831 2350 esc
1849 2320 1903 2350 W:

131 2381 199 2403 om.
229 2372 303 2403 CO.
344 2381 437 2411 «qua
468 2371 546 2401 nihil
576 2372 689 2402 melius
714 2380 729 2401 e
753 2375 843 2402 terra
869 2372 1110 2411 Arelietypus,
1148 2371 1201 2401 xix
1234 2372 1343 2401 recte.
1386 2372 1417 2401 tn
1446 2370 1588 2402 relatixa
1613 2370 1784 2402 sententia
1808 2371 1907 2408 poeta

131 2422 272 2463 quidam
298 2423 328 2459 I,
358 2423 416 2453 105
442 2422 557 2452 omisit
581 2430 670 2457 sum,
698 2423 820 2452 (livero
848 2422 899 2452 xix
927 2431 1095 2461 uniquam
1122 2431 1164 2452 ne
1190 2425 1235 2451 os!
1253 2421 1396 2460 quidem
1416 2424 1473 2452 aut
1498 2425 1583 2452 sunl.
1613 2422 1681 2460 Ego
1704 2421 1753 2450 sic
1770 2418 1903 2451 scribo:

130 2482 195 2512 qua
220 2483 253 2503 n.
278 2482 320 2503 m.
348 2476 391 2501 esi
415 2481 430 2502 e
454 2475 562 2502 terra:
598 2472 631 2502 Cf
667 2474 684 2512 δ’
713 2472 761 2502 22.
791 2472 843 2507 IV,
871 2473 946 2503 82.»
977 2490 1011 2494 —
1050 2472 1097 2502 26.
1127 2472 1240 2501 iusisse
1265 2472 1307 2507 R;
1342 2472 1470 2502 iussisse-
1495 2474 1518 2501 *i
1537 2472 1558 2502 B
1594 2489 1627 2492 -
1668 2471 1716 2500 27.
1746 2470 1793 2500 nil
1816 2470 1841 2499 G
1868 2485 1902 2490 —

129 2524 181 2554 ζ28.
208 2523 302 2553 nihili
326 2522 382 2552 6¹:
415 2521 494 2552 nihil
525 2521 690 2551 ‹3²nsso.
723 2523 848 2552 «Recte
875 2522 1033 2553 Moserus
1059 2530 1098 2551 ex
1127 2520 1182 2557 (Ἦ,
1215 2520 1307 2553 aliis.
1342 2522 1492 2551 restituit
1518 2521 1628 2553 nihili.
1662 2519 1754 2559 quod
1782 2527 1905 2550 verum

131 2580 209 2603 esse
236 2580 316 2602 euin
342 2581 381 2602 ex
409 2571 571 2603 Plautinis
598 2571 681 2602 locis
710 2572 845 2609 [Pseud.
874 2572 929 2608 lv,
956 2572 987 2608 7,
1016 2572 1067 2602 2²3.
1096 2572 1187 2601 Asin.
1220 2572 1256 2605 Η,
1284 2571 1314 2605 3,
1345 2572 1395 2601 29.
1420 2571 1449 2607 l,
1471 2571 1522 2601 Gli.
1551 2572 1655 2601 Stich.
1678 2571 1706 2605 l,
1727 2570 1758 2606 3,
1777 2569 1829 2600 35.
1850 2568 1905 2607 al.)

130 2620 346 2660 intelligitur,
382 2622 454 2651 tuni
489 2630 529 2650 ex
562 2620 725 2651 Varronis
757 2620 800 2650 de
830 2622 861 2651 L.
892 2623 924 2652 L.
952 2622 990 2657 X,
1018 2623 1036 2651 ἒξ)
1063 2622 1213 2661 (weng.)
1248 2625 1282 2651 ul
1315 2630 1408 2657 mim,
1447 2630 1541 2660 {secem
1562 2625 1719 2660 palamiis
1742 2628 1904 2650 essenon

129 2670 226 2704 hili,
260 2671 396 2700 dicimus
425 2670 574 2709 nihili,
608 2671 671 2707 sir,
706 2672 738 2701 in
766 2679 829 2710 quo
858 2674 1016 2710 palamiis
1040 2680 1104 2700 exse
1128 2672 1366 2709 nequit-rsimm„
1401 2671 1540 2700 dicimus
1565 2679 1752 2709 nequam:
1791 2678 1905 2708 neque

131 2721 223 2750 enim
257 2720 328 2750 veri
359 2719 470 2750 simile
506 2722 557 2750 est
583 2720 762 2751 Ciceronis
788 2722 823 2751 et
849 2721 1012 2751 Varronis
1036 2723 1150 2751 aetate
1176 2723 1364 2761 utrumque
1391 2722 1498 2760 {homo
1522 2722 1614 2751 nihili
1640 2722 1671 2751 et
1695 2721 1788 2750 homo
1811 2720 1908 2764 ¹nihil)

130 2778 242 2809 aeque
269 2771 433 2800 usitatum
460 2770 502 2800 ita
530 2769 653 2803 fuisse.
689 2772 723 2800 ut
757 2772 787 2801 in
822 2770 946 2801 eadem
981 2772 1156 2801 notatione
1183 2771 1269 2802 alter
1294 2771 1441 2801 alterum
1470 2771 1636 2811 posuerit.
1663 2769 1714 2801 Ad
1740 2770 1819 2800 nihil
1842 2769 1907 2800 de-

131 2820 345 2852 fendendum
372 2819 517 2851 Orellius
543 2819 659 2851 laudat
687 2821 740 2857 ΙΙΙ,
767 2821 806 2851 77
834 2822 920 2860 (eum
945 2821 1050 2852 nihil
1073 2822 1250 2852 hominis
1274 2822 1370 2860 esse),
1407 2822 1464 2861 qui
1490 2820 1586 2851 locus
1611 2820 1654 2851 ad
1680 2820 1770 2851 hanc
1796 2829 1907 2860 quae-

130 2870 280 2901 stionem
313 2877 418 2909 quain
450 2878 517 2900 non
550 2871 741 2910 pertineat,
779 2869 861 2901 nihil
887 2879 976 2910 opus
1002 2872 1053 2901 est
1079 2870 1228 2906 docere,
1258 2871 1310 2902 lY.
1339 2870 1378 2901 74
1408 2870 1459 2901 'de
1485 2879 1555 2909 quo
1581 2869 1656 2901 loco
1681 2878 1786 2910 supra
1811 2869 1854 2900 ad
1880 2871 1903 2907 l,

131 2920 170 2950 45
195 2918 292 2958 dixi),
320 2928 352 2959 p.
379 2920 490 2950 Sestio
515 2919 532 2958 ἓ
561 2919 638 2956 144,
667 2919 723 2950 ubi
750 2920 912 2950 Matthiae
938 2921 1012 2951 sine
1038 2920 1145 2951 dubio
1171 2923 1266 2951 ret-te
1286 2929 1325 2951 ex
1346 2920 1529 2951 Hotomani
1549 2920 1747 2951 coniectura
1766 2919 1906 2958 scripsit

130 2970 281 3008 auspicia
298 2986 343 2991 --
361 2969 452 2999 nihili
478 2970 611 3008 (Cicero
637 2972 695 3000 aut
719 2971 869 3009 genitivo
895 2971 1002 3000 utitur
1025 2973 1083 3001 aut
1110 2979 1172 3009 pro
1198 2971 1298 3000 nihilo
1323 2969 1414 3006 dicit]
1439 2973 1589 3008 putaret,
1616 2969 1659 3000 ad
1686 2969 1724 3007 Q.
1752 2969 1791 3000 t'r.
1820 2969 1844 3006 1,
1872 2970 1902 3005 ³2,

132 3017 192 3049 ⁴4:
218 3018 293 3049 Noli·
316 3022 480 3056 spectare,
509 3020 651 3057 quanti
674 3020 768 3050 homo
792 3021 852 3055 sic,·
877 3020 1004 3058 parvi
1028 3021 1113 3051 enim
1134 3020 1264 3058 prelii
1288 3022 1351 3057 est,
1379 3020 1434 3056 qui
1458 3019 1526 3050 iam
1550 3019 1658 3049 nihil
1681 3019 1737 3057 sil,
1765 3018 1823 3048 ubi
1852 3017 1903 3048 vel

130 3065 226 3099 lusus
252 3067 441 3099 verborum
467 3068 640 3105 eundern,
668 3070 725 3109 qui
751 3071 830 3100 ante
856 3069 909 3100 bis
936 3069 1068 3109 positus
1094 3072 1166 3105 est,
1194 3077 1314 3099 casum
1341 3069 1496 3108 requirit.
1532 3068 1644 3108 [Nihili
1670 3069 1737 3098 iarn
1763 3067 1904 3098 Lanibi-

133 3125 197 3148 nus
221 3118 370 3157 scripsit.
410 3117 507 3154 Mihi,
535 3118 699 3157 quoniam
726 3119 969 3150 coniunctivus
994 3118 1143 3149 causalis
1169 3119 1286 3157 (homo,
1314 3127 1385 3148 cum
1406 3118 1443 3157 is)
1470 3127 1537 3149 non
1564 3118 1670 3149 niodo
1691 3126 1758 3148 non
1779 3125 1904 3148 neces-

133 3169 246 3197 sarius
279 3168 350 3203 est,
385 3167 447 3197 sed
479 3168 594 3198 minus
626 3170 726 3208 aptus
759 3177 864 3208 quam
898 3169 1104 3200 indicatixus
1131 3168 1188 3207 (is,
1216 3167 1302 3206 qui),
1339 3167 1460 3198 nihils-il
1485 3177 1525 3199 ex
1551 3169 1693 3207 antiqua
1718 3167 1901 3207 scriptura,

134 3215 231 3247 cuius
256 3215 335 3247 cod.
356 3217 553 3255 Medic-eus,
581 3217 705 3248 harum
732 3217 957 3258 epistolarum
974 3218 1199 3258 archetypus,
1219 3215 1324 3248 multa
1344 3216 1450 3248 habet
1467 3218 1609 3257 vestigia
1630 3217 1682 3257 (cs.
1703 3216 1902 3248 Emendatt.

134 3273 170 3305 p.
198 3265 250 3296 ⁴8.
277 3265 317 3297 95
343 3274 422 3306 sqq.
451 3266 544 3306 424),
577 3267 699 3298 nihilist
723 3269 842 3299 natum
868 3276 945 3299 esse
971 3267 1120 3299 videtur.
1152 3266 1206 3298 Ad
1228 3267 1329 3298 Attic.
1356 3268 1387 3306 1,
1414 3267 1466 3306 49,
1491 3266 1522 3306 4,
1550 3267 1609 3298 ubi
1633 3266 1736 3308 vulgo
1759 3266 1901 3307 legitur:
