2249 3624
514 154 604 194 Lm.
636 154 685 193 ΙΙ.
726 153 822 194 ΟΑΡ.
850 152 1236 194 xxv—XXVIII.
1273 151 1332 206 §§
1365 148 1563 192 53-60.
1849 148 1930 190 539

162 268 283 310 silere
315 263 518 308 solerent,
550 274 700 301 canere
731 261 922 300 victores.
983 261 1071 300 Hoc
1103 261 1231 311 igitur
1261 274 1334 313 per
1366 259 1542 311 gallinas
1574 257 1761 312 Iuppiter
1792 263 1930 297 tantae

161 327 314 371 civitati
352 326 517 377 signum
559 322 713 363 dabat?
773 326 836 362 An
878 324 974 363 illae
1016 338 1136 369 aves,
1179 324 1256 363 nisi
1291 338 1382 363 cuni
1416 324 1626 367 vic-erunt,
1667 334 1814 360 canere
1848 334 1931 359 non

160 390 324 433 solent?
364 389 417 426 At
449 393 535 426 tum
568 387 786 432 canebant,
820 400 893 426 nec
927 388 1135 432 viccrant;
1168 388 1207 425 id
1241 387 1351 425 enini
1385 392 1459 432 est,
1493 385 1673 438 inquies,
1707 390 1931 423 ostentum.

158 456 353 506 Magnum
385 462 503 494 vere,
537 449 653 501 quasi
687 450 843 501 pisceS,
877 462 958 488 non
993 450 1089 500 galli
1124 450 1367 488 cecinerint.
1411 448 1533 496 Quod
1566 453 1702 487 autem
1736 452 1799 485 est
1831 452 1934 484 tein-

157 530 249 571 pus,
282 527 366 568 quo
398 512 458 552 illi
491 524 575 550 non
608 517 792 558 cantent,
826 512 890 550 vel
925 519 1175 551 nocturnum
1199 512 1261 551 vel
1287 512 1516 551 diurnum?
1550 510 1672 558 Quod
1697 510 1728 548 si
1754 509 1965 548 victor-ess

157 578 368 620 alacritate
401 580 441 614 et
473 573 591 626 quasi
624 573 782 612 laetitia
813 574 863 612 ad
898 574 1130 614 canendum
1165 575 1413 619 cxcitantur,
1448 574 1582 626 putuit
1615 572 1819 611 accidisse
1853 570 1933 609 alia

158 652 326 694 quoque
367 637 547 682 laetitia,
589 633 672 688 qua
711 634 762 674 ad
800 643 964 675 cantum
1006 644 1287 676 moverentur.
1348 636 1413 675 557.
1457 635 1721 675 Democritus
1762 634 1933 686 quidem

157 701 341 755 optumis
383 698 523 739 verbis
565 710 733 736 causam
774 699 955 750 explicat
999 706 1197 738 curante
1231 700 1364 738 lucem
1398 700 1494 749 galli
1526 704 1688 737 canant.
1749 696 1934 748 llepulso

157 765 266 806 enim
299 763 350 802 de
382 767 550 815 pectore
583 766 623 799 et
654 761 696 800 in
729 774 851 799 omne
885 774 1034 813 corpus
1068 762 1202 800 diviso
1225 767 1264 800 et
1289 762 1503 800 mitificato
1524 761 1613 799 cibo
1638 766 1783 799 cantus
1807 759 1932 798 edere

157 826 296 880 quiete
328 825 523 869 satiatos;
567 824 637 875 qui
671 823 839 875 quidem
873 823 1098 863 silentio
1134 825 1333 869 noctis,
1378 831 1418 862 ut
1451 825 1505 862 ait
1538 823 1720 868 Ennius,
1754 822 1798 861 sa
1814 827 1984 860 ventio

154 888 396 929 faucibus
438 886 603 925 russis
643 892 797 924 cantu
843 886 1143 939 plausuque
1183 892 1420 939 premunt
1461 887 1584 925 alas.
1663 886 1762 924 (Iuni
1808 885 1934 935 igitur

153 951 233 991 hoc
271 948 424 989 animal
464 954 545 987 tani
579 949 631 987 sit
662 961 863 987 canorum
896 962 971 988 sua
1003 955 1175 1002 sponte,
1221 949 1322 1001 quid
1366 949 1403 987 in
1448 954 1625 987 mentem
1666 948 1779 986 venit
1811 946 1934 985 Calli-

154 1014 291 1054 stheni
333 1011 472 1050 dicere
513 1010 612 1050 deos
645 1011 764 1061 gallis
805 1011 971 1062 signum
1012 1012 1176 1052 dedisse
1220 1011 1439 1058 cantandi,
1487 1024 1579 1049 cum
1613 1010 1654 1048 id
1688 1009 1752 1048 vel
1787 1015 1934 1048 natura

155 1076 221 1117 vel
253 1088 374 1116 casus
406 1073 573 1114 efficere
606 1074 841 1125 potuisset?

271 1137 442 1177 XXVII.
475 1134 542 1174 58.
576 1136 789 1187 Sanguine
822 1136 980 1188 pluisse
1011 1137 1175 1176 senatui
1207 1137 1443 1176 nuntiatum
1476 1141 1556 1182 est,
1590 1136 1779 1174 Atratum
1809 1134 1985 1173 etiamis

154 1202 324 1243 fluvium
357 1199 531 1239 fluxisse
563 1199 789 1250 sanguine,
831 1199 1007 1238 deorum
1047 1199 1222 1239 sudasse
1255 1199 1491 1239 simulacra.
1552 1200 1658 1238 Num
1691 1211 1838 1237 censes
1872 1196 1934 1236 liis

153 1264 313 1305 nuntiis
352 1261 511 1302 Thalen
554 1267 625 1300 aut
667 1263 946 1315 Anaxagoran
991 1268 1063 1302 aut
1111 1275 1365 1316 quemquam
1414 1262 1631 1315 physicum
1677 1261 1934 1300 crediturum

153 1327 315 1368 fuisse?
362 1337 439 1365 nee
482 1323 591 1363 enim
633 1325 803 1376 sanguis
844 1338 922 1365 nec
961 1325 1089 1364 sudor
1130 1325 1210 1364 nisi
1253 1339 1274 1364 e
1314 1338 1501 1377 corpore.
1564 1325 1643 1363 Sed
1685 1331 1726 1364 et
1765 1324 1935 1364 decolo-

154 1390 261 1431 ratio
302 1386 508 1441 quaedam
553 1399 605 1425 ex
645 1386 788 1440 aliqua
829 1388 1080 1440 contagione
1124 1393 1288 1428 terrena
1329 1400 1524 1426 maxume
1566 1393 1702 1440 potest
1739 1386 1934 1439 sanguini

155 1451 306 1493 similis
340 1462 449 1496 esse,
483 1454 524 1488 et
553 1449 706 1488 humor
736 1450 933 1503 adlapsus
967 1450 1243 1497 extrinsecus,
1275 1456 1321 1489 ut
1353 1451 1392 1489 in
1426 1450 1610 1489 tectoriis
1643 1449 1831 1489 videmus
1862 1462 1935 1488 au-
1949 1455 1985 1484 20

155 1521 262 1561 stro,
304 1512 501 1553 sudorem
543 1512 707 1551 videtur
744 1513 912 1552 imitari.
972 1514 1109 1566 Atque
1153 1513 1256 1552 haec
1296 1513 1339 1552 in
1379 1512 1491 1552 bello
1533 1512 1652 1565 plura
1695 1518 1735 1552 et
1776 1513 1935 1551 maiora

153 1578 352 1618 videntur
383 1574 649 1621 timentibus,
683 1575 829 1614 eadem
862 1589 944 1615 non
977 1581 1058 1615 tam
1092 1576 1480 1615 animadvertuntur
1511 1574 1553 1613 in
1587 1587 1703 1626 pace.
1764 1574 1936 1613 Accedit

152 1640 257 1681 illud
289 1640 438 1684 etiam,
481 1637 591 1690 quod
624 1638 667 1676 in
700 1644 814 1677 metu
845 1644 885 1677 et
917 1639 1104 1691 periculo
1141 1652 1236 1677 cum
1274 1638 1501 1677 creduntur
1538 1636 1699 1676 facilius
1739 1643 1825 1676 tum
1860 1637 1935 1675 fin—

154 1708 310 1757 guntur
339 1701 553 1753 inpunius.
614 1698 681 1740 59.
722 1702 805 1740 Nos
845 1707 981 1741 autem
1023 1702 1080 1741 ita
1121 1700 1234 1739 leves
1272 1706 1399 1752 atque
1438 1699 1736 1739 inconsiderati
1777 1712 1935 1745 sumus,

153 1771 199 1806 ut
230 1764 264 1804 si
297 1775 434 1802 mures
467 1762 720 1802 corroserint
751 1763 933 1816 aliquid,
967 1777 1146 1816 quorum
1180 1768 1242 1802 est
1274 1776 1379 1815 opus
1412 1763 1490 1801 hoc
1522 1776 1666 1808 unum,
1699 1768 1934 1802 monstrum
1949 1770 1985 1798 25

153 1827 378 1881 putemus?
438 1827 546 1864 Ante
586 1838 683 1864 vero
717 1826 943 1865 Marsicum
982 1827 1137 1866 bellum
1179 1826 1293 1878 quod
1331 1826 1490 1878 clipeos
1523 1825 1723 1871 Lanuvii,
1764 1830 1863 1863 uta
1897 1830 1934 1863 te

155 1890 308 1930 dictum
351 1893 434 1935 est,
476 1900 613 1927 mures
646 1888 871 1936 rosissent‚
915 1902 1154 1928 maxumum
1199 1888 1239 1926 id
1277 1893 1517 1940 portentum
1558 1887 1803 1941 haruspices
1845 1900 1935 1926 esse

158 1954 369 1993 dixerunt.
431 1950 562 1998 Quasi
607 1963 705 1990 vero
747 1953 971 2005 quicquam
1017 1952 1206 1996 intersit,
1250 1964 1389 1989 mures
1430 1951 1537 1989 diem
1575 1956 1738 1989 noctem
1776 1949 1936 2001 aliquid

153 2015 354 2056 rodentes
387 2019 505 2054 scuta
535 2026 588 2052 an
621 2013 756 2053 cribra
789 2014 1057 2054 corroserint.
1119 2015 1220 2052 Nam
1254 2014 1287 2052 si
1321 2014 1397 2052 ista
1429 2015 1666 2065 sequimur,
1699 2012 1812 2065 quod
1848 2012 1937 2051 Pla—

154 2079 263 2120 tonis
296 2077 475 2118 Politian
516 2090 650 2129 nuper
690 2077 800 2130 apud
843 2090 908 2116 nie
942 2091 1082 2116 mures
1116 2082 1406 2122 corros-vrum,
1451 2076 1502 2114 de
1535 2089 1578 2115 re
1613 2076 1777 2128 publica
1810 2076 1986 2115 debui30

155 2141 481 2195 pertimescere;
523 2146 592 2179 aut
632 2140 665 2179 si
709 2141 878 2193 Epicuri
921 2141 970 2179 de
1005 2139 1228 2191 Voluptate
1267 2139 1372 2178 liber
1407 2152 1528 2178 rosus
1569 2146 1701 2185 esset,
1742 2145 1934 2192 putarem

155 2216 364 2244 annonam
396 2203 438 2241 iu
470 2201 644 2242 macello
678 2205 879 2242 cariorem
912 2202 1015 2242 fore.

271 2265 462 2304 XXVIII.
504 2262 571 2303 60.
602 2267 666 2304 An
699 2278 796 2304 vero
828 2265 899 2305 illa
932 2280 1007 2305 nos
1039 2271 1216 2311 terrent,
1250 2266 1282 2304 si
1317 2265 1485 2319 quando
1518 2265 1657 2317 aliqua
1691 2270 1936 2318 portentosa

155 2334 226 2370 aut
258 2341 312 2368 ex
343 2326 501 2381 pecude
532 2334 605 2367 aut
636 2341 689 2367 ex
720 2328 890 2367 homine
923 2334 1019 2367 nata
1052 2328 1274 2368 dicuntur?
1319 2342 1498 2380 quorum
1532 2328 1742 2374 oninium,
1775 2341 1826 2366 ne
1859 2327 1937 2368 sim

155 2391 333 2443 longior,
365 2402 448 2430 una
480 2390 583 2429 ratio
617 2397 690 2430 est.
745 2390 961 2444 Quidquid
997 2391 1106 2430 enim
1141 2392 1285 2436 oritur,
1319 2390 1626 2443 qualecumque
1660 2396 1734 2435 est,
1767 2403 1934 2429 causam
1950 2395 1988 2425 35

157 2453 308 2494 habeat
337 2466 359 2493 a
391 2458 540 2492 natura
570 2466 743 2493 necesse
775 2459 859 2500 est,
890 2459 934 2493 ut
964 2454 1089 2493 etiam
1119 2453 1152 2492 si
1176 2459 1340 2506 praeter
1363 2452 1711 2492 consuetudinem
1737 2452 1936 2498 extiterit,

243 2647 274 2677 4.
302 2646 439 2677 solerent
465 2646 509 2677 C:
536 2646 637 2677 solen!
662 2646 706 2678 0:
734 2645 776 2677 cs.
805 2647 828 2683 1,
847 2647 867 2687 ἓ
885 2645 926 2677 74
953 2664 986 2669 —
1014 2646 1218 2686 yollinoceos
1243 2645 1402 2676 Davisius
1428 2662 1462 2666 —-
1490 2649 1604 2675 tantae
1626 2645 1758 2676 ciuitati
1784 2645 1828 2676 C:
1857 2645 1934 2677 sort.

158 2699 270 2728 tantae
292 2698 340 2727 ret=
364 2697 492 2727 civitati
529 2713 563 2718 —
604 2697 622 2728 '2
663 2699 719 2727 aut
753 2706 847 2733 aves,
875 2706 949 2728 cum
982 2697 1231 2734 scmhendurn,
1268 2699 1325 2726 aut
1357 2696 1480 2726 (licei-o
1519 2704 1642 2735 parum
1679 2698 1781 2726 acute
1814 2694 1938 2736 dispu—

157 2748 250 2779 tasse
276 2747 484 2779 iudicandus
510 2749 563 2778 est
591 2765 625 2769 —
651 2749 791 2778 uicerint
815 2748 892 2778 1320
918 2764 953 2769 —
983 2748 1012 2778 3.
1041 2752 1074 2777 a!
1098 2756 1170 2777 cum
1198 2750 1221 2777 A
1244 2764 1278 2767 —
1306 2747 1335 2776 5.
1364 2747 1420 2784 qui
1447 2747 1492 2776 elli
1519 2743 1557 2774 Y¹
1581 2764 1612 2767 -
1641 2746 1671 2776 6.
1694 2750 1723 2776 et
1748 2754 1817 2776 om.
1846 2749 1868 2776 A
1896 2763 1939 2767 —

158 2796 189 2828 8.
216 2800 351 2828 cantant
377 2798 444 2833 AV,
471 2800 604 2828 cantent
630 2796 765 2837 Erlang.
795 2814 830 2818 —
858 2798 889 2827 9.
918 2797 1022 2827 diuiso
1048 2801 1076 2827 ef
1100 2798 1286 2834 modificalo
1311 2796 1364 2832 W,
1391 2796 1496 2826 dirisc)
1521 2797 1691 2835 mit1ficalo
1717 2796 1938 2826 Foertschius

158 2844 180 2878 l.
206 2845 227 2878 l.
255 2847 321 2887 p.7
361 2862 395 2868 —
435 2847 514 2886 cybo
539 2850 563 2879 A
603 2865 637 2869 -—
676 2848 727 2879 40.
755 2848 898 2878 sociatos
924 2850 946 2878 A
988 2865 1022 2869 —-
1064 2847 1160 2878 Ennii
1192 2846 1299 2876 verba
1329 2846 1481 2877 Ribbeck
1514 2847 1557 2876 ita
1590 2846 1623 2876 in
1655 2854 1822 2876 numeros
1853 2854 1938 2875 ana-

158 2898 332 2937 paesticos
357 2896 511 2937 redegit,
547 2899 584 2928 ut
608 2899 687 2928 ante
713 2898 848 2934 favent:
873 2898 1019 2937 gallique
1048 2898 1219 2937 scriptun]
1253 2897 1358 2927 tuisse
1391 2898 1559 2926 statueret
1599 2912 1633 2917 -
1672 2896 1724 2925 tt.
1752 2898 1852 2925 cantu
1877 2892 1935 2924 ΥΞ.

159 2950 275 2978 cantus
300 2946 396 2978 ABV¹
422 2965 457 2969 —
492 2947 652 2986 lausuque
676 2946 745 2978 ΑΨ
773 2964 807 2969 -
843 2948 894 2978 45.
922 2947 1082 2987 sanyuine
1108 2946 1189 2977 edd.
1218 2948 1314 2976 teth:
1341 2946 1535 2985 sanguinem
1561 2945 1625 2975 CO
1653 2961 1686 2966 —
1722 2944 1773 2974 46.
1800 2944 1939 2983 sangui«

159 3005 232 3028 nem
250 2997 301 3028 AB
330 3014 363 3019 —
389 3006 469 3027 num
493 2997 524 3027 in
544 3005 611 3028 ras.
632 2999 655 3028 A
686 3013 721 3019 -
749 2997 1063 3036 «¹7.A11m0901·am
1088 2998 1112 3027 O
1143 3014 1174 3018 —-
1204 3003 1390 3035 quenquam
1416 2995 1471 3025 AV
1500 3013 1533 3017 —
1562 2994 1602 3026 48
1642 3003 1823 3032 &corpore
1848 2997 1871 3024 A
1902 3011 1935 3015 —

159 3054 296 3085 corpore
318 3049 365 3077 est
388 3047 465 3078 V2O
493 3064 526 3069 -
558 3048 608 3078 49.
634 3048 805 3087 sanyuinis
831 3048 851 3077 Β
881 3065 914 3069 —
943 3047 995 3077 ΞΟ.
1022 3056 1119 3077 umor
1143 3046 1182 3077 Α1
1210 3063 1243 3067 -
1275 3046 1324 3076 22.
1352 3049 1464 3074 notam
1490 3043 1529 3076 Αι
1557 3062 1590 3066 -
1618 3044 1671 3075 24.
1699 3044 1768 3073 leue
1792 3052 1856 3074 esse
1882 3047 1938 3073 a!-

161 3104 222 3135 que
245 3096 285 3126 V¹
311 3113 344 3118 —
378 3097 626 3128 inconsideratis
651 3097 702 3133 V1,
734 3097 1008 3127 inronsiderantis
1032 3095 1072 3125 W
1098 3113 1132 3117 —
1169 3096 1221 3126 26.
1248 3095 1378 3133 clypeos
1401 3094 1425 3125 Ο
1462 3111 1493 3116 ——
1536 3094 1587 3125 Ξῖ.
1615 3098 1659 3124 est
1683 3095 1806 3124 dir-tum
1831 3093 1935 3124 codd.

161 3144 246 3176 dett.
273 3146 398 3177 Moseri
421 3147 446 3177 O
486 3163 520 3168 —
558 3147 713 3176 rosisse-n!
738 3145 778 3177 Α2
793 3144 849 3175 V'2:
884 3149 1007 3176 rossent
1031 3147 1087 3182 Αἱ,
1123 3148 1223 3175 essent
1250 3144 1302 3181 13¹,
1338 3147 1468 3183 possent
1492 3143 1549 3181 V',
1588 3149 1679 3174 nocte
1702 3147 1804 3174 essent
1836 3142 1873 3174 [32
1896 3162 1937 3166 -

161 3193 235 3235 esse]
253 3195 279 3225 si
295 3193 333 3226 Αι
353 3212 387 3217 -—
414 3196 466 3227 28.
487 3196 669 3235 quidquam
685 3195 709 3226 Ο
730 3212 765 3217 -
794 3196 920 3234 aliquid
943 3195 1058 3226 radent
1081 3203 1222 3233 quorum
1247 3198 1293 3225 esc
1316 3203 1397 3232 opus
1420 3203 1465 3224 an
1489 3194 1600 3224 cribra
1625 3194 1651 3223 V
1671 3210 1711 3215 -—
1737 3193 1938 3224 corroserint

161 3242 224 3274 V2:
255 3246 452 3276 correserint
476 3248 499 3277 A
518 3246 539 3276 Β
555 3242 594 3275 V¹
622 3263 655 3268 —
685 3245 737 3277 30.
764 3246 916 3276 Polittam
940 3246 965 3277 O
991 3261 1028 3268 —
1057 3245 1109 3276 31.
1135 3252 1288 3275 corrosus
1312 3244 1388 3275 ΨΟ
1409 3262 1443 3266 -
1471 3243 1523 3275 33.
1546 3248 1763 3284 portentuosa
1788 3244 1937 3275 klotzius

165 3311 200 3318 —-
226 3293 275 3326 35.
306 3296 461 3335 quicquid
484 3295 542 3327 AV
569 3311 604 3319 —
632 3295 685 3328 36.
710 3299 746 3327 ut
771 3303 840 3328 om.
861 3294 913 3327 V¹.
