2249 3624
546 117 633 156 Lm.
665 115 716 155 11.
757 112 855 155 CAP.
886 113 1189 155 xviii-xx.
1228 111 1288 166 §5
1319 111 1515 153 46—52.
1833 110 1915 151 445

143 226 227 267 duo
259 224 342 265 sint
373 235 527 277 genera
558 221 765 268 siderum,
797 235 974 274 quorum
1008 220 1183 260 alterum
1220 220 1366 273 spatiis
1399 218 1713 259 inmutabilibus
1745 217 1796 258 ab
1828 223 1919 258 ortu

142 289 195 330 ad
236 300 429 328 occasum
471 298 710 325 commeans
753 285 916 324 nullum
956 298 1154 338 umquam
1192 297 1337 323 cursus
1371 284 1435 322 sui
1467 282 1685 334 vestigium
1724 282 1919 328 inflectat,

143 351 318 392 alterum
361 353 500 389 autem
548 348 770 387 continuas
811 347 1108 386 conversiones
1149 347 1250 385 duas
1294 346 1425 385 isdem
1463 345 1610 398 spatiis
1643 345 1920 396 cursibusque

145 412 357 460 conficiat,
390 425 443 450 ex
474 415 652 463 utraque
683 423 727 448 re
760 414 801 449 et
832 409 978 448 mundi
1002 409 1262 455 volubilitas,
1295 423 1401 461 quae
1429 409 1508 448 nisi
1532 408 1573 447 iii
1596 407 1767 457 globosa
1790 405 1921 445 forma

145 488 237 516 esse
267 488 352 514 non
383 478 546 527 posset,
580 477 621 511 et
652 471 866 510 stellarum
899 471 1069 510 rutundi
1101 472 1280 511 ambitus
1302 476 1626 523 cognoscuntur.
1672 470 1953 522 l’riniusquess

145 537 231 586 sol,
263 537 335 590 qui
366 542 572 576 astrorum
604 539 719 573 tenet
750 533 1050 587 principamini,
1094 534 1150 572 ita
1182 539 1391 581 movetur,
1425 539 1490 580 ut,
1522 548 1614 573 cuni
1646 538 1777 572 terras
1809 532 1923 585 larga

142 600 234 640 luce
266 597 557 653 compleverit,
590 595 758 635 easdem
793 595 916 633 modo
951 595 1037 641 liis,
1070 595 1195 634 modo
1231 596 1312 635 illis
1336 610 1389 636 ex
1412 597 1600 649 partibus
1624 600 1798 649 opacet3
1832 596 1923 648 ipsa

144 662 255 702 enim
288 662 435 702 umbra
466 665 600 699 terrae
633 657 711 697 soli
735 656 927 696 osticiens
959 663 1123 697 nortem
1150 657 1293 698 eflicit.
1339 660 1645 699 Nocturnoi-um
1669 664 1806 699 autem
1830 671 1924 710 spa-

142 725 294 765 tiorum
336 723 483 763 eadem
525 725 588 761 est
628 720 903 773 aequabilitas
935 732 1041 772 quae
1074 720 1339 768 diurnorum,
1382 721 1660 775 eiusdemque
1699 722 1801 762 solis
1835 727 1923 761 tum

142 799 334 827 accessus
375 785 554 830 modici,
596 788 682 823 tum
723 796 913 822 recessus
946 787 986 821 et
1020 781 1190 835 frigoris
1222 788 1263 822 et
1293 784 1443 823 caloris
1477 785 1645 824 modum
1677 789 1922 838 temperant.
1939 790 1974 819 ⁴0

144 849 393 889 Circumitus
426 847 539 888 enim
571 845 673 885 solis
705 845 868 884 orbium
900 858 926 884 v
957 850 998 883 et
1029 859 1082 884 Lx
1115 850 1155 884 et
1187 858 1260 885 ccc
1293 852 1439 899 quarta
1469 846 1554 886 sere
1588 847 1671 886 diei
1704 852 1821 900 parte
1852 848 1924 887 ad-

144 911 229 952 dita
260 911 578 951 conversionem
612 905 839 948 conficiunt
881 920 1084 955 annuam,
1125 909 1341 948 inflectens
1373 915 1513 949 autem
1545 910 1606 949 sol
1638 923 1804 950 cursum
1835 915 1923 950 tum

143 972 196 1014 ad
229 974 558 1027 septentriones,
597 975 683 1011 tum
717 969 769 1009 ad
808 969 1024 1010 meridiem
1057 975 1236 1011 aestates
1268 977 1309 1010 et
1339 971 1499 1011 hiemes
1531 970 1657 1012 efficit
1688 979 1729 1012 et
1759 986 1808 1013 ea
1839 972 1923 1012 duo

144 1041 351 1089 tempora,
393 1048 571 1089 quorum
603 1034 780 1073 alterum
816 1032 945 1071 hieini
979 1034 1214 1073 senescenti
1247 1034 1490 1074 adiunctum
1523 1040 1603 1081 est,
1643 1036 1820 1076 alterum
1856 1049 1924 1075 ae-

144 1099 254 1139 stati.
306 1099 366 1138 Ita
398 1111 451 1137 ex
482 1101 682 1151 quattuor
713 1101 949 1148 temporum
982 1096 1285 1136 mutationibus
1317 1098 1526 1145 omnium,
1559 1111 1667 1151 quae
1700 1104 1807 1139 teri-a
1839 1105 1976 1139 [ηδ-45

143 1161 265 1215 rique
296 1161 545 1214 gignuntur,
576 1159 697 1198 initia
729 1171 962 1211 causaeque
989 1158 1213 1198 ducuntur.
1264 1158 1330 1198 50.
1362 1160 1447 1199 Iam
1471 1160 1571 1200 solis
1593 1174 1756 1201 annuos
1778 1174 1923 1201 cursus

144 1223 290 1276 spatiis
322 1222 546 1262 menstruis
579 1222 677 1261 luna
708 1221 999 1273 consequitur,
1030 1221 1149 1261 cuius
1180 1222 1474 1262 tenuissimum
1502 1223 1641 1263 lumen
1664 1223 1761 1263 facit
1784 1224 1924 1277 proxi-

144 1299 236 1326 mus
268 1298 462 1326 accessus
485 1285 536 1324 ad
557 1284 701 1330 solem,
734 1282 945 1335 digressus
967 1288 1104 1322 autem
1128 1283 1398 1336 longissimus
1420 1285 1599 1340 quisque
1622 1287 1924 1340 plenissimum.

143 1349 294 1401 Neque
326 1348 462 1387 solum
494 1347 583 1386 eius
615 1346 775 1400 species
807 1358 854 1384 ac
884 1344 1017 1384 forma
1048 1351 1234 1386 mutatur
1259 1352 1345 1386 tum
1369 1348 1611 1396 crescendo,
1644 1354 1733 1388 tum
1755 1349 1926 1389 desecti-

145 1410 224 1450 bus
256 1411 298 1450 in
331 1410 449 1450 initia
481 1407 758 1455 recurrendo,
800 1407 871 1447 sed
906 1408 1031 1447 etiam
1063 1409 1197 1460 regio,
1237 1423 1346 1462 quae
1378 1415 1463 1449 tum
1496 1415 1559 1450 est
1588 1411 1803 1463 aquilonia
1835 1416 1924 1451 tum
1940 1418 1976 1448 20

144 1473 352 1513 australis.
404 1473 498 1512 Inde
528 1472 570 1511 in
601 1471 725 1510 lunae
759 1483 929 1524 quoque
961 1484 1084 1510 cursu
1119 1476 1182 1510 est
1212 1477 1252 1511 et
1273 1472 1445 1511 brumae
1467 1472 1672 1526 quaedam
1696 1478 1737 1512 et
1759 1474 1925 1513 solstitii

145 1536 397 1583 similitudo,
430 1535 644 1586 multaque
676 1533 726 1572 ab
761 1546 810 1572 ea
840 1537 1011 1572 manant
1043 1538 1083 1572 et
1113 1534 1266 1580 fluunt,
1300 1534 1454 1587 quibus
1487 1541 1526 1574 et
1556 1536 1788 1575 animantes
1810 1536 1925 1576 alan-

144 1602 212 1638 tur
232 1603 542 1651 augescantque
565 1602 606 1636 et
627 1596 857 1650 pubescant
878 1596 1245 1649 maturitatemque
1267 1597 1570 1650 adsequantur,
1599 1611 1707 1652 quae
1731 1599 1926 1639 oriuntur

145 1674 168 1701 e
198 1667 321 1701 terra.
381 1661 474 1700 XX.
507 1656 575 1698 51.
608 1660 803 1699 Maxume
837 1672 933 1698 vero
966 1664 1063 1698 sunt
1092 1659 1361 1699 admirabiles
1393 1666 1531 1700 motus
1564 1674 1707 1701 earum
1735 1662 1925 1716 quinque

146 1723 382 1770 stellarum,
414 1735 522 1775 quae
554 1721 660 1761 falso
693 1727 897 1761 vocantur
927 1727 1126 1761 errantes.
1172 1722 1284 1762 Nihil
1316 1724 1427 1763 enim
1451 1730 1580 1772 errat,
1614 1725 1725 1778 quod
1747 1726 1789 1764 in
1812 1726 1925 1765 omni
1941 1732 1977 1760 25

146 1787 390 1826 aeternitate
421 1789 641 1825 conservat
670 1797 917 1837 progressus
940 1790 979 1823 et
1000 1796 1214 1835 regressus
1236 1785 1510 1839 reliquosque
1536 1792 1673 1827 motus
1696 1789 1925 1829 constantis

148 1853 188 1888 et
225 1854 352 1888 ratos.
405 1848 529 1897 Quod
569 1860 617 1887 eo
660 1852 722 1887 est
762 1847 1048 1887 admirabilius
1081 1848 1122 1886 in
1154 1847 1220 1887 his
1252 1847 1405 1896 stellis,
1447 1862 1550 1902 quas
1583 1850 1783 1898 dicimus,
1827 1852 1925 1904 quia

147 1917 235 1952 tum
267 1912 547 1959 occultantur,
579 1916 666 1950 tum
698 1924 841 1950 rursus
867 1910 1123 1963 aperiuntur,
1155 1915 1241 1949 tum
1264 1911 1443 1958 adeunt,
1475 1918 1560 1951 tum
1583 1914 1804 1962 recedunt,
1836 1920 1923 1954 tum

149 1975 422 2021 antecedunt,
464 1980 548 2013 tum
591 1978 729 2013 autem
763 1973 1092 2025 subsequuntur,
1129 1978 1215 2012 tuni
1249 1974 1427 2013 celerius
1459 1982 1692 2023 moventur,
1726 1982 1812 2016 tum
1843 1982 1926 2017 tar-

150 2037 268 2086 dius,
309 2043 394 2078 tum
428 2037 599 2076 omnino
637 2050 689 2076 ne
720 2040 944 2075 moventur
974 2030 1164 2088 quidem,
1197 2037 1270 2076 sed
1302 2037 1354 2076 ad
1386 2038 1598 2091 quoddam
1630 2043 1795 2092 tempus
1826 2040 1976 2080 insi-30

146 2103 274 2139 stunt.
331 2100 517 2147 Quarum
559 2114 611 2139 ex
654 2099 893 2152 disparibus
931 2098 1185 2138 motionibus
1226 2112 1423 2151 magnum
1455 2113 1610 2140 annum
1643 2101 1926 2143 mathematici

146 2163 334 2202 nominax
346 2168 487 2210 erunt,
520 2163 591 2215 qui
625 2166 712 2201 tum
745 2161 941 2208 eflicitur,
974 2175 1068 2200 cum
1095 2162 1196 2201 solis
1219 2168 1257 2201 et
1280 2162 1402 2203 lunae
1425 2169 1466 2203 et
1488 2165 1674 2217 quinque
1698 2166 1925 2205 errantium

147 2225 199 2265 ad
240 2226 415 2266 eandem
455 2226 561 2265 inter
606 2239 650 2266 se
689 2225 1045 2278 comparationem
1086 2224 1289 2264 confectis
1327 2227 1516 2266 omnium
1547 2228 1694 2280 spatiis
1726 2232 1790 2268 est
1818 2227 1927 2268 facta

147 2289 381 2329 conversio.
440 2286 507 2328 5⁴2.
541 2288 659 2336 Quae
701 2301 827 2342 quam
868 2287 992 2340 longa
1034 2289 1109 2336 sit,
1153 2301 1303 2340 magna
1344 2290 1533 2342 quaestio
1574 2295 1656 2338 est,
1702 2304 1794 2331 esse
1825 2304 1925 2331 vero

148 2355 302 2392 certam
343 2356 384 2391 et
420 2349 634 2391 definitam
674 2364 846 2392 necesse
884 2357 960 2390 est.
1019 2352 1122 2391 Nam
1162 2365 1229 2399 ea,
1271 2366 1379 2406 quae
1422 2353 1589 2393 Saturni
1621 2354 1744 2395 stella
1774 2354 1976 2394 dicitur35

236 2550 268 2582 2.
295 2559 415 2581 currus
440 2548 479 2580 V¹
506 2567 541 2572 -
567 2548 598 2580 3.
625 2549 708 2580 duas
731 2557 801 2580 om.
828 2550 852 2580 P
875 2566 918 2572 —
942 2548 973 2581 4.
1000 2550 1163 2589 confeciat
1187 2551 1246 2589 (iat
1270 2551 1304 2582 in
1328 2559 1397 2583 ras.
1424 2560 1472 2583 m.
1497 2552 1583 2591 sec.)
1607 2553 1654 2589 Α;
1687 2554 1855 2594 conficiat
1877 2553 1921 2593 B3

150 2600 313 2640 confectat
336 2601 359 2632 C
376 2601 461 2637 EP3
488 2599 636 2640 confecta
659 2600 688 2630 V
715 2617 750 2621 »-
778 2601 809 2631 5.
833 2603 937 2639 potest
961 2599 1039 2631 cod.
1061 2599 1311 2640 Glogaviensis.
1336 2619 1369 2622 -
1398 2601 1427 2633 6.
1455 2605 1537 2633 tenet
1562 2611 1651 2634 corr.
1680 2612 1721 2634 ex
1745 2605 1823 2636 teuit
1839 2605 1868 2635 V
1888 2622 1923 2628 -

150 2650 182 2682 7.
208 2649 266 2691 his]
291 2651 331 2682 iis
353 2650 381 2681 V
408 2667 442 2672 -
469 2650 500 2682 8.
528 2650 671 2691 officiens
695 2658 787 2681 corr.
814 2659 856 2681 ex
880 2650 1021 2690 efficiens
1045 2650 1072 2680 V
1100 2667 1133 2671 -
1161 2650 1192 2681 0.
1219 2651 1405 2689 aequalitas
1431 2652 1620 2693 (superscr.
1647 2653 1688 2693 bi)
1715 2654 1740 2686 C
1767 2672 1802 2677 —
1829 2656 1926 2687 diur-

150 2709 269 2732 norum
292 2709 383 2732 corr.
410 2709 451 2732 ex
476 2700 671 2732 diurnorum
695 2700 762 2731 AV
789 2718 824 2722 —
853 2700 904 2731 to.
930 2700 1050 2731 modici
1073 2703 1142 2731 lum
1164 2709 1308 2732 recessus
1331 2710 1401 2733 om.
1430 2703 1453 2733 C
1483 2721 1517 2724 —
1549 2712 1624 2734 cum
1648 2703 1689 2733 V¹
1716 2723 1750 2727 —
1778 2705 1830 2737 Μ.
1857 2706 1926 2737 cir-

150 2751 290 2781 cumitus
312 2751 337 2781 Α
354 2751 376 2781 Β
391 2749 479 2781 PV:
505 2749 663 2781 circuitus
680 2750 704 2781 C
722 2750 745 2781 E
760 2750 797 2782 O.
826 2749 876 2781 Cf.
903 2749 920 2789 S
946 2750 1021 2781 455.
1043 2767 1077 2771 —
1105 2750 1249 2790 quinque
1271 2754 1300 2781 et
1322 2752 1500 2792 set-aginta
1523 2755 1553 2783 et
1575 2754 1709 2785 trecenti
1732 2755 1801 2786 Iac.
1821 2755 1926 2786 Cuia-

151 2801 248 2832 cius:
277 2800 422 2839 quinque
444 2802 473 2830 ct
496 2800 675 2840 sexaginta
698 2803 726 2831 ct
750 2803 970 2831 trecentorum
987 2800 1013 2830 Α
1028 2800 1051 2830 Β
1065 2799 1115 2836 V;
1143 2802 1286 2840 quinque
1302 2802 1476 2841 defectibus
1493 2806 1522 2833 et
1545 2805 1722 2844 sexaginta
1746 2808 1775 2836 et
1798 2807 1926 2837 trecen—

151 2853 259 2882 torum
283 2850 307 2882 C
325 2860 331 2888 ;
357 2850 502 2890 quinque
525 2850 698 2889 defectibus
720 2850 900 2890 sescayinta
923 2853 952 2881 et
975 2849 1191 2881 tricentorum
1207 2851 1254 2888 E;
1281 2853 1424 2890 quinque
1447 2852 1620 2891 defectibus
1638 2858 1684 2885 est
1703 2858 1732 2886 et
1748 2857 1927 2896 sexaginta

151 2904 180 2932 et
202 2903 421 2932 trecentorum
444 2902 467 2932 P
496 2918 531 2923 -
558 2900 610 2932 43.
635 2902 866 2940 septentriones
889 2901 938 2931 V:
964 2901 1207 2939 septemtriones
1233 2909 1315 2932 cuin
1340 2902 1467 2932 ceteris
1492 2902 1529 2932 O.
1557 2902 1607 2933 cf.
1630 2902 1670 2943 §g
1697 2904 1770 2936 409.
1791 2906 1864 2936 itt.
1888 2923 1922 2927 —

152 2949 205 2982 ⁴4.
230 2950 315 2982 ihcm
340 2950 529 2991 (superscr.
557 2950 591 2980 in
615 2949 684 2981 fine
708 2951 728 2989 i)
755 2952 782 2982 A
803 2969 836 2974 —
865 2952 917 2982 45.
944 2950 1154 2989 omniumque
1176 2954 1268 2982 terra
1291 2951 1331 2981 V¹
1352 2969 1386 2972 —
1414 2951 1467 2982 46.
1494 2952 1649 2983 dicuntur
1673 2954 1711 2985 C¹
1738 2972 1773 2977 —
1802 2954 1853 2986 1¹9.
1872 2964 1926 2986 so-

153 3000 214 3032 lem
238 3000 280 3042 V?
301 3018 343 3023 —
366 3009 406 3031 ac
430 3008 520 3031 corr.
547 3008 590 3030 ex
613 3000 657 3030 ad
680 3000 744 3030 ΑΒ
772 3017 807 3022 -
835 3004 904 3031 tum
927 3000 1101 3039 defectibus
1124 3001 1158 3031 in
1182 3001 1279 3032 initia
1300 3002 1502 3032 recurrendo
1527 3002 1559 3034 h.
1579 3001 1600 3033 l.
1620 3005 1768 3044 margini
1792 3005 1923 3046 addita,

153 3049 241 3081 infra
258 3057 290 3081 V.
309 3049 344 3081 2¹
375 3050 466 3081 inter
488 3057 589 3080 cursu
614 3050 647 3080 et
671 3053 716 3081 est
740 3050 871 3081 inserta
897 3052 931 3082 et
955 3049 1068 3082 deleta
1087 3050 1195 3082 habet
1211 3052 1234 3081 B
1255 3069 1288 3073 —-
1309 3052 1362 3082 ⁵20.
1381 3052 1554 3091 aquilonia
1571 3053 1650 3085 cod.
1671 3053 1922 3095 Glogaviensis:

155 3099 324 3139 aquilenta
347 3096 399 3137 ‘213
431 3099 638 3139 aquilonaris
662 3099 687 3130 O
723 3116 758 3121 ——
789 3103 859 3130 tum
887 3100 937 3130 V:
976 3104 1034 3131 aut
1064 3101 1245 3132 ABCEP
1281 3118 1315 3124 —-
1348 3102 1401 3133 ei.
1428 3103 1501 3134 inde
1529 3101 1590 3144 (isi)
1620 3112 1706 3136 nos:
1745 3113 1815 3137 om.
1843 3103 1922 3138 ³210.

155 3147 243 3180 Vide
267 3148 552 3180 Schoemannum
581 3149 669 3180 Diss.
696 3150 739 3180 111
770 3158 803 3190 p.
829 3149 861 3188 8,
888 3151 946 3190 qui
971 3149 1146 3192 supplevit
1168 3152 1226 3182 ita.
1257 3168 1290 3172 —
1323 3151 1377 3183 27.
1402 3152 1437 3183 in
1463 3153 1488 3183 is
1511 3154 1575 3185 AB
1600 3172 1642 3176 —
1671 3154 1809 3186 dicimus
1832 3164 1923 3186 corr.

159 3204 202 3228 ex
225 3197 367 3229 dicimur
389 3198 418 3229 V
444 3215 480 3221 -
507 3199 560 3231 28.
587 3199 710 3230 adeunt
732 3199 898 3231 Ursmus:
925 3200 1044 3231 abeunt
1068 3199 1097 3233 21
1124 3218 1159 3222 —
1186 3201 1238 3231 29.
1265 3204 1374 3232 autem
1397 3210 1468 3233 om.
1496 3202 1520 3234 O
1547 3220 1582 3226 —
1610 3204 1662 3236 30.
1688 3205 1810 3237 insistit
1833 3206 1857 3237 C
1886 3221 1921 3227 —

159 3245 213 3279 85.
237 3255 340 3288 eaque
361 3250 424 3280 sat.
448 3248 477 3280 A
502 3263 537 3271 —
562 3248 693 3280 saturni
715 3250 796 3281 ante
819 3257 979 3282 rasuram
1003 3250 1105 3283 unius
1128 3249 1262 3283 litterae
1287 3251 1311 3283 B
1326 3251 1376 3291 V;
1400 3252 1549 3285 saturnis
1569 3255 1614 3294 A5
1639 3255 1794 3286 saturnia
1817 3253 1889 3287 CE.
