2249 3624
472 170 560 209 Lm.
592 169 622 208 1.
667 167 763 208 611».
794 165 1225 207 xxxv—xxxvi.
1265 162 1325 217 §5
1356 160 1554 202 84—87.
1821 157 1903 199 237

138 289 305 316 sensum
347 275 485 315 amisit
524 274 743 314 malorum.
804 272 869 312 86.
903 273 1124 325 Pompeio,
1164 276 1307 311 nostro
1349 268 1564 316 familiari,
1603 280 1694 307 cum
1727 266 1906 318 graviter

137 343 372 390 aegrotaret
412 338 609 392 Neapoli,
656 337 805 377 melius
846 342 909 376 est
947 335 1114 376 factum.
1176 334 1371 374 Coronati
1414 331 1680 385 Neapolitani
1723 328 1905 375 fuerunt,

135 400 332 440 nimirum
374 401 496 440 etiam
530 400 768 445 Puteolani,
810 400 929 451 volgo
962 412 1012 437 ex
1046 397 1214 450 oppidis
1246 396 1412 450 publice
1444 393 1778 448 gratulabantur:
1819 392 1906 430 ine-

136 468 251 515 ptum
283 475 382 501 sane
415 462 626 514 negotium
658 467 697 501 et
729 461 998 507 Graeculum,
1031 460 1103 500 sed
1133 467 1269 499 tamen
1292 459 1561 498 fortunatum.
1604 455 1745 494 Utrum
1767 453 1906 506 igitur,

135 524 168 563 si
202 531 286 564 tum
319 530 428 564 esset
459 525 690 570 extinctus,
733 536 755 562 a
796 524 918 563 bonis
949 524 1072 562 rebus
1104 536 1156 562 an
1187 536 1210 562 a
1242 521 1362 561 malis
1394 519 1685 560 discessisset?
1733 516 1853 556 Certe
1884 520 1936 554 af>

134 586 311 625 miseris.
363 587 452 626 Non
495 587 604 625 enim
642 599 735 625 cum
776 599 920 624 socero
960 585 1114 624 bellum
1156 585 1376 638 gessisset,
1418 596 1502 622 non
1543 583 1758 634 inparatus
1794 591 1908 618 arma

133 648 398 701 sumpsisset,
431 661 515 687 non
547 648 715 687 domum
747 647 1012 700 reliquisset,
1047 661 1130 687 11011
1163 660 1214 686 ex
1248 646 1366 686 ltalia
1386 645 1582 697 fugisset,
1614 656 1697 682 non
1721 642 1909 682 exercitu

132 710 286 750 amisso
319 710 456 749 nudus
484 709 526 748 in
549 722 765 749 servorum
788 708 944 748 serrum
967 716 1006 749 61
1033 722 1180 748 manus
1203 709 1440 754 incidisset,
1474 704 1572 761 [11011
1595 706 1713 745 liberi
1736 700 1906 756 delleti,]

133 786 218 812 non
263 772 455 813 fortunae
503 785 648 811 omnes
680 784 702 810 a
734 771 961 810 victoribus
1001 772 1331 824 possiderentur.
1394 769 1497 817 Qui,
1540 769 1574 808 si
1614 772 1788 808 mortem
1820 771 1908 805 tum

133 836 310 882 obisset,
353 835 394 874 in
436 833 704 886 amplissimis
744 832 921 872 fortunis
961 833 1203 880 occidisset,
1243 837 1277 873 is
1318 832 1620 885 propagatione
1652 830 1759 870 vitae
1793 833 1959 882 quot,40

132 903 332 951 quantas,
375 910 499 951 quam
541 895 800 935 incredibilis
842 896 985 935 hausit
1026 895 1312 935 calamitates!
1384 895 1577 933 xxxvl.
1626 894 1738 932 Ilaec
1776 897 1908 932 morte

132 960 407 1013 effugiuntur,
441 960 564 999 etiam
603 959 637 998 si
671 971 752 997 non
786 964 1032 1005 evenerunt,
1071 964 1229 1005 tamen,
1259 958 1357 1010 quia
1388 963 1565 1010 possunt
1597 956 1791 1003 evenire3
1836 954 1909 995 sed

130 1023 324 1063 homines
367 1036 416 1062 ea
461 1022 538 1062 sihi
570 1021 761 1061 accidere
803 1033 928 1074 posse
960 1034 1043 1060 non
1077 1021 1281 1073 cogitant:
1326 1019 1482 1059 Metelli
1514 1023 1655 1072 sperat
1687 1017 1765 1057 sibi
1797 1016 1911 1070 quis-

133 1099 214 1140 que
245 1085 480 1132 fortunam,
513 1084 686 1137 perinde
719 1083 839 1137 quasi
871 1089 941 1123 aut
973 1083 1112 1137 plures
1145 1082 1346 1122 fortunati
1377 1082 1461 1122 sint
1482 1094 1606 1134 quam
1633 1079 1819 1119 infelices
1840 1082 1911 1118 aut

132 1147 233 1187 certi
268 1148 494 1201 quicquam
530 1147 583 1186 sit
627 1147 669 1185 in
702 1146 826 1186 rebus
863 1145 1057 1186 humanis
1095 1150 1166 1185 aut
1203 1158 1372 1198 sperare
1410 1144 1464 1184 sit
1499 1142 1747 1197 prudentius
1784 1154 1909 1196 quam
1928 1151 1960 1180 ¹5

133 1211 291 1250 timere.

246 1270 312 1312 87.
348 1273 426 1312 Sed
460 1272 541 1312 hoc
572 1272 709 1326 ipsum
742 1271 1022 1319 concedatur,
1053 1271 1174 1311 honis
1205 1270 1330 1310 rebus
1361 1270 1552 1310 homines
1575 1274 1707 1309 morte
1732 1267 1908 1323 privari:

136 1348 234 1388 ergo
269 1336 393 1375 etiam
426 1347 567 1375 carere
600 1341 783 1375 mortuos
815 1335 924 1374 vitae
956 1333 1189 1374 commodis
1229 1333 1359 1387 idque
1390 1347 1482 1374 esse
1513 1332 1741 1372 miserum?
1789 1331 1910 1371 Certe

133 1397 191 1436 ita
223 1397 365 1437 dicant
396 1411 569 1437 necesse
602 1403 676 1437 est.
725 1399 790 1436 An
821 1403 957 1451 potest
988 1398 1041 1444 is,
1074 1397 1145 1450 qui
1175 1410 1260 1436 non
1283 1400 1366 1443 est,
1398 1409 1442 1436 re
1464 1396 1550 1436 ulla
1573 1396 1740 1436 carere?
1773 1394 1911 1434 Triste

132 1460 242 1499 enim
283 1465 347 1500 est
378 1474 531 1500 nomen
573 1461 709 1513 ipsum
742 1459 935 1507 carendi,
977 1460 1075 1513 quia
1116 1459 1319 1499 subicitur
1357 1458 1461 1499 haec
1492 1458 1577 1498 vis:
1618 1457 1786 1504 habuit,
1826 1467 1961 1496 non‘to

132 1521 280 1570 habet3
314 1522 547 1570 desiderat,
588 1524 787 1575 requirit,
830 1522 1000 1575 indiget.
1053 1522 1184 1569 Ilaec,
1218 1522 1390 1575 opinor,
1421 1521 1685 1561 incommoda
1717 1525 1814 1560 sunt
1844 1532 1913 1560 ca-

132 1585 288 1626 rentis:
322 1591 434 1625 caret
466 1585 620 1632 oculis,
653 1585 801 1625 odiosa
832 1585 1035 1633 caecitas3
1066 1585 1231 1632 liberis,
1264 1584 1436 1625 orbitas.
1485 1583 1607 1624 Valet
1628 1583 1709 1623 hoc
1730 1583 1773 1622 in
1795 1582 1912 1630 vivis,

132 1797 329 1829 certissima
355 1796 602 1829 emendatione
623 1797 661 1828 H.
682 1796 849 1837 Stephani
868 1798 901 1827 et
919 1795 1084 1828 Bentleii:
1111 1796 1234 1827 talem
1257 1799 1406 1827 eventum
1422 1796 1554 1827 omnino
1571 1796 1731 1827 amisisset
1747 1796 1767 1827 i.
1787 1804 1819 1827 e.
1839 1797 1912 1827 tam

131 1846 320 1878 violentam
352 1847 455 1879 istam
480 1848 514 1878 et
538 1847 762 1878 miseriarum
790 1846 932 1888 plenam
957 1849 1110 1877 mortem
1136 1846 1336 1886 effugisset,
1366 1846 1483 1886 itaque
1508 1845 1633 1878 melius
1658 1847 1689 1879 ei
1714 1847 1910 1885 evenisset;

131 1896 174 1929 cf.
202 1896 219 1937 ἓ
245 1897 303 1928 86:
337 1897 416 1928 haec
442 1896 555 1936 (mala)
583 1900 686 1928 morte
709 1898 927 1938 effugiuntur,
954 1898 1053 1928 eliam
1077 1898 1104 1928 51
1128 1905 1193 1928 non
1217 1899 1414 1935 evenerunt,
1445 1900 1553 1928 tamen
1578 1897 1658 1935 quia
1676 1901 1816 1937 possunt
1837 1908 1914 1931 eve-

131 1947 212 1978 nire.
241 1947 377 1985 (Cicero
402 1947 594 1979 verborum
621 1948 776 1988 quodam
802 1947 881 1979 lusu
905 1948 1055 1979 amittere
1079 1948 1112 1978 in
1135 1947 1255 1978 misero
1281 1948 1409 1978 eventu
1434 1946 1519 1978 dixit
1541 1945 1701 1979 similiter
1724 1950 1829 1989 atque
1853 1958 1914 1981 ca-

128 2005 203 2028 rere
226 1997 260 2027 in
286 1997 382 2028 malis
407 1998 511 2029 etiam
537 1998 683 2035 dicitur;
719 1997 762 2029 cf.
790 1997 808 2038 g
833 1998 899 2036 88.)
937 1999 1009 2029 Iam
1035 1997 1212 2037 sequitur:
1246 1996 1306 2027 hoc
1328 1999 1440 2028 autem
1463 2000 1606 2036 tempore
1628 1997 1650 2029 i.
1670 2006 1701 2029 6.
1727 2007 1810 2031 611111
1833 2001 1914 2040 post

130 2048 179 2078 tot
203 2048 389 2088 tantasque
416 2047 632 2079 calamitates
658 2048 801 2079 haustas
817 2046 1008 2079 violentam
1026 2049 1179 2079 mortem
1198 2046 1300 2084 obiit,
1328 2047 1392 2078 etsi
1411 2046 1566 2079 deterius
1583 2048 1614 2079 ei
1632 2048 1767 2087 evenit,
1793 2051 1913 2082 tamen

129 2105 257 2128 sensum
281 2099 384 2128 evasit
407 2098 593 2136 malorum,
621 2106 730 2138 quare
756 2098 820 2129 ista
838 2098 870 2128 vi
896 2096 978 2128 nihil
1003 2101 1072 2128 tum
1090 2097 1202 2138 potuit
1219 2097 1250 2128 ei
1268 2095 1393 2128 melius
1411 2096 1610 2129 accidere.»
1635 2099 1691 2131 W.
1718 2098 1911 2140 (occidisset,
1964 2107 1968 2114 ¹

129 2150 277 2178 eventum
301 2147 433 2178 omnino
457 2148 633 2187 amisisset,
659 2148 718 2179 hoc
743 2151 854 2180 autem
878 2151 1024 2187 tempore
1045 2156 1175 2178 sensum
1191 2150 1299 2178 tamen
1317 2147 1427 2178 amisit
1444 2146 1571 2179 Keilius
1589 2147 1745 2186 Quaestt.
1765 2149 1909 2183 Tullian.

130 2197 230 2236 Spec.
255 2205 287 2237 p.
309 2197 424 2237 XVII.)
454 2215 487 2219 —
524 2198 555 2229 Ξ.
583 2202 783 2239 (ΜΨ-0165561
807 2199 832 2229 O
861 2216 895 2220 —
930 2198 960 2229 3.
986 2197 1093 2238 volgo]
1123 2197 1247 2237 passim
1282 2197 1377 2237 uolgo
1408 2197 1432 2228 B
1460 2215 1495 2220 —
1528 2197 1559 2229 4.
1585 2198 1804 2241 fortunatum]
1832 2200 1910 2241 syll.

130 2250 199 2277 tum
224 2255 403 2287 superscr.
432 2250 628 2279 atramento
653 2247 831 2289 pallidiore
858 2248 891 2278 in
909 2249 934 2279 G
960 2248 1179 2288 (fortunatum
1201 2246 1436 2279 recidendum
1452 2256 1728 2290 sermonemque
1744 2259 1809 2291 per
1825 2260 1914 2292 apo-

131 2296 282 2336 siopesin
311 2296 356 2326 ita
382 2295 575 2328 finiendum
594 2298 728 2338 putavit
753 2298 996 2337 Hotlingerus:
1022 2298 1168 2337 ineptum
1191 2305 1270 2328 sane
1293 2298 1459 2338 negotium
1483 2300 1513 2328 et
1537 2297 1757 2338 Graeculum,·
1780 2302 1835 2332 sed
1858 2305 1914 2333 ta-

130 2347 223 2376 men!
249 2344 326 2376 coll.
355 2345 427 2377 Cio.
455 2346 498 2378 de
524 2348 599 2378 Nat.
628 2347 758 2378 deor.1
785 2348 802 2387 ἓ
827 2347 892 2386 93.)
913 2365 948 2369 -
975 2347 1007 2378 5.
1033 2356 1077 2378 (ιη
1102 2355 1123 2377 α
1146 2345 1255 2386 malis]
1281 2346 1436 2378 animalis
1460 2347 1586 2387 (priore
1609 2346 1722 2380 littera
1746 2350 1758 2380 i
1780 2352 1912 2392 puncto

131 2394 255 2434 deleta)
283 2396 307 2426 R
336 2413 365 2418 -
405 2396 436 2427 7.
462 2397 671 2435 relinquisset
696 2398 722 2428 G
746 2398 780 2428 et
806 2396 935 2437 (littera
962 2406 982 2427 η
1008 2398 1137 2437 puncto
1164 2396 1297 2433 notata)
1325 2396 1349 2426 R
1376 2412 1411 2417 —
1438 2395 1469 2427 8.
1497 2396 1590 2428 deleti
1614 2398 1652 2429 Ο.
1680 2400 1910 2441 «Tregderus,

131 2446 219 2477 sicut
238 2454 380 2477 omnes:
409 2447 483 2478 Non
499 2465 516 2470 -
530 2465 547 2470 -
562 2449 726 2488 gessisset,
751 2456 817 2478 non
831 2464 849 2469 -
861 2463 879 2469 -
895 2447 1092 2486 sumpsisset,
1118 2455 1184 2477 non
1200 2462 1219 2467 -
1231 2462 1249 2467 —
1265 2445 1459 2485 reliquisset,
1478 2455 1543 2477 non
1557 2463 1575 2469 -
1588 2464 1606 2469 -
1621 2447 1768 2489 fugisset,
1786 2459 1851 2482 ηοη
1863 2469 1880 2474 -
1892 2468 1912 2473 -

131 2495 315 2533 incidisset,·
348 2505 411 2526 non
442 2496 535 2528 liberi
566 2497 689 2538 defleti,
722 2506 785 2529 non
815 2496 1305 2537 fortunae--possiderentur.
1343 2495 1383 2527 Ut
1413 2495 1572 2527 omittam
1601 2497 1652 2528 516
1682 2499 1788 2531 etiam
1819 2499 1914 2533 liberi

132 2545 237 2585 defleti
262 2553 342 2576 cum
361 2547 612 2585 possiderentur
643 2547 737 2587 iungi
762 2556 880 2588 posse,
908 2557 976 2579 non
1003 2547 1162 2579 adducor
1186 2546 1413 2583 Ciceronem,
1447 2547 1657 2586 praesertim
1686 2547 1721 2580 in
1745 2548 1801 2580 tali
1825 2558 1913 2582 ana—

132 2594 260 2635 phora,
287 2598 391 2626 essent
414 2597 596 2635 omisisse,
625 2597 721 2637 quod
746 2597 902 2629 Reiskius
930 2596 1025 2630 solus
1044 2597 1138 2638 (ante
1155 2596 1258 2635 deleti)
1285 2596 1367 2627 addi
1383 2595 1503 2628 voluit.
1531 2597 1581 2629 Cf.
1602 2597 1645 2629 de
1664 2598 1794 2641 ellipsis
1811 2601 1911 2633 verbi

131 2653 198 2676 esse
219 2645 379 2677 terminis
403 2646 540 2686 Madvig
564 2646 582 2687 g
607 2646 682 2684 479,
709 2656 739 2678 a.
778 2648 828 2679 De
854 2647 871 2687 ἓ
897 2648 938 2679 90
964 2647 1126 2688 (odiosum
1150 2650 1208 2678 est
1234 2646 1303 2677 sine
1325 2654 1421 2677 sensu
1443 2654 1520 2678 esse.
1548 2648 1703 2680 Odiosum
1727 2651 1858 2691 (esset),
1886 2653 1913 2684 si

131 2695 165 2726 id
188 2698 292 2726 esset
315 2696 444 2737 carere)
471 2696 514 2728 cs.
542 2697 612 2729 Fin.
640 2698 680 2735 11,
705 2698 745 2729 93
769 2699 837 2729 Nec
860 2703 969 2729 tamen
993 2699 1094 2730 miser
1117 2705 1202 2729 esse
1218 2695 1530 2727 --videbatur:
1559 2700 1598 2729 at
1620 2699 1718 2731 miser
1742 2701 1833 2741 (esse
1857 2703 1912 2733 vi-

133 2745 306 2786 deretur),
341 2747 433 2778 5ἰ--
451 2747 614 2788 afflueret.
653 2748 790 2788 Madvig
823 2748 868 2780 ad
892 2749 963 2780 Fin.
991 2749 1030 2786 V,
1058 2747 1119 2785 63;
1153 2756 1251 2779 meas
1277 2745 1449 2778 Emendd.
1476 2746 1562 2788 Epp.
1589 2756 1622 2788 p.
1650 2749 1724 2781 428.
1758 2750 1910 2790 Tacitus,

133 2795 242 2834 sicut,
269 2797 440 2835 quantum
464 2798 629 2836 memini,
656 2798 725 2830 iam
750 2799 885 2837 Livius,
915 2807 985 2829 non
1010 2806 1088 2829 raro
1113 2798 1148 2829 in
1172 2796 1281 2828 altera
1304 2796 1558 2828 sententiarum
1575 2797 1819 2839 copulatarum
1835 2803 1914 2832 esset

133 2843 281 2885 (essent),
312 2845 426 2885 fuisset
457 2848 601 2885 omittit,
636 2850 674 2879 ut
704 2851 742 2880 A.
768 2849 793 2885 Ι,
820 2848 860 2880 32
886 2849 972 2888 quod
995 2856 1099 2887 neque
1129 2846 1300 2878 disiecti
1325 2845 1468 2888 (essent)
1492 2855 1612 2877 neon
1629 2850 1910 2884 ardescerent.

134 2903 164 2926 6.
192 2896 232 2927 65
257 2895 416 2936 (Cum--
432 2897 551 2937 voces).
585 2897 656 2936 XII,
682 2896 724 2929 40
749 2897 863 2938 (ut--
879 2896 1076 2937 compositi).
1110 2897 1149 2928 H.
1177 2897 1201 2935 I,
1228 2896 1269 2928 40
1294 2895 1467 2935 (quasin
1483 2896 1676 2939 depulsuri).
1702 2908 1732 2931 6.
1752 2900 1792 2932 79
1809 2900 1913 2941 (tam-

134 2945 398 2985 quam--felix
423 2945 566 2986 (fuisset)
592 2950 685 2978 et--
702 2948 874 2988 auxisset).
903 2947 952 2979 Cf.
979 2949 1017 2979 A.
1045 2947 1070 2985 Ι,
1097 2947 1115 2978 7
1142 2947 1192 2985 (Η.
1218 2947 1243 2984 1,
1263 2946 1330 2984 85).
1357 2946 1398 2977 35
1424 2946 1506 2984 (Liv.
1525 2947 1550 2985 1,
1569 2947 1635 2987 59).
1662 2949 1733 2987 XII,
1759 2949 1811 2982 48.
1836 2949 1909 2988 XV,

134 2993 211 3026 49.»
237 2995 293 3027 W.
328 2995 410 3026 Mihi
444 2996 588 3035 quidem
618 2997 729 3029 verba
760 3007 824 3029 non
852 2997 947 3029 liberi
976 2996 1083 3037 defleti
1112 2994 1264 3027 alienum
1298 2994 1475 3027 emblema
1505 3005 1584 3029 esse
1609 2997 1783 3039 videntur,
1817 2998 1912 3040 quod

136 3044 409 3086 circumscripsi.
442 3047 531 3077 Nam
554 3055 624 3078 non
648 3046 761 3080 solum
787 3049 820 3080 in
845 3046 903 3078 1311
928 3047 1107 3087 anaphora
1132 3054 1151 3076 a
1171 3045 1341 3077 Cicerone
1365 3049 1484 3085 essent,
1511 3048 1546 3078 et
1563 3047 1708 3088 quidem
1725 3050 1815 3090 post,
1842 3058 1912 3081 non

136 3095 237 3132 ante,
264 3095 386 3136 defleti,
418 3096 529 3127 omitti
553 3105 624 3128 non
647 3099 804 3138 poterat,
838 3097 901 3129 sed
926 3099 961 3129 in
986 3096 1254 3129 enumeratione
1279 3095 1443 3127 chronica
1469 3097 1657 3138 Pompeius
1681 3098 1777 3138 prius
1801 3099 1912 3130 inter-

137 3143 250 3176 rectus
280 3153 360 3176 esse
394 3153 501 3186 quam
530 3144 663 3178 liberos
688 3146 875 3179 deflevisse
904 3147 1121 3188 ineptissime
1148 3145 1337 3176 diceretur.
1373 3145 1583 3178 Liberorum
1607 3149 1726 3179 autem
1750 3149 1910 3181 interitus

138 3193 297 3234 (deleti)
322 3194 397 3232 hic,
423 3193 484 3226 ubi
509 3194 726 3228 calamitates
752 3195 796 3227 ab
821 3197 897 3237 ipso
922 3198 1088 3239 Pompeio
1106 3197 1253 3227 haustae
1271 3198 1492 3235 enarrantur,
1510 3195 1626 3229 locum
1644 3206 1714 3230 non
1730 3197 1848 3230 habet.
1870 3215 1907 3221 —

138 3242 169 3274 9.
195 3251 304 3275 omnes
327 3243 518 3275 auctoribus
542 3244 607 3275 GR
634 3260 669 3266 —
697 3245 749 3276 42.
775 3246 940 3277 evenerint
956 3247 981 3278 Ο
1003 3263 1038 3269 -
1065 3245 1116 3278 44.
1138 3245 1280 3286 proinde
1296 3245 1320 3278 C
1348 3264 1383 3270 —
1411 3246 1507 3287 quasi
1527 3251 1565 3279 ut
1584 3248 1698 3289 plures
1722 3248 1746 3280 C
1775 3265 1809 3272 -
1835 3250 1911 3279 sunt

139 3293 165 3323 G
188 3293 222 3325 in
244 3301 387 3333 rasura3
413 3292 527 3327 fuerat
548 3293 613 3326 sint
637 3310 673 3318 —
699 3294 754 3327 45.
778 3297 864 3328 certe
887 3295 963 3328 GR.
