2249 3624
870 233 1194 278 FRAGMENTA.
1798 239 1904 282 ⁴015

907 342 1053 386 Fraym.
1084 341 1149 378 IX.

152 415 236 454 Hoc
263 420 385 465 caput
410 414 473 452 hic
501 413 665 465 paulum
695 425 787 451 sese
817 425 992 464 seroque
1022 415 1227 462 recondit,

153 477 277 516 Ortus
305 476 373 515 ubi
402 483 524 528 atque
552 476 686 515 obitus
716 482 831 526 parte
859 476 1138 515 admiscentur
1166 478 1204 515 in
1234 492 1333 518 una:

152 538 268 585 Quod
297 545 467 588 tangens
495 538 657 576 defessa
686 538 797 576 velut
827 538 1046 576 maerentis
1083 539 1214 589 imago

152 601 330 640 Vertitur
382 602 399 621 ³*
454 603 470 621 *
524 602 541 621 ³*
595 606 610 621 ⁴
665 600 830 649 (lbid.)
1918 600 1936 626 5

920 676 1069 721 Fraqm.
1101 677 1148 713 X.

147 750 381 800 'ljyyommv
409 750 608 797 vocitant,
638 748 812 799 genibus
841 748 935 798 quia
962 749 1057 786 nixa
1087 749 1252 789 feratur.
1308 752 1476 799 (Ibid.)

909 836 1056 881 Fraffln,
1089 837 1154 874 XI.

150 911 220 949 Hic
247 910 312 950 illa
341 911 489 949 eximio
519 911 648 961 posita
678 915 741 947 est
770 908 921 957 fulgore
951 910 1125 947 Corona.
1182 911 1332 958 (Ibin.)

895 996 1045 1043 Fraqm.
1086 997 1168 1034 XII.
1922 1002 1954 1028 w

683 1071 852 1120 Propter
878 1076 1001 1121 caput
1031 1071 1367 1120 Anguitenentis,

150 1134 280 1181 Quem
308 1133 415 1173 claro
444 1132 663 1184 perhibent
684 1133 902 1181 '‹÷‹)1.1‹›F;;;‹,·1*
933 1132 1095 1170 nomine
1123 1133 1244 1171 Graii.
1301 1134 1462 1183 (ibid.)

885 1221 1033 1266 Fraym.
1075 1220 1171 1258 XIII.

148 1295 248 1333 Huic
275 1306 424 1345 supera
452 1293 638 1344 duplices
668 1304 830 1330 umeros
859 1292 991 1332 adfixa
1023 1292 1185 1332 videtur

150 1355 274 1395 Stella
302 1357 456 1394 micans
485 1357 551 1394 tali
581 1356 717 1406 specie
746 1356 899 1406 talique
927 1357 1076 1395 nitore.
1132 1358 1454 1406 (Priscianus
1483 1359 1507 1394 1.
1529 1358 1627 1396 XIV.
1651 1372 1682 1397 c.
1707 1361 1741 1397 6.
1765 1359 1800 1409 ἓ.
1823 1361 1904 1406 52.)
1922 1366 1954 1394 ¹5

741 1415 751 1428 Ο
885 1445 1035 1491 Fraqm.
1065 1444 1167 1481 XIV.

149 1519 219 1557 Hic
246 1529 394 1568 pressu
422 1516 572 1567 duplici
603 1515 826 1568 palmarum
857 1518 1038 1555 continet
1064 1519 1273 1567 Anguem,

151 1583 285 1631 Atque
314 1579 401 1617 eius
423 1579 512 1630 ipse
540 1584 677 1617 manet
706 1578 898 1629 religatus
928 1591 1098 1629 corpore
1128 1585 1248 1627 torto;

154 1643 337 1692 Namque
368 1642 497 1680 virum
524 1640 701 1678 inedium
731 1652 903 1691 serpens
933 1641 1009 1680 sub
1040 1647 1204 1692 pectora
1239 1642 1373 1691 cingit.

153 1703 222 1743 Ille
251 1710 387 1742 tamen
416 1707 549 1741 nitens
579 1703 756 1751 graviter
784 1703 954 1752 vestigia
984 1704 1097 1753 ponit
1920 1713 1957 1741 20

152 1767 285 1816 Atque
315 1765 455 1803 oculos
485 1769 630 1813 urguet
658 1763 836 1814 pedibus
865 1770 1093 1814 pectusque
1120 1766 1258 1816 Nepai.
1316 1767 1522 1815 (Cicero
1550 1766 1609 1805 de
1638 1767 1736 1805 Nat.
1768 1767 1905 1806 Deor.

1544 1829 1569 1867 l.
1599 1829 1643 1868 ΙΙ.
1672 1840 1707 1867 c.
1735 1829 1809 1879 42.)

907 1890 1054 1935 Fraqm.
1086 1890 1169 1927 XV.

151 1961 450 2014 Arctophylax,
481 1962 599 2010 vulgo
629 1962 696 2011 qui
727 1960 875 1999 dicitur
905 1973 998 2000 esse
1028 1964 1191 2011 Bootes,

151 2024 269 2072 Quod
298 2025 413 2076 quasi
444 2030 606 2062 temone
636 2022 869 2061 adiunctam
897 2036 996 2074 prae
1025 2036 1069 2062 se
1097 2026 1227 2075 quatit
1253 2026 1419 2071 Arcton;
1450 2023 1606 2072 (IlJid.)
1919 2022 1955 2050 25

149 2110 169 2115 -
197 2109 218 2115 -
247 2110 268 2114 -
297 2087 440 2125 subter
467 2085 705 2137 praecordia
736 2086 814 2124 lixa
841 2085 1002 2124 videtur

153 2149 276 2188 Stella
306 2149 459 2187 micans
487 2147 632 2197 radiis,
663 2150 858 2186 Arcturus
888 2148 1049 2186 nomine
1083 2147 1204 2186 claro.
1263 2148 1417 2197 (Ibid.)

153 2234 174 2239 —
203 2233 224 2239 -
252 2211 328 2250 sub
357 2211 534 2262 pedibus
562 2211 714 2261 profert
743 2211 852 2248 linita
879 2211 990 2247 Booti
1021 2211 1287 2259 (Priscian.
1320 2210 1344 2247 l.
1376 2211 1438 2248 VI.
1472 2224 1504 2249 c.
1538 2210 1593 2248 11.
1626 2212 1660 2261 ξ.
1695 2211 1776 2255 63.)

152 2274 317 2325 Spicum
331 2273 500 2312 inlustre
518 2279 662 2310 tenens
678 2271 1094 2322 splendentilcorpore
1112 2272 1240 2322 Virgo.
1260 2273 1330 2310 ‹Se
1347 2286 1365 2310 r
1377 2273 1414 2310 vi
1428 2285 1483 2311 us
1500 2272 1550 2310 ad
1567 2273 1636 2311 Ge.
1654 2271 1677 2309 l.
1700 2272 1732 2310 1.
1751 2285 1786 2309 v.
1810 2274 1867 2311 11¹
1882 2261 1904 2310 .l

889 2361 1036 2407 Fraym.
1068 2360 1155 2397 XVI
1163 2389 1170 2396 .
1918 2368 1955 2398 30

151 2432 354 2472 Malebant
388 2433 498 2471 tenui
537 2433 714 2471 contenti
742 2434 878 2471 vivere
908 2432 1030 2471 cultu.
1088 2433 1297 2480 (Lactan
1312 2438 1336 2470 t.
1368 2432 1461 2470 Inst.
1505 2431 1531 2469 l.
1567 2432 1611 2469 V.
1643 2444 1676 2469 c.
1706 2432 1740 2469 5.
1774 2432 1808 2481 ξ.
1845 2434 1904 2480 5.)

885 2521 1034 2567 Fraqm.
1063 2519 1184 2557 XVII.

153 2595 300 2632 Ferrea
331 2599 413 2631 tum
444 2605 539 2631 vero
568 2592 705 2643 proles
735 2599 874 2632 exorta
901 2599 1072 2644 repente
1101 2598 1184 2640 est,

154 2658 346 2707 Ansaque
374 2655 576 2693 funestum
606 2655 776 2705 primast
803 2656 1039 2693 fabricarier
1077 2666 1217 2692 ensem
1920 2678 1957 2707 35

155 2718 201 2756 Et
231 2723 395 2768 gustare
426 2729 548 2756 manu
583 2717 760 2755 vinctum
788 2715 1067 2766 domitumque
1095 2717 1326 2754 iuvencum.
1374 2715 1492 2762 (Cic.
1536 2713 1595 2752 de
1629 2716 1730 2754 Nat.
1764 2717 1899 2756 Deor.

1530 2775 1554 2813 l.
1584 2777 1627 2814 ΙΙ.
1658 2789 1691 2815 e.
1721 2778 1804 2825 63.)

871 2841 1019 2887 Fraqm.
1048 2839 1186 2877 XVIII.

155 2915 204 2954 Et
229 2915 333 2953 Iovis
361 2915 403 2953 in
422 2926 546 2964 regno
568 2913 750 2963 caelique
771 2914 809 2951 in
830 2918 944 2964 parte
964 2912 1131 2951 resedit.
1163 2913 1394 2961 (Lactant.
1413 2913 1462 2949 In
1477 2916 1557 2949 stt.
1582 2910 1606 2949 l.
1626 2912 1668 2949 V.
1687 2924 1720 2950 c.
1742 2914 1776 2952 5.
1797 2913 1831 2963 ξ.
1849 2915 1901 2958 9.)

242 3137 273 3167 9..
303 3144 438 3174 seroque
466 3135 688 3167 Schaubach:
726 3135 892 3175 subitoque
926 3137 1029 3168 codd.
1064 3154 1097 3158 —
1125 3136 1264 3174 3.par!e
1294 3135 1382 3165 adm.
1413 3135 1445 3165 in
1476 3144 1543 3166 una
1582 3137 1754 3176 Hyginus:
1779 3138 1901 3176 partim

157 3186 245 3216 adm.
278 3186 311 3215 in
339 3194 407 3216 una
438 3185 541 3217 codd.
575 3186 768 3221 Ciceronis,
806 3188 934 3224 partem
964 3187 1052 3216 adm.
1088 3186 1119 3214 in
1144 3193 1244 3214 unam
1269 3183 1468 3216 Lambinus.
1511 3201 1543 3205 —
1580 3185 1608 3216 4.
1648 3186 1738 3224 Quod
1765 3189 1900 3225 tangens

157 3235 310 3266 Grotius:
341 3235 502 3274 attinqens
525 3233 627 3265 codd.
656 3249 688 3254 —
717 3233 769 3265 28.
798 3233 855 3264 sub
876 3234 1009 3273 pedibus
1028 3234 1153 3274 profert
1174 3234 1269 3274 finita
1301 3234 1392 3264 Booti
1431 3234 1643 3266 Priscianus:
1677 3236 1728 3266 cui
1759 3235 1899 3266 subiecta

154 3283 262 3323 fertur
284 3283 419 3314 Cicero.
