2249 3624
411 149 499 189 Lm.
530 149 561 188 1.
606 148 701 190 CAP.
733 150 1162 190 xxvn—xxvnr.
1203 149 1263 204 §§
1295 149 1489 193 72-79.
1753 152 1834 194 389

67 263 217 300 matum
250 256 459 298 mentibus
491 256 664 302 nostris,
697 260 742 295 ut
773 257 951 303 homini,
984 271 1076 296 cum
1110 257 1160 296 de
1184 258 1262 298 deo
1285 259 1457 309 cogitet,
1490 259 1618 300 forma
1644 266 1836 301 occurrat

65 323 267 367 humana;
307 318 458 358 deinde
491 318 629 371 quod,
671 319 870 371 quoniam
904 317 1026 359 rehus
1059 322 1252 360 omnibus
1285 323 1462 362 excellat
1502 330 1648 363 natura
1680 322 1833 371 divina,

66 383 198 424 forma
243 394 411 435 quoque
452 394 542 419 esse
583 380 859 432 pulcherrima
905 383 1073 429 debeat,
1117 398 1190 424 nec
1234 398 1325 425 esse
1369 386 1550 425 humana
1584 386 1708 426 ullam
1744 386 1834 439 pul-

65 446 292 491 chriorem;
335 443 497 483 tertiam
540 443 740 482 rationem
774 444 967 491 adfertis,
1011 447 1122 497 quod
1158 446 1266 486 nulla
1299 448 1379 487 alia
1413 447 1540 500 ligura
1573 448 1831 487 domicilium
2230 482 2231 486 ,

65 507 213 549 mentis
246 519 336 545 esse
369 506 512 558 possit.
573 504 638 544 77.
671 506 853 546 Primum
888 509 1012 557 igitur
1035 509 1219 562 quidque
1251 511 1469 549 considera
1504 512 1627 563 quale
1659 511 1735 555 sit:
1770 524 1865 552 air-5
2240 504 2244 543 l

63 572 194 624 ripere
229 568 339 608 enim
372 568 471 607 mihi
505 567 703 607 videmini
737 570 854 620 quasi
880 577 1018 607 vestro
1046 570 1133 609 iure
1163 585 1246 609 rein
1272 572 1385 610 nullo
1411 572 1535 611 modo
1561 573 1832 625 prohabilem.

64 632 243 674 Omnino
277 630 370 684 quis
410 636 490 669 tam
524 643 670 669 caecus
711 630 750 669 in
783 631 1116 683 contemplandis
1149 633 1272 672 rebus
1306 648 1505 687 uniquam
1539 635 1637 681 suit,
1677 640 1721 673 ut
1752 648 1834 673 non

62 694 218 734 videret
249 692 410 746 species
441 692 541 731 istas
574 692 790 731 hominum
823 693 1008 732 conlatas
1041 693 1080 732 in
1115 694 1216 733 deos
1248 702 1318 735 aut
1349 697 1523 736 consilio
1556 697 1737 750 quodam
1770 709 1835 735 sa-

62 757 284 812 pientium,
326 769 406 808 quo
447 754 609 794 facilius
648 756 808 794 animos
848 756 1132 808 imperitorum
1175 757 1224 795 ad
1267 758 1438 797 deorum
1482 759 1637 800 cultum
1671 772 1695 798 a
1727 760 1834 798 vitae

61 819 260 874 pravitate
292 824 604 864 converterent,
645 824 715 857 aut
747 818 1069 870 superstitione,
1103 824 1143 857 ut
1177 826 1316 859 essent
1352 820 1591 868 simulacra,
1625 836 1731 875 quae
1766 836 1834 860 ve·
1852 836 1885 864 10
2228 813 2244 867 ,ἆ

65 887 258 923 nerantes
301 881 403 919 deos
445 880 559 933 ipsos
592 894 635 919 se
667 880 780 919 adire
814 881 1065 920 crederent?
1110 882 1329 921 Auxerunt
1370 890 1507 922 autem
1548 883 1651 923 haec
1687 885 1834 924 eadem
2224 844 2246 952 gl

61 949 229 999 poctae,
262 943 464 996 pictores,
498 940 682 995 opifices.
739 943 838 982 Erat
869 943 978 982 enim
1013 957 1095 981 non
1135 944 1258 983 facile
1290 946 1450 997 agentis
1483 946 1642 998 aliquid
1675 952 1715 986 et
1747 961 1835 987 mo-
2240 918 2244 969 i

61 1006 199 1048 lientis
232 1005 334 1044 deos
367 1005 407 1044 in
439 1004 612 1044 aliarum
636 1004 860 1044 formarum
894 1005 1126 1044 inritatione
1149 1019 1329 1046 servare.
1379 1009 1569 1047 Accessit
1600 1009 1722 1048 etiam
1756 1010 1835 1050 ista
2240 987 2244 1067 l

61 1069 200 1124 opinio
233 1069 428 1114 fortasse,
462 1067 575 1120 quod
608 1067 766 1107 homini
795 1067 965 1106 homine
988 1067 1202 1120 pulchrius
1226 1068 1326 1108 nihil
1350 1069 1526 1109 videtur.
1575 1072 1655 1111 Sed
1680 1079 1721 1112 tu
1742 1073 1833 1122 hoc,
2238 1071 2245 1135 l

59 1132 251 1187 physice,
291 1144 372 1170 non
406 1130 540 1177 vides,
581 1144 704 1184 quam
745 1130 897 1170 blanda
937 1129 1196 1170 conciliatrix
1228 1137 1268 1170 et
1302 1131 1424 1184 quasi
1457 1132 1520 1171 sui
1554 1133 1607 1172 sit
1637 1134 1731 1174 lena
1763 1148 1885 1177 iia-45
2240 1156 2245 1179 ο

60 1197 183 1235 tura?
229 1195 291 1232 An
325 1199 445 1246 putas
478 1193 605 1233 ullam
638 1207 728 1233 esse
763 1199 871 1233 terra
902 1194 1092 1246 marique
1123 1194 1312 1240 beluam,
1345 1207 1452 1247 quae
1476 1208 1559 1234 non
1582 1196 1646 1234 sui
1669 1198 1834 1248 generis
2241 1217 2244 1238 v

25 1249 182 1298 ⁴belua
220 1255 399 1295 maxime
440 1254 704 1295 delectetur?
763 1256 887 1304 Quod
925 1256 965 1295 ni
1010 1256 1066 1295 ita
1099 1262 1226 1304 esset,
1268 1270 1342 1296 cur
1373 1271 1454 1296 non
1489 1258 1658 1310 gestiret
1690 1266 1834 1300 taurus

61 1332 196 1374 equae
229 1319 580 1365 contrectatione,
613 1331 745 1371 equus
779 1321 959 1358 vaccae?
993 1332 1044 1358 an
1076 1325 1120 1359 tu
1152 1320 1335 1373 aquilam
1367 1327 1438 1360 aut
1469 1319 1632 1360 leonem
1655 1328 1726 1361 aut
1748 1322 1835 1362 del-

59 1383 233 1438 phinum
266 1381 391 1420 ullam
424 1381 629 1421 anteferre
662 1394 805 1421 censes
836 1382 1011 1435 figuram
1045 1384 1180 1421 suae?
1215 1381 1325 1429 Quid
1348 1382 1472 1435 igitur
1493 1383 1663 1431 mirum,
1695 1385 1729 1424 si
1758 1385 1836 1425 hoc

61 1445 209 1487 eodem
243 1443 367 1484 modo
400 1443 560 1483 homini
594 1449 739 1484 natura
771 1445 1062 1499 praescripsit,
1095 1451 1139 1484 ut
1171 1444 1274 1483 nihil
1306 1445 1523 1497 pulchrius
1545 1460 1670 1499 quam
1701 1446 1835 1487 homi·
1851 1462 1888 1491 ρο

61 1522 154 1549 nem
187 1512 354 1560 putaret
389 1504 496 1560 [eam
528 1520 619 1546 esse.
651 1520 841 1555 causam,
874 1521 946 1546 cur
977 1506 1080 1547 deos
1111 1507 1329 1547 hominum
1361 1508 1508 1547 similis
1541 1508 1798 1564 putaremus]
1818 1513 1836 1550 ἱ)

173 1568 238 1609 78.
273 1569 383 1617 Quid
416 1582 586 1617 censeS‚
619 1570 652 1609 si
685 1571 790 1609 ratio
823 1576 935 1609 esset
966 1571 1007 1609 in
1038 1570 1207 1610 beluis?
1249 1584 1330 1610 non
1362 1584 1438 1611 suo
1472 1585 1662 1626 quasque
1694 1574 1837 1626 generi

61 1634 285 1690 plurimum
317 1629 542 1672 tributuras
573 1632 737 1672 fuisse?
797 1634 990 1672 XXVIII.
1022 1635 1074 1673 At
1096 1647 1160 1673 me
1182 1633 1352 1673 hercule
1377 1648 1454 1687 ego
1478 1656 1532 1663 -
1554 1635 1688 1675 dicam
1713 1637 1838 1683 enim,

61 1704 104 1739 ut
133 1697 269 1737 sentio
292 1718 365 1742 —,
398 1695 590 1748 quamvis
622 1709 756 1735 amem
789 1696 880 1749 ipse
912 1709 996 1743 me,
1028 1702 1165 1736 tamen
1198 1710 1282 1735 non
1309 1696 1443 1737 audeo
1466 1697 1603 1737 dicere
1625 1698 1839 1751 pulchrio-

61 1774 145 1800 rem
191 1771 283 1799 esse
324 1772 410 1806 me,
451 1771 574 1811 quam
613 1757 683 1798 ille
720 1758 847 1798 fuerit
891 1765 1050 1807 taurus,
1085 1759 1156 1812 qui
1189 1760 1305 1799 vexit
1335 1761 1570 1813 Europam3
1611 1774 1695 1801 non
1728 1762 1888 1803 enim25

61 1824 141 1863 hoc
173 1822 266 1863 loco
299 1821 350 1860 de
382 1822 560 1874 ingeniis
591 1828 662 1862 aut
694 1821 744 1862 de
777 1822 1036 1862 orationibus
1068 1823 1242 1869 nostris,
1275 1822 1347 1862 sed
1380 1823 1430 1862 de
1459 1824 1599 1876 specie
1622 1821 1839 1877 figuraque

63 1887 290 1940 quaeritur.
345 1884 471 1931 Quod
503 1885 537 1924 si
569 1882 723 1938 tingere
755 1884 877 1924 nobis
911 1890 951 1924 et
982 1885 1157 1937 iungere
1189 1884 1342 1925 formas
1376 1885 1575 1933 velimus,
1609 1886 1746 1940 qualis
1768 1886 1839 1926 ille

60 1948 288 1988 maritimus
319 1948 464 1987 Triton
494 1948 700 2001 pingitur,
737 1948 976 1988 natantibus
1006 1948 1207 1988 invehens
1238 1948 1374 1989 beluis
1408 1949 1618 1990 adiunctis
1650 1951 1836 1990 humano

61 2010 244 2065 corpori,
275 2009 383 2050 nolis
416 2023 523 2050 esse.
583 2010 753 2050 Difficili
788 2010 829 2049 in
862 2011 955 2050 loco
987 2024 1157 2060 versor3
1193 2018 1254 2051 est
1281 2012 1391 2051 enim
1423 2013 1483 2052 vis
1510 2018 1622 2053 tanta
1652 2019 1839 2061 naturae,

61 2079 107 2114 ut
146 2071 270 2112 homo
311 2085 434 2112 nemo
467 2073 567 2113 velit
607 2073 687 2112 nisi
720 2073 898 2112 hominis
931 2074 1080 2113 similis
1112 2088 1216 2114 esse.
1264 2075 1316 2114 Et
1347 2075 1518 2128 quidem
1549 2075 1725 2116 formica
1756 2075 1840 2116 for·
1855 2089 1891 2118 30

63 2136 205 2176 micae.
258 2133 323 2174 79.
357 2135 437 2174 Sed
476 2141 614 2175 tamen
657 2135 774 2174 cuius
814 2135 1028 2175 hominis?
1074 2144 1230 2189 quotus
1268 2138 1377 2178 enim
1411 2139 1593 2191 quisque
1636 2137 1840 2178 formosus

2 2222 4 2247 3
64 2200 154 2239 est‘?
200 2197 375 2238 Athenis
407 2212 501 2238 cnm
534 2211 687 2245 essem,
721 2211 742 2238 e
775 2199 971 2251 gregibus
1005 2196 1260 2253 epheborum
1284 2200 1353 2239 vix
1386 2200 1540 2253 singuli
1573 2200 1842 2252 reperieban-

3 2255 5 2260 ’
64 2267 141 2302 tur.
188 2261 321 2300 Video
362 2261 463 2315 quid
505 2260 726 2308 adriseris,
769 2261 841 2300 sed
881 2261 938 2300 ita
975 2267 1119 2301 tamen
1154 2275 1197 2300 se
1229 2276 1294 2301 res
1327 2262 1462 2302 babet.
1514 2262 1674 2302 Deinde
1706 2262 1841 2309 nobis,

5 2317 8 2347 ἕ
65 2324 136 2377 qui
167 2323 498 2364 concedentibus
532 2322 798 2377 philosophis
830 2324 1016 2376 antiquis
1053 2323 1382 2364 adulescentulis
1417 2324 1684 2372 delectamur,
1717 2325 1841 2364 etiam

64 2387 163 2427 vitia
195 2400 320 2439 saepe
352 2386 535 2426 iucunda
567 2392 673 2426 sunt.
725 2388 888 2427 Naevos
921 2387 961 2425 in
994 2387 1170 2426 articulo
1194 2388 1310 2440 pueri
1334 2388 1515 2427 delectat
1538 2388 1749 2427 Alcaeum.
1788 2388 1890 2430 At35

10 2444 13 2449 ’
67 2454 127 2489 est
157 2449 345 2502 corporis
377 2449 539 2489 macula
571 2462 738 2489 naevos.
792 2449 855 2488 Illi
887 2455 1022 2488 tamen
1064 2450 1143 2488 hoc
1174 2449 1317 2489 lumen
1351 2449 1582 2490 videbatur.
1635 2450 1684 2498 Q.
1719 2449 1842 2489 Catu-

149 2586 182 2617 ⁴.
209 2586 426 2625 informatum
451 2594 537 2617 nos:
568 2586 788 2625 ¹informatum
812 2586 1030 2625 anticipatum
1049 2583 1096 2622 (Εἷς
1123 2586 1339 2626 informatum
1364 2586 1648 2626 anticipatumque
1672 2586 1697 2617 O
1726 2603 1760 2608 —
1787 2594 1844 2616 oc-

18 2639 19 2650 *
65 2639 174 2668 curret
196 2637 220 2668 B
250 2654 284 2659 ——
311 2637 342 2668 ⁶2.
369 2636 455 2675 quod
479 2634 687 2667 XValkerus:
715 2639 751 2667 *uc
775 2635 803 2668 Ἦ
824 2653 857 2658 ——
887 2637 914 2668 3.
942 2637 1043 2667 ullum
1065 2637 1088 2667 A
1115 2655 1146 2659 -
1177 2637 1207 2666 5.
1233 2637 1334 2674 possit
1361 2638 1441 2667 ante
1467 2637 1554 2675 quod
1579 2637 1712 2676 ponunt
1735 2636 1801 2667 AC
1818 2635 1842 2666 E

20 2687 24 2732 ’Δ
69 2703 102 2708 -
127 2686 220 2717 nulla
244 2686 313 2716 alia
338 2687 363 2717 A
380 2686 403 2717 C
420 2686 465 2717 E:
494 2686 585 2716 nulla
612 2687 644 2716 in
669 2686 739 2716 alia
765 2687 825 2717 ΒΟ
854 2704 886 2708 -
917 2687 1076 2726 quidquid
1103 2688 1149 2723 A,
1176 2686 1331 2725 quicquid
1357 2687 1380 2716 (J
1396 2686 1440 2717 E.
1469 2685 1518 2717 Cf.
1539 2686 1581 2716 111
1606 2685 1624 2725 S
1649 2685 1680 2716 7.
1703 2702 1737 2708 —-
1764 2693 1845 2716 con-

22 2734 24 2738 '
66 2734 174 2766 sidera
197 2736 220 2766 B
236 2736 282 2766 E:
316 2736 505 2766 consideras
528 2738 555 2767 A
571 2736 618 2768 C:
653 2736 894 2767 consideremus
918 2737 942 2767 O
969 2753 1004 2758 -
1033 2737 1063 2767 7.
1093 2736 1230 2767 Omnino
1258 2737 1436 2767 Davisius:
1472 2736 1618 2766 omnium
1641 2732 1690 2766 Ἧι
1716 2734 1845 2764 Etenim

24 2783 28 2837 ἰι
67 2783 92 2815 O
117 2801 151 2806 —
178 2785 209 2816 8.
235 2786 420 2825 sapientum
445 2786 469 2816 O
498 2803 532 2808 —
560 2785 590 2816 9.
618 2787 857 2824 imperatorum
881 2785 919 2817 B¹
943 2804 986 2809 —-
1010 2787 1062 2817 tt.
1091 2786 1208 2816 audire
1234 2786 1257 2816 C
1287 2803 1322 2807 —
1350 2784 1402 2816 44.
1428 2785 1509 2815 nihil
1528 2784 1698 2824 pulchrius
1723 2783 1746 2814 E
1762 2784 1786 2814 Ο
1808 2801 1843 2805 -

26 2845 30 2882 ]
66 2835 193 2867 videtur
223 2837 491 2868 Schoemannus
523 2836 601 2877 (qui
635 2836 780 2867 alteram
815 2844 916 2867 suam
950 2835 1236 2867 emendationem
1267 2834 1441 2865 ridebatur
1465 2833 1659 2875 praetium:
1690 2834 1846 2864 uideatur

28 2885 32 2931 i
69 2883 135 2917 ⁸210
162 2903 196 2909 -
225 2888 276 2918 45,
303 2886 418 2918 blande
442 2889 469 2918 A
497 2904 530 2908 -
559 2891 586 2918 el
611 2896 710 2926 quam
734 2887 785 2917 sui
809 2885 837 2918 ⁵21
867 2904 899 2909 -
933 2886 1006 2918 lena
1033 2888 1221 2925 (superscr.
1248 2885 1283 2922 is)
1311 2885 1359 2921 ss;
1393 2885 1455 2916 leni
1479 2893 1499 2914 a
1524 2884 1548 2915 E
1578 2901 1608 2906 -
1640 2883 1692 2915 48.
1719 2891 1846 2922 aequae

30 2937 34 2987 ι
70 2935 96 2965 Α
123 2951 156 2957 -
183 2943 285 2973 aequs
308 2938 334 2967 A
362 2954 395 2958 —
424 2937 474 2967 ΞΟ.
501 2940 538 2968 ut
561 2946 637 2977 sup.
659 2936 716 2968 lin.
737 2938 762 2967 Α
787 2954 821 2958 —-
848 2938 901 2968 21.
929 2946 1001 2968 eam
1025 2945 1091 2967 esse
1108 2939 1362 2974 --pularemus
1378 2932 1444 2965 del.
1466 2933 1669 2972 Madvigius.
1698 2932 1845 2964 «Addita

33 2997 36 3030 ξ
71 2985 150 3015 sunt
179 2993 260 3016 cum
291 2994 418 3025 magno
446 2987 640 3019 sententiae
673 2986 897 3023 detrimento,
932 2995 1012 3018 cum
1046 2995 1113 3017 non
1148 2984 1401 3023 intelligeretur
1428 2991 1514 3014 usus
1539 2981 1730 3014 formulae:
1766 2982 1845 3021 quid

35 3040 38 3077 fi
70 3034 174 3073 igitur
195 3036 337 3074 mirum,
363 3037 389 3067 si
414 3038 503 3068 θεῖ.»
533 3036 582 3067 Cf.
611 3036 833 3068 Schoemann
858 3037 948 3067 Diss.
977 3037 1001 3067 11
1028 3044 1061 3076 p.
1081 3035 1134 3066 ⁶23.
1163 3052 1197 3056 —
1226 3035 1277 3065 25.
1305 3033 1434 3064 uexerit
1461 3032 1515 3071 (ric
1538 3033 1573 3064 in
1599 3034 1730 3071 rasura)
1758 3033 1781 3064 B
1807 3049 1842 3054 —

37 3083 41 3133 l
71 3083 122 3114 27.
147 3084 299 3116 uellimus
319 3088 346 3116 A
375 3103 409 3107 —
442 3085 494 3117 29.
521 3094 658 3125 corpore
683 3087 745 3117 AB
762 3086 784 3117 E
813 3104 847 3109 -
874 3085 1015 3125 difficilis
1040 3085 1064 3116 C
1094 3101 1126 3107 -
1159 3083 1210 3114 30.
1240 3082 1330 3113 uellit
1353 3082 1482 3122 (priore
1507 3081 1518 3112 l
1542 3082 1727 3123 expuncta)
1753 3084 1779 3113 A
1807 3100 1842 3105 —

39 3143 43 3197 K
71 3131 190 3164 homini
219 3135 284 3166 ΑΕ
319 3152 352 3157 —-
391 3139 468 3167 esset
500 3136 523 3167 B
551 3153 584 3157 —
622 3135 767 3174 formica
791 3144 860 3167 om.
888 3136 953 3167 AC
991 3152 1025 3157 —
1065 3134 1116 3166 3⁴.
1143 3134 1330 3173 formonsus
1357 3132 1431 3171 (litt.
1457 3142 1478 3163 n
1502 3134 1687 3173 expuncta)
1713 3133 1777 3164 AB
1806 3149 1841 3155 —

42 3202 45 3226 Ι
73 3180 123 3213 35.
149 3184 294 3215 iucunda
320 3186 418 3216 A¹Bz
456 3186 598 3216 iocunda
626 3185 701 3216 A2C
718 3185 741 3216 E
772 3202 808 3207 —
846 3184 886 3216 35
905 3187 939 3216 et
956 3185 1008 3216 36.
1035 3192 1160 3216 naeuos
1184 3184 1207 3214 B
1225 3183 1269 3214 C:
1296 3190 1395 3213 neuos
1418 3182 1483 3214 AE
1510 3182 1558 3221 (in
1584 3182 1648 3213 AB
1675 3183 1844 3214 termina-

43 3228 47 3271 Ἠ
73 3231 155 3264 tioni
171 3241 349 3274 superscr.
369 3235 422 3275 u);
448 3244 573 3269 naevus
596 3236 620 3270 Ο
642 3252 677 3259 --
703 3235 743 3269 Αι
766 3236 822 3278 est]
848 3236 892 3268 ad
915 3238 960 3268 est
982 3237 1008 3269 A
1030 3253 1063 3257 -
1090 3234 1142 3267 36.
1169 3234 1227 3265 hoc
1251 3241 1342 3265 corr.
1362 3233 1396 3265 in
1420 3232 1472 3264 hic
1494 3233 1521 3266 A
1538 3249 1573 3254 -
1599 3232 1732 3273 quintus
1755 3230 1784 3265 Ἡ
1804 3248 1839 3254 -

45 3275 51 3357 l
73 3281 199 3315 aclulus
219 3285 259 3317 A.
