2249 3624
600 136 688 175 Lm.
720 135 790 177 111.
831 133 926 174 Cae.
957 132 1168 173 Vl—vll.
1207 129 1266 184 §§
1299 128 1488 170 48-023.
1841 116 1921 162 ¹l37

170 251 397 292 secundum
438 255 625 290 naturam
659 249 761 293 sint,
803 247 1013 300 pellatque
1045 245 1273 286 contraria:
1312 257 1393 297 qna
1425 245 1591 284 inventa
1623 240 1850 281 selectione
1882 244 1922 279 et

171 315 268 354 item
309 314 534 354 reiectione
573 314 760 365 sequitur
796 311 992 362 deinceps
1035 323 1127 348 cum
1159 307 1298 347 oslicio
1331 308 1526 353 selectiO,
1566 304 1718 345 deinde
1750 316 1798 342 ea
1828 316 1923 355 per—

172 384 318 430 petua,
351 383 435 416 tum
467 376 516 415 ad
549 381 777 414 extremum
810 379 1004 412 constans
1037 378 1399 424 consentaneaque
1431 374 1626 415 naturae,
1658 367 1698 406 in
1727 378 1810 419 qua
1841 365 1924 418 pri-

173 454 282 479 mum
323 440 457 479 inesse
497 438 640 489 incipit
671 443 708 476 et
746 436 950 486 intellegi,
995 436 1094 488 quid
1128 435 1179 473 sit
1210 434 1322 487 quod
1354 446 1448 472 vere
1479 432 1634 471 bonum
1666 427 1798 482 possit
1828 428 1923 467 dici.

174 500 238 541 ⁶21.
272 502 404 540 Prima
436 506 495 539 est
527 500 637 538 enim
668 498 902 538 conciliatio
936 497 1114 536 hominis
1146 497 1196 536 ad
1229 511 1297 543 ea,
1329 508 1436 548 quae
1468 500 1564 534 sunt
1594 494 1821 533 secundum
1853 496 1959 531 lla-5

174 571 326 604 turam:
365 562 485 602 simul
527 567 665 600 autem
713 561 819 612 cepit
861 560 1186 611 intellegentiam
1230 559 1293 598 vel
1333 559 1548 597 notionem
1596 557 1758 610 potius,
1801 568 1924 607 quam

171 625 379 679 appellant
419 621 586 663 ἔννοιαν
628 622 706 669 illi,
754 622 940 675 viditque
982 635 1118 660 rerum
1159 621 1413 672 agendarum
1456 621 1640 660 ordinem
1673 625 1735 666 et,
1781 623 1823 658 ut
1870 618 1926 657 ita

170 689 325 733 dicam,
358 686 641 731 concordiam,
674 685 803 724 multo
837 698 925 723 cam
959 684 1086 736 pluris
1119 684 1350 722 aestimavit
1373 697 1495 736 quam
1524 683 1664 722 onmia
1695 682 1786 729 illa,
1818 694 1925 734 quae

169 751 300 803 prima
332 749 557 794 dilexerat,
588 753 713 800 atquo
746 747 800 785 ita
831 746 1070 798 cognitione
1103 751 1141 783 et
1173 746 1332 784 ratione
1356 746 1545 796 collegit,
1579 751 1622 784 ut
1653 749 1852 784 statueret
1882 743 1924 782 in

169 825 217 851 eo
250 812 494 850 collocatum
528 823 730 849 summum
763 808 865 847 illud
898 807 1079 846 hominis
1111 820 1183 860 per
1214 821 1257 846 se
1290 807 1542 846 laudandum
1574 812 1613 846 et
1646 806 1924 860 expetendum

168 875 340 918 bonum,
373 873 484 926 qnod
517 887 608 912 cnm
642 874 819 925 positum
851 871 904 909 sit
936 870 977 908 in
1008 882 1077 915 eo,
1111 869 1222 922 quod
1245 866 1484 922 ‹21:112071'1e1‘
1507 870 1654 916 Stoici,
1686 882 1761 908 nos
1784 868 1927 921 appel-

169 937 298 976 lemus
330 924 778 980 convenientiam,
811 934 844 973 si
876 933 1012 986 placet
1045 947 1118 971 -·;
1162 946 1254 970 cum
1288 932 1414 984 igitur
1444 933 1486 971 in
1519 946 1567 971 eo
1600 932 1652 971 sit
1684 932 1723 970 id
1755 932 1925 977 bonurn,

167 1012 250 1051 quo
284 998 423 1037 omnia
454 997 672 1037 referenda
704 1002 818 1042 sunt,
853 995 1029 1034 honeste
1060 994 1166 1033 sacta
1198 994 1419 1048 ipsumque
1450 995 1691 1041 honestum,
1723 994 1836 1048 quod
1860 1006 1927 1032 so-

169 1060 252 1098 lum
294 1061 334 1098 in
378 1060 497 1099 bonis
530 1060 717 1105 ducitur,
759 1070 1010 1113 quamquam
1055 1062 1148 1109 post
1179 1057 1335 1104 oritur,
1372 1063 1508 1096 tamen
1541 1057 1581 1096 id
1614 1058 1748 1097 solum
1780 1058 1820 1097 vi
1852 1068 1926 1095 sua

168 1128 207 1161 et
239 1122 436 1173 dignitate
477 1122 757 1174 expetendum
799 1126 882 1167 est;
927 1133 1070 1159 eorum
1103 1124 1263 1166 autem,
1301 1133 1417 1172 quae
1449 1125 1548 1159 sunt
1578 1121 1710 1173 prima
1741 1124 1926 1164 naturae,

169 1192 341 1237 propter
371 1199 413 1224 se
446 1185 549 1224 nihil
582 1190 643 1223 est
676 1183 970 1236 expetendum.
1031 1179 1097 1220 ⁰22.
1133 1182 1231 1221 Cum
1264 1196 1361 1221 vcro
1393 1182 1484 1229 illa,
1528 1197 1635 1236 quae
1667 1182 1804 1223 oflicia
1835 1194 1926 1220 esse

168 1247 273 1293 dixi,
306 1245 620 1300 proficiscantur
648 1246 697 1285 ab
730 1246 857 1285 initiis
889 1251 1079 1291 naturae,
1112 1257 1282 1284 necesse
1315 1250 1376 1284 est
1407 1259 1454 1285 ea
1482 1245 1532 1285 ad
1564 1245 1667 1285 haec
1689 1244 1852 1291 referri,
1883 1248 1928 1282 ut

166 1316 276 1348 recte
318 1309 398 1347 dici
437 1310 565 1361 possit
605 1309 743 1348 omnia
783 1306 915 1347 oslicia
947 1321 995 1346 eo
1027 1306 1195 1353 referri,
1240 1312 1285 1346 ut
1315 1307 1593 1360 adipiscamur
1622 1307 1825 1361 principia
1857 1320 1928 1345 na-

167 1378 304 1418 turae,
348 1385 423 1410 nee
472 1377 608 1409 tamen
651 1376 695 1409 ut
735 1371 813 1410 hoc
855 1370 906 1409 sit
946 1370 1152 1408 honorum
1192 1370 1402 1417 ultimum,
1447 1376 1665 1424 propterea
1698 1368 1810 1423 quod
1843 1382 1926 1408 non

166 1434 273 1473 inest
304 1434 344 1472 in
378 1434 518 1485 primis
551 1439 719 1472 naturae
752 1432 1116 1472 conciliationibus
1148 1431 1325 1472 honesta
1356 1433 1489 1472 actio:
1521 1446 1786 1486 consequens
1818 1432 1925 1470 enim

167 1504 230 1536 est
261 1502 300 1536 et
332 1502 425 1549 post
456 1496 608 1542 oritur,
641 1501 685 1535 ut
716 1495 815 1534 dixi.
874 1496 947 1534 Est
976 1501 1114 1534 tamen
1147 1508 1195 1535 ea
1226 1496 1457 1535 secundum
1490 1502 1679 1536 naturam
1711 1494 1926 1547 multoque

165 1572 240 1598 nos
282 1558 333 1598 ad
375 1572 417 1597 se
452 1559 729 1611 expetendam
772 1558 899 1611 magis
929 1558 1119 1598 hortatur
1150 1571 1276 1611 quam
1309 1560 1526 1611 superiora
1558 1558 1710 1598 omnia.
1762 1556 1843 1597 Sed
1875 1570 1925 1597 ex

164 1622 244 1661 hoc
284 1622 459 1674 primum
502 1635 614 1661 error
653 1622 863 1661 tollendus
905 1626 983 1668 est,
1024 1634 1076 1660 ne
1115 1622 1208 1674 quis
1251 1622 1372 1674 sequi
1412 1622 1624 1662 existimet
1658 1626 1704 1661 ut
1733 1620 1815 1660 duo
1847 1619 1928 1659 siut

166 1684 310 1723 ultima
343 1685 560 1724 bonorum.
614 1685 662 1723 [t
693 1684 801 1723 enim
834 1684 868 1723 si
899 1684 964 1722 cui
994 1684 1254 1736 propositum
1281 1685 1333 1723 sit
1354 1684 1579 1724 conliniare
1599 1684 1761 1723 hastam
1784 1683 1926 1736 aliquo

165 1754 234 1786 aut
265 1747 478 1798 sagittam,
520 1747 575 1785 sic
617 1760 688 1785 nos
723 1747 910 1785 ultimum
942 1746 983 1784 in
1015 1747 1135 1785 bonis
1169 1746 1360 1786 dicimus.
1405 1745 1479 1800 [sic
1510 1747 1569 1786 illi
1601 1746 1738 1786 facere
1771 1745 1925 1791 omnia,

166 1821 270 1860 quae
312 1809 467 1860 possit,
508 1815 552 1847 ut
593 1806 818 1861 conliniet.]
870 1809 975 1847 Huic
1014 1809 1056 1848 in
1097 1809 1184 1848 eius
1222 1809 1335 1847 modi
1369 1809 1643 1849 similitudine
1676 1809 1814 1848 omnia
1846 1808 1925 1848 sint

166 1870 379 1917 facienda,
412 1877 457 1910 ut
488 1871 706 1918 conliniet,
746 1878 783 1911 et
815 1877 951 1911 tamen
982 1877 1027 1910 ut
1058 1871 1198 1910 omnia
1228 1871 1375 1918 faciat,
1409 1886 1492 1925 quo
1524 1871 1783 1924 propositum
1815 1884 1925 1910 asse-

165 1939 335 1985 quatur,
368 1933 420 1972 sit
450 1934 529 1973 hoc
561 1935 679 1986 qnasi
712 1934 923 1981 ultimum,
957 1934 1079 1987 quale
1112 1948 1188 1973 nos
1220 1948 1426 1974 summum
1458 1934 1498 1973 in
1521 1935 1605 1974 vita
1636 1934 1792 1973 bonum
1824 1933 1925 1972 dici-

166 2009 277 2043 mus,
311 1995 411 2035 illud
445 2002 601 2042 autem,
634 2003 677 2036 ut
708 1997 848 2043 feriat,
881 1997 998 2049 quasi
1033 1997 1317 2049 seligendum,
1350 2010 1434 2036 non
1469 1997 1764 2050 expetendum.

276 2059 364 2097 Vll.
400 2055 462 2097 23.
498 2058 599 2098 Cum
631 2067 766 2098 autem
795 2059 933 2098 omnia
955 2056 1091 2098 officia
1112 2073 1134 2098 a
1159 2059 1376 2112 principiis
1398 2064 1572 2099 naturae
1594 2059 1923 2112 proficiscantur,

163 2121 213 2160 ab
246 2121 377 2160 isdem
410 2134 577 2160 necesse
609 2127 669 2160 est
699 2121 906 2174 proficisci
938 2121 1071 2173 ipsam
1104 2121 1365 2173 sapientiam.
1415 2121 1496 2160 Sed
1533 2135 1659 2174 quem
1681 2121 1732 2161 ad
1756 2121 1923 2161 modum

164 2195 285 2235 saepe
319 2180 359 2221 lit
392 2189 435 2222 ut
466 2184 518 2229 is,
551 2185 620 2237 qui
652 2184 965 2223 commendatus
997 2185 1050 2223 sit
1082 2184 1226 2231 alicui,
1257 2184 1391 2236 pluris
1420 2198 1514 2224 eum
1536 2184 1682 2232 faciat,
1715 2186 1780 2224 cui
1813 2197 1923 2224 com—

164 2245 401 2291 mendatus,
441 2259 562 2298 quam
602 2246 737 2293 illum,
777 2259 799 2285 a
841 2259 924 2299 quo
968 2246 1040 2293 sit,
1074 2246 1133 2285 sic
1166 2246 1336 2286 minime
1368 2247 1516 2287 mirum
1552 2252 1637 2294 est,
1680 2248 1814 2300 primo
1847 2261 1923 2287 nos

164 2307 391 2358 sapientiae
423 2308 702 2348 commendari
733 2309 782 2348 ab
813 2309 942 2348 initiis
976 2314 1169 2356 naturae,
1212 2315 1306 2362 post
1344 2314 1489 2349 autem·
1515 2309 1646 2362 ipsam
1678 2310 1922 2363 sapientiam

251 2505 278 2535 ι.
306 2514 372 2545 qua
395 2507 436 2536 A:
463 2513 524 2544 que
548 2506 569 2537 B
586 2506 625 2544 E,
652 2514 736 2544 quae
759 2507 783 2538 Ο
804 2525 838 2529 -
866 2507 896 2538 3.
921 2508 1066 2546 primum
1091 2507 1213 2539 codd:
1241 2517 1340 2547 quum
1360 2508 1508 2548 primum
1533 2516 1612 2539 cum
1631 2510 1823 2540 Goerenzio
1840 2510 1864 2540 O
1888 2527 1920 2531 --

162 2553 192 2585 4.
218 2554 329 2593 incipit
351 2559 379 2586 ei
404 2556 537 2596 inlelliyi
562 2557 602 2587 B:
630 2557 741 2597 incipit
765 2561 795 2588 et
817 2558 971 2598 inlelleyit
988 2561 1034 2593 A;
1063 2558 1195 2598 incipit,
1222 2558 1372 2598 inlelliyit
1395 2566 1477 2589 cum
1495 2558 1678 2589 scliuetzio
1695 2558 1720 2590 O
1740 2576 1774 2581 -
1801 2560 1833 2590 5.
1852 2560 1924 2599 pri-

160 2612 248 2634 mum
274 2604 296 2635 E
325 2623 358 2627 —
396 2606 426 2637 6.
452 2606 510 2647 vel]
538 2611 566 2637 et
591 2607 612 2637 Β
640 2624 674 2628 -
710 2608 740 2638 7.
768 2606 891 2639 ennoea
914 2610 959 2644 A,
987 2617 1134 2639 ennoean
1160 2609 1182 2639 B
1212 2625 1245 2629 -—
1281 2608 1312 2639 8.
1339 2608 1516 2639 concordia
1540 2610 1565 2639 A
1594 2626 1628 2630 -
1654 2609 1814 2640 estimabit
1837 2610 1921 2644 AB3

160 2654 357 2685 existimabit
380 2655 405 2686 E
440 2673 473 2678 —
508 2657 558 2687 ll.
586 2657 680 2698 quod]
712 2667 778 2696 quo.
811 2659 834 2689 Β
868 2676 902 2680 -
940 2668 1014 2689 cum
1035 2657 1189 2698 positum]
1220 2658 1398 2697 obpositam
1423 2660 1449 2689 A
1486 2675 1521 2681 -
1559 2659 1766 2699 homoloyian
1795 2660 1858 2691 AB
1888 2678 1920 2682 —

162 2702 212 2734 43.
238 2703 299 2733 sint
323 2704 346 2734 B
375 2721 407 2726 —
433 2705 559 2738 honeste
579 2707 680 2747 facia]
706 2708 816 2739 omnia
839 2708 967 2740 honeste
989 2710 1081 2748 sacta
1098 2712 1122 2741 A
1142 2710 1184 2746 133
1212 2709 1324 2739 onmia
1346 2710 1480 2739 honesta
1502 2709 1594 2748 sacia
1619 2710 1661 2747 B;
1690 2719 1759 2742 om.
1786 2710 1829 2741 de
1855 2711 1923 2741 Da-

161 2753 234 2784 xisti
258 2754 427 2784 sententia
452 2756 476 2785 Ο
503 2773 537 2778 -
572 2758 656 2796 quod
685 2758 788 2788 solum
812 2759 855 2789 B:
892 2768 956 2799 quo
986 2760 1089 2790 solum
1115 2760 1158 2797 E3
1191 2759 1296 2789 solum
1320 2768 1389 2790 om.
1417 2760 1525 2790 ceteri
1550 2759 1651 2791 codd.
1681 2761 1796 2799 (etiam
1820 2762 1857 2800 A)
1885 2778 1918 2782 —

161 2801 212 2833 44.
241 2802 271 2832 id
302 2803 384 2833 Ali:
418 2804 497 2836 illud
528 2806 550 2836 B
580 2824 613 2828 —
646 2808 678 2837 vi
709 2816 768 2839 sua
798 2812 826 2839 ec
856 2809 901 2848 d.]
927 2810 960 2839 in
984 2818 1045 2840 sua
1069 2810 1098 2840 d.
1129 2810 1151 2839 Β
1181 2827 1214 2829 -
1251 2809 1303 2839 tt).
1331 2811 1375 2838 est
1400 2809 1483 2839 AB:
1511 2817 1581 2840 om.
1609 2810 1633 2840 Ο
1659 2826 1693 2831 -
1724 2810 1774 2841 47.
1801 2819 1924 2841 necesse

160 2855 203 2882 est
227 2861 263 2882 ea
289 2854 312 2883 A
328 2853 351 2883 Β
367 2854 408 2884 Ε;
443 2864 481 2885 ea
503 2864 626 2887 necesse
649 2861 693 2888 est
717 2859 747 2889 M
776 2874 809 2880 —
836 2859 889 2889 ⁵50.
916 2860 995 2890 inest
1020 2861 1064 2890 A:
1092 2862 1136 2889 cst
1161 2859 1184 2889 B
1200 2859 1230 2888 M
1259 2876 1292 2880 —
1324 2858 1409 2887 enim
1432 2860 1477 2887 esc
1501 2859 1546 2889 A:
1572 2862 1617 2889 est
1640 2859 1723 2890 enim
1750 2860 1772 2890 B
1788 2860 1857 2890 Mo
1884 2877 1919 2881 -

160 2901 212 2933 ⁶24.
239 2902 417 2934 conliniare
440 2907 465 2935 A
481 2906 521 2936 B:
553 2907 721 2939 colliniare
745 2909 768 2938 C
784 2909 833 2945 l);
867 2909 1052 2939 contineam
1076 2910 1127 2944 M;
1155 2909 1329 2939 collinenre
1353 2908 1396 2943 03
1425 2908 1508 2938 item
1534 2916 1566 2939 v.
1592 2909 1633 2939 ⁶36
1659 2910 1693 2939 et
1714 2908 1769 2940 27.
1803 2908 1852 2940 Cf.
1879 2908 1921 2940 ad

160 2960 192 2991 p.
218 2952 270 2989 80,
297 2952 348 2983 30.
378 2970 411 2974 ——
446 2955 557 2993 atiquo
588 2957 718 2988 hastam
749 2959 771 2989 Β
808 2976 841 2980 —-
876 2959 930 2989 “25
957 2959 1001 2989 sie
1034 2968 1092 2989 nos
1116 2958 1185 2989 duo
1211 2957 1314 2988 codd.
1343 2958 1539 2988 Goerenzii:
1570 2959 1652 2989 sicut
1675 2968 1732 2989 nos
1755 2960 1858 2990 ABO
1886 2977 1919 2981 —

159 3002 204 3031 sic
227 3002 274 3031 illi
297 3003 320 3040 f.
347 3004 455 3034 omnia
479 3014 508 3044 q.
533 3015 565 3044 p.
594 3012 626 3037 ut
649 3008 801 3038 conliniet
826 3008 975 3044 delenda
1001 3017 1078 3040 esse
1105 3008 1299 3039 iudicarunt
1327 3007 1489 3046 Ursinus,
1524 3009 1675 3044 Marsus,
1702 3009 1921 3044 Matthiaeus.

159 3051 366 3091 Madvigius:
393 3055 473 3086 sicui
496 3056 543 3086 illi
567 3059 632 3088 cet.
660 3058 887 3090 scribendum
906 3060 1027 3089 censet
1053 3060 1104 3090 Fr.
1126 3057 1274 3089 lacobus
1299 3058 1332 3088 in
1351 3056 1471 3089 Philol.
1491 3059 1706 3089 Schneidew.
1727 3059 1778 3096 vt,
1807 3068 1839 3099 p.
1860 3057 1921 3089 487

160 3108 253 3140 sqq,
281 3103 337 3142 qui
363 3103 527 3145 deinceps
550 3106 658 3137 verba
682 3108 764 3138 Huic
781 3126 797 3131 -
811 3126 827 3130 -
846 3109 1059 3148 &petendum
1086 3110 1119 3138 et
1144 3107 1226 3138 salsa
1250 3116 1327 3138 esse
1346 3108 1391 3138 ait
1410 3116 1523 3148 neque
1542 3118 1561 3139 a
1580 3109 1748 3140 Cicerone
1767 3108 1921 3148 potuisse

161 3150 251 3181 addi.
280 3169 314 3173 —
349 3154 399 3185 28.
426 3155 465 3184 sil
488 3155 681 3187 Ernestius:
714 3158 767 3187 scd
792 3157 893 3187 codd.
924 3175 958 3179 —
993 3157 1046 3188 34.
1074 3158 1172 3187 isdem
1197 3158 1222 3188 A
1238 3157 1277 3187 B:
1316 3158 1427 3188 iisdem
1452 3158 1476 3189 O
1502 3175 1536 3179 —-
1573 3158 1624 3189 32.
1652 3158 1751 3189 alicui
1768 3175 1815 3180 --
1833 3165 1922 3187 com-

160 3201 330 3232 mendatus
356 3204 395 3233 sic
420 3212 488 3235 om.
513 3205 536 3236 B
566 3221 599 3227 -—
634 3206 686 3236 cui
714 3207 956 3237 commendatus
979 3208 1022 3238 A:
1055 3208 1108 3237 cui
1138 3207 1380 3238 commendatus
1409 3208 1449 3239 sit
1474 3208 1543 3239 MO
1571 3225 1604 3230 —
1636 3208 1688 3238 33.
1714 3207 1770 3245 sic,
1796 3205 1851 3246 sic]
1876 3206 1922 3236 sic

162 3247 241 3285 (om.
268 3251 317 3291 sit)
343 3254 366 3284 A
382 3253 423 3290 E;
448 3254 488 3284 sit
512 3255 591 3294 (om.
617 3255 672 3294 sic)
698 3256 721 3286 B
750 3273 783 3277 —
811 3255 864 3288 34.
890 3257 997 3296 ipsam
1020 3260 1129 3288 autem
1154 3257 1192 3287 Β.

1942 812 1975 840 10

1942 1126 1976 1155 15

1941 1439 1977 1468 ‘20

1942 1753 1976 1781 ²25

1938 2066 1973 2094 30
