2249 3624
312 248 384 292 ¹10⁴
395 251 420 292 4
1063 248 1343 293 CICERONIS

812 565 868 624 M.
904 565 1142 624 TULLII
1180 564 1564 625 CICERONIS

434 730 972 788 ARATEORUM
1014 730 1559 787 FRAGMENTA
1599 731 1940 793 PR10RA.

1091 1043 1240 1088 Fraym.
1269 1041 1296 1079 l.

315 1120 346 1157 A
372 1118 463 1156 Iove
491 1118 693 1155 Musarum
722 1114 956 1167 primordia.
1011 1115 1218 1164 (Cicero
1249 1114 1307 1153 de
1336 1116 1473 1166 Legg.
1506 1115 1529 1154 l.
1562 1116 1604 1154 ll.
1636 1128 1669 1155 c.
1700 1117 1758 1166 3.)

1074 1203 1225 1250 Fraym.
1256 1203 1301 1241 II.

315 1281 443 1327 Quem
472 1291 607 1330 neque
636 1283 860 1329 tempestas
888 1278 1063 1328 perimet
1089 1289 1225 1327 neque
1253 1277 1370 1328 longa
1402 1283 1584 1316 vetustas

313 1343 536 1391 Interimet,
559 1342 770 1391 stinguens
788 1340 1001 1391 praeclara
1022 1341 1195 1391 insignia
1217 1340 1332 1380 caeli.
1376 1341 1688 1384 (Priscianus
1704 1339 1728 1378 1.
1751 1342 1798 1379 X.
1823 1353 1857 1378 c.
1879 1341 1915 1379 2.
1934 1342 1969 1389 §.
1993 1341 2064 1391 11.)

1071 1430 1220 1476 Fraqm.
1251 1428 1312 1466 ΙΙΙ.

315 1506 461 1545 Cetera
488 1503 680 1543 labuntur
708 1502 829 1541 celeri
859 1501 1052 1541 caelestia
1079 1508 1210 1551 motu,

315 1568 416 1607 Cum
446 1566 643 1617 caeloque
672 1564 788 1604 simul
818 1570 1043 1616 noctesque
1072 1563 1245 1615 diesque
1275 1565 1457 1603 seruntur
1503 1564 1695 1612 (Cicero
1724 1563 1780 1602 de
1801 1564 1903 1602 Nat.
1925 1564 2063 1602 Deor.

1692 1625 1719 1664 l.
1748 1626 1796 1664 ΙΙ.
1826 1638 1861 1664 c.
1890 1626 1967 1675 41.)

1072 1715 1218 1761 Fraym.
1250 1713 1313 1751 lV.

312 1792 615 1841 Extremusque
644 1788 748 1828 adeo
777 1787 928 1838 duplici
958 1786 1009 1825 de
1038 1786 1204 1827 cardine
1233 1793 1374 1826 vertex

312 1854 467 1893 Dicitur
495 1865 587 1891 esse
616 1851 749 1904 polus.
806 1848 965 1899 (lbid.)

1080 1939 1226 1985 Fraym.
1257 1937 1302 1974 V.

314 2017 424 2062 Quas
452 2014 577 2052 nostri
606 2018 763 2063 septem
793 2012 901 2050 soliti
929 2012 1106 2050 vocitare
1130 2012 1325 2050 Triones:

313 2078 372 2116 Ex
400 2077 460 2115 his
489 2075 614 2114 altera
643 2074 752 2126 apud
782 2075 923 2114 Graios
953 2074 1162 2124 Cynosura
1192 2080 1383 2119 vocatur,

312 2139 447 2178 Altera
478 2138 625 2177 dicitur
653 2150 745 2176 esse
773 2137 922 2176 Helice.
978 2135 1141 2184 (lbid.)

1069 2226 1217 2271 Fraym.
1248 2224 1311 2262 Vl.

312 2302 393 2340 Hac
422 2299 550 2339 fidunt
577 2298 680 2337 duce
709 2303 904 2336 nocturna
933 2297 1157 2336 Phoenices
1186 2299 1226 2336 in
1254 2298 1347 2336 alto.

313 2363 395 2402 Sed
424 2364 536 2414 prior
562 2361 627 2400 illa
658 2361 785 2411 magis
814 2359 942 2398 stellis
972 2360 1160 2398 distincta
1190 2359 1361 2409 refulget

311 2426 358 2463 Et
388 2425 464 2463 late
493 2425 620 2476 prima
649 2423 861 2461 confestim
891 2435 911 2461 a
941 2428 1057 2460 nocte
1085 2422 1259 2460 videtur.

310 2489 418 2526 Haec
446 2499 542 2526 vero
571 2499 696 2538 parva
725 2491 800 2534 est,
832 2485 906 2523 sed
935 2486 1067 2523 nautis
1096 2496 1194 2522 usus
1221 2484 1259 2522 in
1289 2483 1362 2523 hac
1395 2490 1477 2532 est;

310 2551 408 2590 Nam
439 2562 561 2588 cursu
588 2549 778 2587 interiore
806 2547 921 2586 brevi
950 2548 1199 2586 convertitur
1226 2546 1338 2585 orbe.
1395 2547 1481 2596 (lbi
1499 2547 1560 2595 d.)

1054 2636 1201 2681 Fraym.
1240 2634 1319 2672 Vll.

309 2712 388 2749 Has
415 2711 548 2758 inter,
578 2709 700 2748 veluti
730 2708 869 2760 rapido
899 2720 990 2747 curn
1019 2708 1176 2759 gurgite
1204 2708 1377 2758 flumen,

308 2773 450 2811 Torvu‘
477 2774 606 2811 Draco
634 2772 762 2822 serpit
789 2771 932 2809 subter
959 2782 1194 2821 superaque
1230 2771 1444 2810 revolvens

307 2835 406 2873 Sese
435 2835 738 2885 conficiensque
767 2834 880 2872 sinus
909 2845 929 2870 e
959 2844 1130 2884 corpore
1160 2832 1305 2872 ssexos.
1361 2832 1514 2882 (lbid.
1546 2846 1579 2871 c.
1611 2833 1693 2878 42.)

1049 2922 1195 2967 Fraym.
1234 2921 1327 2964 Vlll,

307 2995 405 3033 Huic
433 3006 511 3032 non
540 3007 617 3033 una
647 2995 765 3034 modo
794 3000 916 3046 caput
942 3006 1091 3033 ornans
1120 2992 1236 3032 stella
1270 2993 1447 3043 relucet,

312 3058 461 3094 Verum
492 3062 673 3107 tempora
703 3062 798 3095 sunt
828 3055 978 3107 duplici
1009 3055 1162 3105 fulgore
1191 3061 1350 3105 notata,

307 3119 336 3156 E
367 3117 631 3168 trucibusque
660 3118 786 3156 oculis
816 3117 895 3157 duo
925 3117 1077 3156 fervida
1107 3116 1256 3156 lumina
1283 3116 1474 3168 flagrant,

307 3182 439 3229 Atque
469 3191 546 3216 uno
575 3185 753 3218 mentum
783 3179 954 3218 radianti
982 3178 1116 3218 sidere
1144 3178 1277 3217 lucet:

308 3241 523 3291 Obstipum
553 3246 674 3290 caput
702 3247 741 3279 ct
769 3242 884 3279 tereti
913 3242 1073 3279 cervice
1105 3240 1302 3278 reflexum

309 3302 503 3340 Obtutum
531 3302 570 3340 in
603 3301 730 3340 cauda
759 3303 921 3341 maioris
949 3303 1072 3353 figere
1101 3301 1226 3340 dicas.
1283 3302 1454 3350 (lbid.)
