2249 3624
594 167 683 208 Lm.
704 167 777 207 111.
820 166 916 208 Cn.
937 167 1305 208 XXVI—XXXI.
1343 165 1402 221 §§
1425 164 1617 207 38-43,
1901 163 1982 205 829

219 279 319 333 quod
349 278 392 317 in
421 274 535 315 tert-io
565 274 610 313 de
640 286 683 313 re
706 274 814 326 publ.
846 274 946 313 libro
976 288 999 313 a
1033 274 1217 314 Cicerone
1247 279 1594 313 commemoratum
1625 279 1694 314 est.
1757 273 1860 313 Nam
1895 286 1983 312 cum

219 341 426 383 Herculem
455 344 490 378 et
518 337 730 376 Romulum
761 350 811 376 em
842 337 1065 376 h01u.1'm'lms
1094 337 1183 375 cleos
1213 350 1291 376 esse
1316 338 1444 389 suctos
1474 337 1744 383 adseveraret,
1793 336 1982 384 Quorum

219 418 303 445 non
333 412 528 455 corpora,
560 399 700 451 inquit,
731 406 827 439 sunt
858 399 899 438 in
931 399 1091 439 caelum
1124 399 1252 447 elata;
1285 413 1421 453 neque
1454 400 1565 439 enim
1597 406 1741 439 natura
1774 404 1984 452 pateretur

218 473 262 507 ut
293 467 354 513 id,
385 462 498 518 quod
531 468 641 503 esset
673 476 694 502 e
726 468 849 509 terra,
881 462 959 502 nisi
993 463 1032 502 in
1065 468 1173 502 terra
1205 469 1405 503 maneret.
1449 461 1780 516 (Augustinus
1811 463 1855 502 cle
1877 463 1982 502 civit.

216 529 277 569 dei
306 527 442 573 XXII,
465 524 516 578 4.)
1998 531 2015 558 5

326 591 382 631 M.
411 589 564 628 Tullius
593 589 638 628 de
670 601 711 628 re
734 588 844 640 publ.
877 588 940 628 lib.
965 588 1050 626 III:
1082 589 1317 641 Numquam
1350 589 1428 629 viri
1459 588 1675 629 fortissimi
1708 588 1984 637 fortitudinis,

215 652 486 706 inpigritatiS,
518 652 742 706 patientiae
776 682 785 692 .
814 682 823 691 .
885 650 1108 702 (Nonius
1142 666 1178 691 v,
1214 652 1427 703 inpiyritas
1458 666 1495 704 p.
1527 649 1627 704 1255.)

326 716 380 755 M.
408 715 560 754 Tullius
589 716 632 755 de
663 727 705 754 re
729 715 836 767 publ.
870 714 933 752 lib.
957 714 1043 752 III:
1088 713 1234 767 Pyrrhi
1277 714 1471 753 videlicet
1514 714 1684 766 largitas
1717 714 1745 766 -Χ-
1777 728 1874 755 acos
1915 718 1986 754 aut

217 776 461 818 Samnitium
494 778 639 830 copiae
673 777 799 817 Curio
833 776 1070 816 defuerunt.
1133 773 1345 827 (Nonius
1378 790 1414 816 v.
1447 777 1616 828 laryitus
1647 792 1685 830 p.
1705 773 1812 829 1132.)

329 840 382 882 M.
408 839 562 880 Tullius
590 840 635 880 de
665 853 707 879 re
730 839 841 892 publ.
876 839 941 877 lib.
963 839 1054 877 Ill:
1105 837 1231 878 Cuius
1263 839 1389 878 etiam
1420 838 1560 878 focum
1594 838 1694 878 Cato
1727 839 1798 878 ille
1830 844 2039 887 noster,⁴0

217 916 311 943 cum
341 908 511 943 venerat
550 903 602 942 ad
634 916 678 942 se
709 902 753 941 in
786 901 985 948 Sabinos,
1027 906 1072 940 ut
1103 913 1156 940 ex
1186 900 1277 953 ipso
1310 900 1606 948 audiebamus,
1646 902 1779 941 visere
1810 902 1986 949 solebat,

217 966 328 1019 apud
360 979 483 1019 quem
514 965 585 1004 ille
617 965 768 1005 sedens
792 964 1054 1011 Samnitium,
1087 963 1302 1017 quondam
1325 964 1522 1011 hostium,
1546 970 1632 1004 tum
1665 965 1745 1005 iam
1771 964 1986 1005 clientium

218 1041 409 1076 suorum,
441 1028 550 1068 dona
580 1028 852 1081 relegaverat.
914 1024 1126 1080 (Nonius
1156 1040 1194 1067 v.
1225 1027 1329 1079 apud
1360 1041 1397 1080 p.
1416 1025 1525 1080 522.)

331 1116 510 1160 XXIX.
547 1117 632 1161 41.
672 1112 710 1148 ’Ἅι
732 1113 769 1147 ³²³·
792 1114 829 1148 ἦ
855 1116 991 1168 {Asia
1023 1116 1086 1158 Ti.
1109 1116 1363 1170 Gracchus,
1397 1119 1703 1170 perseveravit
1735 1119 1778 1159 in
1823 1113 1875 1170 [p.
1892 1112 1987 1154 ⁶249.

218 1187 410 1242 civibus,
441 1189 659 1230 sociorum
693 1189 965 1242 nominisque
991 1187 1135 1228 Latini
1174 1188 1268 1227 iura
1299 1187 1493 1228 neclexit
1525 1200 1576 1228 ac
1611 1186 1804 1229 foedera.
1865 1186 1987 1239 Quae
2005 1191 2040 1219 ⁴5

218 1256 254 1297 si
285 1256 559 1298 consuetudo
591 1270 643 1298 ac
676 1257 856 1299 licentia
886 1268 1064 1298 manare
1086 1257 1284 1309 coeperit
1307 1256 1438 1299 latius
1461 1257 1771 1311 imperiumque
1795 1261 1988 1298 nostrum

219 1324 275 1366 ad
307 1326 391 1365 vim
423 1337 449 1367 a
481 1327 573 1366 iure
605 1325 877 1378 traduxerit,
918 1329 988 1378 ut,
1029 1327 1099 1379 qui
1130 1323 1275 1366 adhuc
1306 1325 1538 1365 voluntate
1578 1326 1705 1366 nobis
1737 1325 1990 1379 oboediunt,

219 1394 390 1435 terrore
422 1397 671 1448 teneantur,
704 1395 787 1436 etsi
821 1395 961 1446 nobis,
995 1396 1067 1449 qui
1100 1393 1141 1434 id
1172 1395 1334 1435 aetatis
1366 1407 1534 1447 sumus,
1556 1395 1813 1450 evigilatum
1836 1395 1990 1445 serest,

221 1464 366 1504 tamen
398 1463 452 1504 de
484 1465 675 1518 posteris
706 1465 871 1505 nostris
907 1467 950 1504 et
984 1462 1037 1504 de
1070 1463 1144 1504 illa
1175 1464 1502 1504 immortalitate
1533 1465 1595 1504 rei
1631 1464 1831 1517 publicae
1863 1464 1991 1504 solli-

221 1533 356 1586 citor,
387 1544 497 1587 quae
529 1535 704 1586 poterat
736 1545 836 1574 esse
868 1535 1106 1587 perpetua,
1139 1533 1176 1573 si
1209 1533 1356 1587 passtris
1387 1533 1618 1574 x·1veretur
1649 1534 1780 1574 insti-
1821 1528 1877 1584 [p.
1894 1527 2040 1570 25an

221 1602 329 1642 tutis
360 1604 403 1642 et
434 1602 638 1643 moribus.

333 1669 484 1711 XXX.
525 1670 608 1712 42.
640 1669 764 1723 Quae
796 1684 890 1713 eum
924 1670 1111 1713 dixisset
1143 1671 1338 1724 Laelius,
1370 1672 1451 1712 etsi
1486 1684 1655 1724 omnes,
1689 1672 1759 1726 qui
1790 1670 1990 1727 aderant,

221 1740 532 1796 significabant
563 1741 618 1782 ab
650 1753 702 1781 eo
734 1753 782 1782 se
815 1753 912 1782 esse
944 1740 1172 1782 admodum
1206 1742 1466 1794 delectatos,
1496 1744 1642 1782 tamen
1677 1744 1853 1794 praeter
1874 1745 1993 1782 cete-

221 1821 296 1850 ros
326 1806 480 1863 Scipio
521 1810 644 1863 quasi
684 1808 868 1864 quodam
907 1810 1071 1866 gaudio
1114 1811 1279 1863 elatus,
1321 1809 1494 1852 Multas
1525 1813 1570 1851 tu
1603 1809 1796 1865 quidem,
1840 1810 1992 1863 inquit,

221 1877 366 1931 Laeli,
397 1890 532 1932 saepe
565 1890 724 1920 causas
756 1881 817 1920 ita
850 1879 1109 1933 defendisti,
1140 1884 1186 1921 ut
1219 1892 1304 1937 ego
1336 1893 1424 1921 non
1455 1879 1582 1920 modo
1614 1884 1756 1921 tecum
1788 1877 1992 1921 Servium
2006 1884 2042 1914 ‘25

222 1946 407 1989 Galbam
438 1947 654 2004 collegam
687 1952 906 2002 nostrum,
951 1962 1075 2004 quem
1108 1953 1179 2004 tu,
1221 1949 1365 2004 quoad
1396 1950 1530 2001 vixit,
1571 1950 1769 1991 omnibus
1800 1952 1994 2002 antepo-

222 2016 388 2071 nebas,
428 2028 580 2057 verum
621 2028 676 2058 ne
707 2017 958 2059 Atticorum
1002 2017 1172 2073 quidem
1215 2022 1436 2059 oratorum
1479 2030 1733 2073 quemquam
1773 2020 1850 2058 aut
1886 2030 1994 2058 sua-

221 2087 369 2127 vitate
399 2081 436 2116 ἕ
458 2081 495 2116 ³4*
516 2081 553 2115 ’ἕ

732 2138 1034 2194 [Desideratum
1057 2143 1228 2194 paqincze
1256 2137 1486 2196 duodecim]

338 2228 392 2268 M.
417 2228 570 2267 Tullius
599 2227 644 2267 de
673 2240 716 2268 re
740 2229 849 2280 publ.
883 2230 946 2268 lib.
971 2231 1058 2269 III:
1109 2232 1211 2271 duas
1243 2230 1322 2270 sibi
1354 2244 1442 2277 res,
1484 2242 1566 2283 quo
1599 2229 1736 2269 minus
1768 2229 1812 2269 in
1842 2228 1991 2282 vulgus
2006 2240 2044 2270 3ο

227 2291 338 2331 etin
367 2290 458 2331 foro
490 2290 673 2338 diceret,
713 2291 1010 2331 confidentiam
1051 2297 1092 2332 et
1129 2306 1276 2333 vocem
1315 2292 1500 2332 defuisse
1533 2290 1555 2313 ²¹²
1578 2291 1600 2314 ’Ψ
1662 2292 1917 2345 (Nonius
1956 2305 1992 2332 v.

225 2352 456 2405 confidentia
486 2366 526 2406 p.
542 2350 651 2405 262.)

338 2416 395 2455 De
424 2428 500 2468 quo
528 2415 690 2467 (tauro)
722 2417 857 2456 Cicero
886 2417 1014 2456 dixit:
1056 2418 1311 2458 inclusorum
1341 2418 1560 2458 hominum
1592 2418 1749 2471 gemitu
1784 2417 1996 2471 mugiebat

226 2481 382 2518 taurus.
443 2475 782 2530 (Scholiastes
814 2480 1080 2520 Iuvenalis
1120 2481 1170 2520 ad
1199 2488 1273 2520 sat.
1306 2481 1381 2528 VI,
1414 2479 1522 2533 430.)

339 2573 514 2615 XXXI.
544 2572 626 2616 43.
658 2570 696 2605 ‘3⁹‘
717 2570 754 2605 ·³·'“
776 2572 1090 2630 *greportam
1132 2577 1255 2634 Ergo
1288 2578 1402 2618 illam
1434 2590 1523 2617 rem
1556 2577 1718 2631 populi,
1750 2576 1792 2617 id
1827 2570 2048 2628 [p-‘251-35

229 2644 297 2684 est
328 2655 415 2684 rem
450 2644 688 2699 publicam,
735 2647 830 2698 quis
862 2643 1030 2686 diceret
1063 2648 1174 2696 tum,
1215 2659 1309 2687 cum
1341 2645 1604 2687 crudelitate
1637 2647 1763 2686 unius
1796 2647 1996 2700 oppressi

230 2716 378 2752 essent
419 2713 637 2766 universi,
678 2725 820 2766 neque
853 2718 971 2755 esset
1004 2727 1132 2754 unum
1164 2715 1384 2755 vincutum
1418 2715 1525 2754 iuris
1556 2726 1637 2755 nec
1669 2726 1915 2755 consensus
1945 2725 1998 2756 ac

230 2780 423 2820 societas
453 2785 621 2835 coetus,
653 2780 768 2835 quod
801 2784 869 2822 est
900 2776 1125 2836 populus‘.2
1167 2783 1318 2836 Atque
1340 2781 1424 2823 hoc
1446 2781 1557 2822 idem
1580 2780 1832 2836 Syracusis.
1878 2781 1999 2836 Urps

231 2847 305 2888 illa
336 2849 583 2901 praeclara,
615 2863 740 2904 quam
773 2851 834 2890 ait
865 2849 1069 2892 Timaeus
1100 2851 1369 2893 Graecarum
1401 2863 1663 2904 maxumam,
1697 2852 1881 2892 omnium
1913 2864 1998 2892 au-

232 2918 318 2958 tem
350 2929 449 2958 esse
481 2917 836 2972 pulcherrimam,
875 2931 955 2959 arx
985 2919 1191 2972 visenda,
1235 2924 1387 2972 portus
1426 2931 1562 2973 usque
1602 2921 1644 2960 in
1685 2922 1808 2961 sinus
1849 2919 2049 2974 oppidi40

320 3055 352 3087 7.
372 3057 555 3095 patientiae
579 3055 701 3097 [fructu
723 3057 914 3097 caruerunt]
940 3057 1113 3099 supplexit
1139 3058 1204 3089 Mai
1232 3075 1266 3079 —
1303 3058 1334 3089 8.
1362 3058 1506 3088 videlicet
1533 3058 1740 3090 Lambinus:
1768 3059 1856 3091 uidet
1879 3058 1997 3095 codd.;

234 3104 361 3136 ridetur
392 3106 416 3137 O
442 3115 522 3137 cum
548 3107 648 3145 Maio,
681 3108 739 3147 qui
764 3108 813 3138 sie
838 3107 1027 3148 supplexit:
1065 3109 1137 3140 Nisa·
1160 3109 1244 3147 forte
1267 3108 1362 3138 stulte
1384 3109 1501 3145 Pyrrhi
1525 3109 1652 3139 ridetur·
1674 3109 1816 3149 largitas
1851 3127 1885 3132 —
1924 3118 2001 3140 aeos

236 3153 354 3184 codd.:
387 3155 572 3186 consulibus
595 3155 803 3192 Lambinus,
837 3166 857 3187 a
881 3157 1010 3189 consule
1039 3158 1063 3188 O
1089 3167 1170 3188 cum
1195 3158 1298 3193 Maio3
1332 3157 1483 3187 Fabricio
1507 3158 1597 3189 coni.
1619 3159 1733 3190 Christ
1772 3177 1804 3181 —
1848 3160 1878 3191 9.
1905 3160 2001 3198 copia

237 3203 339 3234 codd.
368 3220 402 3226 -—
431 3205 482 3236 46.
510 3214 656 3236 §ossam
682 3206 706 3237 C
747 3224 780 3228 —
818 3207 870 3237 ΞΟ.
894 3208 1014 3245 patriis
1038 3208 1063 3238 O
1089 3224 1124 3229 --
1153 3208 1203 3237 22.
1231 3215 1334 3242 Q-Qfflt
1364 3208 1387 3237 t)
1413 3224 1454 3228 —
1479 3207 1531 3238 ε27.
1558 3211 1616 3238 aut
1639 3209 1820 3249 suatvitate
1845 3211 1903 3239 aut
1928 3207 2001 3239 ele-

237 3253 350 3291 gantia
375 3262 579 3295 comparare
605 3255 750 3295 soleam]
775 3255 948 3297 supplevit
972 3258 1036 3288 Mai
1075 3273 1109 3279 —
1147 3257 1199 3287 31.
1229 3257 1336 3287 dicere
1360 3256 1462 3287 codd.
1499 3274 1534 3279 —
1572 3257 1625 3289 37.
1652 3267 1836 3290 [suffusum
1861 3258 1884 3290 C
1911 3261 2000 3290 teste

236 3300 291 3333 Du
314 3302 410 3343 Rieu,
435 3304 499 3336 sed
522 3305 611 3337 Maio
637 3314 799 3337 UNIL'IERSI
827 3322 858 3329 -
895 3305 948 3338 40.
974 3307 1085 3347 oppidi
1109 3305 1279 3347 Leopardi
1305 3309 1338 3338 et
1362 3306 1528 3338 Schuetz:
1556 3308 1682 3347 oppidis
1706 3308 1780 3340 CO.
