<?xml version="1.0" encoding="UTF-8"?>
<!DOCTYPE html PUBLIC "-//W3C//DTD XHTML 1.0 Transitional//EN"
    "http://www.w3.org/TR/xhtml1/DTD/xhtml1-transitional.dtd">
<html xmlns="http://www.w3.org/1999/xhtml" xml:lang="en" lang="en">
 <head>
  <title>
</title>
<meta http-equiv="Content-Type" content="text/html;charset=utf-8" />
  <meta name='ocr-system' content='tesseract 3.04.00' />
  <meta name='ocr-capabilities' content='ocr_page ocr_carea ocr_par ocr_line ocrx_word'/>
</head>
<body>
  <div class='ocr_page' id='page_1' title='image "./operaquaesupersu04ciceuoft_0506.png"; bbox 0 0 2249 3624; ppageno 0'>
   <div class='ocr_carea' id='block_1_1' title="bbox 526 556 1785 771">
    <p class='ocr_par' dir='ltr' id='par_1_1' title="bbox 526 556 1785 771">
     <span class='ocr_line' id='line_1_1' title="bbox 840 556 1469 619; baseline 0.006 -4"><span class='ocrx_word' id='word_1_1' title='bbox 840 557 898 616; x_wconf 89' lang='lat' dir='ltr'>M.</span> <span class='ocrx_word' id='word_1_2' title='bbox 936 557 1126 616; x_wconf 79' lang='lat' dir='ltr'>TULLII</span> <span class='ocrx_word' id='word_1_3' title='bbox 1163 556 1469 619; x_wconf 83' lang='lat' dir='ltr'>CICERONIS</span> 
     </span>
     <span class='ocr_line' id='line_1_2' title="bbox 526 711 1785 771; baseline 0.003 -6"><span class='ocrx_word' id='word_1_4' title='bbox 526 711 666 765; x_wconf 77' lang='lat' dir='ltr'>DE</span> <span class='ocrx_word' id='word_1_5' title='bbox 740 711 1226 769; x_wconf 82' lang='lat' dir='ltr'>DEORUM</span> <span class='ocrx_word' id='word_1_6' title='bbox 1302 712 1785 771; x_wconf 81' lang='lat' dir='ltr'><strong>NATURA</strong></span> 
     </span>
    </p>
   </div>
   <div class='ocr_carea' id='block_1_2' title="bbox 877 873 1425 922">
    <p class='ocr_par' dir='ltr' id='par_1_2' title="bbox 877 873 1425 922">
     <span class='ocr_line' id='line_1_3' title="bbox 877 873 1425 922; baseline 0.004 -5"><span class='ocrx_word' id='word_1_7' title='bbox 877 873 1083 920; x_wconf 85' lang='lat' dir='ltr'>LIBER</span> <span class='ocrx_word' id='word_1_8' title='bbox 1113 874 1425 922; x_wconf 84' lang='lat' dir='ltr'>TERTIUS.</span> 
     </span>
    </p>
   </div>
   <div class='ocr_carea' id='block_1_3' title="bbox 207 1189 2036 2808">
    <p class='ocr_par' dir='ltr' id='par_1_3' title="bbox 262 1189 2036 1436">
     <span class='ocr_line' id='line_1_4' title="bbox 376 1189 2036 1248; baseline 0.001 -15"><span class='ocrx_word' id='word_1_9' title='bbox 376 1192 407 1233; x_wconf 90' lang='grc' dir='ltr'>Ι.</span> <span class='ocrx_word' id='word_1_10' title='bbox 438 1189 477 1231; x_wconf 81' lang='grc'>4.</span> <span class='ocrx_word' id='word_1_11' title='bbox 510 1191 626 1240; x_wconf 83' lang='lat' dir='ltr'><strong>Quae</strong></span> <span class='ocrx_word' id='word_1_12' title='bbox 659 1206 751 1232; x_wconf 91' lang='lat' dir='ltr'>cum</span> <span class='ocrx_word' id='word_1_13' title='bbox 785 1193 935 1233; x_wconf 77' lang='lat' dir='ltr'>Balbus</span> <span class='ocrx_word' id='word_1_14' title='bbox 968 1194 1163 1240; x_wconf 83' lang='lat' dir='ltr'>dixisset,</span> <span class='ocrx_word' id='word_1_15' title='bbox 1199 1198 1286 1233; x_wconf 83' lang='lat' dir='ltr'>tum</span> <span class='ocrx_word' id='word_1_16' title='bbox 1318 1192 1514 1232; x_wconf 81' lang='lat' dir='ltr'>adridens</span> <span class='ocrx_word' id='word_1_17' title='bbox 1548 1192 1689 1241; x_wconf 90' lang='lat' dir='ltr'>Cotta,</span> <span class='ocrx_word' id='word_1_18' title='bbox 1728 1193 1851 1241; x_wconf 87' lang='lat' dir='ltr'>Sero,</span> <span class='ocrx_word' id='word_1_19' title='bbox 1882 1193 2036 1248; x_wconf 89' lang='lat' dir='ltr'>inquit,</span> 
     </span>
     <span class='ocr_line' id='line_1_5' title="bbox 263 1254 2035 1309; baseline 0.001 -15"><span class='ocrx_word' id='word_1_20' title='bbox 263 1255 382 1301; x_wconf 87' lang='lat' dir='ltr'>mihi,</span> <span class='ocrx_word' id='word_1_21' title='bbox 425 1254 571 1302; x_wconf 90' lang='lat' dir='ltr'>Balbe,</span> <span class='ocrx_word' id='word_1_22' title='bbox 603 1255 831 1308; x_wconf 82' lang='lat' dir='ltr'>praecipis,</span> <span class='ocrx_word' id='word_1_23' title='bbox 873 1256 976 1309; x_wconf 91' lang='lat' dir='ltr'>quid</span> <span class='ocrx_word' id='word_1_24' title='bbox 1009 1256 1246 1295; x_wconf 76' lang='lat' dir='ltr'><strong>defendam.</strong></span> <span class='ocrx_word' id='word_1_25' title='bbox 1297 1256 1385 1308; x_wconf 83' lang='lat' dir='ltr'>Ego</span> <span class='ocrx_word' id='word_1_26' title='bbox 1417 1256 1529 1294; x_wconf 91' lang='lat' dir='ltr'>enim</span> <span class='ocrx_word' id='word_1_27' title='bbox 1561 1259 1600 1294; x_wconf 93' lang='lat' dir='ltr'>te</span> <span class='ocrx_word' id='word_1_28' title='bbox 1632 1255 1892 1308; x_wconf 79' lang='lat' dir='ltr'>disputante,</span> <span class='ocrx_word' id='word_1_29' title='bbox 1934 1256 2035 1309; x_wconf 93' lang='lat' dir='ltr'>quid</span> 
     </span>
     <span class='ocr_line' id='line_1_6' title="bbox 262 1316 2036 1372; baseline 0.002 -16"><span class='ocrx_word' id='word_1_30' title='bbox 262 1322 403 1357; x_wconf 86' lang='lat' dir='ltr'>contra</span> <span class='ocrx_word' id='word_1_31' title='bbox 435 1316 642 1365; x_wconf 83' lang='lat' dir='ltr'>dicerem,</span> <span class='ocrx_word' id='word_1_32' title='bbox 683 1331 845 1357; x_wconf 88' lang='lat' dir='ltr'>mecum</span> <span class='ocrx_word' id='word_1_33' title='bbox 878 1319 966 1371; x_wconf 89' lang='lat' dir='ltr'>ipse</span> <span class='ocrx_word' id='word_1_34' title='bbox 998 1319 1250 1365; x_wconf 82' lang='lat' dir='ltr'>meditabar,</span> <span class='ocrx_word' id='word_1_35' title='bbox 1281 1331 1421 1372; x_wconf 91' lang='lat' dir='ltr'>neque</span> <span class='ocrx_word' id='word_1_36' title='bbox 1453 1323 1536 1358; x_wconf 92' lang='lat' dir='ltr'>tam</span> <span class='ocrx_word' id='word_1_37' title='bbox 1568 1317 1788 1358; x_wconf 89' lang='lat' dir='ltr'>refellendi</span> <span class='ocrx_word' id='word_1_38' title='bbox 1819 1319 1879 1358; x_wconf 90' lang='lat' dir='ltr'>tui</span> <span class='ocrx_word' id='word_1_39' title='bbox 1911 1333 2036 1360; x_wconf 88' lang='lat' dir='ltr'>causa</span> 
     </span>
     <span class='ocr_line' id='line_1_7' title="bbox 262 1380 2035 1436; baseline 0.002 -17"><span class='ocrx_word' id='word_1_40' title='bbox 262 1393 385 1432; x_wconf 89' lang='lat' dir='ltr'>quam</span> <span class='ocrx_word' id='word_1_41' title='bbox 418 1393 488 1426; x_wconf 89' lang='lat' dir='ltr'>ea,</span> <span class='ocrx_word' id='word_1_42' title='bbox 521 1393 629 1433; x_wconf 92' lang='lat' dir='ltr'>quae</span> <span class='ocrx_word' id='word_1_43' title='bbox 662 1381 797 1420; x_wconf 88' lang='lat' dir='ltr'>minus</span> <span class='ocrx_word' id='word_1_44' title='bbox 829 1381 1148 1434; x_wconf 82' lang='lat' dir='ltr'>intellegebam,</span> <span class='ocrx_word' id='word_1_45' title='bbox 1179 1380 1437 1435; x_wconf 87' lang='lat' dir='ltr'>requirendi.</span> <span class='ocrx_word' id='word_1_46' title='bbox 1491 1380 1591 1420; x_wconf 92' lang='lat' dir='ltr'>Cum</span> <span class='ocrx_word' id='word_1_47' title='bbox 1621 1385 1759 1420; x_wconf 89' lang='lat' dir='ltr'>autem</span> <span class='ocrx_word' id='word_1_48' title='bbox 1783 1395 1857 1421; x_wconf 92' lang='lat' dir='ltr'>suo</span> <span class='ocrx_word' id='word_1_49' title='bbox 1879 1382 2035 1436; x_wconf 92' lang='lat' dir='ltr'>cuique</span> 
     </span>
    </p>

    <p class='ocr_par' dir='ltr' id='par_1_4' title="bbox 207 1441 2036 2808">
     <span class='ocr_line' id='line_1_8' title="bbox 228 1441 2035 1496; baseline 0.002 -16"><span class='ocrx_word' id='word_1_50' title='bbox 228 1441 416 1481; x_wconf 86' lang='lat' dir='ltr'>5iudicio</span> <span class='ocrx_word' id='word_1_51' title='bbox 464 1442 517 1482; x_wconf 82' lang='lat' dir='ltr'>sit</span> <span class='ocrx_word' id='word_1_52' title='bbox 557 1442 780 1490; x_wconf 89' lang='lat' dir='ltr'>utendum,</span> <span class='ocrx_word' id='word_1_53' title='bbox 827 1442 995 1483; x_wconf 80' lang='lat' dir='ltr'>difficile</span> <span class='ocrx_word' id='word_1_54' title='bbox 1035 1443 1146 1484; x_wconf 88' lang='lat' dir='ltr'>factu</span> <span class='ocrx_word' id='word_1_55' title='bbox 1187 1450 1249 1483; x_wconf 85' lang='lat' dir='ltr'>est</span> <span class='ocrx_word' id='word_1_56' title='bbox 1289 1457 1354 1483; x_wconf 93' lang='lat' dir='ltr'>me</span> <span class='ocrx_word' id='word_1_57' title='bbox 1395 1443 1437 1482; x_wconf 88' lang='lat' dir='ltr'>id</span> <span class='ocrx_word' id='word_1_58' title='bbox 1470 1444 1648 1491; x_wconf 84' lang='lat' dir='ltr'>sentire,</span> <span class='ocrx_word' id='word_1_59' title='bbox 1695 1443 1807 1496; x_wconf 92' lang='lat' dir='ltr'>quod</span> <span class='ocrx_word' id='word_1_60' title='bbox 1838 1449 1882 1483; x_wconf 90' lang='lat' dir='ltr'>tu</span> <span class='ocrx_word' id='word_1_61' title='bbox 1915 1444 2035 1484; x_wconf 84' lang='lat' dir='ltr'>velis.</span> 
     </span>
     <span class='ocr_line' id='line_1_9' title="bbox 260 1501 2035 1560; baseline 0.002 -17"><span class='ocrx_word' id='word_1_62' title='bbox 260 1501 299 1542; x_wconf 69' lang='grc'>2.</span> <span class='ocrx_word' id='word_1_63' title='bbox 330 1504 407 1544; x_wconf 90' lang='lat' dir='ltr'>Hic</span> <span class='ocrx_word' id='word_1_64' title='bbox 438 1504 644 1551; x_wconf 87' lang='lat' dir='ltr'>Velleius,</span> <span class='ocrx_word' id='word_1_65' title='bbox 681 1505 846 1552; x_wconf 86' lang='lat' dir='ltr'>Nescis,</span> <span class='ocrx_word' id='word_1_66' title='bbox 888 1506 1046 1558; x_wconf 89' lang='lat' dir='ltr'>inquit,</span> <span class='ocrx_word' id='word_1_67' title='bbox 1088 1512 1242 1559; x_wconf 89' lang='lat' dir='ltr'>quanta</span> <span class='ocrx_word' id='word_1_68' title='bbox 1274 1519 1365 1546; x_wconf 89' lang='lat' dir='ltr'>cum</span> <span class='ocrx_word' id='word_1_69' title='bbox 1399 1506 1731 1560; x_wconf 81' lang='lat' dir='ltr'>exspectatione,</span> <span class='ocrx_word' id='word_1_70' title='bbox 1777 1506 1916 1554; x_wconf 89' lang='lat' dir='ltr'>Cotta,</span> <span class='ocrx_word' id='word_1_71' title='bbox 1957 1507 2035 1546; x_wconf 91' lang='lat' dir='ltr'>sim</span> 
     </span>
     <span class='ocr_line' id='line_1_10' title="bbox 258 1567 2035 1622; baseline 0.002 -16"><span class='ocrx_word' id='word_1_72' title='bbox 258 1573 298 1607; x_wconf 91' lang='lat' dir='ltr'>te</span> <span class='ocrx_word' id='word_1_73' title='bbox 331 1567 566 1607; x_wconf 80' lang='lat' dir='ltr'>auditurus.</span> <span class='ocrx_word' id='word_1_74' title='bbox 618 1567 832 1607; x_wconf 78' lang='lat' dir='ltr'>Iucundus</span> <span class='ocrx_word' id='word_1_75' title='bbox 865 1569 974 1607; x_wconf 88' lang='lat' dir='ltr'>enim</span> <span class='ocrx_word' id='word_1_76' title='bbox 1007 1568 1136 1608; x_wconf 90' lang='lat' dir='ltr'>Balbo</span> <span class='ocrx_word' id='word_1_77' title='bbox 1167 1574 1310 1608; x_wconf 88' lang='lat' dir='ltr'>nostro</span> <span class='ocrx_word' id='word_1_78' title='bbox 1343 1581 1480 1608; x_wconf 90' lang='lat' dir='ltr'>sermo</span> <span class='ocrx_word' id='word_1_79' title='bbox 1512 1573 1607 1607; x_wconf 93' lang='lat' dir='ltr'>tuus</span> <span class='ocrx_word' id='word_1_80' title='bbox 1639 1573 1784 1608; x_wconf 88' lang='lat' dir='ltr'>contra</span> <span class='ocrx_word' id='word_1_81' title='bbox 1811 1569 2035 1622; x_wconf 88' lang='lat' dir='ltr'>Epicurum</span> 
     </span>
     <span class='ocr_line' id='line_1_11' title="bbox 257 1629 2036 1682; baseline 0.002 -14"><span class='ocrx_word' id='word_1_82' title='bbox 257 1629 362 1670; x_wconf 87' lang='lat' dir='ltr'>fuit:</span> <span class='ocrx_word' id='word_1_83' title='bbox 396 1629 604 1682; x_wconf 88' lang='lat' dir='ltr'>praebebo</span> <span class='ocrx_word' id='word_1_84' title='bbox 636 1630 761 1682; x_wconf 82' lang='lat' dir='ltr'>igitur</span> <span class='ocrx_word' id='word_1_85' title='bbox 791 1643 869 1682; x_wconf 82' lang='lat' dir='ltr'>ego</span> <span class='ocrx_word' id='word_1_86' title='bbox 902 1644 967 1669; x_wconf 90' lang='lat' dir='ltr'>me</span> <span class='ocrx_word' id='word_1_87' title='bbox 994 1631 1071 1677; x_wconf 64' lang='lat' dir='ltr'>&gt;tibi</span> <span class='ocrx_word' id='word_1_88' title='bbox 1100 1631 1283 1670; x_wconf 81' lang='lat' dir='ltr'>vicissim</span> <span class='ocrx_word' id='word_1_89' title='bbox 1317 1636 1519 1671; x_wconf 89' lang='lat' dir='ltr'>attentum</span> <span class='ocrx_word' id='word_1_90' title='bbox 1551 1635 1695 1670; x_wconf 90' lang='lat' dir='ltr'>contra</span> <span class='ocrx_word' id='word_1_91' title='bbox 1727 1631 1887 1671; x_wconf 90' lang='lat' dir='ltr'>Stoicos</span> <span class='ocrx_word' id='word_1_92' title='bbox 1918 1631 2036 1671; x_wconf 89' lang='lat' dir='ltr'>audi-</span> 
     </span>
     <span class='ocr_line' id='line_1_12' title="bbox 258 1690 2033 1746; baseline 0.001 -14"><span class='ocrx_word' id='word_1_93' title='bbox 258 1698 418 1741; x_wconf 83' lang='lat' dir='ltr'>torem3</span> <span class='ocrx_word' id='word_1_94' title='bbox 461 1705 584 1745; x_wconf 89' lang='lat' dir='ltr'>spero</span> <span class='ocrx_word' id='word_1_95' title='bbox 618 1693 726 1731; x_wconf 91' lang='lat' dir='ltr'>enim</span> <span class='ocrx_word' id='word_1_96' title='bbox 760 1698 819 1739; x_wconf 87' lang='lat' dir='ltr'>te,</span> <span class='ocrx_word' id='word_1_97' title='bbox 860 1698 904 1732; x_wconf 91' lang='lat' dir='ltr'>ut</span> <span class='ocrx_word' id='word_1_98' title='bbox 936 1693 1069 1740; x_wconf 89' lang='lat' dir='ltr'>soles,</span> <span class='ocrx_word' id='word_1_99' title='bbox 1107 1692 1214 1732; x_wconf 89' lang='lat' dir='ltr'>bene</span> <span class='ocrx_word' id='word_1_100' title='bbox 1252 1699 1437 1746; x_wconf 84' lang='lat' dir='ltr'>paratum</span> <span class='ocrx_word' id='word_1_101' title='bbox 1470 1694 1626 1732; x_wconf 87' lang='lat' dir='ltr'>venire.</span> <span class='ocrx_word' id='word_1_102' title='bbox 1689 1690 1727 1732; x_wconf 86' lang='lat'>3.</span> <span class='ocrx_word' id='word_1_103' title='bbox 1760 1694 1866 1732; x_wconf 91' lang='lat' dir='ltr'>Tum</span> <span class='ocrx_word' id='word_1_104' title='bbox 1901 1694 2033 1742; x_wconf 82' lang='lat' dir='ltr'>Cotta,</span> 
     </span>
     <span class='ocr_line' id='line_1_13' title="bbox 208 1754 2033 1808; baseline 0.001 -15"><span class='ocrx_word' id='word_1_105' title='bbox 208 1764 243 1793; x_wconf 73' lang='lat' dir='ltr'>lo</span> <span class='ocrx_word' id='word_1_106' title='bbox 259 1755 326 1794; x_wconf 88' lang='lat' dir='ltr'>Sic</span> <span class='ocrx_word' id='word_1_107' title='bbox 357 1768 422 1794; x_wconf 89' lang='lat' dir='ltr'>me</span> <span class='ocrx_word' id='word_1_108' title='bbox 452 1755 644 1801; x_wconf 87' lang='lat' dir='ltr'>hercule,</span> <span class='ocrx_word' id='word_1_109' title='bbox 676 1754 836 1808; x_wconf 87' lang='lat' dir='ltr'>inquit,</span> <span class='ocrx_word' id='word_1_110' title='bbox 868 1756 1030 1804; x_wconf 90' lang='lat' dir='ltr'>Vellei;</span> <span class='ocrx_word' id='word_1_111' title='bbox 1066 1769 1204 1808; x_wconf 91' lang='lat' dir='ltr'>neque</span> <span class='ocrx_word' id='word_1_112' title='bbox 1237 1756 1348 1795; x_wconf 91' lang='lat' dir='ltr'>enim</span> <span class='ocrx_word' id='word_1_113' title='bbox 1382 1755 1481 1794; x_wconf 91' lang='lat' dir='ltr'>mihi</span> <span class='ocrx_word' id='word_1_114' title='bbox 1514 1769 1589 1808; x_wconf 90' lang='lat' dir='ltr'>par</span> <span class='ocrx_word' id='word_1_115' title='bbox 1618 1755 1722 1794; x_wconf 86' lang='lat' dir='ltr'>ratio</span> <span class='ocrx_word' id='word_1_116' title='bbox 1746 1769 1840 1795; x_wconf 88' lang='lat' dir='ltr'>cum</span> <span class='ocrx_word' id='word_1_117' title='bbox 1872 1756 2033 1796; x_wconf 92' lang='lat' dir='ltr'>Lucilio</span> 
     </span>
     <span class='ocr_line' id='line_1_14' title="bbox 258 1816 2033 1871; baseline 0 -14"><span class='ocrx_word' id='word_1_118' title='bbox 258 1823 320 1857; x_wconf 78' lang='lat' dir='ltr'>est</span> <span class='ocrx_word' id='word_1_119' title='bbox 350 1831 396 1857; x_wconf 88' lang='lat' dir='ltr'>ac</span> <span class='ocrx_word' id='word_1_120' title='bbox 427 1823 563 1857; x_wconf 87' lang='lat' dir='ltr'>tecum</span> <span class='ocrx_word' id='word_1_121' title='bbox 594 1816 686 1856; x_wconf 86' lang='lat' dir='ltr'>fuit.</span> <span class='ocrx_word' id='word_1_122' title='bbox 738 1817 817 1864; x_wconf 89' lang='lat' dir='ltr'>Qui</span> <span class='ocrx_word' id='word_1_123' title='bbox 852 1817 1053 1857; x_wconf 77' lang='lat' dir='ltr'>tandem?</span> <span class='ocrx_word' id='word_1_124' title='bbox 1085 1818 1223 1871; x_wconf 93' lang='lat' dir='ltr'>inquit</span> <span class='ocrx_word' id='word_1_125' title='bbox 1254 1818 1338 1857; x_wconf 92' lang='lat' dir='ltr'>ille.</span> <span class='ocrx_word' id='word_1_126' title='bbox 1389 1817 1495 1865; x_wconf 85' lang='lat' dir='ltr'>Quia</span> <span class='ocrx_word' id='word_1_127' title='bbox 1520 1817 1619 1856; x_wconf 88' lang='lat' dir='ltr'>mihi</span> <span class='ocrx_word' id='word_1_128' title='bbox 1643 1816 1808 1856; x_wconf 91' lang='lat' dir='ltr'>videtur</span> <span class='ocrx_word' id='word_1_129' title='bbox 1827 1818 2033 1870; x_wconf 89' lang='lat' dir='ltr'>Epicurus</span> 
     </span>
     <span class='ocr_line' id='line_1_15' title="bbox 259 1879 2033 1933; baseline 0.001 -16"><span class='ocrx_word' id='word_1_130' title='bbox 259 1885 394 1919; x_wconf 88' lang='lat' dir='ltr'>vester</span> <span class='ocrx_word' id='word_1_131' title='bbox 425 1880 474 1919; x_wconf 90' lang='lat' dir='ltr'>de</span> <span class='ocrx_word' id='word_1_132' title='bbox 506 1879 569 1918; x_wconf 89' lang='lat' dir='ltr'>dis</span> <span class='ocrx_word' id='word_1_133' title='bbox 601 1879 896 1919; x_wconf 85' lang='lat' dir='ltr'>inmortalibus</span> <span class='ocrx_word' id='word_1_134' title='bbox 928 1894 1012 1919; x_wconf 93' lang='lat' dir='ltr'>non</span> <span class='ocrx_word' id='word_1_135' title='bbox 1045 1893 1195 1932; x_wconf 80' lang='lat' dir='ltr'>magno</span> <span class='ocrx_word' id='word_1_136' title='bbox 1227 1894 1354 1933; x_wconf 88' lang='lat' dir='ltr'>opere</span> <span class='ocrx_word' id='word_1_137' title='bbox 1387 1893 1591 1933; x_wconf 81' lang='lat' dir='ltr'>pugnare3</span> <span class='ocrx_word' id='word_1_138' title='bbox 1626 1884 1787 1919; x_wconf 86' lang='lat' dir='ltr'>tantum</span> <span class='ocrx_word' id='word_1_139' title='bbox 1812 1879 1938 1919; x_wconf 89' lang='lat' dir='ltr'>modo</span> <span class='ocrx_word' id='word_1_140' title='bbox 1961 1893 2033 1919; x_wconf 89' lang='lat' dir='ltr'>ne-</span> 
     </span>
     <span class='ocr_line' id='line_1_16' title="bbox 256 1942 2033 1996; baseline 0 -14"><span class='ocrx_word' id='word_1_141' title='bbox 256 1955 354 1996; x_wconf 86' lang='lat' dir='ltr'>gare</span> <span class='ocrx_word' id='word_1_142' title='bbox 385 1942 486 1981; x_wconf 91' lang='lat' dir='ltr'>deos</span> <span class='ocrx_word' id='word_1_143' title='bbox 518 1955 609 1981; x_wconf 84' lang='lat' dir='ltr'>esse</span> <span class='ocrx_word' id='word_1_144' title='bbox 641 1956 725 1981; x_wconf 89' lang='lat' dir='ltr'>non</span> <span class='ocrx_word' id='word_1_145' title='bbox 756 1943 905 1989; x_wconf 87' lang='lat' dir='ltr'>audet,</span> <span class='ocrx_word' id='word_1_146' title='bbox 951 1956 1002 1982; x_wconf 92' lang='lat' dir='ltr'>ne</span> <span class='ocrx_word' id='word_1_147' title='bbox 1035 1943 1134 1996; x_wconf 91' lang='lat' dir='ltr'>quid</span> <span class='ocrx_word' id='word_1_148' title='bbox 1176 1943 1359 1983; x_wconf 89' lang='lat' dir='ltr'>invidiae</span> <span class='ocrx_word' id='word_1_149' title='bbox 1391 1943 1539 1982; x_wconf 88' lang='lat' dir='ltr'>subeat</span> <span class='ocrx_word' id='word_1_150' title='bbox 1568 1948 1639 1982; x_wconf 85' lang='lat' dir='ltr'>aut</span> <span class='ocrx_word' id='word_1_151' title='bbox 1669 1942 1868 1982; x_wconf 87' lang='lat' dir='ltr'>criminis.</span> <span class='ocrx_word' id='word_1_152' title='bbox 1930 1943 2033 1982; x_wconf 90' lang='lat' dir='ltr'>Cum</span> 
     </span>
     <span class='ocr_line' id='line_1_17' title="bbox 256 2004 2033 2058; baseline 0.001 -14"><span class='ocrx_word' id='word_1_153' title='bbox 256 2018 356 2045; x_wconf 89' lang='lat' dir='ltr'>vero</span> <span class='ocrx_word' id='word_1_154' title='bbox 388 2004 488 2044; x_wconf 92' lang='lat' dir='ltr'>deos</span> <span class='ocrx_word' id='word_1_155' title='bbox 518 2004 624 2043; x_wconf 86' lang='lat' dir='ltr'>nihil</span> <span class='ocrx_word' id='word_1_156' title='bbox 654 2017 800 2057; x_wconf 84' lang='lat' dir='ltr'>agere,</span> <span class='ocrx_word' id='word_1_157' title='bbox 833 2005 936 2045; x_wconf 90' lang='lat' dir='ltr'>nihil</span> <span class='ocrx_word' id='word_1_158' title='bbox 969 2019 1115 2045; x_wconf 84' lang='lat' dir='ltr'>curare</span> <span class='ocrx_word' id='word_1_159' title='bbox 1154 2004 1370 2045; x_wconf 87' lang='lat' dir='ltr'>conlirmat</span> <span class='ocrx_word' id='word_1_160' title='bbox 1401 2006 1685 2058; x_wconf 87' lang='lat' dir='ltr'>membrisque</span> <span class='ocrx_word' id='word_1_161' title='bbox 1715 2004 1909 2045; x_wconf 90' lang='lat' dir='ltr'>humanis</span> <span class='ocrx_word' id='word_1_162' title='bbox 1941 2018 2033 2045; x_wconf 92' lang='lat' dir='ltr'>esse</span> 
     </span>
     <span class='ocr_line' id='line_1_18' title="bbox 207 2067 2034 2121; baseline 0.002 -17"><span class='ocrx_word' id='word_1_163' title='bbox 207 2076 243 2104; x_wconf 78' lang='lat'>45</span> <span class='ocrx_word' id='word_1_164' title='bbox 258 2067 489 2121; x_wconf 88' lang='lat' dir='ltr'>praeditos,</span> <span class='ocrx_word' id='word_1_165' title='bbox 531 2067 603 2106; x_wconf 92' lang='lat' dir='ltr'>sed</span> <span class='ocrx_word' id='word_1_166' title='bbox 645 2079 790 2106; x_wconf 89' lang='lat' dir='ltr'>eorum</span> <span class='ocrx_word' id='word_1_167' title='bbox 823 2068 1102 2107; x_wconf 88' lang='lat' dir='ltr'>membrorum</span> <span class='ocrx_word' id='word_1_168' title='bbox 1133 2082 1255 2107; x_wconf 90' lang='lat' dir='ltr'>usum</span> <span class='ocrx_word' id='word_1_169' title='bbox 1286 2067 1446 2107; x_wconf 90' lang='lat' dir='ltr'>nullum</span> <span class='ocrx_word' id='word_1_170' title='bbox 1478 2067 1650 2114; x_wconf 81' lang='lat' dir='ltr'>habere,</span> <span class='ocrx_word' id='word_1_171' title='bbox 1686 2067 1833 2107; x_wconf 90' lang='lat' dir='ltr'>ludere</span> <span class='ocrx_word' id='word_1_172' title='bbox 1864 2067 2034 2107; x_wconf 88' lang='lat' dir='ltr'>videtur</span> 
     </span>
     <span class='ocr_line' id='line_1_19' title="bbox 257 2130 2033 2185; baseline -0.001 -14"><span class='ocrx_word' id='word_1_173' title='bbox 257 2131 447 2185; x_wconf 90' lang='lat' dir='ltr'>satisque</span> <span class='ocrx_word' id='word_1_174' title='bbox 487 2134 658 2183; x_wconf 91' lang='lat' dir='ltr'>putare,</span> <span class='ocrx_word' id='word_1_175' title='bbox 705 2130 737 2169; x_wconf 91' lang='lat' dir='ltr'>si</span> <span class='ocrx_word' id='word_1_176' title='bbox 771 2130 923 2169; x_wconf 79' lang='lat' dir='ltr'>dixerit</span> <span class='ocrx_word' id='word_1_177' title='bbox 955 2144 1046 2170; x_wconf 84' lang='lat' dir='ltr'>esse</span> <span class='ocrx_word' id='word_1_178' title='bbox 1079 2130 1289 2183; x_wconf 89' lang='lat' dir='ltr'>quandam</span> <span class='ocrx_word' id='word_1_179' title='bbox 1320 2130 1484 2169; x_wconf 84' lang='lat' dir='ltr'>beatam</span> <span class='ocrx_word' id='word_1_180' title='bbox 1517 2135 1706 2170; x_wconf 89' lang='lat' dir='ltr'>naturam</span> <span class='ocrx_word' id='word_1_181' title='bbox 1738 2135 1778 2170; x_wconf 91' lang='lat' dir='ltr'>et</span> <span class='ocrx_word' id='word_1_182' title='bbox 1808 2135 2033 2170; x_wconf 84' lang='lat' dir='ltr'>aeternam.</span> 
     </span>
     <span class='ocr_line' id='line_1_20' title="bbox 257 2191 2033 2246; baseline 0 -15"><span class='ocrx_word' id='word_1_183' title='bbox 257 2191 295 2232; x_wconf 64' lang='lat'>4».</span> <span class='ocrx_word' id='word_1_184' title='bbox 327 2195 360 2233; x_wconf 92' lang='lat' dir='ltr'><strong>A</strong></span> <span class='ocrx_word' id='word_1_185' title='bbox 391 2192 520 2232; x_wconf 90' lang='lat' dir='ltr'>Balbo</span> <span class='ocrx_word' id='word_1_186' title='bbox 547 2197 684 2232; x_wconf 83' lang='lat' dir='ltr'>auten]</span> <span class='ocrx_word' id='word_1_187' title='bbox 708 2192 1061 2238; x_wconf 84' lang='lat' dir='ltr'>animadvertisti,</span> <span class='ocrx_word' id='word_1_188' title='bbox 1095 2193 1239 2239; x_wconf 84' lang='lat' dir='ltr'>credo,</span> <span class='ocrx_word' id='word_1_189' title='bbox 1273 2206 1398 2245; x_wconf 88' lang='lat' dir='ltr'>quam</span> <span class='ocrx_word' id='word_1_190' title='bbox 1421 2193 1551 2232; x_wconf 88' lang='lat' dir='ltr'>multa</span> <span class='ocrx_word' id='word_1_191' title='bbox 1575 2192 1684 2232; x_wconf 87' lang='lat' dir='ltr'>dicta</span> <span class='ocrx_word' id='word_1_192' title='bbox 1706 2193 1788 2232; x_wconf 83' lang='lat' dir='ltr'>sint</span> <span class='ocrx_word' id='word_1_193' title='bbox 1809 2204 2033 2246; x_wconf 91' lang='lat' dir='ltr'>quamque,</span> 
     </span>
     <span class='ocr_line' id='line_1_21' title="bbox 258 2255 2033 2309; baseline -0.001 -13"><span class='ocrx_word' id='word_1_194' title='bbox 258 2256 380 2296; x_wconf 82' lang='lat' dir='ltr'>etiam</span> <span class='ocrx_word' id='word_1_195' title='bbox 413 2255 447 2295; x_wconf 92' lang='lat' dir='ltr'>si</span> <span class='ocrx_word' id='word_1_196' title='bbox 480 2256 616 2295; x_wconf 89' lang='lat' dir='ltr'>minus</span> <span class='ocrx_word' id='word_1_197' title='bbox 649 2268 765 2302; x_wconf 85' lang='lat' dir='ltr'>vera,</span> <span class='ocrx_word' id='word_1_198' title='bbox 798 2261 937 2294; x_wconf 87' lang='lat' dir='ltr'>tamen</span> <span class='ocrx_word' id='word_1_199' title='bbox 968 2261 1063 2308; x_wconf 83' lang='lat' dir='ltr'>apta</span> <span class='ocrx_word' id='word_1_200' title='bbox 1094 2256 1201 2295; x_wconf 86' lang='lat' dir='ltr'>inter</span> <span class='ocrx_word' id='word_1_201' title='bbox 1233 2269 1277 2295; x_wconf 88' lang='lat' dir='ltr'>se</span> <span class='ocrx_word' id='word_1_202' title='bbox 1310 2261 1349 2295; x_wconf 86' lang='lat' dir='ltr'>et</span> <span class='ocrx_word' id='word_1_203' title='bbox 1380 2256 1661 2295; x_wconf 79' lang='lat' dir='ltr'>cohaerentia.</span> <span class='ocrx_word' id='word_1_204' title='bbox 1705 2255 1850 2309; x_wconf 88' lang='lat' dir='ltr'>Itaque</span> <span class='ocrx_word' id='word_1_205' title='bbox 1881 2255 2033 2307; x_wconf 83' lang='lat' dir='ltr'>cogito,</span> 
     </span>
     <span class='ocr_line' id='line_1_22' title="bbox 258 2317 2033 2371; baseline -0.001 -14"><span class='ocrx_word' id='word_1_206' title='bbox 258 2323 303 2357; x_wconf 95' lang='lat' dir='ltr'>ut</span> <span class='ocrx_word' id='word_1_207' title='bbox 335 2319 441 2365; x_wconf 86' lang='lat' dir='ltr'>dixi,</span> <span class='ocrx_word' id='word_1_208' title='bbox 473 2331 558 2357; x_wconf 92' lang='lat' dir='ltr'>non</span> <span class='ocrx_word' id='word_1_209' title='bbox 590 2322 672 2356; x_wconf 89' lang='lat' dir='ltr'>tam</span> <span class='ocrx_word' id='word_1_210' title='bbox 705 2317 894 2357; x_wconf 85' lang='lat' dir='ltr'>refellere</span> <span class='ocrx_word' id='word_1_211' title='bbox 924 2318 1012 2357; x_wconf 86' lang='lat' dir='ltr'>eius</span> <span class='ocrx_word' id='word_1_212' title='bbox 1036 2319 1265 2357; x_wconf 85' lang='lat' dir='ltr'>orationem</span> <span class='ocrx_word' id='word_1_213' title='bbox 1289 2332 1412 2371; x_wconf 87' lang='lat' dir='ltr'>quam</span> <span class='ocrx_word' id='word_1_214' title='bbox 1437 2332 1502 2365; x_wconf 88' lang='lat' dir='ltr'>ea,</span> <span class='ocrx_word' id='word_1_215' title='bbox 1535 2331 1641 2371; x_wconf 89' lang='lat' dir='ltr'>quae</span> <span class='ocrx_word' id='word_1_216' title='bbox 1664 2318 1800 2357; x_wconf 90' lang='lat' dir='ltr'>minus</span> <span class='ocrx_word' id='word_1_217' title='bbox 1829 2317 2033 2366; x_wconf 83' lang='lat' dir='ltr'>intellexi,</span> 
     </span>
     <span class='ocr_line' id='line_1_23' title="bbox 207 2379 2034 2434; baseline 0 -16"><span class='ocrx_word' id='word_1_218' title='bbox 207 2381 483 2434; x_wconf 62' lang='lat' dir='ltr'>aorequirere.</span> <span class='ocrx_word' id='word_1_219' title='bbox 531 2380 690 2428; x_wconf 86' lang='lat' dir='ltr'>Quare,</span> <span class='ocrx_word' id='word_1_220' title='bbox 722 2379 867 2427; x_wconf 84' lang='lat' dir='ltr'>Balbe,</span> <span class='ocrx_word' id='word_1_221' title='bbox 901 2380 975 2419; x_wconf 90' lang='lat' dir='ltr'>tibi</span> <span class='ocrx_word' id='word_1_222' title='bbox 1006 2381 1222 2433; x_wconf 89' lang='lat' dir='ltr'>permitto,</span> <span class='ocrx_word' id='word_1_223' title='bbox 1256 2381 1568 2432; x_wconf 88' lang='lat' dir='ltr'>responderene</span> <span class='ocrx_word' id='word_1_224' title='bbox 1600 2380 1701 2420; x_wconf 87' lang='lat' dir='ltr'>mihi</span> <span class='ocrx_word' id='word_1_225' title='bbox 1733 2381 1849 2420; x_wconf 86' lang='lat' dir='ltr'>malis</span> <span class='ocrx_word' id='word_1_226' title='bbox 1872 2381 1922 2420; x_wconf 91' lang='lat' dir='ltr'>de</span> <span class='ocrx_word' id='word_1_227' title='bbox 1950 2380 2034 2420; x_wconf 90' lang='lat' dir='ltr'>sin-</span> 
     </span>
     <span class='ocr_line' id='line_1_24' title="bbox 259 2442 2034 2497; baseline -0.001 -15"><span class='ocrx_word' id='word_1_228' title='bbox 259 2443 366 2496; x_wconf 85' lang='lat' dir='ltr'>gulis</span> <span class='ocrx_word' id='word_1_229' title='bbox 397 2443 522 2482; x_wconf 87' lang='lat' dir='ltr'>rebus</span> <span class='ocrx_word' id='word_1_230' title='bbox 555 2442 775 2495; x_wconf 87' lang='lat' dir='ltr'>quaerenti</span> <span class='ocrx_word' id='word_1_231' title='bbox 817 2456 869 2481; x_wconf 87' lang='lat' dir='ltr'>ex</span> <span class='ocrx_word' id='word_1_232' title='bbox 907 2448 944 2481; x_wconf 81' lang='lat' dir='ltr'>te</span> <span class='ocrx_word' id='word_1_233' title='bbox 978 2456 1050 2489; x_wconf 83' lang='lat' dir='ltr'>ea,</span> <span class='ocrx_word' id='word_1_234' title='bbox 1091 2457 1199 2496; x_wconf 88' lang='lat' dir='ltr'>quae</span> <span class='ocrx_word' id='word_1_235' title='bbox 1232 2456 1378 2496; x_wconf 88' lang='lat' dir='ltr'>parum</span> <span class='ocrx_word' id='word_1_236' title='bbox 1412 2445 1577 2497; x_wconf 85' lang='lat' dir='ltr'>accepi,</span> <span class='ocrx_word' id='word_1_237' title='bbox 1609 2457 1661 2482; x_wconf 92' lang='lat' dir='ltr'>an</span> <span class='ocrx_word' id='word_1_238' title='bbox 1693 2444 1928 2482; x_wconf 88' lang='lat' dir='ltr'>universam</span> <span class='ocrx_word' id='word_1_239' title='bbox 1960 2455 2034 2481; x_wconf 90' lang='lat' dir='ltr'>au-</span> 
     </span>
     <span class='ocr_line' id='line_1_25' title="bbox 260 2503 2032 2559; baseline -0.001 -15"><span class='ocrx_word' id='word_1_240' title='bbox 260 2505 349 2544; x_wconf 89' lang='lat' dir='ltr'>dire</span> <span class='ocrx_word' id='word_1_241' title='bbox 391 2506 620 2544; x_wconf 86' lang='lat' dir='ltr'>orationem</span> <span class='ocrx_word' id='word_1_242' title='bbox 660 2519 808 2544; x_wconf 89' lang='lat' dir='ltr'>meam.</span> <span class='ocrx_word' id='word_1_243' title='bbox 870 2506 974 2543; x_wconf 90' lang='lat' dir='ltr'>Tum</span> <span class='ocrx_word' id='word_1_244' title='bbox 1006 2505 1188 2544; x_wconf 83' lang='lat' dir='ltr'>Balbus:</span> <span class='ocrx_word' id='word_1_245' title='bbox 1228 2507 1317 2558; x_wconf 72' lang='lat' dir='ltr'>Ego</span> <span class='ocrx_word' id='word_1_246' title='bbox 1350 2519 1470 2553; x_wconf 88' lang='lat' dir='ltr'>vero,</span> <span class='ocrx_word' id='word_1_247' title='bbox 1512 2506 1545 2545; x_wconf 89' lang='lat' dir='ltr'>si</span> <span class='ocrx_word' id='word_1_248' title='bbox 1578 2504 1679 2559; x_wconf 89' lang='lat' dir='ltr'>quid</span> <span class='ocrx_word' id='word_1_249' title='bbox 1711 2505 1926 2557; x_wconf 87' lang='lat' dir='ltr'>explanari</span> <span class='ocrx_word' id='word_1_250' title='bbox 1957 2503 2032 2543; x_wconf 90' lang='lat' dir='ltr'>tibi</span> 
     </span>
     <span class='ocr_line' id='line_1_26' title="bbox 258 2567 2034 2621; baseline -0.001 -14"><span class='ocrx_word' id='word_1_251' title='bbox 258 2568 394 2613; x_wconf 87' lang='lat' dir='ltr'>voles,</span> <span class='ocrx_word' id='word_1_252' title='bbox 434 2567 689 2619; x_wconf 87' lang='lat' dir='ltr'>respondere</span> <span class='ocrx_word' id='word_1_253' title='bbox 722 2567 854 2615; x_wconf 90' lang='lat' dir='ltr'>malo;</span> <span class='ocrx_word' id='word_1_254' title='bbox 896 2569 959 2607; x_wconf 84' lang='lat' dir='ltr'>sin</span> <span class='ocrx_word' id='word_1_255' title='bbox 990 2581 1055 2606; x_wconf 91' lang='lat' dir='ltr'>me</span> <span class='ocrx_word' id='word_1_256' title='bbox 1086 2568 1341 2620; x_wconf 84' lang='lat' dir='ltr'>interrogare</span> <span class='ocrx_word' id='word_1_257' title='bbox 1374 2582 1458 2607; x_wconf 92' lang='lat' dir='ltr'>non</span> <span class='ocrx_word' id='word_1_258' title='bbox 1490 2572 1571 2607; x_wconf 91' lang='lat' dir='ltr'>tam</span> <span class='ocrx_word' id='word_1_259' title='bbox 1602 2567 1875 2621; x_wconf 79' lang='lat' dir='ltr'>intellegendi</span> <span class='ocrx_word' id='word_1_260' title='bbox 1909 2579 2034 2606; x_wconf 90' lang='lat' dir='ltr'>causa</span> 
     </span>
     <span class='ocr_line' id='line_1_27' title="bbox 261 2628 2032 2683; baseline 0 -15"><span class='ocrx_word' id='word_1_261' title='bbox 261 2643 386 2682; x_wconf 90' lang='lat' dir='ltr'>quam</span> <span class='ocrx_word' id='word_1_262' title='bbox 428 2628 665 2676; x_wconf 85' lang='lat' dir='ltr'>refellendi,</span> <span class='ocrx_word' id='word_1_263' title='bbox 706 2635 843 2669; x_wconf 87' lang='lat' dir='ltr'>utrum</span> <span class='ocrx_word' id='word_1_264' title='bbox 888 2629 1002 2669; x_wconf 84' lang='lat' dir='ltr'>voles</span> <span class='ocrx_word' id='word_1_265' title='bbox 1040 2629 1210 2676; x_wconf 83' lang='lat' dir='ltr'>faciam,</span> <span class='ocrx_word' id='word_1_266' title='bbox 1253 2630 1318 2668; x_wconf 81' lang='lat' dir='ltr'>vel</span> <span class='ocrx_word' id='word_1_267' title='bbox 1358 2630 1409 2669; x_wconf 90' lang='lat' dir='ltr'>ad</span> <span class='ocrx_word' id='word_1_268' title='bbox 1452 2630 1638 2682; x_wconf 84' lang='lat' dir='ltr'>singula,</span> <span class='ocrx_word' id='word_1_269' title='bbox 1680 2643 1785 2682; x_wconf 90' lang='lat' dir='ltr'>quae</span> <span class='ocrx_word' id='word_1_270' title='bbox 1826 2629 2032 2683; x_wconf 86' lang='lat' dir='ltr'>requires,</span> 
     </span>
     <span class='ocr_line' id='line_1_28' title="bbox 210 2691 2031 2746; baseline 0.001 -16"><span class='ocrx_word' id='word_1_271' title='bbox 210 2702 247 2730; x_wconf 78' lang='lat'>25</span> <span class='ocrx_word' id='word_1_272' title='bbox 261 2691 397 2731; x_wconf 86' lang='lat' dir='ltr'>statim</span> <span class='ocrx_word' id='word_1_273' title='bbox 420 2692 698 2744; x_wconf 89' lang='lat' dir='ltr'>respondebo,</span> <span class='ocrx_word' id='word_1_274' title='bbox 729 2692 814 2739; x_wconf 85' lang='lat' dir='ltr'>vel,</span> <span class='ocrx_word' id='word_1_275' title='bbox 847 2705 939 2731; x_wconf 89' lang='lat' dir='ltr'>cum</span> <span class='ocrx_word' id='word_1_276' title='bbox 962 2693 1185 2746; x_wconf 86' lang='lat' dir='ltr'>peroraris,</span> <span class='ocrx_word' id='word_1_277' title='bbox 1217 2692 1267 2731; x_wconf 92' lang='lat' dir='ltr'>ad</span> <span class='ocrx_word' id='word_1_278' title='bbox 1291 2693 1444 2732; x_wconf 90' lang='lat' dir='ltr'>omnia.</span> <span class='ocrx_word' id='word_1_279' title='bbox 1491 2692 1529 2731; x_wconf 80' lang='grc' dir='ltr'>ἑ).</span> <span class='ocrx_word' id='word_1_280' title='bbox 1557 2693 1662 2731; x_wconf 92' lang='lat' dir='ltr'>Tum</span> <span class='ocrx_word' id='word_1_281' title='bbox 1687 2692 1818 2740; x_wconf 89' lang='lat' dir='ltr'>Cotta,</span> <span class='ocrx_word' id='word_1_282' title='bbox 1850 2691 2031 2744; x_wconf 90' lang='lat' dir='ltr'>Optime,</span> 
     </span>
     <span class='ocr_line' id='line_1_29' title="bbox 260 2753 2031 2808; baseline 0 -16"><span class='ocrx_word' id='word_1_283' title='bbox 260 2754 422 2807; x_wconf 82' lang='lat' dir='ltr'>inquit3</span> <span class='ocrx_word' id='word_1_284' title='bbox 467 2767 592 2807; x_wconf 89' lang='lat' dir='ltr'>quam</span> <span class='ocrx_word' id='word_1_285' title='bbox 634 2754 685 2793; x_wconf 92' lang='lat' dir='ltr'>ob</span> <span class='ocrx_word' id='word_1_286' title='bbox 725 2768 812 2794; x_wconf 90' lang='lat' dir='ltr'>rem</span> <span class='ocrx_word' id='word_1_287' title='bbox 856 2755 914 2794; x_wconf 86' lang='lat' dir='ltr'>sic</span> <span class='ocrx_word' id='word_1_288' title='bbox 953 2767 1143 2807; x_wconf 86' lang='lat' dir='ltr'>agamus,</span> <span class='ocrx_word' id='word_1_289' title='bbox 1190 2761 1236 2794; x_wconf 90' lang='lat' dir='ltr'>ut</span> <span class='ocrx_word' id='word_1_290' title='bbox 1272 2768 1349 2795; x_wconf 86' lang='lat' dir='ltr'>nos</span> <span class='ocrx_word' id='word_1_291' title='bbox 1379 2755 1473 2808; x_wconf 90' lang='lat' dir='ltr'>ipsa</span> <span class='ocrx_word' id='word_1_292' title='bbox 1503 2754 1627 2794; x_wconf 87' lang='lat' dir='ltr'>ducet</span> <span class='ocrx_word' id='word_1_293' title='bbox 1658 2753 1806 2794; x_wconf 89' lang='lat' dir='ltr'>oratio.</span> <span class='ocrx_word' id='word_1_294' title='bbox 1866 2753 1917 2793; x_wconf 92' lang='grc' dir='ltr'>Π.</span> <span class='ocrx_word' id='word_1_295' title='bbox 1949 2753 2031 2793; x_wconf 90' lang='lat' dir='ltr'>Sed</span> 
     </span>
    </p>
   </div>
   <div class='ocr_carea' id='block_1_4' title="bbox 260 2939 2030 3327">
    <p class='ocr_par' dir='ltr' id='par_1_5' title="bbox 260 2939 2030 3327">
     <span class='ocr_line' id='line_1_30' title="bbox 352 2939 2028 2980; baseline 0.001 -10"><span class='ocrx_word' id='word_1_296' title='bbox 352 2940 381 2970; x_wconf 81' lang='lat' dir='ltr'>l.</span> <span class='ocrx_word' id='word_1_297' title='bbox 414 2939 529 2978; x_wconf 75' lang='lat' dir='ltr'>inquid</span> <span class='ocrx_word' id='word_1_298' title='bbox 559 2941 620 2977; x_wconf 75' lang='lat' dir='ltr'>A¹3</span> <span class='ocrx_word' id='word_1_299' title='bbox 658 2941 741 2971; x_wconf 84' lang='lat' dir='ltr'>item</span> <span class='ocrx_word' id='word_1_300' title='bbox 774 2949 806 2972; x_wconf 73' lang='lat' dir='ltr'>V.</span> <span class='ocrx_word' id='word_1_301' title='bbox 834 2941 864 2971; x_wconf 90' lang='grc'>6.</span> <span class='ocrx_word' id='word_1_302' title='bbox 893 2941 944 2971; x_wconf 78' lang='grc'>40.</span> <span class='ocrx_word' id='word_1_303' title='bbox 974 2941 1025 2971; x_wconf 78' lang='grc' dir='ltr'>Μ.</span> <span class='ocrx_word' id='word_1_304' title='bbox 1057 2958 1090 2963; x_wconf 89' lang='lat'>-—</span> <span class='ocrx_word' id='word_1_305' title='bbox 1126 2941 1157 2971; x_wconf 66' lang='grc' dir='ltr'>ἱ).</span> <span class='ocrx_word' id='word_1_306' title='bbox 1185 2940 1299 2971; x_wconf 75' lang='lat' dir='ltr'>balbae</span> <span class='ocrx_word' id='word_1_307' title='bbox 1325 2939 1491 2980; x_wconf 85' lang='lat' dir='ltr'>(ubique)</span> <span class='ocrx_word' id='word_1_308' title='bbox 1518 2940 1544 2969; x_wconf 89' lang='lat' dir='ltr'>V</span> <span class='ocrx_word' id='word_1_309' title='bbox 1577 2958 1611 2962; x_wconf 97' lang='lat'><strong>—</strong></span> <span class='ocrx_word' id='word_1_310' title='bbox 1645 2940 1678 2972; x_wconf 84' lang='lat'>5.</span> <span class='ocrx_word' id='word_1_311' title='bbox 1704 2940 1830 2979; x_wconf 77' lang='lat' dir='ltr'>factum</span> <span class='ocrx_word' id='word_1_312' title='bbox 1861 2939 1965 2971; x_wconf 87' lang='lat' dir='ltr'>ACE</span> <span class='ocrx_word' id='word_1_313' title='bbox 1993 2956 2028 2962; x_wconf 89' lang='lat'><strong>—</strong></span> 
     </span>
     <span class='ocr_line' id='line_1_31' title="bbox 262 2989 2028 3031; baseline -0.001 -10"><span class='ocrx_word' id='word_1_314' title='bbox 262 2990 292 3021; x_wconf 83' lang='lat'>7.</span> <span class='ocrx_word' id='word_1_315' title='bbox 318 2990 478 3020; x_wconf 75' lang='lat' dir='ltr'>iocundus</span> <span class='ocrx_word' id='word_1_316' title='bbox 502 2990 525 3020; x_wconf 87' lang='lat' dir='ltr'>C</span> <span class='ocrx_word' id='word_1_317' title='bbox 542 2990 565 3020; x_wconf 87' lang='lat' dir='ltr'>E</span> <span class='ocrx_word' id='word_1_318' title='bbox 595 3007 627 3011; x_wconf 91' lang='lat'>—</span> <span class='ocrx_word' id='word_1_319' title='bbox 656 2990 687 3021; x_wconf 87' lang='lat'>8.</span> <span class='ocrx_word' id='word_1_320' title='bbox 712 2999 763 3021; x_wconf 81' lang='lat' dir='ltr'>me</span> <span class='ocrx_word' id='word_1_321' title='bbox 786 2999 843 3031; x_wconf 67' lang='lat' dir='ltr'>eqo</span> <span class='ocrx_word' id='word_1_322' title='bbox 869 2991 893 3021; x_wconf 95' lang='lat' dir='ltr'>O</span> <span class='ocrx_word' id='word_1_323' title='bbox 923 3008 953 3012; x_wconf 98' lang='lat'><strong>—</strong></span> <span class='ocrx_word' id='word_1_324' title='bbox 992 2991 1043 3021; x_wconf 75' lang='lat'>40.</span> <span class='ocrx_word' id='word_1_325' title='bbox 1070 2990 1124 3020; x_wconf 80' lang='lat' dir='ltr'>Sic</span> <span class='ocrx_word' id='word_1_326' title='bbox 1150 2990 1338 3021; x_wconf 77' lang='lat' dir='ltr'>Lambinus</span> <span class='ocrx_word' id='word_1_327' title='bbox 1364 2989 1494 3027; x_wconf 80' lang='lat' dir='ltr'>(addito</span> <span class='ocrx_word' id='word_1_328' title='bbox 1519 2992 1564 3020; x_wconf 72' lang='lat' dir='ltr'>esc</span> <span class='ocrx_word' id='word_1_329' title='bbox 1586 2990 1727 3030; x_wconf 87' lang='lat' dir='ltr'>praeter</span> <span class='ocrx_word' id='word_1_330' title='bbox 1751 2989 2028 3029; x_wconf 61' lang='lat' dir='ltr'>necessitatem:</span> 
     </span>
     <span class='ocr_line' id='line_1_32' title="bbox 262 3039 2027 3080; baseline -0.001 -9"><span class='ocrx_word' id='word_1_331' title='bbox 262 3042 288 3071; x_wconf 82' lang='lat' dir='ltr'>si</span> <span class='ocrx_word' id='word_1_332' title='bbox 312 3042 336 3071; x_wconf 83' lang='lat' dir='ltr'>A</span> <span class='ocrx_word' id='word_1_333' title='bbox 353 3040 376 3070; x_wconf 88' lang='grc' dir='ltr'>Β</span> <span class='ocrx_word' id='word_1_334' title='bbox 394 3040 415 3070; x_wconf 82' lang='grc' dir='ltr'>Ε</span> <span class='ocrx_word' id='word_1_335' title='bbox 433 3040 457 3069; x_wconf 88' lang='lat' dir='ltr'>V</span> <span class='ocrx_word' id='word_1_336' title='bbox 474 3039 521 3075; x_wconf 83' lang='grc' dir='ltr'>Ο;</span> <span class='ocrx_word' id='word_1_337' title='bbox 547 3041 616 3070; x_wconf 78' lang='lat' dir='ltr'>sine</span> <span class='ocrx_word' id='word_1_338' title='bbox 640 3040 677 3071; x_wconf 91' lang='lat' dir='ltr'>C.</span> <span class='ocrx_word' id='word_1_339' title='bbox 706 3040 755 3071; x_wconf 82' lang='lat' dir='ltr'>Cf.</span> <span class='ocrx_word' id='word_1_340' title='bbox 784 3040 920 3080; x_wconf 79' lang='lat' dir='ltr'>Madvig</span> <span class='ocrx_word' id='word_1_341' title='bbox 944 3040 988 3071; x_wconf 88' lang='lat' dir='ltr'>ad</span> <span class='ocrx_word' id='word_1_342' title='bbox 1014 3041 1085 3071; x_wconf 85' lang='lat' dir='ltr'>Cic.</span> <span class='ocrx_word' id='word_1_343' title='bbox 1112 3041 1154 3071; x_wconf 85' lang='lat' dir='ltr'>de</span> <span class='ocrx_word' id='word_1_344' title='bbox 1182 3041 1250 3072; x_wconf 84' lang='lat' dir='ltr'>Fin.</span> <span class='ocrx_word' id='word_1_345' title='bbox 1278 3040 1316 3071; x_wconf 86' lang='lat'>111</span> <span class='ocrx_word' id='word_1_346' title='bbox 1342 3039 1359 3079; x_wconf 66' lang='lat' dir='ltr'>g</span> <span class='ocrx_word' id='word_1_347' title='bbox 1385 3040 1415 3070; x_wconf 77' lang='lat'>9.</span> <span class='ocrx_word' id='word_1_348' title='bbox 1441 3057 1483 3062; x_wconf 98' lang='lat'>—</span> <span class='ocrx_word' id='word_1_349' title='bbox 1510 3048 1561 3071; x_wconf 80' lang='lat' dir='ltr'>me</span> <span class='ocrx_word' id='word_1_350' title='bbox 1584 3040 1617 3070; x_wconf 85' lang='lat' dir='ltr'>in</span> <span class='ocrx_word' id='word_1_351' title='bbox 1643 3047 1711 3070; x_wconf 87' lang='lat' dir='ltr'>ras.</span> <span class='ocrx_word' id='word_1_352' title='bbox 1737 3046 1913 3078; x_wconf 90' lang='lat' dir='ltr'>superscr.</span> <span class='ocrx_word' id='word_1_353' title='bbox 1939 3040 1965 3069; x_wconf 90' lang='lat' dir='ltr'>A</span> <span class='ocrx_word' id='word_1_354' title='bbox 1991 3055 2027 3060; x_wconf 98' lang='lat'><strong>—</strong></span> 
     </span>
     <span class='ocr_line' id='line_1_33' title="bbox 260 3086 2030 3130; baseline -0.002 -9"><span class='ocrx_word' id='word_1_355' title='bbox 260 3100 327 3130; x_wconf 76' lang='lat' dir='ltr'>par</span> <span class='ocrx_word' id='word_1_356' title='bbox 348 3091 437 3121; x_wconf 75' lang='lat' dir='ltr'>ratio</span> <span class='ocrx_word' id='word_1_357' title='bbox 462 3099 553 3120; x_wconf 84' lang='lat' dir='ltr'>corr.</span> <span class='ocrx_word' id='word_1_358' title='bbox 581 3099 620 3121; x_wconf 83' lang='lat' dir='ltr'>ex</span> <span class='ocrx_word' id='word_1_359' title='bbox 651 3092 787 3129; x_wconf 73' lang='lat' dir='ltr'>paralio</span> <span class='ocrx_word' id='word_1_360' title='bbox 813 3093 836 3122; x_wconf 83' lang='lat' dir='ltr'>A</span> <span class='ocrx_word' id='word_1_361' title='bbox 853 3091 875 3121; x_wconf 89' lang='grc' dir='ltr'>Β</span> <span class='ocrx_word' id='word_1_362' title='bbox 905 3108 939 3112; x_wconf 86' lang='grc'><strong>-</strong></span> <span class='ocrx_word' id='word_1_363' title='bbox 976 3091 1027 3121; x_wconf 75' lang='lat' dir='ltr'>ll.</span> <span class='ocrx_word' id='word_1_364' title='bbox 1054 3091 1107 3121; x_wconf 69' lang='lat' dir='ltr'>ille</span> <span class='ocrx_word' id='word_1_365' title='bbox 1131 3099 1231 3130; x_wconf 81' lang='lat' dir='ltr'>quam</span> <span class='ocrx_word' id='word_1_366' title='bbox 1254 3090 1333 3121; x_wconf 70' lang='lat' dir='ltr'>mihi</span> <span class='ocrx_word' id='word_1_367' title='bbox 1357 3090 1384 3120; x_wconf 80' lang='lat' dir='ltr'>V</span> <span class='ocrx_word' id='word_1_368' title='bbox 1412 3107 1446 3112; x_wconf 91' lang='lat'>-—</span> <span class='ocrx_word' id='word_1_369' title='bbox 1479 3090 1530 3120; x_wconf 74' lang='lat'>1¹2.</span> <span class='ocrx_word' id='word_1_370' title='bbox 1556 3097 1757 3129; x_wconf 69' lang='lat' dir='ltr'>maynopere</span> <span class='ocrx_word' id='word_1_371' title='bbox 1780 3086 1808 3119; x_wconf 65' lang='grc' dir='ltr'>Ἦ</span> <span class='ocrx_word' id='word_1_372' title='bbox 1835 3104 1871 3109; x_wconf 83' lang='grc'><strong>-</strong></span> <span class='ocrx_word' id='word_1_373' title='bbox 1898 3087 1950 3119; x_wconf 74' lang='grc'>43.</span> <span class='ocrx_word' id='word_1_374' title='bbox 1975 3087 2030 3118; x_wconf 80' lang='lat' dir='ltr'>in-</span> 
     </span>
     <span class='ocr_line' id='line_1_34' title="bbox 262 3137 2028 3179; baseline -0.002 -8"><span class='ocrx_word' id='word_1_375' title='bbox 262 3140 392 3175; x_wconf 46' lang='lat' dir='ltr'>uhdiae</span> <span class='ocrx_word' id='word_1_376' title='bbox 413 3138 544 3169; x_wconf 68' lang='lat' dir='ltr'>subbeat,</span> <span class='ocrx_word' id='word_1_377' title='bbox 568 3141 591 3169; x_wconf 85' lang='lat' dir='ltr'>A</span> <span class='ocrx_word' id='word_1_378' title='bbox 621 3157 653 3161; x_wconf 84' lang='lat'>—-</span> <span class='ocrx_word' id='word_1_379' title='bbox 683 3140 734 3170; x_wconf 75' lang='lat'>15.</span> <span class='ocrx_word' id='word_1_380' title='bbox 761 3139 878 3170; x_wconf 72' lang='lat' dir='ltr'>habere</span> <span class='ocrx_word' id='word_1_381' title='bbox 901 3140 1028 3170; x_wconf 76' lang='lat' dir='ltr'>nullum</span> <span class='ocrx_word' id='word_1_382' title='bbox 1053 3140 1077 3170; x_wconf 92' lang='grc' dir='ltr'>Ο</span> <span class='ocrx_word' id='word_1_383' title='bbox 1102 3157 1144 3162; x_wconf 90' lang='lat'>—-</span> <span class='ocrx_word' id='word_1_384' title='bbox 1169 3139 1220 3169; x_wconf 73' lang='lat'>49.</span> <span class='ocrx_word' id='word_1_385' title='bbox 1248 3148 1350 3179; x_wconf 74' lang='lat' dir='ltr'>eaque</span> <span class='ocrx_word' id='word_1_386' title='bbox 1374 3141 1399 3170; x_wconf 91' lang='lat' dir='ltr'><strong>A</strong></span> <span class='ocrx_word' id='word_1_387' title='bbox 1428 3155 1462 3161; x_wconf 84' lang='lat'>-</span> <span class='ocrx_word' id='word_1_388' title='bbox 1490 3140 1542 3170; x_wconf 51' lang='lat'>2³1.</span> <span class='ocrx_word' id='word_1_389' title='bbox 1563 3147 1690 3178; x_wconf 78' lang='lat' dir='ltr'>parum</span> <span class='ocrx_word' id='word_1_390' title='bbox 1713 3139 1761 3169; x_wconf 91' lang='lat' dir='ltr'>B:</span> <span class='ocrx_word' id='word_1_391' title='bbox 1791 3146 1940 3176; x_wconf 77' lang='lat' dir='ltr'>paruam</span> <span class='ocrx_word' id='word_1_392' title='bbox 1963 3137 2028 3168; x_wconf 89' lang='lat' dir='ltr'>AE</span> 
     </span>
     <span class='ocr_line' id='line_1_35' title="bbox 264 3186 2029 3229; baseline -0.002 -9"><span class='ocrx_word' id='word_1_393' title='bbox 264 3191 314 3229; x_wconf 83' lang='lat' dir='ltr'>&lt;in</span> <span class='ocrx_word' id='word_1_394' title='bbox 340 3191 364 3219; x_wconf 82' lang='lat' dir='ltr'>A</span> <span class='ocrx_word' id='word_1_395' title='bbox 390 3196 568 3228; x_wconf 81' lang='lat' dir='ltr'>superscr.</span> <span class='ocrx_word' id='word_1_396' title='bbox 595 3197 641 3218; x_wconf 93' lang='lat' dir='ltr'>m.</span> <span class='ocrx_word' id='word_1_397' title='bbox 670 3187 778 3219; x_wconf 89' lang='lat' dir='ltr'>multo</span> <span class='ocrx_word' id='word_1_398' title='bbox 809 3189 1005 3219; x_wconf 81' lang='lat' dir='ltr'>recentiore</span> <span class='ocrx_word' id='word_1_399' title='bbox 1032 3189 1284 3228; x_wconf 72' lang='lat' dir='ltr'>paraueram);</span> <span class='ocrx_word' id='word_1_400' title='bbox 1315 3198 1429 3228; x_wconf 79' lang='lat' dir='ltr'>parua</span> <span class='ocrx_word' id='word_1_401' title='bbox 1454 3189 1520 3219; x_wconf 90' lang='lat' dir='ltr'>CV</span> <span class='ocrx_word' id='word_1_402' title='bbox 1553 3189 1661 3227; x_wconf 87' lang='lat' dir='ltr'>(corr.</span> <span class='ocrx_word' id='word_1_403' title='bbox 1688 3196 1730 3219; x_wconf 84' lang='lat' dir='ltr'>ex</span> <span class='ocrx_word' id='word_1_404' title='bbox 1751 3196 1899 3226; x_wconf 80' lang='lat' dir='ltr'>paruam</span> <span class='ocrx_word' id='word_1_405' title='bbox 1921 3186 1960 3226; x_wconf 86' lang='lat' dir='ltr'>V)</span> <span class='ocrx_word' id='word_1_406' title='bbox 1986 3203 2029 3209; x_wconf 92' lang='lat'>—-</span> 
     </span>
     <span class='ocr_line' id='line_1_36' title="bbox 263 3235 2028 3278; baseline -0.002 -8"><span class='ocrx_word' id='word_1_407' title='bbox 263 3239 374 3278; x_wconf 75' lang='lat' dir='ltr'>accipe</span> <span class='ocrx_word' id='word_1_408' title='bbox 398 3240 435 3269; x_wconf 85' lang='grc' dir='ltr'>Α.</span> <span class='ocrx_word' id='word_1_409' title='bbox 464 3239 555 3268; x_wconf 67' lang='lat' dir='ltr'>«Ser.</span> <span class='ocrx_word' id='word_1_410' title='bbox 573 3239 641 3276; x_wconf 69' lang='lat' dir='ltr'>cepi</span> <span class='ocrx_word' id='word_1_411' title='bbox 666 3240 724 3269; x_wconf 81' lang='lat' dir='ltr'>aut</span> <span class='ocrx_word' id='word_1_412' title='bbox 748 3239 862 3278; x_wconf 88' lang='lat' dir='ltr'>potius</span> <span class='ocrx_word' id='word_1_413' title='bbox 882 3240 1047 3277; x_wconf 75' lang='lat' dir='ltr'>percepi.»</span> <span class='ocrx_word' id='word_1_414' title='bbox 1074 3239 1217 3270; x_wconf 62' lang='lat' dir='ltr'>Manvio.</span> <span class='ocrx_word' id='word_1_415' title='bbox 1241 3256 1275 3260; x_wconf 96' lang='lat'><strong>—</strong></span> <span class='ocrx_word' id='word_1_416' title='bbox 1298 3239 1349 3270; x_wconf 84' lang='lat'>22</span> <span class='ocrx_word' id='word_1_417' title='bbox 1376 3238 1433 3270; x_wconf 75' lang='lat' dir='ltr'>tibi</span> <span class='ocrx_word' id='word_1_418' title='bbox 1456 3238 1635 3277; x_wconf 55' lang='lat' dir='ltr'>explanari</span> <span class='ocrx_word' id='word_1_419' title='bbox 1652 3238 1676 3269; x_wconf 95' lang='lat' dir='ltr'>C</span> <span class='ocrx_word' id='word_1_420' title='bbox 1697 3254 1733 3259; x_wconf 92' lang='lat'>—</span> <span class='ocrx_word' id='word_1_421' title='bbox 1759 3237 1811 3268; x_wconf 72' lang='lat'>23.</span> <span class='ocrx_word' id='word_1_422' title='bbox 1837 3237 1864 3266; x_wconf 79' lang='lat' dir='ltr'>si</span> <span class='ocrx_word' id='word_1_423' title='bbox 1887 3245 1938 3267; x_wconf 83' lang='lat' dir='ltr'>me</span> <span class='ocrx_word' id='word_1_424' title='bbox 1960 3237 1984 3267; x_wconf 94' lang='lat' dir='ltr'>B</span> <span class='ocrx_word' id='word_1_425' title='bbox 1999 3235 2028 3267; x_wconf 91' lang='lat' dir='ltr'>V</span> 
     </span>
     <span class='ocr_line' id='line_1_37' title="bbox 267 3284 2022 3327; baseline -0.001 -8"><span class='ocrx_word' id='word_1_426' title='bbox 267 3306 301 3310; x_wconf 98' lang='lat'><strong>—</strong></span> <span class='ocrx_word' id='word_1_427' title='bbox 327 3288 380 3319; x_wconf 71' lang='lat'>25.</span> <span class='ocrx_word' id='word_1_428' title='bbox 405 3286 602 3326; x_wconf 74' lang='lat' dir='ltr'>respondebo</span> <span class='ocrx_word' id='word_1_429' title='bbox 625 3291 661 3318; x_wconf 78' lang='lat' dir='ltr'>ut</span> <span class='ocrx_word' id='word_1_430' title='bbox 684 3297 741 3319; x_wconf 79' lang='lat' dir='ltr'>nos</span> <span class='ocrx_word' id='word_1_431' title='bbox 762 3289 835 3327; x_wconf 78' lang='lat' dir='ltr'>ipsa</span> <span class='ocrx_word' id='word_1_432' title='bbox 858 3289 948 3321; x_wconf 72' lang='lat' dir='ltr'>ducit</span> <span class='ocrx_word' id='word_1_433' title='bbox 970 3288 1022 3319; x_wconf 81' lang='lat' dir='ltr'>uel</span> <span class='ocrx_word' id='word_1_434' title='bbox 1038 3290 1063 3319; x_wconf 89' lang='lat' dir='ltr'><strong>A</strong></span> <span class='ocrx_word' id='word_1_435' title='bbox 1085 3306 1118 3310; x_wconf 94' lang='lat'>—-</span> <span class='ocrx_word' id='word_1_436' title='bbox 1138 3288 1191 3319; x_wconf 71' lang='lat'>26.</span> <span class='ocrx_word' id='word_1_437' title='bbox 1210 3288 1326 3327; x_wconf 63' lang='lat' dir='ltr'>inquid</span> <span class='ocrx_word' id='word_1_438' title='bbox 1342 3286 1381 3319; x_wconf 65' lang='grc' dir='ltr'>ΑΙ</span> <span class='ocrx_word' id='word_1_439' title='bbox 1401 3307 1436 3311; x_wconf 96' lang='grc'><strong>-</strong></span> <span class='ocrx_word' id='word_1_440' title='bbox 1454 3289 1548 3320; x_wconf 73' lang='lat' dir='ltr'>ducet</span> <span class='ocrx_word' id='word_1_441' title='bbox 1572 3286 1815 3319; x_wconf 84' lang='lat' dir='ltr'>Heindorfius:</span> <span class='ocrx_word' id='word_1_442' title='bbox 1843 3286 1930 3317; x_wconf 71' lang='lat' dir='ltr'>ducit</span> <span class='ocrx_word' id='word_1_443' title='bbox 1947 3284 2022 3318; x_wconf 62' lang='lat'>210.</span> 
     </span>
    </p>
   </div>
  </div>
 </body>
</html>
