2249 3624
590 148 678 189 Lm.
709 147 739 188 Ι.
781 148 879 190 ΟΑΡ.
911 146 1168 189 VII—VIII.
1210 144 1268 200 §§
1301 142 1489 186 lli—⁶20.
1830 143 1912 186 375

143 261 330 308 adiutor;
369 256 491 298 ambo
522 256 655 303 enim,
692 257 830 309 inquit
860 254 1077 301 adridens‘,
1109 254 1160 295 ab
1192 254 1340 294 eodem
1372 254 1546 293 Philone
1578 252 1682 293 nihil
1713 253 1819 293 scire
1851 252 1913 293 di-

142 323 311 366 dicistis.
363 321 467 360 Tum
499 332 599 372 ego,
632 318 744 367 Quid
779 318 1068 364 didicerimus,
1102 318 1221 358 Cotta
1252 317 1416 364 viderit,
1450 323 1492 357 tu
1524 322 1662 356 autem
1694 314 1792 355 nolo
1825 316 1912 355 exi-

141 387 282 428 stimes
322 396 386 424 me
425 382 661 423 adiutorem
705 381 802 421 huic
835 381 1019 426 venisse,
1059 381 1131 420 sed
1162 379 1409 426 auditorem,
1442 385 1483 419 et
1514 379 1685 433 quidem
1717 391 1910 432 aequum,

140 449 271 490 libero
309 445 488 492 iudicio,
526 444 641 485 nulla
682 445 769 483 eius
809 443 922 483 modi
955 442 1197 483 adstrictum
1244 444 1514 491 necessitate,
1554 447 1599 483 ut
1644 440 1744 482 mihi
1786 442 1909 482 velim

141 511 265 553 nolim
297 510 350 549 sit
381 514 492 548 certa
524 507 730 560 quaedam
762 507 916 546 tuenda
948 507 1166 545 sententia.
1924 515 1942 544 5

251 571 350 612 VllI.
384 568 448 610 48.
491 571 594 609 Tum
627 569 813 608 Velleius
844 567 1021 608 tidenter
1052 580 1171 614 sane,
1213 574 1259 608 ut
1290 569 1426 608 solent
1463 568 1551 615 isti,
1591 568 1695 608 nihil
1726 573 1807 608 tam
1840 581 1911 608 ve-

138 649 231 678 rens
265 646 391 687 quam
423 646 474 673 ne
507 632 698 672 dubitare
730 632 869 684 aliqua
902 631 952 669 dc
985 645 1027 670 re
1059 631 1288 678 videretur,
1328 638 1535 684 tamquam
1569 630 1692 670 modo
1726 644 1778 670 ex
1809 631 1910 671 deo-

139 712 229 740 rum
261 696 440 736 concilio
472 701 512 735 et
543 708 595 734 ex
617 694 788 747 Epicuri
820 694 1114 733 intermundiis
1137 694 1442 739 descendisset,
1467 693 1633 740 Audite,
1656 693 1802 746 inquit,
1824 707 1907 733 non

138 760 269 803 sutilis
301 758 704 811 commenticiasque
735 757 983 803 sententias,
1016 770 1096 796 non
1121 755 1309 808 opilicem
1332 756 1727 809 aedificatoremque
1752 756 1909 804 mundi,

138 822 319 865 Platonis
363 821 414 861 de
456 822 626 861 Timaeo
672 820 816 866 deum,
858 833 933 858 nec
973 832 1095 858 anum
1138 818 1372 865 fatidicam,
1411 818 1645 858 Stoicorum
1683 818 1960 870 π()όιόια·ιν,4ο

139 899 262 941 quam
295 885 438 925 Latine
471 884 567 923 licet
592 881 895 936 providentiam
919 881 1076 927 dicere,
1110 895 1246 934 neque
1269 894 1366 920 vero
1390 881 1590 921 mundum
1614 883 1749 933 ipsum
1771 881 1910 921 animo

138 955 179 989 et
208 947 398 988 sensibus
432 945 684 999 praeditum,
725 944 971 990 rotundum,
1013 944 1247 991 ardentem,
1281 944 1507 983 volubilem
1539 944 1682 990 deum,
1719 948 1911 995 portenta

138 1018 178 1054 et
208 1011 407 1052 miracula
429 1022 512 1048 non
536 1007 831 1047 disserentium
858 1006 1223 1060 philosophorum,
1257 1006 1327 1045 sed
1353 1006 1667 1046 somniantium.
1714 1003 1781 1045 49.
1809 1005 1911 1054 Qui-

135 1075 213 1115 bus
258 1074 366 1113 enim
399 1071 531 1112 oculis
569 1070 720 1110 intueri
759 1070 897 1122 potnit
928 1075 1065 1109 vester
1095 1070 1210 1109 Plato
1248 1069 1445 1108 fabricam
1478 1069 1591 1108 illam
1624 1069 1726 1108 tanti
1758 1068 1910 1122 operis,

137 1150 219 1191 qua
250 1135 434 1176 construi
466 1147 488 1173 a
522 1133 600 1173 deo
632 1138 759 1186 atque
792 1131 1004 1171 aedificari
1038 1132 1237 1172 mundum
1269 1132 1401 1171 facit?
1440 1144 1549 1184 quae
1581 1131 1769 1171 molitio?
1802 1142 1961 1184 quaem

104 1209 107 1213 ’
136 1199 416 1240 ferramenta?
449 1197 521 1250 qui
554 1198 718 1235 vectes?
751 1208 859 1248 quae
891 1195 1137 1234 machinae?
1171 1196 1241 1248 qui
1274 1194 1450 1233 ministri
1481 1194 1584 1233 tanti
1613 1195 1799 1234 muneris
1821 1193 1911 1233 fue-

136 1264 262 1302 runt?
295 1273 418 1314 quem
451 1259 502 1299 ad
535 1258 702 1298 modum
733 1264 871 1297 autem
895 1258 1094 1297 oboedire
1127 1263 1167 1297 et
1196 1270 1340 1310 parere
1363 1256 1567 1297 voluntati
1589 1256 1805 1296 architecti
1827 1261 1911 1303 a'er,

136 1325 267 1377 ignis,
299 1335 426 1376 aqua,
458 1327 571 1361 terra
603 1322 861 1373 potuerunt?
906 1320 1013 1359 unde
1046 1334 1143 1360 vero
1177 1326 1293 1360 ortae
1330 1320 1427 1359 illae
1459 1320 1647 1374 quinque
1678 1318 1857 1366 formae,
1890 1332 1912 1358 e

137 1385 290 1440 quibus
322 1385 486 1438 reliqua
516 1382 763 1430 formantur,
795 1388 891 1435 apte
921 1383 1117 1423 cadentes
1149 1383 1200 1424 ad
1233 1383 1417 1423 animum
1449 1381 1716 1422 afficiendum
1749 1383 1913 1436 parien-

137 1449 296 1502 dosque
329 1448 506 1488 sensns?
541 1447 730 1498 Longum
763 1452 825 1485 est
855 1445 906 1485 ad
940 1447 1103 1494 omnia,
1136 1460 1244 1500 quae
1276 1446 1375 1487 talia
1401 1451 1520 1493 sunt,
1551 1451 1594 1485 ut
1617 1449 1759 1498 optata
1781 1445 1912 1497 magis
1926 1456 1963 1485 20

137 1523 262 1565 quam
304 1511 471 1550 inventa
510 1509 742 1548 videantur.
794 1506 859 1548 20.
893 1509 975 1548 Sed
1015 1509 1087 1549 illa
1126 1509 1345 1562 palmaria,
1387 1508 1520 1562 quod,
1563 1509 1634 1562 qui
1674 1521 1759 1548 non
1790 1507 1913 1547 modo

136 1579 280 1614 natum
323 1573 525 1613 mundum
566 1571 867 1619 introduxerit,
909 1572 980 1611 sed
1021 1573 1145 1611 etiam
1189 1585 1314 1611 manu
1360 1584 1492 1625 paene
1523 1571 1702 1618 factum,
1744 1571 1779 1610 is
1818 1582 1913 1608 eum

140 1636 294 1676 dixerit
322 1635 413 1675 fore
445 1636 756 1688 sempiternum.
801 1634 921 1674 Hunc
943 1648 1089 1674 censes
1113 1635 1270 1688 primis,
1302 1640 1347 1674 ut
1369 1634 1535 1682 dicitur,
1567 1633 1691 1673 labris
1724 1637 1915 1685 gustasse

138 1698 469 1753 physiologiam,
506 1698 546 1737 id
580 1702 644 1737 est
674 1703 847 1737 naturae
880 1698 1107 1745 rationem,
1149 1699 1220 1751 qui
1255 1698 1502 1751 quicquam,
1536 1696 1647 1749 quod
1680 1700 1817 1735 ortum
1849 1696 1915 1741 sit,

136 1767 251 1816 putet
292 1767 642 1802 aeternumresse
684 1762 840 1813 posse?
890 1760 1007 1808 Quae
1041 1766 1104 1800 est
1135 1761 1245 1800 enim
1277 1761 1585 1814 coagmentatio
1618 1773 1703 1799 non
1734 1758 1964 1799 dissolu-25

136 1822 264 1864 bilis?
304 1829 375 1864 aut
417 1823 517 1876 quid
560 1828 643 1870 est,
686 1822 805 1862 cuius
837 1823 1087 1876 principium
1119 1823 1291 1877 aliquod
1323 1824 1394 1870 sit,
1426 1822 1532 1863 nihil
1564 1823 1617 1863 sit
1648 1824 1914 1862 extremum?

99 1924 101 1927 .
137 1885 344 1942 Πρόνοια
377 1899 476 1926 vero
508 1891 667 1933 vestra,
698 1885 854 1933 Lucili,
887 1886 922 1925 si
954 1891 1015 1926 est
1046 1886 1213 1934 eadem,
1246 1886 1391 1926 eadem
1423 1886 1615 1940 requiro,
1648 1898 1757 1940 quae
1787 1885 1914 1939 paulo

225 2038 255 2066 1¹.
279 2036 376 2076 silone
399 2034 428 2067 *21
455 2051 489 2056 ——
523 2035 554 2065 2.
584 2038 699 2074 quella
724 2036 748 2066 Α
778 2052 812 2056 -
843 2034 965 2066 uiderit
990 2044 1080 2067 corr.
1109 2044 1150 2066 ex
1175 2035 1303 2066 uidet-‘et
1325 2036 1351 2066 Α
1378 2053 1413 2057 -
1441 2035 1471 2067 3.
1498 2043 1549 2066 me
1572 2035 1663 2066 inter
1685 2034 1761 2065 nolo
1786 2034 1820 2066 et
1843 2034 1918 2066 exi-

136 2086 244 2117 sumes
267 2093 445 2126 superscr.
473 2085 496 2116 B
525 2103 559 2107 —
586 2086 641 2116 sed
664 2085 850 2116 adiutorem
876 2083 951 2116 B¹C
980 2102 1014 2107 -
1049 2083 1137 2124 aequ
1164 2087 1353 2126 (superscr.
1381 2086 1534 2125 aequum)
1560 2086 1608 2122 B;
1640 2093 1756 2116 aecum
1778 2086 1823 2119 Α;
1848 2084 1917 2124 fre-

136 2138 204 2167 tum
229 2135 293 2166 CE
327 2152 361 2157 —
396 2134 427 2166 4.
454 2136 571 2167 iudilio
596 2137 621 2166 A
651 2153 685 2158 —-
720 2135 750 2166 7.
777 2135 909 2166 uidelur
933 2136 957 2166 C
983 2154 1024 2158 —
1050 2136 1081 2167 8.
1110 2136 1340 2167 intermundiis
1365 2139 1388 2167 A
1407 2135 1505 2167 B¹C:
1538 2136 1752 2167 internuntiis
1776 2132 1851 2166 132ss
1879 2152 1914 2157 -

137 2185 347 2216 descendisset
371 2185 414 2216 B:
446 2186 609 2216 descendis
631 2185 686 2216 sed
712 2186 756 2223 A;
784 2186 986 2216 descendens.
1013 2186 1076 2217 Sed
1101 2186 1124 2217 C
1141 2186 1164 2217 E
1184 2203 1217 2208 -
1248 2186 1277 2217 9,
1303 2186 1408 2225 futilis
1432 2186 1455 2217 C
1472 2186 1518 2216 E:
1545 2185 1670 2225 fulcilis
1694 2186 1742 2220 Α;
1767 2185 1831 2224 fuit
1855 2184 1920 2215 tilis

138 2243 229 2267 corr.
264 2235 298 2265 in
326 2234 449 2274 fulliles
480 2236 528 2272 B;
566 2236 675 2275 futiles
707 2235 743 2266 O.
783 2235 833 2266 Cf.
866 2244 938 2267 var.
973 2235 1051 2268 lect.
1087 2236 1128 2267 ad
1155 2246 1187 2277 p.
1215 2236 1290 2275 31¹6,
1318 2236 1348 2267 3.
1385 2254 1418 2258 —
1457 2236 1759 2275 commentitiasque
1787 2236 1852 2267 AB
1879 2251 1913 2257 -

140 2285 190 2316 ⁴0.
215 2293 396 2323 pronoeam
420 2282 448 2316 ⁵21
469 2302 503 2306 —
532 2283 583 2315 ⁴4.
612 2285 714 2315 oculis
739 2286 895 2316 Marsus:
925 2286 1026 2317 oculis
1050 2286 1153 2317 animi
1179 2285 1230 2323 <21;
1258 2287 1359 2318 oculis
1385 2286 1513 2327 [animi]
1532 2286 1568 2317 O.
1597 2285 1790 2326 «Equidem
1816 2284 1920 2316 animi

138 2334 286 2373 seclusi,
315 2344 384 2366 non
409 2335 487 2375 quia
515 2343 579 2376 per
602 2343 640 2366 sc
666 2344 734 2366 non
759 2338 855 2367 recte
881 2336 1043 2367 dicantur
1067 2338 1171 2368 animi
1197 2338 1299 2374 oculi,
1327 2337 1389 2368 sed
1416 2337 1495 2377 quia
1522 2336 1716 2368 sententiae
1742 2335 1808 2375 ipsi
1833 2334 1868 2365 h.
1894 2333 1916 2365 l.

138 2387 322 2426 repugnat.
361 2385 485 2416 Mentis
511 2386 604 2416 enim
630 2384 739 2417 oculis
765 2386 897 2425 quivis,
935 2387 1065 2418 nedum
1091 2387 1203 2425 Plato,
1239 2389 1361 2419 intueri
1392 2389 1528 2424 poterat
1553 2386 1720 2418 fabricam
1746 2384 1855 2422 illam,
1884 2384 1916 2416 id

140 2437 210 2473 est,
242 2434 348 2466 talem
380 2434 445 2466 sibi
476 2435 592 2466 animo
625 2435 811 2467 informare
846 2445 886 2467 ac
912 2436 1063 2476 fingere;
1098 2436 1159 2467 sed
1187 2437 1253 2468 hoc
1280 2438 1416 2477 quaerit
1442 2435 1612 2473 Velleius,
1640 2434 1818 2476 quomodo
1843 2433 1918 2465 fieri

140 2485 292 2525 potuerit
322 2486 358 2515 ut
390 2484 548 2525 corporis
579 2493 750 2515 sensuum
783 2494 849 2526 ope
881 2485 975 2518 Plato
1001 2486 1045 2517 ad
1070 2487 1241 2518 eiusmodi
1268 2488 1489 2528 opinionem,
1524 2493 1694 2517 sensuum
1719 2484 1916 2516 certissimo

142 2533 340 2564 testimonio
360 2534 676 2571 contradicentem,
697 2536 932 2575 perveniret.»
952 2538 1010 2568 Oii.
1033 2554 1067 2559 ——
1090 2537 1140 2568 48.
1166 2537 1294 2576 formae
1311 2546 1327 2567 e
1344 2536 1459 2576 quibus
1477 2537 1499 2567 B
1515 2536 1539 2567 C
1555 2535 1598 2566 E:
1627 2534 1732 2573 forme
1748 2542 1787 2565 ae
1803 2533 1919 2572 quibus

139 2585 185 2617 A:
215 2584 363 2623 formae,
397 2593 440 2616 ec
468 2586 586 2625 quibus
614 2586 639 2616 Ο
667 2603 702 2608 -
737 2586 787 2617 49.
815 2586 1028 2627 afficiendum
1058 2586 1323 2618 Schoemannns
1357 2585 1444 2626 [coll.
1472 2584 1554 2617 Plat.
1579 2584 1666 2615 Tim.
1693 2593 1725 2625 p.
1753 2582 1914 2623 64-68):

141 2634 343 2674 efficiendum
367 2634 434 2667 ςΠΟ
461 2653 495 2658 -
524 2637 576 2667 ⁵30.
604 2638 647 2667 ad
672 2635 721 2669 ⁵21:
758 2646 828 2668 om.
856 2638 880 2668 O
909 2654 942 2658 —
978 2636 1031 2666 ⁶21.
1060 2636 1115 2666 illa
1134 2636 1309 2675 palmaria
1334 2636 1493 2667 Davisius
1520 2635 1563 2673 (in
1590 2633 1702 2674 prima
1728 2632 1915 2672 editionel:

139 2683 198 2715 illa
225 2686 388 2724 palmaris
419 2684 506 2720 QtO;
544 2687 627 2717 illud
658 2687 813 2726 palmare
843 2686 1002 2717 Davisius
1037 2687 1085 2724 (in
1117 2686 1215 2716 tertia
1250 2685 1331 2724 ed).
1372 2685 1420 2716 Cf.
1450 2686 1487 2715 C.
1516 2685 1553 2714 G.
1581 2682 1734 2714 Dictrich
1761 2683 1915 2720 Quaestt.

140 2742 286 2773 gramm.
315 2737 349 2766 et
374 2737 447 2767 crit.
475 2735 518 2767 de
544 2735 629 2768 locis
654 2736 783 2776 aliquot
811 2737 989 2768 Ciceronis
1015 2744 1045 2776 p.
1073 2736 1216 2776 45fsqq.
1244 2738 1277 2766 et
1303 2735 1453 2775 Seyffert
1477 2732 1591 2765 schol.
1620 2734 1691 2766 Lat.
1720 2735 1731 2765 l
1756 2743 1790 2775 p.
1816 2734 1858 2766 28
1884 2735 1919 2766 et

140 2785 192 2816 57.
220 2785 310 2823 (uilla
327 2786 449 2817 Cicero
477 2788 589 2825 posuit
609 2789 788 2826 tamquam
808 2786 904 2827 plura
924 2786 1049 2817 eadem
1068 2786 1234 2816 orationis
1253 2785 1361 2825 figura
1379 2786 1662 2816 enumeraturus.
1690 2784 1767 2815 Vid.
1788 2785 1915 2825 Opusc.

140 2833 246 2865 Acad.
272 2835 284 2865 I
310 2843 343 2875 p.
364 2834 426 2865 360
451 2838 522 2866 not.
551 2837 584 2866 et
610 2834 693 2873 illis,
721 2833 810 2875 quae
837 2835 883 2866 ibi
910 2835 1051 2874 collegi,
1079 2836 1157 2866 add.
1176 2837 1214 2867 N.
1236 2836 1274 2866 D.
1294 2836 1320 2865 ll
1347 2835 1464 2874 {4472
1494 2836 1628 2873 Quanta
1650 2842 1730 2865 vero
1754 2834 1813 2865 illa
1827 2836 1917 2873 sunt,

142 2884 226 2922 quod
249 2887 277 2915 el
300 2884 444 2915 sensibus
469 2886 536 2915 cet.
564 2884 708 2925 Philipp.
729 2886 755 2914 V
782 2886 799 2925 g
825 2886 882 2916 47:
910 2887 960 2917 An
984 2887 1043 2917 illa
1066 2895 1129 2916 non
1155 2886 1362 2925 qravissiniis
1385 2884 1577 2923 iqnominiis
1592 2901 1640 2907 --
1657 2887 1732 2915 sunl
1754 2884 1915 2922 notanda,

142 2934 227 2972 quod
250 2935 340 2965 cet.»
370 2935 527 2973 MADWG.)
558 2951 590 2956 —-
619 2936 705 2974 quod
729 2934 782 2966 ⁸21:
809 2936 954 2974 quidem,
984 2936 1070 2974 quod
1095 2936 1119 2965 O
1135 2952 1170 2958 —
1198 2934 1251 2966 ⁶24.
1278 2935 1311 2964 id
1334 2938 1377 2965 esi
1401 2937 1543 2965 naturae
1564 2935 1729 2965 rationem
1753 2932 1820 2965 del.
1848 2934 1918 2965 Ma—

142 2983 267 3014 nutius.
295 2982 384 3014 «Sed
409 2984 442 3014 h.
470 2982 505 3020 l..
533 2983 592 3014 ubi
619 2985 769 3024 primum
794 2985 859 3015 isto
880 2994 957 3016 voc.
978 2988 1110 3015 Graeco
1137 2986 1253 3021 utitur,
1281 2984 1447 3024 equidem
1474 2984 1506 3015 in
1532 2982 1763 3025 explicatione
1782 2983 1913 3021 Latina,

144 3040 254 3072 eaque
279 3041 385 3072 quam
412 3034 563 3064 maxime
589 3033 742 3064 Tulliana
770 3034 824 3073 (de
851 3035 960 3065 Divin.
982 3036 992 3065 l
1019 3034 1126 3074 ι890),
1155 3035 1297 3066 minime
1317 3034 1491 3065 offendo.»
1517 3034 1575 3065 On.
1599 3051 1633 3056 —
1659 3034 1712 3064 ⁶25.
1739 3042 1916 3073 coaymen-

144 3082 223 3112 talio
248 3082 284 3112 Βι
301 3091 306 3112 z
332 3085 570 3114 coacinenlatio
594 3086 620 3115 Α
636 3084 659 3114 C
679 3093 684 3119 ;
712 3085 977 3123 coauqmenlalio
1003 3085 1040 3115 152
1054 3085 1077 3115 E
1099 3102 1132 3106 —
1162 3085 1213 3115 26.
1239 3085 1331 3115 cuius
1347 3087 1371 3115 Α
1389 3085 1412 3115 C
1431 3084 1474 3115 E:
1501 3084 1555 3115 cui
1571 3084 1595 3115 B
1617 3102 1651 3106 —
1671 3085 1724 3116 27.
1744 3081 1915 3129 Πρόνοια

144 3130 337 3162 Manutius:
363 3133 510 3164 Pronoea
527 3132 554 3165 ⁵21
569 3134 606 3164 O.
635 3134 683 3164 Ct'.
705 3143 735 3164 v.
758 3135 807 3165 40.
829 3151 863 3156 -
883 3143 959 3165 vero
975 3138 1103 3172 vestra,
1132 3134 1253 3171 Lucili,
1281 3134 1307 3165 si
1326 3137 1370 3164 esl
1385 3134 1516 3171 eadem,
1543 3134 1655 3165 eadem
1678 3135 1813 3174 requiro
1830 3143 1910 3166 nos:

144 3188 220 3212 vero
243 3182 271 3212 si
291 3185 401 3213 vestra
424 3186 485 3223 est,
510 3184 627 3220 Lucili,
653 3185 765 3214 euclem
781 3186 917 3225 requiro
935 3188 958 3216 Α
974 3185 997 3215 Β
1014 3186 1037 3215 C
1053 3185 1101 3221 0;
1127 3186 1153 3215 si
1176 3193 1253 3215 vero
1276 3188 1385 3215 vestra
1409 3186 1454 3214 esc
1477 3183 1566 3216 lucili
1590 3185 1703 3216 eadem
1718 3184 1851 3224 require
1868 3184 1910 3222 E;

145 3238 222 3261 vero
250 3232 278 3262 si
306 3236 416 3263 veslra
438 3237 501 3270 esl,
533 3235 657 3271 Lucili,
689 3235 819 3271 eadem,
852 3236 965 3266 eadem
988 3236 1123 3274 requiro
1149 3234 1392 3267 Heindortiusz
1425 3242 1502 3265 vero
1531 3238 1642 3266 veslra
1665 3235 1691 3266 si
1715 3235 1829 3266 eadem
1852 3237 1909 3272 esl,

147 3279 261 3321 Lucili,
281 3282 393 3313 eadem
408 3284 542 3323 requiro
558 3284 748 3317 Lambinus
762 3293 767 3322 ς
790 3292 867 3317 vero
882 3287 993 3317 veslra
1008 3286 1052 3325 si,
1075 3284 1197 3323 Lucili,
1217 3285 1330 3316 eadem
1344 3287 1401 3323 esl,
1427 3284 1540 3316 eadem
1555 3285 1689 3325 requiro
1706 3284 1908 3326 Madvigius.
