2249 3624
492 156 582 196 Lm.
618 155 648 195 I.
687 155 783 196 CAP.
816 156 1241 196 xxxv—XXXVI.
1280 155 1339 209 §§
1372 153 1589 200 <at—³101.
1843 155 1924 198 395

159 263 408 307 dissimilis?
448 262 609 302 Etenim
649 261 682 300 si
724 262 872 308 semel,
915 263 1071 308 Vellei,
1111 264 1363 315 suscipimus
1405 277 1536 316 genus
1567 263 1647 303 hoc
1678 264 1926 315 argumenti,

157 327 326 369 attende
364 338 447 380 quo
488 329 639 377 serpat.
687 324 748 362 Tu
789 325 896 363 enim
937 325 1132 364 sumebas
1164 326 1243 364 nisi
1275 327 1314 365 in
1348 326 1528 366 hominis
1560 326 1691 377 figura
1722 327 1924 366 rationem

155 392 291 431 inesse
323 401 406 427 non
438 399 583 441 posse;
617 392 753 425 sumet
784 386 890 425 alius
924 388 1002 427 nisi
1036 389 1075 426 in
1111 389 1316 433 terrestri,
1351 389 1429 427 nisi
1457 389 1495 427 in
1520 402 1590 436 eo,
1623 388 1692 441 qui
1718 395 1839 428 natus
1862 389 1926 435 sit,

155 452 235 492 nisi
267 452 309 490 in
341 464 409 497 eo,
442 451 513 503 qui
545 448 795 494 adoleverit,
835 449 913 487 nisi
949 451 988 488 in
1021 463 1090 495 eo,
1131 452 1200 502 qui
1235 450 1447 497 didicerit,
1489 451 1566 489 uisi
1601 452 1640 490 in
1674 464 1738 497 eo,
1772 451 1841 504 qui
1876 464 1927 490 ex

155 514 294 554 animo
336 517 499 552 constet
537 516 578 550 et
615 524 788 563 corpore
830 512 988 550 caduco
1021 518 1061 551 et
1102 511 1286 557 infirmo,
1332 520 1540 565 postremo
1573 514 1654 553 nisi
1687 515 1727 553 in
1760 514 1960 553 homines

154 582 279 629 atque
319 574 495 614 mortali.
550 572 673 620 Quod
715 573 747 612 si
790 573 830 611 in
876 574 1070 613 omnibus
1111 574 1174 613 his
1209 575 1332 613 rebus
1366 575 1555 622 obsistiS,
1588 576 1691 629 quid
1725 574 1930 629 estquod

155 643 194 678 te
225 637 358 676 forma
390 649 471 675 una
503 634 755 674 conturbet?
804 635 876 672 llis
910 635 1019 674 enim
1053 637 1268 683 munibus,
1311 652 1418 690 quae
1461 640 1681 690 proposui,
1723 638 1932 678 adiunctis

155 701 196 740 in
219 699 389 739 homine
412 698 619 737 rationem
644 711 735 736 esse
759 702 799 735 et
822 703 1001 736 mentem
1027 698 1200 738 videbas
1216 730 1225 745 ,
1249 700 1402 751 quibus
1426 700 1622 739 detractis
1647 702 1769 741 deum
1795 707 1931 740 tamen

153 775 279 803 nosse
311 769 350 802 te
384 760 509 806 dicis,
542 759 666 798 modo
699 759 940 798 liniamenta
973 767 1181 800 maneant.
1234 762 1322 801 lluc
1356 768 1520 802 estnon
1546 763 1827 810 considerare,
1859 763 1932 802 sed

154 824 273 879 quasi
308 823 470 868 sortiri,
503 821 603 874 quid
638 822 826 874 loquare.
888 820 953 860 99.
987 823 1073 861 Nisi
1107 823 1213 862 sorte
1249 838 1298 863 ne
1325 824 1404 863 hoe
1428 825 1596 878 quidem
1620 824 1818 872 attendis,
1850 839 1931 865 non
1950 833 1984 862 10

153 886 279 927 modo
312 886 352 924 in
386 884 578 930 homine,
611 884 683 922 sed
717 884 840 922 etiam
875 884 915 922 in
948 886 1118 930 arbore,
1152 887 1355 938 quicquid
1389 901 1745 939 supervacaneum
1779 889 1831 927 sit
1862 892 1934 926 aut

152 962 273 989 usum
306 961 390 986 non
421 947 594 993 habeat,
627 946 805 985 obstare.
855 946 989 993 Quam
1014 948 1232 987 molestum
1258 955 1338 993 est,
1370 963 1454 988 uno
1478 950 1607 1000 digito
1638 951 1730 1002 plus
1753 950 1930 990 babere!

152 1010 254 1065 quid
287 1011 375 1050 ita?
409 1009 510 1062 quia
542 1022 616 1047 nee
649 1008 789 1061 speeie
824 1022 898 1047 nec
932 1023 1007 1048 usu
1041 1011 1167 1049 alium
1201 1011 1392 1064 quinque
1419 1012 1671 1052 desiderant.
1724 1014 1838 1051 Tuus
1860 1025 1934 1051 an-

150 1079 232 1113 tem
268 1072 371 1112 dens
403 1086 486 1111 non
521 1071 651 1123 digito
685 1085 768 1110 uno
801 1070 1024 1119 redundat,
1058 1072 1130 1111 sed
1159 1074 1313 1124 capite,
1346 1074 1477 1120 rullo,
1510 1075 1759 1121 cervicibus,
1793 1074 1934 1114 lateri-

151 1136 247 1182 bus,
280 1135 388 1182 alvo,
421 1141 559 1186 tergo,
593 1134 842 1187 poplitibus,
876 1135 1086 1181 manibus,
1121 1135 1319 1188 pedibus,
1353 1136 1599 1183 seminibus,
1633 1137 1836 1176 cruribus.
1889 1136 1983 1175 Si45

150 1205 196 1238 nt
217 1197 450 1238 inmortalis
474 1198 545 1243 sit,
579 1197 676 1250 quid
700 1197 802 1235 baec
823 1197 874 1235 ad
898 1197 1023 1236 vitam
1048 1197 1231 1237 membra
1256 1199 1501 1250 pertinent?
1535 1199 1636 1252 quid
1662 1200 1750 1251 ipsa
1772 1199 1932 1238 facies?

150 1261 283 1313 Magis
316 1260 406 1306 illa,
449 1259 685 1306 cerebrum,
728 1272 818 1306 cor,
860 1259 1103 1311 pulmones,
1137 1260 1271 1306 iecur3
1312 1261 1415 1299 haer
1449 1262 1557 1300 enirn
1592 1268 1690 1301 snnt
1720 1261 1933 1300 domicilia

151 1323 284 1362 vitae:
329 1322 411 1361 oris
445 1322 617 1375 quidem
660 1319 826 1360 habitus
858 1320 908 1360 ad
942 1322 1052 1360 vitae
1087 1320 1321 1362 firmitatem
1353 1323 1459 1361 nihil
1494 1325 1687 1376 pertinet.
1738 1324 1932 1362 xxxvl.

154 1383 247 1424 1100.
280 1385 331 1425 Et
364 1399 435 1425 eos
467 1384 754 1437 vituperabas,
787 1385 857 1437 qui
885 1398 936 1423 ex
961 1384 1157 1437 operibus
1179 1384 1409 1437 magnificis
1432 1391 1556 1438 atque
1579 1386 1816 1438 praeclaris,
1838 1398 1931 1424 cum

151 1448 289 1500 ipsum
322 1448 548 1493 mundum,
581 1460 672 1486 cum
706 1446 795 1485 eius
830 1446 1033 1492 membra,
1067 1447 1250 1493 caelum,
1284 1453 1433 1494 terras,
1468 1449 1615 1494 maria,
1647 1463 1827 1502 cumque
1860 1451 1983 1488 lio-20

151 1525 240 1551 rum
273 1512 475 1564 insignia,
509 1509 660 1555 solem,
694 1509 833 1548 lunam
865 1510 1094 1562 stellasque
1124 1509 1347 1556 vidissent,
1381 1524 1561 1563 cumque
1593 1518 1825 1564 temporum
1848 1523 1933 1550 ma-

154 1573 369 1619 turitates,
402 1573 652 1612 mutationes
685 1572 1086 1624 vicissitudinesque
1119 1573 1437 1624 cognovissent,
1471 1574 1665 1624 suspicati
1698 1579 1837 1612 essent
1858 1573 1933 1612 ali-

154 1648 279 1688 quam
323 1634 596 1674 excellentem
640 1648 731 1673 esse
771 1640 1137 1687 praestantemque
1171 1641 1383 1681 naturam,
1428 1649 1534 1688 quae
1567 1636 1669 1675 baec
1702 1635 1932 1682 ecfecisset,

154 1703 362 1743 moveret,
395 1703 574 1750 regeret,
613 1697 875 1749 gubernaret.
928 1697 1007 1744 Qui
1050 1699 1172 1736 etiam
1214 1698 1246 1736 si
1289 1697 1483 1737 aberrant
1515 1699 1774 1744 coniectura,
1808 1697 1930 1736 video

152 1766 291 1800 tamen
316 1760 416 1812 quid
449 1765 688 1812 sequantur.
732 1760 792 1797 Tu
815 1758 927 1812 quod
953 1772 1058 1811 opus
1081 1761 1249 1799 tandem
1274 1774 1467 1813 magnum
1492 1767 1531 1800 et
1554 1761 1767 1813 egregium
1791 1759 1983 1806 habes,25

150 1821 260 1874 quod
294 1823 488 1861 effectum
521 1821 662 1860 divina
695 1827 832 1861 mente
866 1822 1078 1867 videatur,
1111 1836 1163 1862 ex
1196 1837 1277 1876 quo
1311 1836 1401 1862 esse
1431 1824 1531 1862 deos
1565 1824 1812 1876 suspicere?
1851 1823 1932 1861 Ha-

148 1885 317 1931 bebam,
358 1884 524 1937 inquis,
566 1885 608 1923 in
639 1884 779 1922 animo
812 1885 978 1923 insitam
1012 1885 1350 1925 informationem
1386 1886 1596 1938 quandam
1630 1886 1709 1925 dei.
1758 1886 1809 1925 Et
1839 1884 1932 1923 bar-

148 1947 232 1987 bati
275 1947 446 2000 quidem
489 1946 620 1993 Iovis,
668 1946 855 1999 galeatae
900 1947 1138 1986 Minervae:
1186 1962 1282 1986 num
1328 1949 1457 2000 igitur
1497 1962 1587 1987 esse
1636 1947 1728 1987 talis
1775 1948 1930 2000 putas?

149 2006 244 2049 slOl.
277 2009 444 2057 Quanto
487 2009 635 2048 melius
676 2009 780 2048 haee
813 2009 962 2061 vulgus
1006 2010 1317 2062 imperitorum,
1357 2011 1428 2063 qni
1463 2024 1544 2049 nou
1579 2010 1764 2049 membra
1795 2009 1930 2048 solum

149 2072 332 2111 hominis
366 2072 443 2110 deo
477 2072 684 2118 tribuant,
727 2072 797 2110 sed
832 2085 950 2111 usum
986 2073 1108 2111 etiam
1142 2072 1447 2118 membrorum;
1490 2073 1588 2111 dant
1631 2072 1739 2110 enim
1773 2083 1982 2117 arcum,3o

149 2134 340 2186 sagittas,
381 2134 562 2180 hastam,
605 2134 806 2186 clipeum,
848 2133 1075 2181 fuscinam,
1119 2134 1298 2181 fulmen,
1331 2142 1371 2174 et
1403 2136 1455 2181 si,
1489 2136 1673 2175 artiones
1707 2147 1815 2187 quae
1848 2132 1932 2172 sint

152 2196 346 2242 deorum,
388 2210 471 2235 non
514 2196 674 2243 vident,
715 2196 818 2235 nihil
858 2204 1049 2248 agentem
1092 2202 1231 2236 tamen
1265 2197 1387 2237 deum
1425 2212 1506 2237 non
1540 2202 1699 2250 queunt
1731 2196 1930 2248 rogitare.

149 2259 254 2311 Ipsi,
286 2259 357 2311 qui
388 2258 634 2305 inridentur,
667 2259 880 2312 Aegyptii,
915 2259 1070 2297 nullam
1104 2260 1267 2298 beluam
1302 2260 1381 2299 nisi
1405 2261 1457 2299 ob
1488 2261 1671 2313 aliquam
1698 2258 1931 2303 utilitatem,

149 2334 273 2375 quam
304 2334 357 2359 ex
389 2334 437 2359 ea
469 2327 687 2374 caperent,
718 2329 1090 2369 oensem-avernum
1124 2322 1237 2361 velut
1269 2323 1357 2361 ibes
1390 2324 1612 2361 maximam
1645 2321 1723 2360 vim
1758 2332 1930 2371 serpen-

148 2384 249 2422 tium
281 2383 530 2430 conficiunt,
564 2397 655 2422 cum
680 2384 762 2422 sint
784 2396 881 2422 aves
905 2384 1112 2430 excelsae,
1145 2385 1335 2424 cruribus
1363 2385 1523 2437 rigidis,
1557 2397 1708 2423 corneo
1732 2394 1931 2435 procero-
1944 2396 1980 2424 35

149 2459 232 2499 que
264 2452 422 2486 rostro:
455 2452 649 2485 avertunt
680 2451 839 2498 pestem
863 2446 913 2485 ab
937 2448 1141 2499 Aegypto,
1171 2460 1263 2485 cnm
1288 2446 1469 2485 volueris
1491 2447 1638 2497 anguis
1662 2459 1713 2484 ex
1737 2444 1929 2483 vastitate

148 2508 301 2562 Libyae
339 2514 463 2548 vento
496 2508 634 2548 Africo
676 2509 860 2548 invectas
900 2508 1155 2548 interficiunt
1194 2516 1319 2562 atque
1353 2515 1626 2555 consumunt,
1670 2522 1721 2547 ex
1755 2520 1839 2561 qno
1870 2507 1930 2553 fit,

234 2683 265 2714 2.
292 2683 430 2714 adtende
452 2685 479 2714 A
507 2698 538 2703 —
568 2683 731 2714 rationem
755 2692 820 2714 esse
846 2684 869 2714 C
898 2701 932 2704 —
971 2683 1001 2715 4.
1030 2683 1093 2714 nisi
1117 2684 1151 2713 in
1175 2692 1210 2714 eo
1237 2683 1291 2721 qui
1316 2682 1468 2713 didicerit
1493 2690 1561 2712 om.
1593 2682 1616 2712 C
1646 2700 1679 2703 —
1707 2683 1737 2713 5,
1764 2683 1879 2713 anima
1904 2683 1927 2714 C

152 2750 186 2754 —
214 2733 244 2764 6.
271 2734 305 2763 in
329 2733 512 2763 hominibus
535 2733 583 2762 his
609 2732 631 2763 C
661 2750 693 2753 —-
723 2733 752 2763 7.
783 2742 848 2763 una
871 2734 980 2772 forma
1007 2734 1032 2764 Ο
1060 2751 1093 2754 -
1126 2734 1156 2765 8.
1185 2735 1217 2765 ἱιι
1241 2734 1369 2763 homine
1394 2734 1556 2762 rationem
1582 2741 1646 2762 esse
1670 2733 1715 2762 B:
1745 2733 1775 2762 in
1801 2729 1930 2763 homini}

147 2780 276 2813 ratione
303 2790 368 2812 esse
393 2784 435 2817 A:
463 2783 627 2812 rationem
652 2782 685 2812 ιἰι
711 2783 838 2813 homine
861 2792 926 2814 esse
952 2784 998 2814 C:
1027 2784 1057 2813 in
1084 2784 1211 2814 homino
1235 2792 1298 2814 esse
1324 2784 1486 2813 rationem
1514 2782 1535 2812 κ]
1564 2800 1595 2802 -
1631 2782 1676 2812 ΙΟ,
1705 2782 1839 2823 loquere
1864 2782 1888 2813 C
1906 2782 1928 2813 E

150 2849 184 2854 -
205 2832 354 2862 adtendis
377 2833 401 2862 Α
423 2849 457 2853 -
492 2834 538 2862 ll.
567 2840 877 2871 superuacuanewtz
899 2836 920 2863 Α
940 2834 960 2863 13
981 2844 986 2868 ς
1013 2842 1257 2871 superwmemn
1279 2833 1300 2863 E
1323 2848 1354 2854 —
1388 2832 1436 2861 453,
1466 2841 1521 2861 nec:
1545 2832 1647 2870 specie
1670 2840 1728 2861 vec
1755 2840 1813 2861 usu
1838 2832 1931 2862 Bou-

148 2881 242 2913 hier:
270 2890 327 2912 nec
350 2882 487 2920 speciem
511 2890 567 2912 nec
591 2891 686 2912 usum
711 2881 762 2917 *213
789 2892 846 2912 nec
870 2884 913 2912 ad
937 2884 1071 2922 speciem
1099 2892 1154 2913 nce
1179 2884 1222 2913 ad
1242 2892 1335 2912 usum
1354 2882 1431 2912 wod.
1454 2881 1706 2921 Glogaviensis.
1729 2882 1753 2912 O
1775 2899 1808 2903 —
1830 2883 1931 2921 quin-

149 2940 209 2970 que
234 2932 266 2962 in
292 2940 359 2962 raS.
387 2934 412 2962 A
442 2949 474 2953 -
503 2932 554 2962 45.
582 2933 660 2967 snut
685 2934 709 2963 Α
739 2950 770 2954 —-
802 2934 851 2962 ¹253.
880 2942 945 2963 esse
970 2942 1038 2963 orn.
1068 2934 1091 2963 C
1118 2951 1152 2955 —
1180 2934 1258 2963 haec
1282 2934 1432 2971 ess'eeiswt
1460 2932 1481 2962 B
1502 2932 1546 2962 E:
1574 2932 1653 2962 haee
1675 2932 1799 2970 fecisset
1824 2935 1847 2962 Α
1865 2932 1929 2963 CO

151 2999 186 3003 —
214 2981 266 3013 24.
293 2981 447 3013 aberrent
473 2981 496 3011 C
525 2998 558 3002 —
587 2983 777 3013 coniectura
795 2982 1002 3013 Wallmrus:
1031 2992 1051 3012 α
1068 2984 1256 3012 wniectzzra
1276 2981 1354 3013 2³10.
1388 2981 1473 3012 Vide
1492 2982 1778 3012 Schoeniannunl
1798 2982 1873 3012 Diss
1902 2981 1930 3010 V

148 3039 182 3071 p.
211 3033 243 3062 Η
274 3040 327 3072 sq.
358 3050 391 3054 —
422 3032 472 3062 ΞΤ.
499 3031 609 3070 inquis
632 3040 722 3062 corr.
750 3041 790 3063 ex
818 3033 921 3070 inquit
948 3033 969 3062 B
1005 3049 1037 3053 —
1078 3032 1125 3061 29.
1155 3036 1276 3070 quantu
1303 3041 1341 3061 ex
1369 3031 1588 3061 ‹mrrvctione
1616 3032 1646 3062 in
1672 3040 1742 3061 ras.
1767 3034 1812 3067 A;
1847 3033 1878 3062 in
1907 3031 1928 3061 B

148 3082 239 3112 inter
261 3091 283 3111 η
308 3083 341 3112 et
366 3085 376 3111 t
401 3080 511 3111 littera
539 3089 639 3111 erasa
667 3082 730 3111 est.
760 3099 794 3103 —
822 3082 871 3112 31).
903 3081 1051 3112 tribuunt
1076 3082 1099 3111 C
1130 3099 1163 3102 —
1198 3084 1277 3121 post
1301 3081 1400 3110 etiam
1425 3081 1515 3111 duae
1543 3080 1602 3111 litt,
1631 3090 1752 3111 erasae
1779 3082 1810 3112 in
1836 3084 1861 3112 Α
1891 3099 1925 3103 -

149 3129 200 3161 32.
226 3131 315 3161 uidet
339 3133 364 3161 Α
381 3129 416 3160 13¹
435 3147 470 3151 —
498 3129 549 3160 33.
578 3130 638 3168 ipsi
657 3130 711 3168 qui
738 3131 925 3160 inridentur
942 3149 958 3153 -
972 3149 989 3152 -
1006 3131 1191 3162 utilitatem,
1221 3131 1306 3166 quod
1323 3140 1364 3160 em·
1381 3140 1420 3160 (ἀ
1436 3134 1609 3169 caperent,
1636 3132 1925 3167 consecraverunt,

148 3180 237 3210 uelut
260 3180 302 3210 itn·
326 3180 513 3210 mammam
536 3179 604 3209 vim
628 3182 815 3218 serpentum
838 3181 1030 3218 conficiunt,
1058 3179 1153 3218 quasi
1177 3188 1255 3208 anes
1279 3180 1402 3210 eaecvlse
1419 3197 1434 3201 -
1450 3197 1467 3202 -
1484 3180 1633 3210 uolucres
1657 3188 1782 3220 unques
1805 3188 1847 3210 tw
1871 3180 1927 3210 Li—

150 3229 249 3267 bycae
276 3230 432 3260 uastitate
449 3233 544 3260 uento
560 3229 720 3267 Africano
736 3246 754 3250 -
767 3246 783 3251 -
802 3230 908 3268 adque
923 3232 1135 3266 consumunt,
1163 3233 1261 3267 utque
1282 3231 1338 3268 sit,
1365 3232 1399 3259 ut
1417 3246 1434 3251 —
1448 3248 1465 3253 -
1482 3238 1539 3261 nec
1556 3231 1654 3261 odore
1670 3228 1784 3261 Schol.
1804 3230 1922 3261 iuven.

148 3277 219 3318 XV,
245 3277 275 3309 3.
305 3296 340 3300 —
367 3278 419 3310 37.
446 3278 543 3310 libiae
566 3278 655 3318 AB,
681 3278 789 3317 lybiae
814 3278 862 3317 C,
889 3278 965 3310 labie
989 3279 1013 3310 E
1040 3296 1073 3300 —
1103 3279 1259 3309 aduectas
1285 3280 1321 3309 (j.
