2249 3624
459 118 783 159 FRAGMENTA
816 117 1242 158 ACADEMICORUM
1275 117 1667 158 POSTERIORUM.
1896 111 1940 153 7⁴

192 244 300 271 mare
330 245 470 272 nonne
503 232 767 272 caeruleum?
799 231 952 270 ateius
976 231 1107 277 unda,
1140 245 1231 270 cum
1255 236 1317 270 est
1348 230 1466 283 pulsa
1489 232 1633 278 remis,
1665 228 1949 283 purpurascit:

193 300 232 333 et
263 295 429 348 quidem
463 308 597 349 aquae
630 295 802 334 tinctum
837 294 1017 346 quodam
1051 293 1174 332 niodo
1207 299 1246 332 et
1278 293 1471 332 inscrtum
1496 323 1535 333 ..

300 356 338 397 8.
379 358 538 398 Nonius
575 371 613 410 p.
654 354 739 395 16¹2.
800 356 1144 407 Per-pendiculi
1187 362 1219 394 e!
1258 370 1460 394 normae.
1513 356 1590 394 sic.
1626 355 1952 395 Academicorum

189 420 255 459 lib.
289 420 350 459 II:
382 421 518 474 atqui,
550 420 584 458 si
617 419 657 459 id
689 419 975 464 crederemus,
1014 432 1096 458 non
1130 432 1344 471 egi-remus
1377 418 1709 471 perpendiculis,
1741 430 1825 456 non
1858 430 1952 455 nor-

190 483 286 529 mis,
319 496 399 522 non
433 482 602 534 regulis.
1966 493 1983 520 5

301 543 338 584 9.
371 545 528 584 Nonius
560 559 597 597 p.
621 542 714 582 304..
762 544 957 582 Siccum
987 544 1134 582 dicilur
1163 544 1322 582 aridum
1353 550 1386 582 e!
1417 544 1499 583 siue
1529 544 1691 582 humore
1710 571 1718 581 .
1738 571 1773 582 ..
1796 541 1954 580 Siccum

188 608 335 646 dicitur
360 614 393 646 et
414 607 604 649 sobrium.
636 619 712 644 urm
736 606 936 644 madidum
960 636 968 644 .
993 635 1002 644 .
1028 607 1106 644 Cic.
1129 606 1451 645 Academicorum
1474 607 1539 646 lib.
1564 607 1629 644 Il:
1661 605 1766 645 alius
1788 604 1954 650 adultis,

189 670 293 710 alius
315 669 664 713 adulescentibus,
688 668 792 707 alius
814 668 964 719 aegris,
985 668 1090 706 alius
1109 669 1230 711 sanis.
1255 668 1360 707 alius
1382 669 1517 714 siccis,
1540 668 1644 707 alius
1669 667 1895 706 vinulentis
1915 695 1923 704 .
1944 696 1954 704 .

301 730 364 771 40.
398 732 554 771 Nonius
580 745 617 783 p.
643 728 736 769 474.
788 731 932 769 Urina
945 736 1064 768 ntur.
1100 731 1178 768 sie.
1210 731 1251 768 iu
1274 731 1518 769 Academicis
1547 731 1610 768 lib.
1633 731 1696 768 ΙΙ.·
1728 729 1760 768 si
1785 727 1955 781 quando

189 796 298 834 enim
331 807 406 834 nos
439 794 737 839 demersimus,
771 798 815 832 ut
845 793 916 845 qui
949 794 1177 839 urinantur,
1210 798 1279 831 aut
1311 792 1414 831 nihil
1446 806 1644 845 superum
1676 797 1747 832 aut
1779 792 2006 832 obscurem

189 858 411 898 admodum
445 858 663 896 cernimus.

302 917 366 959 ll.
399 920 559 959 Nonius
592 935 628 973 p.
661 917 756 958 5455.
814 919 1080 958 Alabaster.
1131 918 1209 960 Cic.
1241 916 1567 956 Academicorum
1596 917 1660 956 lib.
1693 917 1756 955 II:
1803 914 1956 968 quibus

190 984 313 1022 etiam
345 982 552 1023 alabaster
583 983 731 1036 plenus
764 981 964 1035 unguenti
997 986 1118 1032 puter
1148 994 1240 1018 esse
1272 980 1449 1019 videtur.

876 1112 956 1148 Ex
982 1110 1152 1147 LIBRO
1180 1111 1252 1146 111.

304 1217 367 1259 12.
411 1220 571 1259 Nonius
614 1235 649 1272 p.
683 1218 748 1258 (353.
810 1219 1088 1269 Iliyladiari
1120 1247 1161 1256 ..
1186 1249 1194 1256 .
1234 1217 1331 1255 idem
1373 1217 1509 1255 tertio:
1558 1214 1778 1268 digladiari
1819 1221 2007 1255 autem¹5

191 1296 376 1335 semper,
409 1282 647 1336 depugnare
680 1295 770 1321 cuin
803 1281 1046 1320 facinorosis
1079 1286 1118 1319 et
1149 1279 1401 1326 audacibus,
1440 1278 1534 1332 quis
1567 1292 1649 1318 non
1687 1292 1779 1317 cum
1813 1278 1958 1317 miser-

191 1347 359 1392 rimum,
392 1351 478 1384 tum
511 1345 635 1384 etiam
670 1344 957 1383 stultissimum
991 1343 1176 1382 dixerit?

310 1405 368 1447 13.
399 1407 559 1446 Nonius
592 1422 629 1459 p.
662 1405 727 1445 035.
778 1407 1036 1445 Exultare
1065 1406 1211 1444 dictum
1242 1410 1297 1443 est
1327 1404 1482 1444 exilire.
1525 1404 1604 1443 Cic.
1634 1402 1959 1442 Academicorum

191 1470 254 1508 lib.
286 1470 374 1509 Ill:
419 1475 457 1509 et
488 1475 533 1508 ut
563 1483 637 1509 nos
670 1482 780 1509 nunc
811 1469 1004 1509 sedemus
1035 1469 1087 1508 ad
1118 1468 1345 1507 Lucrinum
1376 1466 1688 1521 pisciculosque
1720 1465 1957 1505 exultantes

194 1531 396 1571 videmus.
419 1562 428 1571 .
1972 1537 2008 1566 ΞΟ

308 1591 321 1632 l
335 1592 370 1633 4.
403 1595 562 1634 Nonius
594 1609 633 1647 p.
665 1592 751 1633 1223.
799 1595 1169 1646 Inqeueraretur
1198 1600 1240 1633 ut
1272 1595 1552 1633 innasceretur.
1597 1592 1675 1632 Cic.
1707 1590 1960 1631 Academico-

194 1668 282 1695 rum
313 1656 364 1694 lib
411 1658 495 1695 ΙΙΙ.-
527 1658 565 1696 iu
600 1663 712 1696 tanta
743 1658 1014 1696 animantium
1038 1658 1258 1705 varietate,
1291 1656 1448 1696 homini
1480 1660 1525 1695 ut
1556 1654 1634 1695 soli
1658 1654 1865 1707 cupiditas
1897 1654 1959 1693 in-

195 1724 463 1771 generaretur
493 1720 744 1772 cognitionis
777 1725 817 1759 et
849 1720 1060 1759 scientiae.

313 1777 370 1819 155.
402 1782 560 1821 Nonius
602 1796 641 1835 p.
673 1780 767 1821 4¹9.
831 1782 1093 1832 l'iudicare,
1134 1783 1307 1827 trahere,
1349 1783 1516 1821 liberare
1547 1811 1556 1820 .
1580 1809 1589 1819 .
1637 1780 1772 1819 Cicero
1813 1779 1960 1818 Acade-

195 1844 385 1883 micorum
420 1844 483 1882 lib.
517 1845 603 1883 III:
642 1845 782 1897 aliqua
816 1850 1000 1896 potestas
1033 1846 1103 1891 sit,
1135 1845 1318 1884 vindicet
1350 1858 1394 1883 se
1426 1844 1467 1883 in
1500 1843 1748 1883 libertatem.
1972 1850 2008 1878 25

307 1902 372 1944 46.
404 1906 642 1945 Lactantius
676 1907 770 1945 inst.
804 1907 885 1945 div.
910 1908 987 1954 VI,
1014 1906 1077 1946 24.
1128 1908 1205 1946 Nec
1235 1914 1363 1946 tamen
1393 1906 1545 1958 deficiat
1575 1905 1721 1956 aliquis
1749 1910 1817 1943 aut
1847 1904 1891 1943 de
1923 1917 1962 1943 se

197 1971 274 2020 ipse
304 1969 494 2020 desperet,
529 1970 564 2007 si
594 1976 661 2007 aut
692 1970 902 2020 cupiditate
932 1971 1058 2008 rictus
1087 1976 1154 2009 aut
1186 1970 1344 2008 libidine
1375 1969 1566 2020 impulsus
1595 1973 1663 2006 aut
1694 1979 1828 2006 errore
1857 1966 1962 2006 dece-

190 2038 282 2083 ptus
322 2038 390 2070 aut
428 2032 465 2069 ri
495 2039 651 2070 coactus
688 2032 738 2069 ad
776 2033 992 2072 iniustitiae
1028 2033 1133 2071 ciam
1170 2033 1302 2084 lapsus
1332 2038 1398 2071 est.
1458 2032 1588 2070 Potest
1618 2030 1721 2068 enim
1751 2029 1886 2068 reduci
1915 2042 1962 2068 ac

195 2094 377 2139 libcrari,
411 2094 446 2131 si
475 2106 561 2132 eum
584 2095 782 2145 paeniteat
813 2101 993 2133 actorum
1021 2100 1055 2133 et
1085 2095 1135 2133 ad
1165 2095 1330 2133 meliora
1359 2106 1569 2133 conversus
1597 2092 1696 2130 satis
1725 2091 1794 2130 deo
1819 2091 1959 2143 saciat.

199 2155 310 2205 Quod
342 2156 430 2207 fieri
457 2169 573 2206 posse
604 2157 737 2195 Cicero
776 2170 855 2195 *mm
885 2159 1064 2209 putarit,
1103 2159 1215 2197 cuius
1245 2158 1338 2198 haec
1367 2157 1409 2195 in
1439 2155 1671 2195 Academico
1701 2154 1816 2193 terlio
1845 2154 1959 2193 cerba
1973 2163 2010 2191 30

195 2224 307 2257 suut:
353 2218 475 2266 Quod
516 2219 551 2258 si
591 2219 755 2265 liceret,
803 2225 849 2258 ut
887 2220 958 2266 iis,
999 2221 1069 2273 qui
1112 2220 1154 2259 in
1196 2220 1343 2258 itinere
1375 2217 1704 2263 deerravissent,
1736 2215 1794 2255 sic
1833 2216 1961 2255 vitam

197 2280 360 2319 deviam
399 2281 553 2320 secutis
594 2282 797 2334 corrigere
839 2295 1020 2322 errorem
1056 2281 1331 2335 paenitendo,
1376 2280 1540 2320 facilior
1576 2284 1687 2319 esset
1723 2278 1959 2319 emendatio

199 2342 453 2381 temeritatis.

316 2401 378 2443 17.
410 2404 634 2444 Diomedes
667 2420 704 2458 p.
727 2403 808 2444 373
841 2407 904 2446 ed.
927 2407 1090 2447 Putsch.
1131 2407 1267 2448 Cicero
1289 2406 1617 2446 Academicarum
1638 2404 1777 2444 tertio.-
1808 2402 1837 2454 ἦ·
1860 2401 1962 2442 mal-

199 2465 274 2505 cho
306 2466 348 2505 in
382 2479 509 2518 opera
539 2465 674 2506 affixa.
1975 2475 2011 2503 35

315 2526 373 2567 18.
404 2529 561 2568 Nonius
593 2543 630 2582 p.
661 2527 746 2569 139.
793 2532 1092 2572 Mordicibus
1122 2539 1154 2571 et
1187 2533 1426 2571 mordicus
1449 2543 1526 2582 pro
1548 2542 1686 2569 morsu
1708 2541 1786 2581 pro
1816 2530 1962 2568 morsi-

195 2590 264 2629 bus
286 2620 295 2629 .
319 2620 328 2629 .
352 2620 361 2629 .
385 2591 462 2632 Cic.
487 2591 811 2632 Academicorum
837 2594 899 2633 lib.
922 2595 1008 2634 Ill:
1039 2595 1402 2648 perspicuitatem,
1435 2606 1559 2646 quam
1582 2591 1794 2632 mordicus
1817 2596 1960 2631 tenere

197 2653 417 2700 debemus,
449 2654 594 2693 abesse
626 2654 824 2695 dicemus.
857 2671 909 2691 z
947 2658 1134 2696 Lucullus
1165 2655 1191 2709 §
1223 2654 1290 2696 51.

284 2840 314 2870 2.
341 2848 430 2879 aqua
455 2840 589 2874 1unius;
616 2840 754 2872 videtur
777 2843 947 2873 sententia
967 2851 1033 2873 non
1059 2841 1160 2882 plena
1180 2850 1277 2877 esse3
1307 2849 1387 2872 nam
1406 2841 1540 2871 constat
1557 2840 1706 2872 Nonium
1724 2848 1830 2880 saepe
1849 2848 1963 2871 enun-

199 2890 319 2920 tiatum
352 2890 394 2919 ita
431 2891 676 2931 exscripsisse,
714 2894 750 2921 ut
783 2893 992 2923 sententiam
1025 2892 1179 2923 inediam
1210 2891 1493 2930 interrumperet.
1530 2907 1564 2911 —
1603 2889 1634 2921 4.
1661 2890 1687 2920 si
1710 2889 1754 2930 id]
1779 2889 1833 2920 sed
1856 2890 1899 2920 W
1925 2907 1959 2911 -

198 2939 357 2978 cyerimus
380 2939 434 2977 W,
460 2948 523 2970 non
547 2948 596 2979 eq.
623 2949 691 2971 om.
719 2941 742 2971 L
764 2958 798 2963 -—
827 2942 856 2972 ἶ.
884 2951 947 2972 uon
972 2942 1169 2972 Mei-cerus:
1198 2949 1266 2971 om.
1295 2939 1396 2970 codd.
1421 2957 1455 2961 —
1483 2939 1513 2971 8.
1540 2939 1797 2971 adulescentibus
1820 2940 1962 2980 scripsi:

198 2988 333 3018 lentibus
357 2987 474 3026 codd,
499 2989 624 3019 senibus
649 2990 672 3020 O
701 3007 732 3011 —-
761 2991 871 3030 euyris
895 2990 996 3022 codd.
1023 3010 1065 3014 —
1090 2992 1176 3021 alius
1199 2991 1289 3020 sanis
1314 2989 1369 3020 ed.
1389 2990 1486 3020 Nonii
1512 2990 1614 3020 4511:
1643 2997 1713 3021 om.
1733 2988 1854 3021 codd:
1884 2989 1962 3020 tort.

199 3038 283 3068 alius
306 3037 413 3075 laetis,
439 3038 524 3068 alius
547 3039 656 3079 aeyris
680 3057 714 3060 —
740 3040 909 3071 vinolenlis
934 3041 958 3071 O
979 3058 1012 3063 -
1043 3041 1094 3072 43.
1118 3045 1216 3081 puter·
1238 3049 1302 3071 esse
1326 3040 1468 3079 scripsi:
1492 3042 1609 3078 putrer
1632 3047 1696 3070 esse
1720 3038 1797 3070 cod.
1823 3038 1963 3075 Bamb.;

196 3091 292 3126 putre
316 3095 381 3117 esse
404 3087 485 3118 Lw
509 3089 542 3118 et
567 3087 667 3119 codd.
695 3090 860 3120 Mei-ceri:
883 3093 1018 3128 putrere
1043 3091 1068 3121 Ο
1095 3108 1128 3112 -
1156 3091 1308 3121 rideatur
1332 3090 1356 3120 O
1384 3107 1418 3111 —
1446 3088 1497 3121 44.
1518 3089 1561 3120 de
1587 3089 1789 3129 fragmentis
1814 3098 1854 3120 cx
1881 3087 1901 3120 l.
1923 3089 1963 3119 ΙΙΙ

200 3146 232 3168 v.
252 3137 394 3169 Krische
420 3146 452 3177 p.
474 3137 513 3168 62
531 3146 640 3177 sq.—
666 3139 715 3168 45.
736 3139 927 3179 diqladiari]
954 3148 984 3170 v,
1004 3148 1108 3180 supra
1136 3139 1257 3179 fragm.
1278 3140 1306 3169 ·t.
1330 3156 1364 3161 —
1393 3139 1443 3170 46.
1470 3139 1556 3180 cum]
1581 3139 1615 3170 in
1640 3139 1742 3170 codd.
1760 3156 1803 3161 —
1827 3138 1878 3169 49.
1894 3138 1966 3177 pis-

199 3186 320 3224 culosq.
348 3186 428 3217 LW
455 3204 488 3208 —
522 3188 575 3218 ΞΟ.
599 3188 770 3219 uideamus
793 3189 815 3220 L
834 3190 874 3220 W
902 3205 936 3212 -
970 3190 1023 3220 25.
1050 3190 1076 3219 si
1099 3190 1138 3220 sic
1163 3190 1186 3220 Ο
1215 3207 1249 3210 -
1276 3188 1329 3220 32.
1355 3190 1470 3221 seculis
1492 3189 1681 3222 Patricius:
1713 3192 1835 3222 secutos
1860 3186 1962 3220 codd.

203 3254 237 3259 —
264 3235 316 3268 34.
342 3237 449 3269 immo
473 3236 741 3270 Academicorum
766 3256 800 3262 —-
828 3239 880 3271 38.
906 3239 1054 3271 dicamus
1077 3238 1178 3271 codd.
1206 3239 1315 3271 Nonii.
