2249 3624
861 475 918 535 M.
955 476 1144 535 TULLII
1182 476 1486 539 CICEROMS

1133 606 1197 643 DE

532 719 833 776 FINIBUS
873 721 1248 777 BONORUM
1285 723 1386 776 ΕΤ
1424 723 1810 778 MALORUM

923 858 1089 895 LIBER
1115 858 1418 896 SECUNDUS.

396 1110 427 1150 I.
460 1105 499 1149 ll.
541 1108 621 1149 Hic
651 1123 744 1149 cum
775 1114 951 1164 uterque
982 1124 1048 1151 me
1078 1112 1314 1151 intueretur
1345 1123 1522 1164 seseque
1553 1109 1605 1150 ad
1637 1109 1896 1150 audiendum
1927 1111 2055 1164 signi-

283 1169 453 1213 ficarent
483 1177 664 1226 paratos,
696 1173 891 1219 Primum,
922 1173 1106 1226 inquam,
1138 1174 1339 1226 deprecor
1359 1186 1410 1213 ne
1433 1186 1498 1212 me
1520 1178 1734 1226 tamquam
1756 1173 2053 1226 philosophum

282 1236 437 1288 putetis
478 1235 664 1275 scholam
705 1235 823 1274 vobis
859 1235 1043 1289 aliquam
1075 1237 1404 1289 explicaturum,
1448 1235 1559 1288 quod
1591 1249 1643 1275 ne
1675 1236 1715 1275 in
1749 1236 1850 1289 ipsis
1883 1235 2054 1289 quidem

282 1297 548 1351 philosophis
580 1310 729 1350 magno
762 1311 888 1350 opere
919 1311 1118 1351 umquam
1149 1298 1334 1351 probavi.
1387 1297 1566 1346 Quando
1598 1298 1708 1337 enim
1733 1299 1945 1345 Socrates,
1980 1298 2053 1352 qui

250 1373 433 1414 5parens
474 1360 767 1413 philosophiae
810 1360 899 1400 iure
931 1360 1013 1400 dici
1043 1366 1204 1413 potest,
1237 1361 1461 1414 quicquam
1496 1361 1575 1400 tale
1605 1360 1734 1400 fecit?
1779 1361 1935 1401 Eorum
1968 1366 2055 1400 erat

282 1423 361 1463 iste
403 1436 514 1471 mos,
556 1423 629 1476 qui
668 1428 756 1462 tum
791 1423 1005 1475 sophistae
1037 1423 1382 1471 nominabantur,
1424 1436 1604 1476 quorum
1636 1437 1657 1462 e
1689 1436 1862 1462 numero
1894 1423 2053 1476 primus

282 1490 346 1524 est
386 1497 512 1525 ausus
555 1485 786 1525 Leontinus
819 1485 994 1538 Gorgias
1034 1486 1077 1526 in
1109 1491 1320 1525 conventu
1353 1498 1526 1538 poscere
1559 1485 1871 1538 quaestionem,
1916 1484 1958 1524 id
1991 1490 2054 1524 est

280 1547 424 1587 iubere
455 1547 614 1595 dicere,
648 1560 731 1601 qua
762 1548 813 1587 de
845 1560 888 1586 re
921 1548 1014 1601 quis
1046 1548 1170 1588 vellet
1200 1547 1357 1587 audire.
1418 1547 1567 1586 Audax
1598 1547 1834 1599 negotium,
1873 1546 2053 1586 dicerem

281 1610 523 1663 impudens,
554 1609 636 1649 nisi
667 1610 747 1649 hoc
777 1609 1015 1649 institutum
1047 1616 1192 1663 postea
1223 1610 1469 1649 translatum
1499 1609 1550 1649 ad
1582 1609 1860 1662 philosophos
1885 1615 2053 1649 nostros

233 1687 267 1715 40
283 1678 404 1712 esset.
465 1670 503 1711 ⁶2.
536 1671 618 1711 Sed
651 1678 691 1712 et
723 1672 864 1719 illum,
897 1686 1024 1725 quem
1056 1672 1291 1719 nominavi,
1325 1677 1364 1712 et
1396 1677 1555 1711 ceteros
1588 1671 1820 1724 sophistas,
1850 1676 1895 1711 ut
1920 1684 1942 1711 e
1964 1671 2054 1711 Pla-

283 1740 379 1776 tone
419 1734 606 1787 intellegi
647 1739 808 1787 potest,
847 1734 963 1774 lusos
1004 1734 1194 1774 videmus
1234 1747 1257 1774 a
1290 1735 1474 1774 Socrate.
1533 1735 1571 1774 Is
1613 1735 1724 1774 enim
1764 1734 2052 1787 percontando

280 1803 406 1852 atque
437 1797 734 1849 interrogando
767 1797 918 1836 elicere
951 1796 1114 1836 solebat
1144 1810 1290 1836 eorum
1322 1797 1565 1850 opiniones,
1597 1797 1844 1850 quibuscum
1872 1796 2053 1836 dissere-

279 1860 368 1908 bat,
409 1864 455 1899 ut
485 1860 536 1899 ad
570 1872 638 1906 ea,
681 1872 789 1912 quae
821 1860 849 1899 ii
879 1859 1218 1912 respondissent,
1260 1860 1293 1898 si
1325 1859 1428 1912 quid
1464 1859 1697 1907 videretur,
1740 1859 1909 1899 diceret.
1970 1859 2053 1907 Qui

280 1936 370 1963 mos
411 1935 504 1962 cum
546 1935 570 1962 a
608 1922 908 1976 posterioribus
950 1935 1035 1962 non
1067 1927 1178 1961 esset
1213 1927 1424 1969 retentus,
1461 1922 1670 1961 Arcesilas
1708 1935 1804 1961 eum
1842 1923 2055 1962 revocavit

232 2001 266 2028 15
282 1985 548 2038 instituitque
578 1990 625 2023 ut
655 1985 696 2032 ii,
730 1985 802 2038 qui
835 1997 878 2024 se
909 1984 1054 2024 audire
1085 1984 1252 2031 vellent,
1285 1997 1371 2023 non
1404 1983 1454 2023 de
1486 1997 1530 2024 se
1562 1989 1832 2036 quaererent,
1865 1984 1938 2024 sed
1970 1984 2053 2037 ipsi

281 2047 483 2094 dicerent,
515 2046 617 2100 quid
648 2048 869 2095 sentirent3
903 2048 1014 2100 quod
1044 2060 1136 2087 cum
1167 2046 1390 2094 dixissent,
1422 2046 1493 2086 ille
1526 2052 1683 2086 contra.
1738 2046 1819 2086 Sed
1853 2060 1947 2086 eum
1981 2046 2053 2100 qui

280 2109 528 2156 audiebant,
561 2110 700 2162 quoad
732 2115 947 2162 poterant,
979 2108 1263 2149 defendebant
1289 2109 1539 2148 sententiam
1561 2122 1692 2149 suam.
1744 2109 1867 2163 Apud
1889 2114 2052 2149 ceteros

280 2177 418 2212 autem
462 2171 739 2224 philosophos
781 2173 853 2225 qui
894 2172 1100 2225 quaesivit
1138 2171 1298 2225 aliquid
1340 2168 1470 2219 tacet3
1518 2171 1633 2225 quod
1677 2171 1848 2225 quidem
1886 2172 1968 2211 iam
2008 2169 2053 2211 fit

282 2235 406 2274 etiam
443 2234 486 2273 in
516 2233 754 2274 Academia.
814 2234 889 2273 Ubi
923 2234 1034 2274 enim
1073 2235 1130 2281 is,
1163 2234 1233 2286 qui
1264 2232 1409 2273 audire
1441 2233 1549 2281 vult,
1590 2234 1647 2273 ita
1677 2233 1807 2273 dixit:
1848 2234 2051 2287 Voluptas

230 2313 266 2342 ‘20
282 2297 382 2336 mihi
412 2295 578 2336 videtur
608 2310 699 2336 esse
732 2310 940 2336 summum
970 2297 1151 2343 bonum,
1183 2301 1387 2349 perpetua
1418 2297 1607 2335 oratione
1640 2302 1782 2336 contra
1805 2295 2053 2348 disputatur,

280 2364 327 2399 ut
355 2359 478 2399 facile
509 2358 699 2412 intellegi
730 2359 866 2411 possit
898 2372 991 2407 eos,
1035 2359 1105 2412 qui
1147 2357 1311 2411 aliquid
1344 2358 1421 2398 sibi
1452 2358 1586 2398 videri
1618 2357 1780 2406 dicant,
1822 2371 1906 2398 non
1938 2359 2052 2411 ipsos

279 2425 322 2463 in
363 2436 411 2463 ea
454 2423 660 2463 sententia
703 2435 818 2470 esse,
867 2422 941 2462 sed
980 2422 1126 2462 audire
1163 2421 1270 2461 velle
1314 2421 1537 2460 contraria.
1596 2418 1634 2460 3.
1666 2422 1751 2460 Nos
1794 2421 2052 2461 commodius

281 2484 456 2538 agimus.
507 2486 600 2524 Non
632 2485 743 2525 enim
773 2485 910 2524 solum
941 2486 1179 2538 Torquatus
1212 2483 1332 2531 dixit,
1365 2483 1467 2536 quid
1490 2483 1678 2530 sentiret,
1711 2482 1784 2523 sed
1807 2484 1932 2523 etiam
1954 2496 2049 2523 cur:

282 2561 358 2600 ego
395 2553 534 2588 autem
571 2547 770 2595 arbitror,
814 2560 1067 2601 quamquam
1099 2546 1324 2586 admodum
1356 2545 1585 2585 delectatus
1617 2559 1709 2585 sum
1741 2545 1827 2585 eius
1860 2545 2050 2585 oratione

231 2627 267 2655 25
280 2616 500 2663 perpetua,
532 2615 671 2650 tamen
703 2609 987 2657 commodius,
1019 2623 1112 2649 cum
1144 2609 1186 2648 in
1218 2609 1343 2648 rebus
1366 2608 1542 2660 singulis
1565 2608 1733 2647 insistas
1755 2613 1796 2647 et
1817 2608 2050 2661 intellegas,

282 2672 385 2725 quid
417 2673 595 2726 quisque
627 2672 849 2720 concedat,
890 2672 992 2726 quid
1023 2672 1197 2719 abnuat,
1233 2685 1285 2711 ex
1315 2671 1438 2711 rebus
1470 2671 1681 2711 concessis
1712 2671 1905 2710 concludi
1936 2670 2050 2723 quod

322 2878 377 2913 Λ.
403 2877 472 2918 Hic]
490 2877 544 2908 Sic
568 2878 594 2908 D
615 2894 649 2899 —-
676 2878 706 2908 2.
726 2878 883 2918 deprecor
899 2886 968 2910 om.
987 2878 1015 2909 D
1037 2896 1072 2902 —
1090 2877 1121 2909 3.
1139 2877 1262 2909 scolam
1278 2879 1303 2909 A
1317 2877 1341 2909 B
1359 2874 1489 2918 ubique
1505 2896 1546 2901 —
1562 2876 1651 2909 vobis
1667 2886 1735 2910 om.
1756 2878 1779 2909 B
1797 2896 1839 2900 —
1857 2876 1953 2919 quod]
1971 2875 2050 2916 quid

280 2927 304 2959 B
326 2944 359 2948 —-
387 2928 516 2967 quidem
540 2928 572 2958 in
598 2936 706 2967 marg.
727 2929 751 2959 E
768 2931 847 2969 post
870 2929 948 2969 ipsis
971 2927 1184 2968 significatur
1208 2927 1448 2958 inserendum.
1471 2945 1504 2949 —
1531 2926 1562 2959 li.
1581 2936 1703 2968 magno
1724 2937 1802 2966 pere
1826 2930 1870 2966 A?
1898 2937 1967 2959 om.
1987 2929 2048 2960 ΒΕ

281 2994 316 2998 -
342 2985 525 3016 numquam
549 2977 610 3009 BE
637 2994 671 2999 —
702 2978 733 3009 6.
759 2979 785 3019 e]
812 2982 856 3010 cst
880 2979 904 3010 E
933 2996 967 3001 ——
994 2978 1025 3009 7.
1051 2978 1193 3009 leoncius
1216 2978 1238 3008 B
1256 2977 1278 3008 E
1307 2996 1341 3001 —
1378 2978 1514 3018 yoryius
1537 2977 1568 3008 hi
1592 2981 1754 3009 conuentu
1778 2980 1817 3009 A¹
1845 2997 1880 3002 —
1902 2983 2049 3018 posceret

279 3028 319 3058 A¹
345 3042 380 3048 ——
415 3026 446 3058 9.
469 3027 674 3066 philosophos
703 3032 830 3059 nostros
859 3032 903 3060 A:
937 3032 1065 3059 nostros
1091 3028 1296 3067 philosophos
1327 3027 1350 3058 B
1367 3028 1397 3058 M
1431 3044 1466 3049 -
1502 3027 1551 3058 10.
1578 3036 1643 3058 essc
1666 3026 1705 3058 A¹
1734 3046 1768 3051 —-
1802 3029 1853 3060 Η.
1880 3038 1902 3060 α
1926 3037 1995 3060 om.
2022 3029 2046 3060 B

280 3078 361 3115 (non
386 3077 422 3116 E)
449 3094 484 3099 -
512 3078 758 3116 percunctando
782 3077 896 3110 A¹BE
925 3096 960 3101 —
994 3078 1045 3110 113.
1072 3087 1112 3108 ea
1136 3078 1220 3109 AB:
1245 3078 1323 3108 haec
1348 3077 1373 3108 O
1393 3095 1427 3099 —
1454 3077 1499 3107 hii
1523 3079 1566 3114 Α;
1597 3078 1629 3108 ht
1653 3078 1676 3108 B
1695 3078 1719 3108 Ο
1746 3094 1780 3099 -
1812 3079 1864 3109 45.
1892 3086 1952 3117 que
1975 3086 2043 3109 om.

280 3126 344 3157 BE
364 3144 399 3148 —
424 3126 456 3157 hi
480 3127 518 3163 A,
543 3127 584 3164 hy
609 3128 632 3157 B
652 3144 685 3148 —
713 3128 824 3159 audite
847 3126 903 3165 A¹3
931 3129 1042 3160 audiri
1071 3128 1095 3158 B
1129 3145 1163 3149 —
1202 3127 1254 3158 46.
1281 3127 1369 3167 quid]
1404 3127 1489 3165 quod
1525 3127 1548 3157 B
1575 3144 1609 3149 —
1645 3136 1718 3158 eum
1741 3128 1826 3159 AB:
1859 3136 1927 3158 om.
1956 3128 1980 3158 O
2009 3145 2043 3150 —-

281 3175 332 3206 48.
359 3176 437 3215 quid
461 3176 589 3214 quidem
614 3176 655 3211 1⁴33
683 3177 837 3216 quicquid
862 3178 884 3208 B
902 3195 943 3200 -—
969 3178 1020 3209 49.
1047 3179 1147 3209 etiam
1171 3186 1239 3208 orn.
1259 3178 1283 3208 B
1312 3194 1346 3200 —-
1372 3177 1426 3208 ⁵2¹.
1448 3177 1550 3216 possit
1573 3181 1608 3208 uc
1624 3186 1676 3208 eos
1699 3178 1723 3208 Β
1739 3178 1762 3208 Ε
1784 3195 1818 3199 -
1843 3176 1903 3208 sibi
1919 3177 2047 3216 aliquid

280 3225 337 3256 BE
357 3243 391 3247 —
418 3225 470 3258 23.
490 3225 601 3266 eliam]
624 3234 689 3258 esse
712 3227 735 3257 B
758 3245 791 3250 —
818 3228 870 3259 26.
889 3228 1011 3260 obnuat
1028 3229 1052 3260 Β
1071 3230 1150 3269 (non
1167 3228 1202 3268 E)
1222 3245 1255 3250 —
1281 3236 1324 3259 ει
1339 3226 1434 3260 rebus
1449 3228 1615 3268 concessis]
1634 3236 1676 3260 eas
1692 3228 1808 3267 quibus
1822 3227 1976 3259 concessit
1990 3228 2042 3258 ΑΙ.
