2249 3624
273 185 354 228 890
987 197 1057 236 DE
1089 195 1314 236 LEGIBUS

380 297 448 339 30.
493 299 616 348 Quod
649 301 841 355 sequitur
870 315 994 349 vero,
1034 315 1118 342 non
1158 301 1292 342 solum
1334 301 1386 342 ad
1424 302 1673 355 religionem
1712 304 1917 356 pertinet,
1958 304 2033 345 sed

270 361 395 401 etiam
427 361 478 402 ad
510 363 688 402 civitatis
719 369 894 411 statum,
935 370 981 403 ut
1011 363 1100 403 sine
1130 364 1203 411 iis,
1237 363 1307 417 qui
1341 365 1467 404 sacris
1498 364 1665 417 publice
1696 366 1907 419 praesint,
1937 366 2034 407 reli-

269 424 386 476 gioni
426 425 612 478 privatae
651 426 748 465 satis
788 425 925 465 facere
963 440 1045 465 non
1087 426 1264 479 possint.
1325 426 1520 466 Continet
1557 427 1665 467 enim
1704 441 1792 467 rem
1823 429 2033 481 publicam

270 486 445 526 consilio
477 492 518 526 et
547 489 791 528 auctoritate
823 488 1085 542 optimatium
1119 502 1284 541 semper
1314 489 1519 541 populum
1546 489 1746 542 indigere.
1786 491 2035 545 Discriptio-

237 557 355 602 sque
386 549 652 590 sacerdotum
682 549 844 590 nullum
875 551 1008 590 iustae
1040 551 1258 604 religionis
1290 564 1421 603 genus
1453 553 1756 604 praetermittit.
1805 555 1909 593 Nam
1940 558 2035 594 sunt

269 609 322 650 ad
361 611 588 663 placandos
627 613 727 653 deos
769 613 839 653 alii
880 614 1119 661 constituti,
1162 614 1233 668 qui
1266 614 1395 653 sacris
1427 615 1614 666 praesint
1645 615 1942 663 sollemnibus,
1982 616 2034 656 ad

269 673 582 727 interpretanda
613 675 684 715 alii
716 675 928 729 praedicta
960 676 1131 723 vatium,
1163 689 1299 729 neque
1331 676 1571 724 multorum,
1603 691 1654 717 ne
1683 684 1792 718 esset
1813 678 2034 726 infinitum,

269 749 409 788 neque
440 742 485 776 ut
516 751 561 777 ea
593 738 705 791 ipsa,
746 751 854 790 quae
887 744 1080 790 suscepta
1112 738 1280 791 publice
1313 744 1475 786 essent,
1518 740 1741 793 quisquam
1783 746 1901 780 extra
1940 753 2038 780 con-

271 798 424 851 legium
456 805 611 840 nosset.
673 797 740 839 3¹.
779 800 1006 840 Maximum
1038 806 1174 840 autem
1208 805 1248 840 et
1278 801 1683 853 praestantissimum
1716 802 1759 841 in
1790 816 1835 842 re
1867 802 2037 855 publica

221 860 335 900 wius
367 867 429 901 est
459 875 676 914 augurum,
709 863 907 915 quoniam
940 864 1175 903 auctoritati
1206 869 1260 902 est
1291 863 1576 903 coniunctum.
1635 865 1782 917 Neque
1814 878 1912 905 vero
1943 865 2036 912 hoc,

271 924 369 976 quia
399 937 489 963 sum
521 925 611 977 ipse
642 938 786 977 augur,
818 925 876 964 ita
907 926 1054 971 sentio,
1089 925 1161 965 sed
1193 926 1291 978 quia
1323 926 1381 965 sic
1405 925 1643 966 existimare
1668 939 1746 966 nos
1769 933 1833 967 est
1852 941 2036 968 necesse.

271 984 382 1032 Quid
414 985 523 1025 enim
556 987 690 1027 maius
723 993 798 1034 est,
830 987 864 1026 si
896 987 948 1026 de
978 988 1067 1026 iure
1100 987 1358 1040 quaerimus,
1392 1001 1517 1040 quam
1549 1001 1672 1040 posse
1704 1002 1727 1028 a
1758 991 1931 1031 summis
1962 990 2038 1030 im-

271 1048 398 1100 periis
437 1054 477 1088 et
515 1049 689 1089 summis
721 1049 1000 1102 potestatibus
1033 1049 1267 1089 comitiatus
1300 1056 1340 1089 et
1372 1050 1547 1090 concilia
1580 1050 1645 1089 vel
1677 1050 1866 1092 instituta
1899 1052 2039 1092 dimit-

270 1115 358 1149 tere
389 1110 455 1150 vel
486 1110 625 1150 habita
655 1111 924 1151 rescindere?
969 1111 1071 1165 quid
1114 1112 1278 1164 gravius
1320 1124 1445 1164 quam
1487 1124 1571 1150 rem
1616 1119 1853 1166 susceptam
1885 1114 2038 1161 dirimi,

221 1173 306 1212 ⁴5si
346 1187 454 1213 unus
497 1186 632 1226 augur
676 1174 786 1214 alio
833 1174 918 1213 die
966 1173 1151 1214 dixerit?
1212 1174 1310 1226 quid
1358 1171 1692 1226 magnificentius
1741 1189 1866 1229 quam
1912 1189 2037 1230 posse

272 1235 516 1282 decernere,
556 1242 603 1276 ut
642 1237 887 1289 magistratu
927 1250 970 1276 se
1006 1236 1203 1277 abdicent
1233 1237 1457 1276 consules?
1506 1236 1606 1290 quid
1638 1237 1880 1290 religiosius
1913 1251 2038 1292 quam

272 1313 364 1340 cum
394 1300 566 1352 populo,
597 1314 687 1340 cum
719 1300 840 1354 plebe
871 1299 1021 1353 agendi
1054 1300 1119 1338 ius
1142 1304 1213 1338 aut
1236 1298 1333 1338 dare
1359 1305 1534 1338 autnon
1558 1298 1690 1338 dare?
1723 1299 1856 1352 quid?
1888 1301 2037 1354 legem,

272 1362 308 1402 si
338 1375 422 1401 non
452 1362 540 1402 iure
571 1368 715 1415 rogata
748 1368 832 1408 est,
875 1362 1055 1401 tollere?
1101 1367 1146 1400 ut
1177 1361 1328 1400 Titiam
1374 1360 1541 1401 decreto
1588 1361 1772 1414 conlegi,
1816 1369 1862 1402 ut
1899 1363 2037 1404 Livias

273 1425 446 1465 consilio
478 1425 673 1478 Philippi,
706 1424 889 1464 consulis
922 1430 963 1464 et
992 1424 1179 1475 auguris:
1210 1424 1316 1463 nihil
1349 1423 1475 1470 domi,
1508 1424 1610 1463 nihil
1644 1424 1815 1464 militiae
1847 1437 1920 1477 per
1951 1437 2039 1466 ma-

220 1496 258 1526 20
273 1488 468 1540 gistratus
500 1493 658 1540 gestum
692 1487 782 1527 sine
817 1500 959 1527 eorum
990 1487 1235 1526 auctoritate
1268 1498 1391 1539 posse
1424 1486 1615 1537 cuiquam
1648 1486 1841 1539 probari?

387 1550 500 1589 XIII.
531 1547 598 1590 32.
630 1551 709 1589 Act.
740 1551 841 1602 Age,
873 1549 953 1588 iam
984 1549 1064 1588 ista
1095 1548 1216 1588 video
1247 1548 1462 1601 fateorque
1495 1560 1586 1587 esse
1619 1560 1778 1600 magna,
1812 1553 1875 1588 set
1905 1553 1966 1588 est
1996 1549 2039 1589 in

274 1613 466 1666 conlegio
509 1618 646 1652 vestro
688 1613 798 1652 inter
838 1611 1080 1651 Marcellum
1122 1617 1162 1651 et
1191 1611 1396 1664 Appium,
1437 1611 1615 1662 optimos
1647 1623 1846 1662 augures,
1889 1623 2037 1663 magna

275 1676 481 1716 dissensio
527 1697 581 1704 ——
626 1689 720 1715 nam
765 1688 909 1715 eorum
951 1686 1028 1726 ego
1060 1674 1102 1713 in
1135 1674 1263 1713 libros
1295 1673 1421 1713 incidi
1457 1695 1535 1721 —,
1584 1686 1677 1713 cum
1718 1672 1837 1713 alteri
1876 1674 2040 1726 placeat

274 1738 460 1791 auspicia
491 1738 567 1777 ista
600 1739 651 1777 ad
682 1737 902 1777 utilitatem
936 1750 1027 1776 esse
1059 1737 1118 1776 rei
1151 1736 1343 1790 publicae
1377 1736 1629 1788 composita,
1661 1735 1781 1775 alteri
1814 1735 2036 1788 disciplina

222 1811 260 1840 25
274 1807 409 1842 vestra
442 1801 560 1854 quasi
591 1801 768 1840 divinari
802 1800 993 1839 videatur
1022 1811 1157 1851 posse.
1205 1798 1290 1837 Hac
1323 1804 1366 1836 tu
1399 1797 1449 1836 de
1480 1811 1524 1836 re
1548 1809 1706 1849 quaero
1741 1797 1843 1850 quid
1867 1798 2038 1837 sentias.

274 1865 328 1903 M.
368 1864 538 1915 Egone?
580 1863 902 1909 divinationem,
936 1874 1060 1914 quain
1094 1861 1240 1900 Graeci
1272 1859 1483 1912 μαντικήν
1514 1859 1747 1912 appellant,
1779 1873 1872 1899 esse
1905 1859 2038 1899 sentio

276 1932 316 1966 et
344 1927 467 1966 huius
498 1927 604 1967 hanc
635 1926 768 1979 ipsam
801 1931 974 1978 partem,
1008 1936 1113 1977 quae
1135 1929 1196 1963 est
1218 1923 1259 1962 in
1282 1923 1425 1961 avibus
1449 1923 1683 1974 ceterisque
1706 1922 1857 1974 signis,
1880 1919 2037 1974 ·1-quod

277 1988 522 2042 disciplinae
561 1994 746 2028 nostrae.
822 1988 863 2026 Si
905 1987 1015 2026 enim
1057 1986 1157 2024 deos
1198 1998 1289 2024 esse
1330 1985 1597 2024 concedimus
1639 1997 1868 2037 eorumque
1900 1989 2038 2023 mente

277 2052 475 2092 mundum
522 2052 609 2104 regi
656 2057 696 2091 et
741 2064 883 2090 eorum
930 2061 1085 2088 numen
1131 2047 1345 2087 hominum
1386 2047 1604 2087 consulere
1643 2046 1786 2099 generi
1832 2051 1872 2085 et
1910 2059 2036 2099 posse

227 2123 264 2152 30
278 2114 398 2154 nobis
429 2115 546 2166 signa
575 2127 711 2154 rerum
741 2113 972 2153 futurarum
1005 2111 1240 2157 ostendere,
1272 2123 1356 2149 non
1378 2110 1501 2149 video
1525 2122 1598 2149 cur
1620 2122 1711 2149 esse
1735 2108 2038 2148 divinationem

277 2189 438 2229 negem.
500 2174 567 2215 33.
613 2177 718 2215 Sunt
748 2181 887 2215 autem
921 2187 989 2220 ea,
1033 2185 1138 2226 quae
1170 2172 1314 2225 posui,
1357 2185 1408 2211 ex
1441 2171 1592 2225 quibus
1623 2170 1663 2210 id
1697 2170 1810 2224 quod
1846 2170 2040 2210 volumus

362 2274 393 2305 Ξ.
419 2274 514 2304 sineis
537 2275 576 2310 Α,
603 2273 712 2304 siineis
736 2273 775 2309 H,
802 2273 870 2303 sine
891 2271 940 2302 his
963 2272 986 2302 B
1015 2288 1048 2292 —
1074 2269 1225 2309 publicae
1244 2273 1267 2301 Α
1282 2271 1305 2301 Β
1325 2278 1414 2301 corr.
1436 2271 1467 2300 in
1483 2269 1622 2308 public-is
1647 2285 1681 2290 -
1706 2269 1854 2308 praesint
1870 2269 1914 2299 C:
1939 2276 2042 2308 prae-

275 2327 350 2355 sunt
372 2322 501 2364 aliquot
525 2323 610 2355 dett.
639 2340 672 2345 —
701 2323 852 2362 reliyioni
876 2319 916 2352 Α2
928 2319 981 2352 B‘-':
1008 2320 1166 2360 religione
1189 2317 1229 2351 Αι
1255 2320 1427 2357 (ortumne
1453 2328 1493 2350 ex
1516 2319 1722 2359 reteyicmiv),
1747 2319 1938 2359 reliyionem
1960 2315 2041 2350 B¹H

280 2397 313 2402 —
341 2379 371 2411 3.
394 2379 495 2418 possit
519 2379 545 2410 H
570 2397 613 2402 —
635 2379 798 2410 continent
821 2378 907 2408 enim
931 2377 1002 2412 ΑΒ,
1029 2378 1249 2407 contenentem
1272 2376 1300 2406 H
1329 2393 1362 2397 —
1386 2367 1440 2406 ΤΓΡ
1462 2375 1524 2406 AH
1558 2392 1591 2397 —
1627 2374 1658 2406 4.
1685 2375 1917 2406 auctoritatem
1939 2372 1978 2406 B²
2004 2391 2040 2396 —

276 2429 546 2470 disseriptioquae
569 2430 605 2465 Β,
638 2428 876 2468 descriptioque
899 2427 1000 2458 AHO
1035 2425 1109 2457 {sed
1133 2423 1173 2457 Α1
1197 2425 1292 2464 quae)
1332 2442 1364 2447 -—
1404 2425 1435 2456 5.
1457 2424 1620 2464 premittit
1644 2424 1668 2455 C
1706 2442 1739 2446 -
1774 2423 1805 2454 6.
1831 2423 2045 2463 adplicandos

277 2477 355 2510 B¹H
383 2496 418 2501 —
441 2480 601 2517 praesunt
625 2478 684 2509 BH
723 2496 756 2500 —
794 2477 825 2508 7.
852 2476 1100 2516 interpretanda
1127 2474 1212 2506 dett.
1241 2475 1360 2514 pauci:
1392 2475 1678 2514 interpretandam
1702 2473 1740 2512 C,
1767 2472 1830 2504 sed
1854 2474 1887 2504 in
1911 2475 1937 2504 A
1962 2471 2039 2512 syll.

276 2526 320 2559 ὀᾶ
344 2530 376 2560 in
402 2527 443 2560 αὖ
469 2536 558 2560 corr.
588 2545 622 2550 —
649 2527 709 2558 alii
731 2527 993 2566 praedicandam
1017 2525 1075 2556 alii
1095 2525 1270 2565 praedicta
1296 2525 1320 2555 C
1350 2542 1383 2547 —
1411 2525 1541 2556 uatium
1566 2524 1608 2555 C:
1635 2528 1750 2555 valum
1775 2523 1817 2560 03
1844 2522 1945 2560 cf.11‚
1966 2521 2042 2562 §20

280 2596 314 2601 —
342 2578 372 2609 9.
393 2578 752 2618 praeparantissimum
777 2577 803 2608 H
843 2594 874 2599 -
921 2577 970 2607 40.
998 2578 1045 2606 est
1067 2572 1160 2606 AB2:
1197 2578 1227 2605 et
1249 2573 1286 2605 B¹
1303 2575 1328 2605 H
1371 2592 1406 2597 —
1449 2575 1607 2613 quoniam
1630 2574 1655 2604 O
1680 2574 1714 2604 in
1739 2572 1841 2605 adn.:
1881 2581 1979 2612 quom
2002 2573 2040 2609 A,

277 2637 351 2659 cum
383 2629 443 2659 BH
482 2646 516 2650 —
556 2628 753 2659 auctoritate
785 2627 870 2665 {sine
895 2627 953 2661 est)
986 2625 1034 2661 C,
1072 2627 1118 2655 est
1141 2624 1333 2654 auctoritati
1357 2623 1399 2659 Ο;
1439 2633 1607 2664 augurum
1635 2632 1710 2654 cum
1739 2623 1938 2654 auctoritate
1963 2631 2044 2652 con-

277 2679 422 2709 iunctum
447 2678 602 2709 Mosei-us
631 2694 664 2699 -
704 2685 805 2715 neque
828 2675 927 2706 uerbo
952 2675 979 2706 H
1017 2691 1050 2696 —-
1091 2675 1126 2705 Μ
1172 2674 1360 2704 eoeisnmari
1384 2682 1447 2704 non
1473 2677 1518 2705 est
1543 2674 1567 2704 C
1608 2690 1640 2695 -
1681 2673 1732 2703 42.
1756 2681 1849 2712 posse
1873 2672 1906 2713 a]
1928 2675 2043 2711 postea

280 2728 304 2759 C
340 2745 380 2750 —
415 2729 465 2759 45<
493 2728 558 2758 alio
583 2728 633 2758 die
663 2725 864 2758 Turnebus:
904 2725 970 2755 alio
995 2724 1019 2754 C
1064 2741 1098 2746 -
1144 2723 1195 2755 46.
1222 2726 1438 2763 magistratus
1466 2723 1613 2754 eadicent
1644 2722 1667 2753 C
1707 2738 1742 2744 -
1782 2722 1834 2752 ⁴7.
1868 2721 1950 2762 leyes
1979 2730 2045 2752 non

277 2779 350 2809 iure
375 2778 398 2808 C
425 2778 503 2811 (non
529 2778 617 2817 legis,
644 2778 681 2807 ut,
705 2777 749 2807 ait
775 2776 876 2812 Bake)
905 2790 938 2796 —
967 2773 1018 2804 118.
1040 2773 1157 2804 Titiam
1181 2772 1382 2804 Turnebus:
1409 2774 1509 2804 etiam
1534 2773 1557 2803 C
1586 2787 1621 2794 -
1648 2771 1774 2811 conlegi
1799 2771 1841 2803 C:
1869 2771 1995 2811 collegii
2020 2771 2044 2803 O

283 2842 317 2849 -
345 2827 454 2858 Livias
477 2825 680 2857 Turnebus:
707 2826 810 2856 lenias
835 2824 907 2859 BH,
934 2823 1032 2853 lenies
1055 2824 1078 2853 Α
1117 2839 1158 2845 —-
1194 2822 1244 2852 49.
1272 2822 1418 2853 consules
1441 2826 1469 2852 et
1493 2829 1637 2860 augures
1662 2821 1686 2851 C
1724 2837 1758 2842 -
1796 2821 1938 2852 militiae
1962 2819 2042 2852 edd.

280 2878 377 2907 vett:
404 2876 551 2915 familiae
577 2876 600 2907 C
640 2893 671 2896 —
712 2875 764 2906 20.
791 2878 898 2914 yestus
922 2873 985 2903 sint
1008 2881 1121 2902 eorum
1147 2872 1170 2902 C
1206 2889 1238 2893 —
1274 2870 1471 2903 auctoritate
1493 2873 1520 2903 A
1534 2868 1613 2902 ΒΖΗ
1640 2887 1673 2892 -
1708 2870 1761 2902 21.
1787 2879 1928 2911 maqnas
1950 2874 1979 2902 et
2002 2873 2047 2901 est

282 2927 338 2957 AB
369 2943 399 2947 -
429 2926 479 2956 22.
508 2926 623 2964 apium
646 2925 782 2955 obtimos
805 2928 830 2955 A
858 2940 890 2944 —
932 2922 984 2953 23.
1011 2931 1085 2953 cum
1109 2924 1134 2952 A
1161 2930 1250 2952 corr.
1279 2931 1319 2952 ex
1345 2931 1381 2952 co
1418 2938 1452 2943 —
1492 2921 1604 2951 alteris
1628 2918 1677 2957 B¹,
1704 2920 1852 2950 alteru*
1875 2921 1902 2950 A
1930 2937 1965 2942 —
1991 2921 2043 2951 25.

281 2976 427 3006 diuinam·
453 2976 510 3006 AB
538 2976 578 3013 (ri
601 2976 625 3006 Α
653 2975 685 3004 in
709 2974 810 3011 ras.):
838 2973 991 3003 divinare
1016 2972 1076 3002 ΗΟ
1111 2988 1152 2993 -
1188 2971 1368 3002 uideantur
1393 2971 1430 3007 C,
1457 2970 1520 3002 sed
1545 2980 1566 3000 η
1590 2971 1624 3000 in
1646 2970 1673 3000 A
1699 2977 1776 3009 sup.
1804 2967 1861 3000 lin.
1891 2987 1924 2992 -
1952 2978 2046 3009 posse

283 3026 325 3056 C:
352 3033 489 3064 prorsus
508 3033 602 3063 posse
625 3024 650 3054 Ο
676 3026 707 3054 et
734 3023 815 3054 edd.
843 3023 987 3053 recentt
1029 3020 1121 3053 Unde
1147 3019 1334 3051 molestum
1359 3020 1449 3049 istud
1470 3026 1610 3056 prorsus
1634 3018 1810 3048 invectum
1836 3018 1895 3055 sit,
1930 3018 2046 3049 nesci-

283 3082 372 3105 mus.
402 3090 435 3095 -
464 3082 502 3104 ac
527 3078 561 3104 tu
585 3075 621 3104 de
645 3082 680 3104 re
705 3074 750 3110 C,
777 3072 839 3104 sed
864 3072 925 3103 hac
949 3072 972 3103 B
998 3079 1075 3110 sup.
1103 3069 1158 3100 lin.
1190 3083 1222 3087 —
1252 3068 1320 3104 quit
1344 3065 1383 3098 Αι
1410 3085 1444 3088 -
1472 3068 1525 3099 26.
1551 3067 1715 3098 manticen
1741 3068 1764 3098 C
1799 3084 1832 3089 —
1872 3068 1972 3099 sentio
1997 3068 2042 3099 C:

282 3132 393 3154 censeo
418 3124 442 3153 Ο
481 3140 514 3145 -
553 3124 603 3154 ςζῖ,
630 3124 730 3162 signis
754 3123 839 3161 quod
865 3123 939 3161 (quo
963 3124 1000 3154 Λ,
1028 3115 1092 3147 sed
1116 3125 1134 3146 ο
1159 3117 1192 3146 in
1217 3116 1297 3154 ras.)
1322 3117 1512 3155 disciplinae
1537 3117 1579 3148 C:
1613 3117 1715 3156 siquis
1738 3117 1760 3154 ἢ
1785 3117 1975 3155 disciplinae
1998 3117 2042 3153 0;

284 3173 360 3204 sort.
387 3172 504 3211 signis,
529 3173 701 3203 convenire
725 3173 913 3207 discapctnae
950 3184 984 3189 —
1023 3166 1074 3198 28.
1101 3166 1127 3196 si
1151 3166 1236 3196 enirn
1261 3167 1334 3196 deos
1359 3166 1511 3205 Madvig:
1538 3174 1679 3196 summos
1703 3163 1779 3197 AB²
1803 3165 1877 3204 (sed
1901 3174 1936 3196 os
1960 3167 1992 3197 in
2017 3168 2042 3198 Α

285 3231 324 3253 ex
352 3230 467 3258 corn),
493 3231 636 3252 summus
659 3218 751 3248 3¹11:
780 3218 877 3257 quod,
904 3226 1003 3255 quum
1027 3224 1168 3247 summos
1191 3216 1265 3245 deos
1291 3216 1314 3245 O
1344 3233 1376 3238 -
1403 3216 1618 3246 concedamus
1641 3216 1665 3246 Ο
1705 3233 1738 3237 -
1777 3218 1915 3246 mentem
1946 3215 1970 3246 C
2007 3232 2040 3236 —

285 3270 335 3301 29.
363 3279 474 3301 eorum
497 3274 613 3296 namen
638 3266 858 3297 Schoeniann
884 3268 1020 3307 (Opusc.
1048 3264 1146 3296 acad.
1172 3264 1339 3303 111‚327):
1375 3266 1560 3297 eorumdem
1585 3265 1627 3302 (ῖς
1660 3265 1835 3296 eorundem
1858 3264 2042 3305 benignita-

285 3324 345 3352 tem
370 3321 394 3346 0
420 3317 454 3346 et
479 3315 579 3356 pauci
605 3315 707 3346 codd.
735 3314 819 3346 dett.
