2249 3624
462 193 552 232 Lm.
583 193 615 231 1.
659 191 754 233 en».
786 191 1132 232 xxiv—xxvi.
1173 189 1231 243 ὃς
1263 189 1441 231 (zi-71.
1747 188 1831 231 387

63 307 125 342 est
154 300 334 341 veritas?
375 299 478 337 Nam
510 297 560 336 de
593 298 675 337 vita
706 298 827 338 beata
859 299 961 337 nihil
995 312 1205 351 repugno,
1239 312 1363 351 quam
1396 304 1438 338 tu
1471 311 1521 337 ne
1553 298 1594 336 in
1627 297 1705 337 deo
1737 297 1831 351 qui-

62 364 154 403 dem
185 375 275 401 esse
307 374 471 406 censes,
505 361 582 399 nisi
617 360 737 412 plane
770 361 855 399 otio
890 362 1095 413 langueat.
1145 361 1224 399 Sed
1251 362 1317 400 nbi
1342 367 1403 400 cst
1426 362 1577 401 veritas
1594 364 1611 400 ἱ)
1644 361 1687 399 ln
1712 374 1831 400 mun-

62 426 144 471 dis,
186 424 333 470 credo,
374 423 773 468 inmunerabilibus,
815 424 1008 463 omnibus
1052 424 1232 462 minimis
1276 430 1504 476 temporum
1542 424 1706 476 punctis
1738 424 1831 463 aliis

62 486 349 532 nascentibus,
383 485 474 524 aliis
506 485 765 523 cadentibus.
817 487 877 523 An
912 486 952 524 in
984 486 1211 525 individuis
1233 487 1491 538 corpusculis
1516 493 1597 526 tam
1623 486 1831 538 praeclara

62 561 188 600 opera
220 548 333 587 nulla
365 548 611 587 moderante
644 553 811 593 natura,
854 546 965 586 nulla
997 548 1180 593 ratione,
1223 548 1507 597 tingentibus?
1555 548 1634 586 Sed
1679 548 1864 587 oblitusts

60 610 320 650 liberalitatis
354 623 490 655 meae,
523 622 605 662 qua
638 616 772 648 tecum
808 610 930 661 paulo
954 616 1047 648 ante
1072 610 1127 648 uti
1151 623 1393 662 coeperam,
1426 611 1544 663 plura
1566 610 1833 662 complector.

62 671 292 712 Concedam
336 672 465 724 igitur
496 685 546 710 ex
580 671 808 709 individuis
841 678 1030 710 constare
1064 673 1216 711 omnia.
1270 672 1379 720 Quid
1413 673 1464 712 ad
1498 675 1616 712 rem?
1657 673 1834 712 deorum

59 735 168 775 enim
208 741 355 774 natura
398 734 625 787 quaeritur.
685 732 751 771 (58.
787 734 877 772 Sint
919 747 1018 773 sane
1061 747 1113 772 ex
1155 736 1331 774 atomis:
1374 749 1454 774 non
1495 735 1622 787 igitur
1652 736 1834 782 aeterni3

60 796 171 851 quod
203 797 312 835 enim
346 809 398 835 ex
429 796 604 842 atomis,
636 795 677 834 id
711 801 853 835 natum
886 796 1113 848 aliquando
1147 802 1233 835 est:
1267 798 1300 835 si
1334 804 1492 843 natum,
1526 798 1626 836 nulli
1650 798 1717 837 dei
1739 802 1835 837 ante

60 872 184 912 quam
216 859 326 905 nati,
358 864 398 898 ct
430 858 461 897 si
495 864 610 897 ortus
643 863 706 897 est
738 858 932 904 deorum,
966 859 1158 897 interitus
1190 859 1244 898 sit
1265 873 1438 899 necesse
1461 865 1543 906 est,
1576 867 1618 899 ut
1641 866 1682 900 tu
1708 860 1886 913 pauloto

58 927 152 960 ante
184 922 235 961 de
269 922 452 961 Platonis
484 921 643 960 mundo
676 920 933 973 disputabas.
988 920 1061 959 [Ibi
1094 921 1220 971 igitur
1252 920 1353 961 illud
1385 928 1567 961 vestrum
1600 922 1766 961 beatum
1796 927 1838 961 et

58 989 294 1031 aeternum,
335 984 486 1036 quibus
527 984 689 1023 duobus
731 983 869 1023 verbis
909 980 1152 1033 significatis
1194 982 1354 1022 deum?
1398 984 1511 1037 quod
1546 996 1637 1023 cum
1670 983 1835 1023 efficere

56 1045 204 1093 vultis,
238 1047 279 1085 in
314 1045 481 1086 dumeta
515 1047 756 1098 consopitis,
809 1046 869 1084 lta
901 1045 1011 1084 enim
1045 1044 1232 1092 dicebas,
1264 1058 1347 1084 non
1380 1060 1529 1099 corpus
1555 1059 1646 1086 esse
1678 1047 1719 1086 in
1743 1047 1836 1094 deo,

57 1108 129 1148 sed
163 1109 282 1161 quasi
316 1121 492 1161 corpus,
524 1122 600 1148 nec
633 1109 900 1160 sanguinem,
933 1106 1006 1146 sed
1040 1113 1252 1160 tamquam
1285 1109 1541 1161 sanguinem.

169 1171 299 1209 XXV.
333 1170 398 1209 69.
443 1172 533 1211 Hoc
573 1184 776 1224 persaepe
815 1170 968 1215 facitis,
1010 1175 1078 1216 ut,
1121 1183 1212 1208 cum
1255 1170 1417 1224 aliquid
1456 1185 1539 1210 non
1572 1172 1657 1211 veri
1701 1172 1836 1212 simile
1852 1180 1887 1209 45

21 1258 25 1261 .
58 1233 204 1274 dicatis
237 1240 278 1274 et
299 1234 482 1285 effugere
505 1234 875 1285 reprehensionem
899 1232 1061 1277 velitis,
1093 1231 1291 1272 adferatis
1314 1233 1499 1285 aliquid,
1532 1234 1646 1287 quod
1669 1235 1836 1274 omnino

59 1309 110 1336 ne
141 1296 230 1336 fieri
264 1296 435 1349 quidem
467 1296 616 1349 possit,
649 1302 694 1335 ut
725 1296 853 1335 satius
884 1294 1010 1334 fuerit
1041 1293 1142 1333 illud
1168 1295 1326 1348 ipsum,
1358 1295 1409 1335 de
1432 1309 1516 1349 quo
1537 1298 1837 1350 ambigebatur,

59 1358 288 1399 concedere
322 1371 446 1411 quam
478 1365 560 1397 tam
593 1359 846 1410 inpudenter
878 1357 1086 1396 resistere.
1134 1357 1258 1396 Velut
1286 1357 1514 1411 Epicurus,
1547 1372 1640 1399 cum
1663 1360 1837 1408 videret,

57 1421 91 1461 si
135 1421 260 1461 atomi
300 1420 511 1460 ferrentur
551 1421 592 1459 in
636 1422 774 1459 locum
813 1420 1053 1460 inferiorem
1094 1425 1246 1472 suopte
1288 1421 1493 1473 pondere,
1534 1421 1636 1461 nihil
1677 1422 1765 1462 fore
1794 1423 1837 1461 in

59 1490 201 1523 nostra
231 1489 464 1536 potestate,
496 1484 608 1536 quod
642 1489 752 1523 esset
784 1496 926 1523 earum
961 1488 1097 1521 motus
1130 1488 1266 1521 certus
1290 1488 1330 1522 et
1351 1485 1633 1531 necessarius,
1665 1484 1836 1531 invenit,
1850 1493 1887 1522 20

60 1559 142 1600 quo
177 1545 301 1585 modo
335 1547 627 1585 necessitatem
651 1547 874 1598 effugeret,
907 1545 1020 1598 quod
1042 1544 1236 1584 videlicet
1258 1545 1542 1586 Democritum
1563 1546 1748 1599 fugerat:
1780 1547 1838 1587 ait

58 1615 264 1655 atomum,
309 1621 401 1648 cum
446 1608 630 1662 pondere
670 1614 711 1648 et
751 1608 954 1660 gravitate
994 1607 1152 1647 directo
1195 1608 1369 1648 deorsus
1411 1608 1587 1656 feratur,
1625 1608 1837 1649 declinare

60 1672 291 1725 paululum.
342 1669 409 1709 70.
441 1671 529 1711 Hoc
561 1669 698 1710 dicere
730 1671 891 1724 turpius
923 1675 987 1709 est
1014 1683 1138 1723 quam
1169 1670 1294 1717 illud,
1327 1671 1441 1724 quod
1464 1672 1574 1719 vult,
1605 1684 1689 1711 uon
1710 1685 1836 1725 posse

59 1734 299 1775 defendere.
350 1733 466 1773 Idem
505 1734 604 1773 facit
636 1739 779 1773 contra
813 1733 1077 1773 dialecticos:
1117 1746 1140 1772 a
1172 1733 1325 1786 quihus
1356 1747 1451 1773 cum
1483 1734 1681 1775 traditum
1712 1737 1765 1776 sit
1794 1737 1836 1776 in

57 1797 247 1836 omnibus
273 1796 626 1843 diiunctionibus,
658 1797 875 1850 inquibus
907 1801 993 1836 aut
1024 1796 1182 1835 etiam
1214 1802 1301 1836 aut
1330 1810 1428 1836 non
1460 1803 1700 1851 poneretur,
1732 1799 1835 1839 alte-
1849 1805 1886 1836 25

54 1872 145 1899 rum
183 1866 319 1899 utrum
353 1873 445 1899 esse
477 1872 646 1905 verum,
689 1859 906 1912 pertimuit
944 1872 1021 1906 ne,
1062 1858 1096 1898 si
1129 1872 1374 1899 concessum
1407 1865 1517 1900 esset
1554 1860 1681 1900 huius
1720 1861 1835 1902 modi

56 1921 236 1975 aliquid,
268 1926 352 1962 aut
382 1923 526 1961 vivet
557 1934 675 1961 cras
707 1928 926 1961 autnon
957 1921 1104 1961 vivet
1129 1921 1410 1974 Epicurus,
1442 1923 1691 1963 alterutrum
1711 1923 1836 1965 fieret

55 1985 361 2032 necessarium,
392 1990 527 2024 totum
558 1984 637 2024 hoc
668 1990 758 2024 aut
790 1985 946 2024 etiam
979 1990 1069 2024 aut
1099 1997 1203 2023 non
1228 1987 1393 2038 negavit
1416 1999 1507 2026 esse
1529 1987 1833 2027 necessarium:

58 2059 141 2100 quo
172 2047 276 2100 quid
309 2047 391 2087 dici
424 2048 559 2100 potuit
589 2048 813 2087 obtusius?
864 2044 1073 2100 Urguebat
1103 2046 1310 2086 Arcesilas
1347 2050 1577 2097 Zenonem,
1618 2063 1712 2090 cum
1743 2049 1834 2103 ipse

0 2123 1 2162 ᾗ
55 2108 158 2149 falsa
200 2110 338 2149 omnia
380 2110 559 2157 diceret,
591 2123 698 2163 quae
731 2108 925 2150 sensibus
957 2110 1224 2156 viderentur,
1256 2111 1398 2150 Zenon
1431 2117 1569 2152 autem
1605 2125 1689 2151 non
1716 2112 1883 2153 nulla30

57 2172 144 2212 visa
175 2186 266 2213 esse
298 2173 419 2220 falsa,
457 2187 543 2212 non
575 2173 730 2212 omnia.
781 2173 935 2212 Timuit
970 2173 1177 2225 Epicurus
1208 2185 1284 2219 ne,
1326 2172 1360 2212 si
1393 2186 1523 2213 unum
1554 2176 1691 2214 visum
1723 2180 1834 2215 esset

59 2232 227 2283 falsum,
258 2236 421 2275 nullum
456 2242 567 2276 esset
597 2249 763 2283 verum;
796 2236 931 2275 omnis
964 2249 1111 2275 sensus
1134 2235 1221 2274 veri
1244 2236 1415 2276 nuntios
1438 2236 1546 2277 dixit
1566 2250 1671 2277 esse.
1716 2238 1832 2278 Nihil

57 2295 204 2338 horum
247 2298 370 2338 nimis
410 2298 584 2346 callide3
629 2298 863 2350 graviorem
901 2299 1012 2338 enim
1050 2299 1215 2351 plagam
1256 2298 1509 2352 accipiebat,
1547 2306 1593 2340 ut
1630 2300 1832 2341 leviorem

58 2361 293 2414 repelleret.
353 2357 419 2403 7l.
452 2362 567 2401 Idem
600 2361 697 2400 facit
727 2362 768 2401 in
799 2368 950 2401 natura
980 2360 1178 2400 deorum:
1210 2360 1309 2400 dum
1339 2361 1652 2402 individuorum
1684 2376 1834 2416 corpo-

55 2436 149 2462 -rum
180 2424 493 2464 concretionem
519 2423 645 2476 fugit,
677 2438 728 2463 ne
750 2425 942 2464 interitus
965 2429 1005 2463 et
1026 2422 1244 2476 dissipatio
1266 2430 1564 2477 consequatur,
1595 2431 1720 2478 negat
1740 2438 1831 2465 esse
1845 2433 1882 2463 35

59 2499 205 2539 corpus
237 2486 434 2533 deorum,
467 2486 539 2526 sed
571 2492 782 2539 tamquam
804 2500 975 2540 corpus,
1008 2499 1084 2525 nec
1106 2485 1375 2537 sanguinem,
1408 2487 1481 2526 sed
1503 2492 1715 2540 tamquam
1737 2500 1831 2528 san-

60 2548 240 2600 guinem.
291 2549 443 2588 XXv1.
475 2546 666 2589 Mirabile
698 2550 881 2597 videtur,
914 2549 1027 2602 quod
1058 2561 1143 2587 non
1174 2548 1308 2588 rideat
1328 2548 1560 2601 haruspeX,
1591 2563 1683 2589 cum
1705 2549 1831 2590 haru-

60 2609 216 2663 spicem
247 2611 422 2651 viderit:
454 2611 535 2651 hoc
565 2611 820 2658 mirabilius,
852 2611 967 2664 quod
999 2623 1072 2651 vos
1103 2610 1212 2650 inter
1232 2623 1304 2650 vos
1326 2611 1457 2650 risum
1480 2617 1623 2651 tenere
1644 2611 1829 2664 possitis.

146 2771 176 2802 Ξ.
205 2772 269 2802 otio
294 2772 336 2809 A,
371 2772 441 2802 ocio
466 2772 509 2803 C:
545 2773 633 2810 optio
658 2773 759 2803 BEP
787 2790 820 2793 —
856 2773 886 2804 3.
913 2772 1039 2803 cunctis
1061 2772 1205 2803 ACEP
1233 2788 1268 2793 —
1302 2770 1333 2803 4.
1360 2771 1394 2801 in
1418 2780 1488 2802 om.
1515 2772 1578 2803 BC
1608 2787 1642 2793 -
1675 2772 1704 2802 9.
1732 2771 1828 2813 quod]

31 2808 35 2866 i
63 2819 141 2857 quia
165 2818 194 2853 ⁸21
222 2839 256 2844 —
283 2822 385 2852 atomi
408 2822 448 2852 sit
472 2825 588 2852 natum
614 2823 668 2858 13¹3
695 2822 813 2852 atomis
836 2823 886 2853 sit.
913 2826 1029 2853 nalum
1055 2823 1110 2859 [323
1142 2822 1262 2852 atomis
1283 2824 1436 2852 renatum
1461 2823 1485 2852 P
1512 2840 1546 2844 —
1573 2825 1618 2853 est
1642 2820 1831 2853 Lambinus

33 2874 37 2898 ⁴,
64 2868 106 2907 (in
131 2869 383 2910 adnotatione):
410 2872 452 2902 sit
476 2870 521 2907 ‘213
551 2880 621 2903 om.
649 2874 687 2903 Ο.
722 2872 772 2904 Cf.
799 2872 936 2911 Madvig
960 2872 1002 2903 ad
1030 2872 1100 2903 Cic.
1120 2871 1164 2902 de
1190 2872 1259 2902 Fin.
1283 2879 1316 2912 p.
1337 2870 1410 2902 448.
1433 2888 1468 2893 -
1497 2871 1547 2902 43.
1574 2871 1725 2902 aumecta
1750 2873 1772 2902 Ρ
1789 2888 1832 2894 --

36 2915 39 2958 i
62 2920 234 2958 conrepitis
258 2921 280 2951 B
297 2922 344 2952 C:
380 2921 558 2960 conrepetis
583 2923 608 2952 A
626 2922 647 2952 P
680 2921 723 2961 (et
746 2922 778 2952 in
804 2930 873 2953 ras.
899 2923 957 2960 A);
991 2922 1166 2960 contemtis
1189 2921 1213 2952 E
1244 2938 1276 2942 —
1311 2919 1362 2951 sii.
1389 2923 1561 2960 tamquam
1586 2919 1632 2952 21:
1670 2921 1767 2961 quasi
1790 2921 1829 2952 O.

39 2979 42 3011 'l
65 2966 114 2999 Cr.
141 2968 159 3009 g
184 2969 237 3000 7⁴.
266 2987 299 2992 —
337 2971 387 3002 48.
413 2971 500 3002 uelid
534 2972 555 3002 P
584 2988 617 2992 —
657 2971 707 3002 49.
733 2972 881 3011 ferentur
910 2973 1000 3003 B¹C¹
1028 2988 1061 2994 -—
1096 2972 1148 3003 ⁶22.
1176 2972 1309 3002 deorsus
1332 2970 1490 3002 ABEP:
1525 2970 1676 3001 deorsum
1701 2970 1766 3001 CO
1794 2987 1829 2993 —

41 3016 115 3055 123.
141 3019 303 3051 diceretur
330 3021 406 3059 pius
442 3022 543 3057 (corr.
572 3021 604 3051 in
624 3022 734 3061 prius)
759 3025 803 3053 est
828 3023 870 3057 P;
904 3022 1067 3052 ἀίων-θίαν
1091 3021 1166 3060 plus
1189 3024 1233 3052 est
1257 3021 1282 3051 Α
1298 3020 1322 3050 Ε
1347 3037 1390 3042 —
1420 3020 1474 3051 25.
1500 3019 1761 3051 deiunccionibus
1785 3020 1830 3059 (s.

43 3074 46 3098 τ
65 3065 331 3109 devinctionibus)
356 3072 381 3100 A
396 3070 419 3101 B
436 3071 458 3101 C
475 3072 516 3102 P:
544 3070 813 3102 disiunctionibus
837 3072 861 3102 E
876 3072 900 3103 O
925 3089 966 3093 ——
990 3072 1024 3102 in
1049 3071 1166 3111 quibas
1189 3077 1364 3110 superscr.
1393 3070 1425 3101 in
1446 3072 1473 3101 Α
1492 3086 1526 3091 -
1554 3069 1697 3100 alterum
1719 3072 1832 3100 utrum

45 3108 114 3162 {³212
140 3118 338 3149 alterutrum
363 3119 387 3150 O
409 3137 443 3141 —
471 3120 525 3150 26.
555 3124 631 3149 csse!
656 3128 772 3150 uerum
796 3118 847 3157 (ΞΜ
872 3129 986 3151 cerum
1010 3130 1075 3152 esse
1099 3122 1123 3152 Ο
1145 3137 1178 3142 -
1208 3121 1259 3151 27.
1287 3120 1440 3158 epicurus
1462 3123 1551 3151 trum
1569 3118 1642 3158 (litt.
1660 3122 1699 3150 st
1722 3119 1756 3150 in
1774 3128 1832 3149 ra-

48 3164 143 3198 {sura
168 3170 202 3199 et
225 3178 402 3210 superscr.
430 3178 476 3200 m.
506 3177 577 3200 sec.
605 3169 724 3207 alteru>
750 3171 776 3200 A
805 3187 837 3190 —
863 3171 937 3210 fieri
961 3170 989 3202 Ἃ
1017 3189 1050 3193 -
1078 3171 1130 3202 29.
1155 3171 1261 3210 potuit
1285 3169 1332 3202 ‘212
1360 3173 1464 3209 potest
1481 3170 1505 3201 Ο
1526 3187 1560 3192 -
1580 3171 1727 3209 optusius
1748 3171 1772 3201 B
1793 3186 1828 3192 —

51 3215 233 3263 iar-cessitas
256 3218 279 3248 B
309 3234 341 3238 —
376 3217 428 3249 30.
456 3218 538 3248 Zeno
563 3218 587 3248 O
622 3235 655 3238 —
690 3218 742 3249 31.
770 3219 877 3250 uisum
907 3224 984 3251 essee
1013 3220 1146 3259 falsum.
1180 3219 1307 3250 *nullum
1338 3222 1415 3250 esse!
1445 3219 1577 3257 falsum.
1606 3219 1730 3250 nullum
1753 3222 1832 3249 esset

53 3269 176 3306 {uerum
200 3266 224 3297 C
253 3284 287 3288 —
315 3266 367 3298 33.
394 3268 490 3297 nimis
512 3267 629 3298 callide
654 3267 941 3300 Schoemannus:
969 3268 1032 3299 m'si
1056 3270 1172 3300 callide
1189 3270 1212 3300 C
1227 3269 1274 3305 E;
1302 3269 1365 3300 nisi
1387 3269 1485 3300 ualde
1502 3272 1527 3300 A
1542 3269 1565 3299 Β
1580 3270 1623 3307 Ρ;
1649 3268 1711 3299 nisi
1727 3268 1831 3299 calide

56 3309 238 3368 &Davisius
264 3316 327 3346 nisi
353 3316 445 3348 caide
470 3315 632 3348 Klotzius.
659 3334 694 3339 —
722 3317 774 3349 38.
801 3318 897 3359 quod]
924 3326 1023 3358 quam
1048 3316 1087 3350 ⁵21.
