2249 3624
484 172 568 211 Lm.
600 173 650 211 n.
692 171 785 212 cn».
821 171 1064 210 xi—xiu.
1102 170 1160 224 §§
1192 170 1385 212 etz—31.
1736 168 1809 210 ⁶261

68 296 109 321 re
141 281 239 321 satis
271 278 365 320 inibi
397 277 566 324 dedisti,
609 292 701 318 cum
742 278 991 332 respondisti
1024 278 1155 318 maius
1187 278 1259 318 tibi
1293 278 1422 318 videri
1456 278 1606 318 malum
1638 280 1817 320 dedecus

67 358 190 398 quam
230 343 426 383 dolorem.
484 340 572 379 Hoc
613 341 747 394 ipsum
791 341 900 380 enim
933 341 965 379 si
1000 341 1179 387 tenebis,
1220 340 1439 393 intelleges
1471 354 1593 394 quam
1627 341 1677 380 sit
1708 343 1818 383 obsi-

67 405 257 445 stendum
289 403 441 448 dolori;
487 416 563 441 nec
602 409 682 442 tam
716 403 997 456 quaerendum
1031 408 1093 442 est
1125 403 1242 442 dolor
1272 403 1479 442 malumne
1512 403 1565 442 sit
1597 416 1720 456 quam
1752 402 1817 444 lir-

67 468 237 508 mandus
267 465 427 506 animus
459 464 509 503 ad
534 464 720 504 dolorem
753 465 982 504 serendum.
1034 464 1098 503 29.
1124 465 1389 505 Concludunt
1412 466 1663 505 ratiunculas
1687 466 1815 506 Stoici

67 544 139 570 cur
170 542 251 568 non
283 529 334 567 sit
365 526 539 573 malum,
573 529 691 580 quasi
726 528 776 566 de
808 527 950 573 verbo,
990 540 1071 566 non
1105 527 1155 566 de
1188 541 1230 566 re
1262 528 1485 567 laboretur.
1518 550 1570 556 —
1611 529 1719 577 Quid
1753 544 1848 573 mes

66 592 234 644 decipis,
274 591 414 629 Zeno?
460 603 552 628 nam
594 603 685 629 cum
726 590 787 637 id,
828 590 937 641 quod
980 589 1079 628 milii
1120 590 1318 629 horribile
1351 591 1533 638 videtur,
1573 597 1614 630 tu
1648 593 1817 631 omnino

66 655 215 694 malum
248 665 372 704 negas
406 666 519 699 esse,
562 653 704 706 capior
746 660 783 692 et
823 654 926 691 seire
960 653 1083 704 cupio
1117 666 1199 705 quo
1233 654 1356 693 modo
1389 653 1451 700 id,
1491 655 1602 707 quod
1636 668 1712 706 ego
1745 656 1819 694 mi-

65 717 274 756 serrimum
298 715 554 761 existimem,
589 728 639 753 ne
674 715 824 754 malum
857 714 1026 767 quidem
1059 715 1121 753 sit.
1145 737 1197 743 -
1229 716 1339 754 Nihil
1363 724 1442 763 est,
1476 718 1633 770 inquit,
1666 718 1818 757 malum

63 780 140 819 nisi
181 777 289 830 quod
332 784 450 829 turpe
494 784 618 830 atque
651 777 842 816 vitiosum
877 782 950 814 est.
983 798 1035 804 —
1076 776 1135 814 Ad
1175 778 1352 830 ineptias
1386 779 1514 824 redis;
1561 780 1661 820 illud
1696 782 1818 828 enim,

63 841 169 894 quod
203 853 266 879 me
298 840 493 891 angebat,
526 854 608 879 non
641 839 799 878 eximis.
845 838 938 877 Scio
961 838 1146 877 dolorem
1172 853 1252 878 non
1276 854 1366 879 esse
1391 843 1641 894 nequitiam3
1674 843 1868 887 desinew

62 903 102 943 id
136 916 199 942 me
231 903 405 941 docere:
437 902 515 941 hoc
549 902 675 950 doce,
709 901 871 941 doleam
904 914 1033 939 necne
1066 901 1226 940 doleam
1260 903 1361 942 nihil
1384 904 1596 944 interesse.
1618 928 1672 935 -
1694 908 1818 946 Num-

60 978 182 1018 quam
215 964 462 1018 quicquam,
504 965 660 1018 inquit,
697 964 745 1004 ad
784 964 904 1002 beate
937 963 1106 1016 quidem
1140 963 1387 1011 vivendum,
1429 965 1541 1018 quod
1574 973 1636 1006 est
1667 969 1704 1007 in
1739 981 1819 1008 una

60 1029 209 1068 virtute
248 1029 455 1080 positum:
497 1029 568 1067 sed
602 1035 663 1067 est
695 1033 831 1067 tamen
864 1025 1130 1064 reiciendum.
1180 1026 1293 1064 Cur?
1324 1028 1529 1080 Asperum
1559 1036 1642 1078 est,
1675 1036 1819 1070 contra

61 1095 267 1137 naturam,
301 1088 469 1130 diflicile
502 1104 724 1143 perpessu,
760 1090 896 1136 triste,
929 1088 1092 1127 durum.

172 1153 278 1192 xlll.
310 1151 376 1192 30.
411 1154 521 1192 llaec
554 1159 615 1192 est
646 1152 764 1206 copia
797 1152 1038 1198 verborum,
1071 1152 1183 1204 quod
1216 1165 1360 1192 omnes
1391 1166 1475 1192 uno
1508 1153 1634 1193 verbo
1667 1154 1871 1199 malumst,

59 1214 340 1267 appellamus,
382 1215 422 1254 id
456 1222 516 1255 tot
547 1215 681 1255 modis
713 1229 836 1268 posse
868 1214 1017 1254 dicere.
1070 1212 1226 1254 Delinis
1259 1220 1301 1254 tu
1335 1215 1456 1263 mihi,
1488 1229 1571 1255 non
1604 1217 1716 1257 tollis
1748 1217 1820 1258 do—

58 1278 205 1325 lorem,
249 1291 340 1317 cum
374 1279 477 1318 dicis
508 1292 726 1332 asperum,
771 1284 912 1318 contra
948 1283 1156 1324 naturam,
1189 1278 1258 1317 vix
1290 1279 1402 1331 quod
1436 1279 1532 1318 ferri
1565 1280 1820 1334 tolerarique

58 1340 213 1394 possit,
254 1354 330 1379 nec
371 1340 585 1388 mentiris;
629 1340 701 1380 sed
743 1354 786 1380 re
828 1340 1098 1380 succumbere
1144 1354 1226 1379 non
1273 1341 1513 1393 oportebat,
1553 1343 1690 1382 verbis
1736 1343 1823 1395 glo-

59 1403 247 1442 riantem.
311 1402 421 1442 Nihil
465 1402 620 1442 honum
668 1403 748 1442 nisi
790 1403 903 1456 quod
943 1403 1187 1450 honestum,
1233 1403 1338 1442 nihil
1384 1404 1536 1444 malum
1584 1405 1664 1445 nisi
1709 1405 1820 1459 quod

60 1473 201 1519 turpe:
241 1472 385 1518 optare
424 1465 504 1504 hoc
545 1466 713 1517 quidem
755 1472 835 1512 est,
877 1478 961 1504 non
994 1465 1156 1505 docere.
1207 1465 1310 1504 lllud
1343 1471 1384 1505 et
1415 1466 1562 1507 melius
1594 1473 1635 1507 et
1666 1468 1873 1516 verius,20

60 1528 221 1575 onmia,
253 1541 359 1581 quae
392 1533 537 1567 natura
568 1533 833 1581 aspernetur,
865 1530 908 1568 in
940 1528 1059 1567 malis
1090 1541 1204 1576 esse,
1237 1541 1342 1582 quae
1364 1529 1592 1577 adsciscat,
1623 1530 1665 1569 in
1688 1529 1822 1569 bonis.

60 1591 147 1630 Hoc
195 1591 332 1643 posito
378 1596 418 1630 et
462 1589 680 1630 verborum
720 1591 1030 1631 concertatione
1071 1591 1233 1631 sublata
1274 1596 1433 1631 tantum
1476 1597 1613 1632 tamen
1645 1592 1825 1632 excellet

58 1653 185 1701 illud,
217 1653 332 1706 quod
364 1658 474 1692 recte
506 1653 802 1705 amplexantur
831 1653 921 1699 isti,
955 1653 1064 1706 quod
1087 1653 1331 1702 honestum,
1363 1654 1477 1708 quod
1500 1660 1681 1702 rectum,
1713 1654 1823 1708 quod

60 1716 256 1756 decorum
290 1716 572 1769 appellamus,
604 1715 717 1768 quod
748 1716 858 1755 idem
890 1716 1097 1755 interdum
1131 1716 1294 1756 virtutis
1325 1716 1495 1756 nomine
1524 1717 1823 1771 amplectimur,

63 1783 106 1817 ut
137 1779 274 1818 omnia
308 1784 542 1832 praeterea,
575 1791 683 1832 quae
715 1779 822 1819 bona
853 1778 1037 1830 corporis
1061 1783 1100 1817 et
1131 1777 1323 1819 fortunae
1352 1784 1566 1832 putantur,
1597 1780 1873 1833 perexiguam

61 1846 102 1880 et
132 1841 291 1880 minuta
325 1841 564 1887 videantur,
598 1854 648 1880 ne
681 1841 833 1881 malum
866 1842 1034 1895 quidem
1067 1841 1221 1888 ullum,
1258 1855 1356 1890 nec,
1389 1843 1420 1882 si
1454 1842 1495 1881 in
1527 1856 1654 1882 unum
1687 1842 1823 1882 locum

59 1903 220 1943 conlata
260 1904 398 1944 onmia
431 1905 530 1950 sint,
564 1917 657 1943 cum
689 1904 956 1956 turpitudinis
992 1904 1102 1943 malo
1135 1905 1427 1957 comparanda.
1477 1902 1543 1944 31.
1577 1904 1670 1952 Qua
1700 1918 1744 1943 re
1776 1905 1825 1952 si,

59 1973 104 2006 ut
146 1967 265 2007 initio
313 1968 576 2013 concessisti,
620 1967 834 2020 turpitudo
873 1968 994 2021 peius
1035 1973 1097 2006 est
1133 1981 1258 2020 quam
1290 1967 1430 2015 dolor,
1476 1967 1578 2007 nihil
1610 1972 1672 2006 est
1702 1967 1825 2019 plane

58 2028 190 2068 dolor.
241 2030 343 2069 Nam
381 2029 477 2069 dum
511 2030 583 2069 tibi
617 2036 737 2082 turpe
770 2043 847 2069 nec
879 2030 1047 2083 dignum
1081 2030 1169 2070 viro
1197 2030 1404 2070 videbitur
1436 2043 1623 2083 gemere,
1655 2029 1825 2076 eiulare,

57 2091 297 2139 lamentari,
336 2091 491 2145 frangi,
533 2092 741 2132 debilitari
774 2092 937 2139 dolore,
971 2091 1066 2131 dum
1098 2092 1315 2140 honestas,
1357 2092 1453 2131 dum
1487 2092 1686 2144 dignitas,
1728 2091 1874 2136 dum30

60 2152 188 2192 decus
228 2154 383 2201 aderit,
424 2161 554 2208 tuque
595 2155 637 2194 in
670 2168 716 2194 ea
747 2156 914 2195 intuens
947 2160 986 2194 te
1018 2155 1276 2201 continebis,
1317 2154 1438 2194 cedet
1467 2154 1654 2207 profecto
1685 2153 1826 2193 virtuti

59 2215 181 2256 dolor
212 2222 252 2256 et
283 2218 408 2257 animi
442 2218 683 2258 inductione
716 2218 970 2269 languescet.
1019 2218 1102 2256 Aut
1133 2218 1241 2256 enim
1266 2216 1380 2256 nulla
1401 2217 1530 2256 virtus
1554 2222 1615 2256 est
1636 2222 1707 2256 aut
1728 2228 1827 2255 con-

61 2278 310 2318 temnendus
351 2281 486 2319 omnis
531 2279 661 2319 dolor.
721 2279 1044 2319 Prudentiamne
1076 2281 1137 2319 vis
1170 2293 1283 2327 esse,
1325 2279 1416 2318 sine
1448 2292 1527 2332 qua
1557 2292 1609 2318 ne
1640 2277 1826 2330 intellegi

61 2341 231 2394 quidem
264 2342 348 2381 ulla
380 2343 507 2382 virtus
540 2344 705 2394 potest?
750 2342 860 2390 Quid
893 2343 1026 2393 ergo?
1060 2356 1105 2382 ea
1128 2343 1362 2396 patieturne
1387 2347 1426 2381 te
1448 2342 1671 2394 quicquam
1692 2341 1827 2380 facere

61 2403 164 2443 nihil
196 2402 478 2456 proficientem
513 2412 552 2444 et
578 2406 735 2456 frustra
764 2405 1034 2451 laborantem,
1062 2417 1114 2443 an
1137 2405 1411 2457 temperantia
1436 2405 1545 2443 sinet
1572 2410 1611 2444 te
1641 2403 1876 2448 inmode-35

60 2471 147 2505 rate
178 2465 312 2505 facere
341 2467 578 2520 quicquam,
609 2481 660 2507 an
694 2467 772 2507 coli
805 2467 962 2507 iustitia
993 2468 1145 2519 poterit
1176 2467 1225 2506 ab
1256 2467 1426 2507 homine
1454 2471 1623 2520 propter
1648 2466 1731 2505 vim
1753 2465 1827 2505 do-

62 2528 162 2568 loris
194 2530 438 2569 enuntiante
471 2531 705 2578 commissa,
737 2529 939 2583 prodente
971 2529 1174 2577 conscios,
1206 2530 1335 2570 multa
1367 2527 1502 2569 officia
1526 2528 1827 2581 relinquente?

147 2745 177 2775 6.
204 2746 328 2784 decepis
352 2747 415 2777 GR
444 2764 477 2768 -
505 2747 535 2776 7.
562 2755 628 2778 esse
650 2755 750 2787 neqas
774 2746 798 2777 Ο
816 2765 857 2768 -
883 2746 901 2777 8
940 2746 1055 2785 inquid
1080 2747 1104 2775 G
1133 2762 1167 2767 —
1195 2744 1225 2775 9.
1253 2743 1362 2784 atque]
1388 2747 1446 2774 aut
1468 2744 1493 2774 B
1521 2760 1555 2765 —
1584 2743 1634 2774 47.
1661 2743 1830 2775 tollerari-

60 2803 121 2833 que
145 2796 207 2826 GR
232 2795 308 2834 (sed
333 2796 365 2826 in
391 2798 415 2827 G
442 2795 547 2827 altera
573 2797 584 2826 l
608 2799 737 2836 puncto
763 2796 888 2835 deleta)
918 2814 950 2818 -
981 2796 1031 2826 48.
1059 2796 1268 2836 gloriantem.
1295 2794 1384 2826 Nihil
1400 2793 1608 2825 Lambinus:
1634 2794 1830 2834 gloriantem

61 2845 138 2875 dum
161 2845 242 2876 nihil
267 2847 330 2877 CO
364 2848 470 2886 (quae
497 2845 597 2877 lectio
621 2847 725 2877 Bakio
752 2849 847 2877 recte
872 2846 1009 2877 videtur
1033 2845 1113 2876 nihil
1150 2854 1228 2876 esse
1254 2846 1317 2876 nisi
1344 2844 1508 2875 indicium
1533 2844 1649 2874 variae
1673 2843 1830 2875 lectionis

61 2895 271 2934 qloriandum
296 2904 358 2936 pro
382 2896 611 2935 gylorianlem):
645 2896 854 2936 gloriantem.
884 2895 963 2926 Tum
987 2895 1066 2926 nihil
1090 2894 1260 2926 Klotzius:
1294 2893 1560 2934 qloriabundum.
1586 2893 1675 2924 Nihil
1697 2892 1830 2924 Madvi-

63 2944 148 2982 gius.
184 2944 269 2975 «Sed
303 2945 541 2985 qloriabundus
565 2947 745 2986 quaeritur
769 2954 850 2976 num
877 2947 1019 2976 omnino
1045 2945 1224 2975 Ciceronis
1250 2952 1328 2975 esse
1353 2943 1476 2984 possit,
1512 2952 1530 2974 a
1556 2941 1661 2974 Gellio
1686 2942 1829 2974 demum

62 2995 304 3034 usurpatum.»
332 2994 388 3024 KL.
414 3011 447 3016 —-
475 2995 527 3026 2⁴.
554 2999 748 3034 aspernetur
771 2995 950 3026 Daxisius:
977 2998 1180 3033 aspernatur
1197 2995 1220 3025 C
1243 3011 1276 3016 —
1303 2994 1356 3024 ς25.
1381 2993 1539 3032 furtunae
1561 2994 1585 3023 G
1600 2993 1624 3024 R
1645 3009 1678 3015 -
1700 2993 1752 3024 26.
1771 3001 1828 3023 nec

61 3042 186 3073 malum
208 3042 330 3079 ullum,
356 3052 396 3074 ne
419 3044 445 3074 si
468 3044 499 3074 in
526 3053 627 3074 unum
650 3044 781 3082 quidem
805 3044 912 3075 locum
936 3044 1026 3074 Bake
1053 3042 1072 3073 l.
1094 3042 1113 3074 l.
1147 3052 1179 3083 p.
1199 3042 1252 3074 83.
1274 3059 1307 3065 -—
1336 3042 1388 3073 27.
1406 3045 1482 3073 sunt
1499 3042 1522 3073 C
1544 3059 1579 3064 —
1605 3041 1658 3073 ς28.
1683 3042 1763 3073 nihil
1786 3045 1832 3073 est

60 3091 158 3131 plane
181 3093 274 3123 dolor
298 3093 329 3124 in
355 3092 546 3124 verborum
572 3096 736 3124 contextu
762 3095 892 3125 omissa
917 3095 951 3124 in
976 3101 1087 3133 marg.
1115 3092 1192 3123 ead.
1221 3101 1267 3123 m.
1287 3091 1446 3132 suppleta
1472 3090 1578 3123 habet
1603 3092 1627 3122 G
1646 3109 1680 3113 —
1707 3090 1759 3122 30.
1778 3091 1831 3122 la-

62 3144 208 3172 mentare
237 3143 260 3172 G
277 3140 313 3172 R¹
347 3159 379 3163 —
414 3142 521 3173 dolere
553 3144 576 3174 C
612 3160 645 3164 —
684 3143 761 3173 dum
778 3160 796 3165 -
813 3144 890 3174 dum
907 3160 925 3165 -
942 3143 1019 3173 dum
1051 3141 1128 3172 eod.
1164 3142 1369 3173 Bernensis:
1409 3144 1511 3172 cum-
1528 3144 1596 3171 tum
1612 3158 1630 3163 -
1647 3144 1715 3172 tum
1739 3141 1763 3172 C
1791 3157 1825 3163 -

63 3188 116 3220 3⁴.
148 3190 284 3221 intueris
315 3192 338 3221 C
377 3191 584 3230 (admodum
620 3193 753 3223 recenti
783 3201 828 3223 m.
857 3201 947 3223 corr.
974 3193 1006 3222 in
1039 3192 1168 3222 intuens
1199 3190 1240 3229 R)
1281 3208 1313 3212 —
1353 3190 1405 3221 32.
1436 3191 1709 3229 contempnendus
1739 3191 1764 3220 G
1791 3207 1825 3212 —

64 3238 116 3269 35.
133 3240 261 3279 frustra
286 3241 474 3272 Lambinus
493 3244 527 3273 et
548 3241 693 3280 Bentley
711 3241 797 3279 (coll.
818 3243 859 3273 ΙΙΙ
877 3242 895 3282 ἓ
913 3242 953 3272 66
971 3241 1089 3280 et77):
1117 3249 1187 3271 om.
1209 3241 1232 3272 C
1248 3240 1272 3271 Ο
1295 3258 1327 3262 -
1349 3240 1401 3272 37.
1421 3238 1622 3280 relinquente
1641 3241 1713 3280 (aut
1728 3239 1829 3271 relin-

64 3294 213 3330 quencem
236 3293 295 3323 aut
319 3291 519 3331 relinquente
530 3291 555 3331 ?)
576 3294 618 3329 G}
644 3291 877 3331 relinquentem
895 3299 986 3323 corr.
1005 3291 1039 3323 in
1062 3290 1265 3330 relinquente
1281 3298 1361 3322 cum
1378 3290 1476 3331 signo
1493 3289 1770 3330 interrogationis
1786 3289 1824 3321 R.
