2249 3624
493 187 580 225 Lm.
612 187 661 225 u.
705 186 800 226 ομ».
833 186 1165 225 Lxur-va.
1205 184 1264 238 §§
1298 183 1546 225 155-463.
1817 180 1899 223 447

302 289 545 344 Ansaque
578 290 839 330 funestum
874 292 1086 344 primast
1123 290 1443 332 fabricarier
1474 305 1646 332 ensem

299 355 355 393 Et
385 360 600 406 gustare
635 367 773 393 manu
808 354 1038 393 vinctum
1073 354 1433 407 domitumque
1468 356 1756 394 iuvencum.

135 419 264 457 Tanta
295 416 521 468 putabatur
553 416 711 455 utilitas
735 416 893 469 percipi
918 430 939 455 e
963 417 1117 461 bubus,
1152 423 1193 455 ut
1217 430 1362 456 eorum
1387 418 1611 457 visceribus
1637 416 1744 456 vesci
1767 415 1901 455 scelus

133 479 367 520 haberetur.
428 478 568 517 LXlV.
603 479 790 529 Longum
823 484 885 517 est
918 479 1123 517 mulorum
1158 480 1351 532 persequi
1387 481 1583 519 utilitates
1615 485 1654 518 et
1676 479 1904 522 asinorum,

134 554 241 595 quae
273 546 385 580 certe
417 539 468 578 ad
510 541 726 578 hominum
760 554 878 579 usum
912 547 1079 591 paratae
1110 548 1219 580 sunt.
1281 539 1373 580 itit).
1407 544 1485 580 Sus
1518 556 1616 582 vero
1650 542 1751 594 quid
1783 541 1937 580 habet5

132 608 297 657 praeter
329 615 465 641 escam
478 604 496 641 ’ἶ
529 602 592 641 cui
626 602 819 654 quidem,
853 615 903 640 ne
928 608 1179 654 putesceret,
1209 605 1386 643 animam
1413 605 1539 657 ipsam
1564 618 1637 657 pro
1659 604 1745 643 sale
1768 603 1906 643 datam

133 665 233 705 dicit
265 678 355 704 esse
389 665 669 719 Chrysippum
713 677 793 717 qua
828 664 1005 717 pecude,
1039 666 1148 717 quod
1182 671 1268 705 erat
1298 667 1348 705 ad
1381 666 1634 705 vescendum
1667 667 1906 705 hominibus

130 733 247 780 apta,
288 726 390 766 nihil
434 728 578 779 genuit
616 732 759 766 natura
801 726 1035 765 fecundius.
1087 727 1199 773 Quid
1233 729 1540 768 multitudinem
1573 729 1907 780 suavitatemque

130 790 309 843 piscium
343 789 507 828 dicam?
541 788 641 842 quid
674 789 813 828 avium
830 792 847 828 ’ἶ
880 802 930 827 ex
964 789 1115 841 quibus
1144 795 1255 828 tanta
1280 791 1512 843 percipitur
1535 791 1749 843 voluptas,
1778 796 1824 830 ut
1846 792 1907 830 in-

131 851 294 892 terdum
336 851 522 902 ῑιρόνοια
565 856 705 890 nostra
749 852 953 904 Epicurea
991 850 1121 889 fuisse
1164 851 1367 891 videatur.
1427 855 1563 906 Atque
1595 866 1669 892 eae
1702 867 1752 892 ne
1784 860 1956 906 cape-⁴0

130 920 272 954 rentur
317 914 489 968 quidem
534 914 612 952 nisi
653 914 868 953 hominum
911 914 1072 953 ratione
1112 919 1239 966 atque
1280 914 1484 953 sollertia:
1529 928 1786 969 quamquam
1818 916 1906 955 avis

131 976 332 1031 quasdam
365 982 405 1016 et
435 977 555 1016 alites
587 981 627 1015 et
659 976 842 1023 oscines,
880 981 926 1016 ut
963 977 1093 1015 nostri
1125 988 1304 1027 augures
1335 977 1566 1029 appellant,
1608 990 1746 1017 rerum
1777 991 1908 1030 augu-

130 1039 354 1079 randarum
397 1051 519 1078 causa
559 1051 650 1078 esse
688 1044 803 1078 natas
846 1043 1054 1091 putamus.
1117 1035 1211 1077 ‘l6l.
1245 1038 1329 1078 lam
1362 1052 1460 1079 vero
1492 1040 1695 1080 immanes
1727 1046 1767 1080 et
1798 1040 1906 1080 feras

130 1102 274 1142 beluas
306 1101 585 1142 nanciscimur
615 1101 829 1149 venando,
860 1107 905 1140 ut
926 1106 966 1140 et
988 1113 1205 1140 vescamur
1227 1101 1276 1140 iis
1299 1107 1340 1141 et
1361 1115 1632 1142 exerceamur
1652 1104 1692 1142 in
1715 1103 1906 1143 venando

130 1164 182 1204 ad
214 1163 533 1203 similitudinem
566 1164 742 1204 bellicae
774 1164 1022 1216 disciplinae
1055 1168 1096 1202 et
1127 1168 1294 1202 utamur
1324 1163 1492 1204 domitis
1522 1169 1563 1204 et
1585 1166 1958 1214 condocefactis,t5

132 1232 177 1266 ut
209 1226 464 1278 elephantis,
503 1227 718 1280 multaque
752 1240 803 1266 ex
835 1240 975 1266 earum
1008 1225 1251 1278 corporibus
1284 1227 1468 1266 remedia
1500 1227 1656 1267 morbis
1689 1234 1730 1268 et
1761 1229 1907 1268 vulne-

130 1289 244 1328 ribus
277 1288 507 1335 eliciamus,
540 1289 644 1328 sicut
677 1302 728 1328 ex
749 1288 1001 1341 quibusdam
1028 1288 1228 1341 stirpibus
1251 1294 1291 1328 et
1313 1290 1471 1337 herbis,
1504 1303 1681 1343 quarum
1703 1291 1905 1331 utilitates

131 1350 349 1404 longinqui
382 1352 582 1404 temporis
616 1365 693 1390 usu
726 1357 766 1391 et
797 1351 1105 1403 periclitatione
1138 1354 1415 1405 percepimus.
1461 1353 1609 1392 Totam
1639 1353 1734 1392 licet
1755 1354 1904 1394 animis

130 1419 340 1466 tamquam
373 1413 505 1453 oculis
538 1414 712 1453 lustrare
745 1419 895 1453 terram
929 1413 1145 1466 mariaque
1168 1415 1334 1453 omnia:
1368 1428 1513 1453 cernes
1544 1415 1625 1454 iam
1658 1416 1791 1468 spatia
1821 1416 1907 1456 fru-

131 1475 262 1528 gifera
293 1481 417 1529 atque
449 1476 638 1516 inmensa
670 1489 913 1528 camporum
936 1475 1198 1528 vestitusque
1226 1477 1498 1516 densissimos
1530 1478 1748 1524 montium,
1780 1491 1906 1531 pecu-
1920 1488 1958 1518 20

131 1539 229 1577 dum
261 1544 423 1592 pastus,
457 1543 542 1578 tum
575 1538 809 1578 incredibili
842 1551 987 1578 cursus
1021 1538 1251 1578 maritimos
1283 1539 1508 1579 celeritate.
1569 1536 1662 1578 46⁴2.
1694 1541 1779 1580 Nec
1808 1554 1907 1580 vero

131 1613 257 1653 supra
289 1606 461 1648 terram,
493 1601 566 1641 sed
599 1602 722 1641 etiam
755 1601 796 1640 in
828 1601 997 1640 intumis
1029 1600 1119 1640 eius
1142 1601 1323 1641 tenebris
1350 1602 1625 1654 plurimarum
1647 1616 1787 1643 rerum
1809 1603 1910 1643 latet

131 1663 309 1710 utilitas,
343 1677 451 1717 quae
484 1663 534 1703 ad
566 1678 687 1703 usum
720 1663 935 1702 hominum
968 1668 1059 1702 orta
1090 1663 1140 1701 ab
1175 1664 1415 1704 bominibus
1447 1664 1548 1704 solis
1580 1664 1804 1706 invenitur.

244 1726 368 1765 LXV.
402 1727 509 1765 lllud
542 1740 659 1773 vero,
693 1726 804 1779 quod
838 1732 1013 1778 uterque
1037 1730 1218 1765 vestrum
1250 1727 1420 1779 arripiet
1450 1727 1625 1767 fortasse
1653 1727 1705 1767 ad
1737 1742 1910 1781 repren-

133 1787 338 1834 dendum,
372 1788 510 1835 Cotta,
543 1790 640 1842 quia
666 1788 900 1829 Carneades
922 1788 1115 1827 lubenter
1136 1787 1179 1826 in
1203 1789 1360 1828 Stoicos
1383 1789 1676 1837 invehebatur,
1709 1791 1908 1839 Velleius,
1922 1801 1959 1831 25

137 1852 237 1905 quia
277 1850 381 1890 nihil
421 1857 501 1891 tam
543 1851 697 1891 inridct
735 1852 941 1905 Epicurus
973 1864 1097 1903 quam
1130 1850 1462 1903 praedictionem
1493 1865 1631 1892 rerum
1662 1852 1911 1908 futurarum,

132 1913 234 1953 mihi
275 1913 440 1953 videtur
472 1913 536 1954 vel
578 1928 772 1954 maxume
812 1912 1058 1953 confirmare
1090 1914 1265 1953 deorum
1297 1914 1559 1967 providentia
1591 1916 1753 1956 consuli
1785 1915 1911 1957 rebus

131 1977 341 2016 humanis.
393 1977 467 2016 Est
497 1977 607 2017 enim
641 1977 829 2029 profecto
857 1976 1072 2023 divinatio,
1105 1990 1213 2029 quae
1246 1977 1384 2017 multis
1416 1977 1537 2023 locis,
1568 1978 1718 2026 rebus,
1751 1983 1912 2032 tempo-

132 2039 246 2078 ribus
269 2044 441 2092 apparet
459 2053 551 2078 cum
575 2040 615 2078 in
639 2039 830 2092 privatis,
854 2044 938 2077 tum
963 2052 1156 2078 maxume
1178 2040 1221 2077 in
1238 2039 1432 2091 publicis.
1465 2036 1558 2078 1163.
1581 2041 1714 2080 Multa
1736 2046 1911 2081 cernunt

133 2101 402 2154 haruspices,
435 2102 565 2141 multa
598 2114 776 2153 augures
808 2101 1063 2153 provident,
1094 2101 1223 2141 multa
1255 2102 1431 2141 oraculis
1464 2102 1747 2151 declarantur,
1780 2104 1909 2144 multa
1923 2115 1960 2143 30

133 2164 520 2210 vaticinationibus,
554 2165 681 2204 multa
714 2164 906 2211 somniis,
941 2164 1070 2204 multa
1102 2166 1326 2217 portentis,
1361 2165 1515 2217 quibus
1545 2166 1722 2219 cognitis
1754 2167 1910 2207 multae

136 2240 260 2280 saepe
292 2240 357 2266 res
390 2240 442 2266 ex
474 2226 691 2266 hominum
724 2227 930 2266 sententia
961 2232 1087 2280 atque
1119 2227 1298 2267 utilitate
1331 2233 1494 2280 partae,
1527 2229 1653 2268 multa
1682 2229 1806 2268 etiam
1839 2242 1911 2282 pe-

135 2289 265 2329 ricula
297 2289 474 2342 depulsa
505 2295 615 2329 sunt.
677 2290 790 2329 Haec
820 2290 951 2342 igitur
981 2291 1067 2329 sive
1099 2289 1160 2329 vis
1192 2290 1280 2330 sive
1311 2302 1378 2329 ars
1409 2291 1497 2330 sive
1528 2296 1675 2330 natura
1703 2291 1754 2330 ad
1777 2291 1911 2331 scien-

224 2463 234 2494 l
274 2464 418 2502 primast
438 2464 475 2493 V¹
493 2472 498 2493 z
523 2463 636 2503 prima
658 2467 702 2494 est
721 2464 744 2494 A
762 2464 784 2494 B
803 2464 826 2494 E
842 2463 881 2493 Ψ
900 2464 956 2501 (est
980 2472 1025 2495 m.
1048 2472 1119 2494 sec.
1141 2463 1174 2494 in
1200 2471 1321 2494 rasura
1342 2464 1381 2501 A,
1409 2471 1550 2494 erasum
1568 2464 1601 2494 in
1618 2463 1654 2503 B)
1672 2473 1678 2501 ς
1702 2465 1814 2503 prima
1836 2468 1911 2496 sunt

135 2512 223 2553 (sunt
254 2522 316 2553 pro
341 2513 381 2554 st)
408 2514 431 2545 C
457 2531 499 2536 —
530 2514 731 2553 fabricarier
759 2522 865 2544 ensem
896 2517 925 2544 et
948 2515 974 2544 A
991 2514 1013 2544 E
1040 2514 1092 2553 (er
1117 2513 1149 2544 in
1178 2521 1299 2544 rasura
1323 2512 1383 2552 A):
1414 2513 1737 2553 fabricariserensem
1760 2517 1791 2545 et
1815 2514 1912 2555 (post

133 2563 184 2603 fer
207 2571 385 2604 superscr.
410 2563 456 2601 re)
483 2564 529 2601 B;
564 2564 727 2603 fabricari
751 2565 858 2603 ferens
882 2567 964 2595 emet
988 2564 1035 2600 (ἐς
1061 2563 1225 2602 fabricari
1247 2563 1338 2603 ferro
1364 2563 1552 2603 (superscr.
1573 2563 1787 2605 fabricarier)
1804 2573 1911 2596 ensem

136 2615 166 2644 et
193 2612 220 2642 V
252 2630 285 2634 —
318 2613 351 2643 2.
376 2616 511 2653 gustare
542 2612 687 2654 *klitterae
714 2623 736 2644 u
763 2622 940 2654 superscr.
968 2614 997 2652 e]
1032 2615 1079 2650 ss;
1116 2616 1246 2654 qestare
1277 2614 1300 2644 E
1329 2629 1363 2635 —
1398 2614 1545 2644 uinctum
1570 2622 1660 2644 corr.
1688 2613 1765 2645 ead.
1794 2622 1840 2646 m.
1868 2623 1912 2646 ex

135 2663 261 2693 uictum
286 2664 309 2694 Α
329 2672 335 2699 ;
368 2662 515 2694 iunctum
546 2664 569 2693 C
586 2664 611 2693 V
643 2681 677 2686 —
706 2664 885 2694 iumentum
910 2665 933 2694 C
962 2681 995 2685 —-
1033 2663 1064 2694 3.
1086 2664 1214 2703 percipi
1237 2672 1253 2693 e
1277 2663 1378 2694 bubus
1400 2664 1427 2694 A
1442 2664 1465 2694 C
1482 2663 1530 2694 V:
1559 2664 1714 2703 per-cipue
1737 2664 1838 2695 bubus
1860 2666 1908 2702 B;

132 2713 261 2752 percipi
284 2712 337 2743 uel
361 2712 459 2744 bobus
484 2714 531 2748 E;
555 2714 684 2753 percipi
709 2722 751 2744 ea:
776 2712 873 2743 bobus
897 2714 934 2744 O.
963 2714 1011 2746 Cf.
1039 2723 1073 2754 p.
1100 2714 1176 2752 446,
1203 2713 1255 2745 32.
1285 2731 1319 2735 ——
1347 2714 1378 2745 lt.
1404 2714 1570 2744 mutorum
1590 2714 1742 2753 persequi
1766 2722 1855 2746 corr.
1876 2715 1911 2747 in

135 2763 162 2794 si
186 2763 350 2794 naulorum
372 2771 553 2802 persequar
573 2764 616 2803 B3
644 2765 722 2794 ante
746 2764 913 2794 mulorum
938 2763 1027 2795 duae
1054 2763 1188 2795 litterae
1214 2773 1336 2796 erasae
1362 2766 1443 2795 sunt
1467 2765 1498 2795 in
1518 2764 1544 2794 V
1564 2783 1607 2787 —
1630 2765 1801 2796 asinorum
1817 2774 1909 2798 corr.

137 2821 176 2844 ex
200 2821 375 2844 asenorum
401 2813 427 2842 V
451 2831 493 2836 -—
518 2814 569 2845 40.
592 2823 741 2853 pronoea
767 2812 793 2845 ‘it
809 2814 833 2844 Ο
858 2830 892 2834 -
919 2822 977 2844 eae
1002 2814 1023 2844 Β
1039 2813 1101 2844 V22
1129 2822 1208 2844 aeae
1233 2814 1294 2851 V¹;
1321 2814 1375 2844 liee
1399 2813 1464 2844 ΑΕ
1491 2814 1533 2852 (in
1560 2814 1690 2845 maiore
1715 2823 1836 2846 rasura
1862 2824 1909 2847 m.

137 2871 209 2894 sec.
237 2862 297 2901 Α);
325 2866 354 2894 te
379 2872 470 2894 corr.
498 2863 530 2894 in
555 2864 594 2906 lte
620 2864 669 2898 (‘:;
695 2864 755 2894 hae
781 2866 804 2895 0
826 2879 861 2885 —
889 2867 1092 2902 caparentur
1115 2864 1154 2893 V¹
1174 2880 1208 2885 —-
1237 2862 1288 2894 43.
1308 2866 1405 2893 natas
1428 2872 1492 2894 esse
1517 2864 1540 2893 C
1563 2880 1596 2885 —
1625 2863 1675 2895 44.
1694 2866 1913 2897 nasciscimur

137 2913 164 2943 A
192 2929 226 2934 -—
253 2912 302 2943 his
326 2913 348 2943 Β
376 2930 411 2936 -
448 2916 477 2944 et
507 2922 577 2944 om.
606 2914 644 2943 Vl
668 2931 709 2935 —
741 2914 792 2944 15.
820 2910 1039 2952 οᾶίὶοςείασιὶε
1070 2916 1106 2944 ut
1137 2913 1184 2949 B;
1217 2912 1437 2951 condocefacti
1461 2912 1525 2942 sint
1548 2912 1575 2942 V
1603 2931 1637 2935 —
1664 2915 1716 2945 Π,
1743 2915 1912 2947 eliciamus

138 2961 216 2993 cod.
243 2960 563 3001 Rehdingerianus:
592 2963 750 3002 etiqamus
774 2961 823 2998 ῥίς
852 2962 893 2993 cs.
923 2961 940 3001 g
968 2962 1041 2993 451.
1072 2979 1106 2984 -
1140 2971 1183 2993 ω)
1207 2962 1400 3001 quibusdam
1416 2979 1463 2984 ——
1479 2962 1913 3005 utilitatis--percepimus

139 3011 269 3042 Nonius
294 3019 326 3051 p.
346 3011 421 3042 2¹9.
451 3029 484 3033 —
512 3012 596 3043 erbis
619 3014 643 3042 Α
673 3029 707 3034 -—
736 3013 787 3044 48.
810 3012 1016 3051 percepimus
1040 3012 1086 3043 C:
1120 3013 1320 3051 percipimus
1344 3015 1368 3043 A
1387 3013 1408 3043 Β
1425 3012 1447 3042 E
1465 3012 1488 3041 V
1516 3029 1551 3034 —-
1580 3013 1631 3044 49.
1657 3022 1792 3046 cernens
1817 3024 1908 3048 corr.

141 3060 174 3091 in
197 3068 346 3091 cerneres
370 3060 397 3090 V
425 3079 458 3082 —
485 3061 538 3092 23.
563 3062 702 3092 utittilas
725 3063 751 3092 A
778 3079 812 3083 -—
846 3062 899 3092 26.
928 3062 1041 3091 inridit
1065 3062 1091 3092 A
1106 3061 1146 3091 V¹
1173 3078 1208 3083 —
1238 3061 1497 3100 praedictionem
1521 3062 1576 3101 (ex
1601 3065 1830 3104 correctione)
1858 3066 1909 3097 G:

140 3110 419 3149 praedicationem
443 3112 505 3142 AB
521 3111 544 3142 E
561 3110 586 3141 V
615 3129 649 3134 —
676 3112 727 3142 ¹27.
755 3120 773 3141 a
798 3111 915 3143 verbis
940 3112 1075 3143 deorum
1092 3113 1273 3151 prudentia
1297 3120 1419 3143 rursus
1444 3112 1563 3153 incipit
1587 3114 1610 3144 P
1638 3130 1672 3135 —
1699 3116 1910 3153 providentia

145 3161 246 3198 (corr.
267 3168 309 3191 ex
330 3160 517 3199 prudentia)
543 3160 570 3191 V
588 3170 593 3190 :
617 3162 793 3199 prudentia
819 3163 843 3192 Α
858 3162 881 3193 Β
897 3163 920 3191 (2
938 3162 960 3192 E
976 3163 998 3192 P
1025 3179 1059 3184 —
1086 3162 1138 3192 ΞΩ.
1164 3170 1238 3192 cum
1262 3163 1287 3191 A
1304 3162 1325 3192 Β
1342 3162 1364 3192 E
1380 3163 1402 3192 P
1419 3162 1465 3192 V:
1492 3165 1561 3193 tum
1579 3163 1603 3194 C
1631 3181 1665 3186 -
1692 3164 1727 3195 in
1751 3167 1829 3196 ante
1842 3174 1909 3205 pu-

145 3208 234 3240 blicis
257 3217 326 3240 om.
353 3207 382 3241 Ql
409 3226 443 3230 -
476 3210 528 3240 30.
553 3210 766 3249 hauruspices
791 3211 837 3247 (23
871 3212 1039 3250 aruspices
1064 3212 1086 3242 E
1111 3228 1153 3233 —-
1183 3212 1302 3242 oraclis
1331 3213 1395 3243 AB
1411 3212 1434 3243 C
1451 3212 1477 3242 V
1504 3229 1538 3234 ——
1573 3212 1626 3244 32.
1653 3221 1695 3244 ea:
1718 3214 1908 3247 Lambinus

147 3259 182 3289 et
204 3258 281 3289 cod.
309 3257 566 3299 Glogaviensis:
599 3269 669 3291 om.
696 3259 725 3292 Qt
751 3276 785 3281 —
818 3263 916 3299 atque
940 3264 1019 3292 ante
1044 3270 1201 3293 rasuram
1224 3262 1326 3293 unius
1350 3260 1485 3294 litterae
1509 3261 1617 3294 habet
1639 3263 1667 3294 Α
1701 3280 1734 3286 -
1765 3264 1909 3298 utilitate

147 3304 197 3340 at:
222 3307 380 3341 utilitates
401 3310 552 3350 Marsus,
579 3310 604 3342 Ο
632 3328 667 3333 -
693 3309 746 3342 33.
771 3310 841 3342 siue
863 3319 920 3342 ars
941 3312 1012 3343 siue
1033 3312 1087 3343 uis
1109 3311 1147 3343 C.
