2249 3624
298 147 325 191 Ξ
824 150 1251 193 AQDEmconmt
1278 150 1519 192 PRIORUM

300 263 470 317 genium
500 268 785 317 agnoscerent.
833 264 932 304 Post
961 263 1012 303 ad
1042 263 1368 304 Mithridaticum
1397 260 1553 300 bellum
1581 260 1734 299 missus
1754 271 1779 299 a
1799 264 1946 300 senatu
1964 271 2053 300 non

298 325 424 365 modo
469 326 708 379 opinionem
753 325 850 365 vicit
889 326 1094 371 omnium,
1141 338 1247 377 quae
1287 324 1337 362 de
1374 323 1526 362 virtute
1557 322 1646 361 eius
1677 326 1783 367 erat,
1824 320 1899 360 sed
1930 321 2052 361 etiam

298 388 471 441 gloriam
501 389 774 443 superiorum.
837 385 872 426 Ξ.
904 387 1034 439 quue
1066 399 1114 425 eo
1145 386 1222 425 fuit
1251 385 1504 430 mirabilius,
1547 382 1660 437 quod
1697 382 1748 422 ab
1779 395 1829 422 eo
1858 382 1949 422 laus
1977 383 2055 422 im-

296 450 505 503 peratoria
549 463 633 490 non
678 449 897 489 admodum
945 448 1285 500 exspectabatur,
1333 447 1405 500 qui
1443 445 1771 486 adulescentiam
1815 444 1859 484 in
1898 443 2056 483 forensi

267 524 449 566 supera,
482 519 728 567 quaesturae
760 511 1001 549 diuturnum
1032 516 1210 562 tempus,
1241 510 1415 549 Murena
1444 509 1599 549 bellum
1635 511 1679 549 in
1708 509 1841 548 Ponto
1873 510 2056 560 gerente,

298 575 341 615 in
370 576 468 616 Asia
498 588 600 628 pace
632 578 958 625 consumpserat.
1010 571 1091 611 Sed
1121 571 1378 612 incredibilis
1401 572 1606 626 quaedam
1637 571 1794 624 ingenii
1814 567 2056 623 magnitudo

298 650 384 677 non
423 636 675 677 desideravit
711 634 934 674 indocilem
973 648 1072 674 usus
1103 634 1379 688 disciplinam.
1438 635 1587 687 Itaque
1619 648 1710 674 cum
1744 639 1877 673 totum
1909 632 1988 671 iter
2017 634 2059 669 et

298 701 605 752 navigationem
646 697 975 749 consumpsisset
1009 697 1160 749 partim
1191 697 1234 736 in
1265 695 1551 749 percontando
1583 709 1606 736 a
1636 696 1803 749 peritis,
1833 693 1984 747 partim
2013 691 2057 731 in

297 763 421 802 rebus
453 762 579 814 gestis
610 760 821 813 legendis,
852 760 896 799 in
926 759 1066 798 Asiam
1096 758 1229 798 factus
1261 759 1487 810 imperator
1516 759 1653 805 venit,
1685 771 1777 798 cum
1799 762 1908 796 esset
1927 755 2058 794 Roma

246 837 284 864 ⁴0
297 824 507 878 profectus
538 823 597 862 rei
629 822 819 862 militaris
849 822 980 861 rudis.
1032 821 1187 860 Habuit
1217 820 1329 859 enim
1360 820 1546 859 divinam
1577 819 1785 873 quandam
1815 818 2058 858 memoriam

297 899 457 932 rerum,
489 885 709 925 verborum
740 885 939 924 maiorem
968 883 1217 923 Hortensius
1249 905 1302 909 —
1333 881 1426 929 sed,
1463 895 1548 936 quo
1579 882 1673 936 plus
1704 882 1747 920 in
1776 879 1957 932 negotiis
1989 891 2058 930 ge-

295 948 436 989 rendis
467 961 532 987 res
555 959 680 1000 quam
698 946 826 986 verba
855 953 1050 999 prosunt,
1081 945 1160 984 hoc
1182 951 1271 984 erat
1290 945 1489 985 memoria
1511 944 1583 984 illa
1604 943 1901 997 praestantior:
1933 953 2057 994 quam

294 1011 425 1051 fuisse
455 1010 498 1049 in
529 1008 833 1055 Themistocle,
870 1022 996 1061 quem
1026 1007 1148 1046 facile
1181 1006 1378 1046 Graeciae
1409 1006 1637 1059 principem
1671 1006 1886 1059 ponimus,
1917 1003 2059 1056 singu-

296 1074 425 1113 larem
454 1071 605 1112 ferunt.
652 1070 735 1119 Qui
766 1070 934 1124 quidem
967 1070 1090 1109 etiam
1121 1068 1335 1121 pollicenti
1364 1068 1524 1107 cuidam
1546 1082 1588 1107 se
1611 1074 1741 1108 artem
1762 1069 1800 1108 ei
1819 1067 2059 1112 memoriae,

250 1146 283 1175 ⁴5
298 1149 403 1190 quae
435 1142 522 1176 tum
553 1134 734 1187 primum
763 1132 1073 1186 proferebatur,
1114 1131 1361 1170 traditurum
1393 1130 1663 1183 respondisse
1693 1130 1843 1170 dicitur
1872 1128 2059 1171 oblivisci

297 1213 341 1240 se
385 1198 508 1239 malle
554 1196 735 1236 discere:
788 1194 938 1242 credo,
984 1194 1096 1247 quod
1148 1193 1379 1233 haerebant
1430 1193 1472 1232 in
1527 1193 1726 1232 memoria
1771 1204 2059 1246 quaecumque

297 1261 484 1302 audierat
525 1267 565 1301 et
605 1259 783 1298 viderat.
844 1258 934 1297 Tali
973 1257 1141 1309 ingenio
1179 1255 1394 1309 praeditus
1425 1256 1624 1295 Lucullus
1656 1256 1907 1295 adiunxerat
1936 1254 2061 1293 etiam

296 1324 431 1370 illam,
466 1335 591 1376 quam
613 1321 913 1361 Themistocles
945 1326 1172 1374 spreverat,
1206 1319 1482 1371 disciplinam.
1534 1319 1697 1372 Itaque,
1727 1324 1775 1358 ut
1794 1317 1942 1358 litteris
1964 1328 2062 1356 con-

298 1387 509 1439 signamus
550 1397 655 1437 quae
688 1383 954 1424 monimentis
987 1382 1183 1422 mandare
1214 1382 1425 1429 volumus,
1467 1382 1525 1421 sic
1556 1382 1627 1421 ille
1660 1382 1704 1421 in
1734 1381 1871 1421 animo
1902 1391 1969 1418 res
1999 1378 2063 1417 in-

247 1448 482 1501 aosculptas
522 1446 714 1486 habebat.
776 1443 812 1484 3.
853 1446 1009 1485 Tantus
1049 1457 1147 1496 ergo
1185 1444 1410 1497 imperator
1439 1445 1481 1484 in
1514 1446 1626 1484 omni
1657 1457 1809 1497 genere
1839 1442 1940 1483 belli
1968 1440 2061 1487 fuit,

296 1510 488 1564 proeliis,
531 1507 929 1562 oppugnationibus,
971 1507 1190 1546 navalibus
1231 1507 1381 1559 pugnis
1411 1507 1622 1560 totiusque
1652 1506 1753 1546 belli
1783 1506 2061 1546 instrumento

297 1580 339 1613 et
368 1573 592 1625 adparatu,
623 1578 670 1611 ut
698 1571 770 1611 ille
800 1585 876 1611 rex
906 1577 1003 1624 post
1033 1569 1317 1609 Alexandrum
1347 1582 1568 1608 maxumus
1599 1569 1710 1609 hune
1741 1582 1765 1609 a
1795 1582 1839 1608 se
1860 1567 2062 1607 maiorem

297 1635 444 1676 ducem
475 1635 684 1687 cognitum
718 1647 842 1688 quam
875 1646 1130 1687 quemquam
1163 1646 1331 1679 eorum,
1376 1645 1480 1685 quos
1511 1631 1702 1683 legisset,
1742 1631 1955 1671 fateretur.
2013 1629 2062 1667 In

299 1697 447 1737 eodem
484 1703 597 1736 tanta
639 1696 860 1750 prudentia
890 1695 969 1735 fuit
999 1697 1042 1735 in
1073 1694 1381 1735 constituendis
1413 1693 1780 1748 temperandisque
1811 1693 2063 1739 civitatibus,

246 1769 283 1799 95
299 1766 413 1800 tanta
453 1761 662 1813 aequitas,
703 1767 749 1799 ut
787 1758 911 1799 hodie
954 1765 1032 1798 stet
1062 1759 1161 1798 Asia
1190 1757 1356 1798 Luculli
1391 1757 1591 1796 institutis
1623 1757 1840 1797 servandis
1872 1762 1913 1797 et
1943 1755 2063 1810 quasi

297 1822 483 1874 vestigiis
515 1822 831 1875 persequendis.
880 1821 961 1860 Sed
994 1822 1071 1861 etsi
1102 1833 1251 1873 magna
1283 1833 1375 1859 cum
1406 1819 1584 1858 utilitate
1605 1819 1665 1858 rei
1686 1819 1893 1872 publicae,
1923 1825 2064 1859 tamen

299 1884 455 1924 diutius
487 1897 612 1938 quam
642 1883 792 1923 vellem
822 1890 936 1923 tanta
966 1885 1025 1924 vis
1047 1885 1211 1924 virtutis
1242 1890 1368 1937 atque
1399 1882 1557 1935 ingenii
1589 1883 1853 1936 peregrinata
1880 1880 1987 1922 afuit
2013 1880 2064 1920 ab

298 1947 431 1988 oculis
474 1953 512 1986 et
548 1946 628 1986 fori
668 1953 706 1986 et
744 1947 896 1986 curiae.
957 1946 1066 1994 Quin
1112 1948 1256 1993 etiam,
1298 1959 1390 1985 cum
1421 1945 1555 1984 victor
1585 1958 1609 1984 a
1638 1945 1921 1985 Mithridatico
1951 1943 2065 1984 bello

298 2009 558 2055 revertisset,
600 2009 863 2049 inimicorum
895 2009 1100 2048 calumnia
1131 2009 1310 2049 triennio
1342 2007 1499 2048 tardius
1533 2021 1659 2061 quam
1691 2007 1892 2048 debuerat
1920 2007 2067 2047 trium-

249 2072 457 2127 3ophavit..
515 2073 599 2112 Nos
644 2072 753 2112 enim
798 2071 991 2111 consules
1032 2071 1340 2111 introduximus
1372 2084 1504 2123 paene
1536 2071 1579 2110 in
1609 2070 1754 2111 urbem
1785 2084 1953 2111 currum
1983 2069 2068 2110 cla-

299 2134 469 2174 rissumi
510 2134 614 2173 viri:
656 2135 771 2174 cuius
812 2134 913 2173 mihi
954 2133 1175 2173 consilium
1216 2139 1255 2172 et
1291 2133 1516 2173 auctoritas
1548 2133 1648 2186 quid
1678 2141 1767 2174 tum
1796 2134 1840 2173 in
1871 2132 2067 2173 maximis

299 2197 422 2237 rebus
462 2195 689 2250 profuisset
727 2196 929 2244 dicerem,
974 2196 1056 2236 nisi
1096 2195 1147 2235 de
1188 2209 1253 2235 me
1285 2195 1378 2248 ipso
1410 2195 1632 2235 dicendum
1664 2200 1795 2243 esset,
1841 2195 1957 2249 quod
1987 2193 2066 2234 hoc

299 2267 485 2314 tempore
529 2272 614 2299 non
657 2265 718 2298 est
763 2271 948 2298 necesse.
1009 2259 1068 2298 Ita
1107 2257 1279 2310 privabo
1316 2258 1454 2311 potius
1496 2257 1614 2298 illum
1647 2257 1787 2298 debito
1825 2257 2065 2298 testimonio

301 2335 425 2377 quam
457 2322 500 2361 id
532 2335 626 2362 cum
658 2334 748 2361 mea
780 2321 903 2360 laude
933 2321 1253 2360 communicem.

251 2392 286 2421 35
385 2385 436 2424 Π.
468 2381 506 2423 4.
547 2384 627 2424 Sed
669 2397 774 2437 quae
811 2383 1007 2437 populari
1045 2383 1174 2436 gloria
1217 2383 1403 2424 decorari
1435 2385 1477 2424 in
1511 2383 1683 2424 Lucullo
1716 2383 1976 2432 debuerunt,
2018 2397 2068 2425 ea

299 2447 386 2487 fere
419 2453 514 2487 sunt
547 2454 586 2487 et
619 2447 787 2486 Graecis
818 2447 964 2486 litteris
997 2447 1203 2487 celebrata
1234 2454 1272 2487 et
1303 2447 1474 2487 Latinis.
1520 2448 1605 2487 Nos
1635 2455 1773 2489 autem
1802 2447 1874 2487 illa
1895 2453 2070 2487 externa

303 2523 396 2549 cum
427 2510 587 2556 multis,
620 2509 722 2549 haec
753 2509 951 2549 interiora
981 2522 1073 2549 cum
1104 2510 1248 2562 paucis
1280 2523 1333 2549 ex
1362 2510 1452 2563 ipso
1486 2523 1610 2563 saepe
1642 2510 1931 2564 cognorimus.
1980 2510 2068 2550 Ma-

301 2571 389 2611 iore
422 2572 532 2611 enim
563 2571 702 2611 studio
734 2571 932 2611 Lucullus
964 2584 1055 2611 cum
1079 2572 1189 2611 omni
1215 2571 1444 2612 litterarum
1466 2573 1630 2625 generi,
1662 2578 1752 2613 tum
1771 2571 2068 2627 philosophiae

304 2633 468 2674 deditus
498 2633 594 2681 fuit,
628 2647 753 2687 quam
784 2634 855 2687 qui
887 2634 1004 2674 illum
1035 2634 1282 2687 ignorabant
1311 2635 1640 2683 arbitrabantur,
1670 2648 1747 2676 nec
1769 2648 1869 2675 vero
1895 2636 2068 2676 ineunte

393 2871 421 2901 ί.
447 2874 675 2910 csgvzoscerens'
699 2871 724 2901 G
739 2871 762 2902 O
792 2888 825 2891 —
853 2870 1088 2901 mirridmimmz
1115 2871 1138 2902 C
1167 2888 1202 2892 —
1228 2872 1333 2902 missis
1355 2870 1433 2904 A’B'
1455 2890 1490 2895 —
1518 2871 1548 2905 4.
1575 2872 1871 2913 essm-tabamrv
1895 2873 1929 2906 in
1953 2881 2064 2914 marg.

303 2928 351 2951 m.
378 2920 415 2950 ’Ξῖ
441 2919 648 2959 spe-enitatur
673 2921 697 2951 C
725 2937 760 2942 -
791 2920 1009 2951 adul-{scenam
1034 2921 1058 2951 B
1086 2938 1122 2943 ——
1153 2921 1184 2951 ὁ.
1211 2922 1242 2951 in
1266 2923 1342 2952 Asia
1365 2931 1447 2961 poce
1469 2922 1497 2950 V
1512 2924 1555 2953 G:
1588 2924 1620 2953 in
1645 2924 1742 2955 Asine
1767 2933 1853 2964 pace
1875 2924 1940 2955 AB
1956 2923 1999 2957 E:
2032 2924 2067 2953 in

301 2970 379 3000 Asia
405 2970 436 2999 in
457 2979 539 3009 pase
564 2968 766 3001 Guilelmus.
794 2987 828 2991 —
857 2970 887 3001 ἴ.
914 2979 1006 3001 usum
1031 2969 1068 3001 B²
1094 2988 1127 2992 —
1154 2970 1184 3002 S.
1208 2973 1431 3010 percvynmndc.
1455 2972 1514 3002 Vi:
1536 2974 1756 3012 persumenda
1771 2976 1816 3012 A.
1839 2973 2069 3014 perconmszda.

302 3019 344 3050 B.
368 3021 589 3058 percs1vz›1¹eae·...i.23
614 3019 654 3047 Ῥ-
673 3036 707 3041 -
739 3018 788 3051 44,
815 3021 842 3050 ei
858 3020 885 3047 V
903 3029 981 3051 corr
1019 3029 1060 3051 ex
1077 3024 1106 3051 e?
1129 3037 1171 3042 —
1199 3022 1248 3051 ⁴7.
1267 3026 1295 3052 εἰ
1320 3022 1471 3052 audies-<it
1489 3023 1512 3053 Ο
1531 3031 1611 3054 cum
1628 3032 1697 3055 uno
1715 3023 1791 3055 cod.
1813 3024 2007 3056 Goerenzii.
2029 3039 2064 3045 —

301 3072 330 3099 ea*
355 3069 453 3100 A‘V:
487 3074 521 3099 us
544 3067 600 3101 Αἱ.
635 3076 691 3099 ‹zu-2·
715 3069 738 3100 B
768 3087 801 3091 —
831 3071 1034 3109 praedis-imm
1059 3069 1100 3097 V·
1127 3088 1161 3093 —
1198 3070 1248 3102 ⁴9.
1275 3072 1440 3110 sumptas
1463 3073 1486 3103 B
1516 3090 1550 3095 —-
1585 3073 1636 3104 it.
1658 3073 1798 3113 praeliis
1820 3074 1845 3106 B
1872 3091 1907 3096 —
1940 3074 2067 3104 unstru-

302 3119 401 3148 mcnsi
425 3118 462 3149 V.
491 3120 713 3149 insu-mnemis
737 3120 762 3149 G
788 3135 822 3140 —
851 3120 902 3150 2³5.
930 3120 1000 3150 odis
1023 3119 1064 3148 W
1087 3138 1129 3142 —
1155 3120 1205 3150 Ξῖ.
1233 3121 1328 3152 affut?
1351 3121 1391 3152 Υ.
1418 3121 1521 3156 abfuit·
1544 3120 1622 3154 ,³2³0
1649 3139 1684 3145 —
1712 3123 1763 3154 ⁴29.
1791 3124 1939 3155 uertisset
1961 3119 2003 3152 Ψ
2027 3137 2063 3143 -

302 3166 355 3198 30.
381 3166 459 3198 urbe
485 3167 521 3198 Βι
547 3185 582 3190 -—
609 3168 825 3198 cim-§manans
850 3168 892 3199 B:
919 3169 1092 3199 clarissimi
1115 3169 1179 3199 riri
1203 3172 1227 3200 A
1243 3169 1271 3194 Υ
1286 3169 1310 3201 O
1333 3187 1366 3191 —
1396 3171 1447 3202 ΒΞ.
1470 3172 1669 3209 profuissem
1692 3172 1771 3204 cod.
1789 3172 1937 3205 Eliensis
1961 3169 2062 3212 prob-

302 3217 440 3248 Dat-isio
466 3234 500 3239 —
527 3227 558 3249 es
580 3219 634 3249 sed
658 3218 698 3247 Υ·-
724 3235 758 3240 -
786 3218 838 3249 33.
865 3220 977 3257 tingue.
999 3220 1028 3248 V
1053 3235 1088 3241 —
1116 3218 1168 3250 34.
1187 3228 1260 3251 cum
1284 3228 1321 3250 eu
1339 3220 1362 3251 B
1391 3238 1426 3243 —
1453 3220 1505 3252 35.
1528 3222 1683 3262 popolari
1704 3222 1763 3265 Αἱ,
1785 3222 1939 3266 poculum·
1960 3218 2000 3254 B¹
2022 3237 2066 3245 ·—

302 3267 459 3299 detor-are
481 3267 520 3298 5⁸²
547 3285 580 3291 -
609 3267 661 3300 36.
686 3272 759 3300 sum*
781 3269 848 3307 serr·
872 3269 896 3301 Ε
922 3286 962 3291 -—
988 3269 1038 3300 33.
1065 3270 1231 3301 emer-fara
1257 3269 1282 3300 G
1309 3286 1343 3292 —
1371 3269 1422 3301 38.
1448 3279 1564 3311 yenere
1587 3272 1625 3305 C.
