2249 3624
285 105 367 146 590
997 101 1137 141 CATO
1168 101 1340 142 MAIOR

287 217 511 264 ceteraque
543 208 808 263 gravissime:
853 211 999 245 notum
1041 206 1151 245 enim
1191 207 1310 246 vobis
1342 220 1509 247 carmen
1541 213 1630 256 est3
1678 213 1719 249 et
1749 214 1887 249 tamen
1918 211 2052 264 ipsius

286 274 410 328 Appii
451 278 564 313 extat
600 271 745 309 oratio.
804 270 941 321 Atque
979 269 1084 308 haec
1121 269 1192 308 ille
1224 270 1307 322 egit
1339 270 1640 322 septemdecim
1673 272 1793 311 annis
1827 278 1922 326 post
1951 274 2054 314 alte-

285 351 377 376 rum
409 334 696 379 consulatum,
738 344 832 370 cum
872 330 983 369 inter
1024 329 1127 370 duos
1169 331 1413 371 consulatus
1455 331 1553 371 anni
1594 333 1736 373 decem
1768 334 2055 377 interfuissent

285 411 520 451 censorque
567 401 662 435 ante
710 393 971 445 superiorem
1017 392 1278 432 consulatum
1323 393 1501 441 fuisset;
1556 408 1609 434 ex
1655 408 1739 448 quo
1782 396 2053 451 intellegitur,

253 461 430 514 5Pyrrhi
472 459 582 499 bello
624 455 823 509 grandem
867 467 967 494 sane
998 453 1156 494 fuisse:
1199 461 1239 494 et
1271 461 1409 495 tamen
1442 456 1502 495 sic
1532 469 1556 496 a
1587 458 1773 509 patribus
1804 461 2054 512 accepimus.

285 522 351 563 47.
387 522 500 562 Nihil
531 521 657 573 igitur
687 517 903 563 adferunt,
936 517 1008 570 qui
1041 518 1083 555 in
1114 530 1158 557 re
1190 519 1373 570 gerenda
1404 519 1561 558 versari
1594 525 1853 560 senectutem
1885 528 2053 574 negant,

283 586 527 638 similesque
561 587 655 621 sunt
685 586 731 619 ut
763 580 796 619 si
831 580 901 632 qui
933 580 1257 631 gubernatorem
1288 581 1331 618 in
1364 580 1601 633 navigando
1627 581 1733 620 nibil
1756 595 1878 636 agere
1902 583 2053 633 dicant,

283 663 375 688 cum
407 648 476 687 alii
509 645 641 685 malos
673 643 894 688 scandant,
925 642 995 681 alii
1020 655 1094 694 per
1116 641 1226 681 foros
1250 649 1437 689 cursent,
1460 643 1530 682 alii
1556 643 1764 684 sentinam
1789 645 2051 696 exhauriant,

282 711 352 752 ille
384 711 546 750 clavum
578 713 723 746 tenens
756 704 925 758 quietus
957 704 1103 743 sedeat
1133 704 1173 743 in
1208 704 1352 756 puppi.
1403 706 1496 744 Non
1518 705 1616 745 facit
1642 719 1708 753 ea,
1732 720 1840 760 quae
1863 708 2053 758 iuvenes,

232 786 267 815 Ιιο
282 780 324 814 at
354 785 453 813 vero
487 769 616 809 multo
651 767 807 807 maiora
839 771 880 805 et
911 766 1082 806 meliora
1113 766 1225 806 facit.
1278 768 1368 806 Non
1392 768 1549 806 viribus
1576 773 1647 807 aut
1670 769 1959 811 velocitatibus
1981 777 2054 812 aut

283 836 496 877 celeritate
528 842 748 883 corporum
780 842 846 868 res
878 842 1054 880 magnae
1086 834 1299 881 geruntur,
1332 830 1403 868 sed
1438 830 1633 876 consilio,
1665 833 1928 880 auctoritate,
1959 847 2053 873 sen-

282 899 439 939 tentia:
485 895 637 949 quibus
669 905 753 931 non
787 891 910 931 modo
943 905 1028 930 non
1061 892 1219 937 orbari,
1265 891 1338 930 sed
1372 892 1497 931 etiam
1529 894 1673 944 augeri
1706 901 1899 934 senectus
1931 896 2051 936 solet.

282 959 347 1001 ll8.
380 960 465 999 Nisi
496 957 601 997 forte
634 968 710 1007 ego
745 954 885 1001 vobis,
925 953 997 1007 qui
1039 959 1079 992 et
1118 953 1238 992 miles
1270 958 1310 992 et
1340 954 1534 993 tribunus
1571 960 1611 993 et
1641 955 1802 1007 legatus
1834 963 1875 996 et
1905 958 2052 997 consul

279 1028 470 1063 versatus
502 1033 592 1059 sum
625 1019 667 1057 in
700 1017 814 1056 vario
846 1029 999 1069 genere
1032 1016 1252 1062 bellorum,
1287 1029 1450 1055 cessare
1484 1030 1593 1056 nunc
1624 1018 1784 1065 videor,
1817 1032 1910 1058 cum
1942 1019 2052 1060 bella

231 1101 266 1127 45
282 1100 364 1126 non
397 1097 510 1138 gero.
570 1082 621 1120 At
653 1080 816 1119 senatui
850 1092 956 1133 quae
989 1078 1071 1117 sint
1102 1077 1286 1130 gerenda
1317 1079 1559 1130 praescribo
1593 1085 1633 1119 et
1667 1094 1750 1133 quo
1773 1081 1922 1128 modo,
1950 1082 2053 1122 Kar-

280 1147 438 1200 thagini
477 1145 585 1184 male
627 1144 707 1182 iarn
749 1142 818 1181 diu
861 1141 1059 1194 cogitanti
1098 1141 1254 1179 bellum
1298 1141 1425 1180 multo
1468 1148 1564 1182 ante
1607 1143 1838 1190 denuntio,
1888 1145 1938 1184 de
1970 1158 2053 1198 qua

277 1210 412 1251 vereri
445 1221 529 1247 non
561 1212 654 1246 ante
687 1204 875 1244 desinam
909 1216 1035 1256 quam
1059 1203 1171 1241 illam
1196 1204 1377 1242 excisam
1402 1217 1494 1243 esse
1519 1218 1771 1257 cognovero.
1826 1203 1889 1245 49.
1915 1207 2051 1255 Quam

277 1275 460 1328 palmam
498 1270 656 1309 utinam
698 1267 739 1306 di
771 1265 1040 1312 inmortales,
1081 1265 1244 1317 Scipi0‚
1287 1265 1363 1305 tibi
1394 1272 1629 1314 reservent,
1672 1272 1719 1307 ut
1749 1269 1816 1308 avi
1847 1269 2050 1323 reliquias

278 1333 557 1390 persequarel
594 1331 712 1371 cuius
744 1343 766 1369 a
798 1334 930 1368 morte
962 1328 1108 1367 tertius
1141 1328 1207 1367 hic
1239 1333 1280 1367 et
1311 1329 1545 1369 tricesimus
1577 1343 1711 1370 annus
1745 1335 1827 1378 est,
1860 1331 1933 1371 sed
1966 1345 2052 1371 me-

227 1411 264 1440 ‘20
280 1399 451 1439 moriam
491 1396 603 1434 illius
642 1393 717 1432 viri
757 1405 902 1431 omnes
942 1391 1154 1443 excipient
1185 1391 1284 1429 anni
1318 1398 1642 1445 consequentes.
1702 1393 1823 1433 Anno
1854 1400 1951 1434 ante
1983 1408 2049 1435 me

277 1473 496 1502 censorem
531 1462 720 1496 mortuus
753 1461 827 1501 est,
859 1467 1010 1493 novem
1043 1453 1162 1492 annis
1195 1458 1289 1506 post
1320 1467 1459 1493 meum
1482 1455 1761 1502 consulatum,
1785 1469 1879 1495 cum
1903 1456 2050 1497 consul

277 1526 428 1565 iterum
460 1535 524 1561 me
557 1519 728 1559 consule
761 1523 923 1557 creatus
956 1523 1077 1555 esset.
1130 1517 1235 1554 Num
1270 1516 1418 1569 igitur,
1451 1517 1483 1556 si
1515 1517 1567 1556 ad
1600 1519 1872 1558 centesimum
1895 1531 2050 1559 annum

276 1588 464 1631 vixisset,
496 1582 724 1624 senectutis
758 1593 852 1620 eum
885 1592 982 1619 suae
1014 1578 1280 1630 paeniteret?
1327 1579 1411 1618 Nec
1434 1579 1544 1619 enim
1568 1580 1819 1619 excursione
1842 1594 1919 1620 nec
1941 1581 2051 1621 saltu

276 1665 355 1691 nec
387 1649 550 1689 eminus
583 1645 711 1685 hastis
744 1649 814 1683 aut
845 1641 1078 1681 comminus
1111 1641 1261 1693 gladiis
1294 1646 1500 1689 uteretur,
1533 1642 1606 1682 sed
1639 1642 1840 1690 consilio,
1871 1645 2049 1692 ratione,

225 1723 262 1754 -25
278 1712 501 1754 sententia.
548 1709 664 1756 Quae
699 1707 776 1746 nisi
810 1710 950 1745 essent
980 1704 1023 1742 in
1056 1703 1239 1748 senibus,
1273 1717 1355 1742 non
1388 1717 1596 1743 summum
1621 1704 1843 1744 consilium
1869 1706 2049 1746 maiores

277 1776 407 1816 nostri
447 1772 729 1826 appellassent
767 1773 971 1808 senatum.
1032 1764 1099 1804 ⁶20.
1132 1766 1253 1819 Apud
1285 1767 1644 1806 Lacedaemonios
1677 1767 1848 1820 quidem
1882 1768 1934 1816 ii,
1977 1769 2049 1822 qui

276 1837 579 1890 amplissimum
615 1833 900 1884 magistratum
934 1834 1101 1882 gerunt,
1134 1834 1179 1867 ut
1211 1834 1329 1874 sunt,
1362 1829 1421 1868 sic
1454 1829 1576 1868 etiam
1610 1830 1881 1869 nominantur
1913 1844 2049 1871 senes.

277 1899 400 1949 Quod
442 1899 476 1937 si
518 1897 657 1949 legere
698 1901 768 1934 aut
806 1892 952 1933 audire
994 1891 1142 1930 voletis
1180 1897 1376 1938 externa,
1419 1892 1622 1931 maximas
1665 1905 1732 1931 res
1771 1891 1959 1944 publicas
1997 1893 2049 1933 ab

275 1960 617 2003 adulescentibus
650 1957 933 2001 labefactatas,
965 1967 986 1993 a
1019 1953 1191 1993 senibus
1225 1959 1477 1992 sustentatas
1510 1959 1551 1993 et
1583 1955 1793 1993 restitutas
1816 1955 2049 2007 reperietis.

224 2035 261 2064 3ο
447 2023 606 2069 Cedo,
651 2021 736 2074 qui
777 2023 999 2058 vestram
1041 2030 1140 2056 rem
1181 2016 1450 2069 publicam
1493 2021 1688 2055 tantam
1728 2016 1993 2057 amisistis

1205 2084 1302 2118 tam
1345 2079 1483 2118 cito?

364 2212 392 2242 l.
412 2214 456 2241 est
479 2210 566 2241 enim
589 2207 680 2238 uobis
703 2214 838 2237 carmen
863 2206 873 2235 Ι
896 2222 930 2226 --
957 2207 1114 2235 ettamen
1139 2204 1181 2235 C:
1211 2201 1327 2233 malim
1345 2203 1458 2238 etiam,
1479 2203 1561 2233 item
1581 2200 1667 2233 infra
1685 2203 1747 2233 v.5
1767 2219 1801 2224 —
1830 2206 1924 2234 extat
1947 2203 2049 2244 ipsius

272 2263 363 2303 appii
389 2263 400 2292 1
430 2279 458 2283 —
498 2261 527 2290 2.
548 2259 616 2298 apii
642 2258 665 2288 E
688 2274 720 2278 ——
748 2257 827 2287 haec
852 2255 1026 2286 BElPS¹z
1053 2254 1138 2284 lianc
1164 2251 1230 2284 RS'2
1250 2270 1282 2274 —-
1311 2253 1537 2291 septemdecim
1562 2252 1704 2292 scripsi:
1731 2255 1851 2291 septem
1875 2253 1983 2284 decem
2009 2254 2046 2292 C,

271 2313 405 2352 septimo
423 2311 544 2341 decimo
570 2316 657 2338 anno
682 2307 702 2336 S
728 2314 834 2343 corr„
862 2307 980 2343 septem
997 2307 1025 2334 et
1042 2304 1150 2334 decem
1174 2304 1219 2335 0:
1247 2302 1289 2333 cs.
1310 2311 1360 2333 or.
1383 2302 1482 2333 Verr.
1504 2302 1541 2336 V,
1561 2302 1581 2342 ᾗ
1597 2301 1658 2333 124
1683 2310 1733 2333 or.
1752 2301 1837 2334 Phil.
1860 2303 1897 2340 V,
1917 2303 1989 2342 §49
2009 2321 2044 2326 —

272 2371 377 2394 annos
401 2362 438 2398 C¹
467 2368 555 2401 quae
583 2357 683 2389 lectio
708 2356 858 2387 suadere
884 2354 1024 2385 videtur
1049 2355 1084 2383 ut
1109 2353 1386 2392 septimodecimo
1403 2361 1491 2383 anno
1515 2352 1691 2383 scribatur
1717 2369 1750 2373 —
1778 2351 1808 2383 3.
1829 2352 2049 2391 interfuissent

267 2422 329 2453 per
353 2411 597 2450 quinquaqinta
621 2415 725 2437 annos
749 2413 928 2443 censorque
953 2405 962 2435 1
999 2422 1032 2426 —
1068 2403 1100 2435 4.
1125 2406 1202 2434 ante
1225 2403 1349 2434 consul.
1375 2412 1446 2441 sup.
1474 2403 1517 2436 R.
1550 2412 1620 2442 sup.
1649 2406 1724 2433 ante
1747 2402 1870 2433 consul.
1899 2402 1923 2433 E
1947 2421 1991 2426 —
2013 2404 2044 2435 5.

269 2463 396 2504 yransle
423 2463 444 2492 Ι)
461 2478 503 2482 —
528 2463 556 2489 ec
578 2462 686 2489 tamen
713 2458 756 2487 il:
783 2465 827 2487 an
853 2456 975 2486 etiam?
1003 2471 1036 2475 —
1066 2454 1095 2484 6.
1117 2457 1268 2484 asserunt
1293 2454 1303 2483 Ι
1332 2469 1366 2475 -
1395 2453 1425 2484 7.
1445 2453 1630 2490 similesque
1645 2456 1720 2483 sunt
1745 2461 1815 2483 om.
1836 2453 1928 2489 BlS,
1953 2452 2048 2484 haud

270 2515 343 2544 scio
369 2520 411 2542 an
439 2512 533 2541 recte
561 2526 594 2530 —
631 2508 664 2538 ιἰι
688 2506 882 2546 manigaudo
907 2513 976 2535 om.
997 2504 1035 2541 S,
1063 2503 1125 2534 sed
1152 2502 1353 2543 suppletum
1379 2504 1411 2533 in
1439 2511 1548 2542 marg.
1576 2511 1622 2533 m.
1651 2503 1792 2542 antiqua
1820 2520 1854 2525 -
1881 2502 1929 2533 nil
1951 2510 2050 2543 agere

269 2563 295 2594 B
323 2580 355 2583 —
385 2562 497 2592 dicunt
523 2559 602 2590 BlP
631 2575 664 2579 —
693 2558 723 2588 8.
743 2556 903 2587 scandunt
929 2555 952 2585 Β
982 2571 1015 2576 -
1042 2553 1129 2592 sores
1151 2556 1283 2583 cut-sent
1307 2553 1331 2583 E
1357 2561 1448 2583 corr.
1468 2553 1501 2582 in
1526 2552 1615 2591 foros
1638 2553 1797 2582 cursitent
1823 2569 1857 2573 —
1885 2552 1914 2583 9.
1934 2553 1986 2584 ille
2004 2554 2046 2585 P:

269 2612 322 2643 ille
345 2614 455 2641 autem
479 2610 502 2639 B
519 2610 541 2639 E
558 2609 567 2638 Ι
584 2609 606 2638 R
622 2607 700 2643 SO,
734 2606 797 2637 sed
823 2606 847 2636 O
872 2603 1006 2643 [autem]
1035 2620 1068 2624 -—
1104 2603 1208 2641 faciat
1234 2603 1257 2633 C
1293 2620 1327 2625 —-
1367 2602 1419 2633 40.
1446 2602 1548 2633 multo
1573 2610 1643 2632 om.
1665 2602 1687 2632 Ρ
1715 2618 1749 2623 -
1774 2602 1856 2641 facit
1879 2602 1919 2633 S:
1944 2603 2050 2643 saciat

269 2662 421 2693 BEIPR
449 2677 484 2680 —
517 2658 646 2689 uiribus
669 2666 734 2687 non
758 2656 860 2686 ueloc.
888 2655 911 2685 B
936 2671 978 2675 —-
1003 2653 1175 2683 uelocitate
1200 2653 1223 2683 E
1251 2670 1285 2673 —
1322 2653 1373 2683 42.
1399 2661 1465 2683 non
1488 2653 1584 2683 modo
1608 2651 1722 2682 orbari
1747 2652 1838 2682 BES
1871 2669 1905 2673 —
1941 2651 1993 2684 43,
2019 2655 2049 2684 et

269 2712 330 2751 leq.
358 2714 386 2742 et
410 2709 485 2740 trib.
513 2709 538 2739 R
565 2725 599 2729 —
628 2706 680 2738 44.
706 2715 778 2736 sum
803 2713 872 2735 om.
893 2702 930 2734 R¹
957 2719 991 2724 -
1022 2703 1178 2732 ludorum
1202 2699 1239 2732 B¹
1264 2720 1306 2725 -—
1333 2703 1383 2733 715.
1411 2706 1486 2733 sunt
1510 2703 1563 2733 BS
1591 2718 1625 2724 —
1653 2702 1834 2741 Karlayini
1857 2702 1943 2734 male
1966 2702 2044 2734 ER:

268 2797 449 2836 Karlayini
474 2794 668 2835 (car-taqini)
693 2793 747 2824 cui
770 2792 856 2823 male
881 2791 903 2822 B
920 2792 942 2822 P
957 2791 996 2826 S,
1031 2790 1095 2821 sed
1120 2791 1154 2821 in
1179 2791 1199 2821 S
1224 2790 1277 2821 cui
1302 2799 1467 2822 erasum:
1494 2759 1670 2830 cartagine
1693 2789 1908 2820 resistendum
1930 2789 1971 2820 sit
1993 2788 2047 2820 cui

268 2849 355 2880 male
380 2849 389 2878 l
413 2865 446 2869 -
476 2847 525 2877 ¹16.
545 2845 706 2884 coyz'lanli
722 2843 861 2873 ¹mullum
888 2844 968 2874 (om.
985 2840 1111 2877 belluim
1135 2841 1158 2872 R
1180 2858 1212 2861 —
1242 2840 1360 2871 bellum
1384 2840 1553 2879 inferatur
1575 2840 1677 2870 mulio
1704 2839 1727 2870 E
1749 2856 1782 2860 -
1811 2839 1863 2869 47.
1882 2840 2046 2870 eaecissam

269 2897 461 2929 Lambinus
492 2915 523 2918 -
554 2896 604 2926 is.
624 2895 670 2924 dii
688 2894 746 2925 CO
776 2911 809 2914 -
839 2891 890 2922 49.
910 2892 962 2922 hic
978 2892 1094 2922 tertius
1112 2892 1148 2925 R.
1176 2895 1288 2921 scmus
1303 2890 1355 2921 liic
1379 2889 1610 2930 probabiliter
1627 2889 1801 2921 Manutius
1820 2889 1853 2919 in
1871 2888 2044 2929 frequenti

269 2947 474 2978 confusione
500 2952 730 2976 numerorum
755 2943 802 2973 III
824 2943 858 2972 ct
886 2941 927 2971 UI
957 2957 990 2962 ——
1026 2944 1048 2972 t.
1069 2941 1119 2970 liic
1144 2949 1251 2971 annus
1275 2944 1303 2971 et
1327 2941 1510 2971 tricesimus
1533 2941 1545 2971 l
1580 2940 1614 2961 -“
1651 2939 1837 2979 triqesimus
1861 2938 1884 2969 E
1919 2955 1954 2960 —
1989 2937 2042 2969 20.

267 2998 437 3036 excipiant
462 2995 486 3026 E
514 3013 548 3016 —
578 2995 628 3024 21.
648 2992 761 3023 consul
785 2993 828 3023 R:
855 2990 952 3021 simul
976 2991 1087 3021 consui
1112 2990 1258 3021 BEIPS
1286 2990 1322 3024 1E
1347 2991 1444 3021 simui
1467 2991 1586 3021 iterum
1610 2990 1737 3028 consul)
1767 3005 1800 3009 —
1829 2988 1882 3019 23.
1907 2988 2045 3018 uixisset

268 3054 393 3077 annum
419 3046 443 3075 R
472 3062 505 3065 —
529 3046 712 3084 paeniteret
739 3044 786 3073 R:
812 3042 969 3081 peniteret
993 3042 1118 3076 BIPS,
1142 3049 1237 3079 poen.
1266 3040 1367 3078 limo
1397 3057 1430 3062 —
1459 3039 1511 3071 ⁶24.
1538 3039 1686 3071 cominus
1708 3039 1732 3069 B
1763 3055 1796 3060 -
1823 3039 1876 3069 25.
1901 3037 2043 3068 maiores

267 3096 372 3126 nostri
398 3096 429 3124 in
456 3094 480 3125 E
505 3103 581 3134 sup.
610 3093 666 3124 lin.
709 3110 742 3114 —
782 3092 834 3122 ⁶26.
861 3091 893 3121 hi
918 3092 974 3129 qui
1000 3091 1023 3122 C
1052 3090 1113 3127 (liii
1131 3089 1170 3128 Β)
1211 3107 1245 3111 -
1293 3090 1345 3120 28.
1373 3094 1432 3120 auc
1456 3090 1569 3121 EPR:
1601 3089 1652 3119 uel
1677 3088 1750 3119 BlS
1790 3104 1825 3109 -
1862 3092 2042 3117 maxumas

268 3146 290 3176 S
317 3162 351 3167 —
378 3153 430 3174 res
453 3146 482 3174 el
502 3143 592 3181 publ.
621 3143 631 3172 Ι
666 3160 699 3164 -
734 3141 774 3172 ab
798 3141 1019 3172 adolescentia
1043 3141 1063 3170 S
1102 3157 1137 3161 —
1175 3140 1226 3170 29.
1254 3138 1433 3177 labefactas
1457 3138 1504 3169 IO
1543 3156 1578 3160 —
1614 3142 1643 3169 et
1665 3136 1835 3168 restitutas
1858 3143 1927 3166 om.
1953 3134 1974 3165 S
2001 3148 2036 3155 —

268 3194 320 3226 30.
341 3193 441 3224 caedo
466 3194 501 3229 P,
527 3193 603 3223 cedo
630 3192 652 3223 E
678 3191 797 3222 addito
812 3200 888 3231 sup.
909 3189 966 3221 lin.
985 3191 1037 3220 die
1056 3207 1091 3212 —
1118 3189 1194 3220 cedo
1218 3198 1287 3220 rem
1308 3188 1400 3228 publ.
1420 3189 1477 3227 qui
1500 3191 1646 3219 vestram
1669 3189 1799 3219 tantam
1823 3185 1950 3217 amistis
1971 3188 2040 3215 tam

267 3244 330 3275 cito
355 3242 487 3283 Kochly
511 3243 546 3273 in
572 3241 787 3274 «Vermischte
808 3241 936 3273 Blacter
957 3248 1022 3272 zur
1046 3238 1387 3278 Gymnasialreform»
1413 3239 1444 3278 1,
1470 3246 1506 3279 p.
1524 3238 1597 3269 405.
