2249 3624
331 154 413 197 420
936 154 1008 194 DE
1037 152 1263 194 DEORUM
1291 153 1509 194 NATURA

332 275 387 302 ex
415 261 567 302 fabulis
598 260 676 301 tria
706 272 836 312 regna
866 258 1013 299 divisa.
1062 260 1213 300 Datum
1245 263 1307 299 est
1336 259 1465 312 igitur
1494 259 1708 312 Neptuno,
1750 258 1869 298 alteri
1898 258 2025 305 Iovis,
2054 263 2102 300 ut

330 324 497 372 volunt,
527 323 666 370 fratri,
700 322 953 361 maritimum
986 335 1107 361 omne
1129 335 1325 374 regnum,
1357 334 1596 374 nomenque
1627 321 1898 373 productum,
1928 325 1973 360 ut
2002 321 2102 360 Por-

330 390 456 426 tunus
487 399 510 425 a
542 390 686 437 portu,
719 384 778 423 sic
807 384 1028 436 Neptunus
1059 396 1083 422 a
1109 384 1268 430 nando,
1300 383 1471 436 paulum
1503 383 1648 436 primis
1679 383 1828 423 litteris
1859 382 2100 427 immutatis.

329 449 514 487 Terrena
543 451 684 486 autem
716 445 779 485 vis
811 445 945 484 omnis
979 450 1106 498 atque
1137 450 1285 485 natura
1307 446 1388 485 Diti
1411 445 1518 498 patri
1542 445 1734 485 dedicata
1755 450 1836 493 est,
1869 445 1941 499 qui
1961 445 2102 495 Dives,

297 514 374 548 tiut
403 509 515 562 apud
546 508 726 548 Graecos
757 507 983 555 Πλούτων,
1017 508 1116 561 quia
1146 512 1187 547 et
1216 508 1411 548 recidunt
1436 508 1575 547 omnia
1605 508 1648 547 in
1679 513 1810 548 terras
1841 513 1882 548 et
1912 508 2104 549 oriuntur

328 584 350 610 e
382 571 514 610 terris.
568 570 643 610 Cui
683 575 847 622 nuptam
886 571 1022 609 dicant
1052 569 1366 623 Proserpinam,
1399 570 1512 623 quod
1545 570 1800 611 Graecorum
1830 584 1985 611 nomen
2016 577 2102 621 est;

327 645 377 672 ea
408 633 519 672 enim
551 637 632 680 est,
675 646 782 685 quae
814 631 1081 685 Περσεφόνη
1114 633 1272 673 Graece
1311 633 1564 680 nominatur,
1604 646 1729 686 quam
1758 633 1928 687 frugum
1958 648 2104 675 semen

327 708 420 735 esse
452 695 598 735 volunt
628 694 999 748 absconditamque
1031 696 1175 748 quaeri
1206 708 1229 735 a
1261 700 1390 735 matre
1410 693 1586 748 fingunt.
1637 694 1703 735 67.
1726 697 1859 737 Mater
1878 703 2018 737 autem
2041 702 2105 738 est

326 770 350 797 a
380 757 577 809 gerendis
607 756 795 810 frugibus
829 757 973 804 Ceres,
1005 763 1218 810 tamquam
1251 757 1402 804 Geres,
1435 771 1619 811 casuque
1645 758 1779 811 prima
1800 759 1939 798 littera
1960 758 2104 799 itidem

275 819 558 867 ioimmutata,
591 825 638 860 ut
667 833 691 858 a
723 819 915 868 Graecis3
959 833 1053 859 nam
1085 819 1135 859 ab
1167 819 1250 859 illis
1282 833 1451 873 quoque
1482 820 1685 873 Δημήτηρ
1720 821 1841 874 quasi
1869 822 1935 871 Γῆ
1964 821 2102 876 μήτηρ

324 882 538 922 nominata
568 887 642 922 est.
692 882 778 921 Iam
812 882 885 935 qui
917 895 1068 934 magna
1088 887 1265 922 verteret
1286 883 1471 929 Mavors,
1502 884 1691 922 Minerva
1712 887 1874 930 autem,
1908 896 2015 936 quae
2037 884 2105 924 vel

325 945 531 985 minueret
560 945 626 986 vel
657 945 899 984 minaretur.
950 945 1119 985 XXVII.
1150 945 1337 998 Cumque
1368 945 1411 983 in
1434 945 1628 985 omnibus
1650 945 1776 985 rebus
1797 945 1882 986 vim
1901 944 2105 987 haberent

324 1020 564 1047 maxumam
603 1008 738 1060 prima
769 1012 811 1047 et
842 1012 1046 1054 extrema,
1086 1007 1318 1061 principem
1349 1007 1392 1046 in
1424 1007 1699 1048 sacrificando
1730 1008 1877 1047 Ianum
1909 1021 2001 1049 esse
2032 1022 2104 1049 vo-

323 1068 513 1117 luerunt,
546 1070 660 1123 quod
691 1067 743 1109 ab
775 1069 913 1110 eundo
944 1084 1100 1109 nomen
1132 1075 1194 1110 est
1225 1069 1412 1118 ductum,
1445 1083 1499 1109 ex
1521 1084 1605 1123 quo
1632 1070 1902 1110 transitiones
1932 1071 2102 1124 perviae

275 1132 406 1172 45iani
436 1132 634 1186 foresque
665 1132 708 1172 in
739 1132 952 1172 liminibus
985 1132 1256 1185 profanarum
1287 1131 1456 1172 aedium
1487 1133 1638 1172 ianuae
1669 1132 1954 1174 nominantur.
1997 1135 2102 1175 Nam

324 1195 474 1235 Vestae
506 1209 660 1235 nomen
691 1209 715 1235 a
746 1195 915 1235 Graecis
942 1217 997 1223 —
1019 1208 1067 1234 ea
1099 1198 1162 1234 est
1192 1194 1322 1242 enim,
1355 1209 1462 1248 quae
1495 1195 1546 1235 ab
1576 1195 1660 1235 illis
1685 1196 1842 1236 ζΕστία
1863 1196 2016 1237 dicitur
2035 1222 2102 1246 -,

322 1259 386 1299 vis
431 1264 582 1298 autem.
610 1258 700 1298 eius
740 1257 792 1298 ad
834 1270 926 1297 aras
958 1263 998 1297 et
1026 1256 1144 1297 focos
1176 1257 1366 1310 pertinet.
1417 1258 1565 1311 Itaque
1597 1257 1639 1297 in
1673 1271 1721 1298 ea
1753 1258 1849 1307 dea,
1892 1259 2008 1313 quod
2040 1266 2104 1302 est

323 1335 463 1361 rerum
504 1326 644 1360 custos
684 1320 962 1367 intumarum,
1006 1320 1141 1360 omnis
1173 1324 1214 1359 et
1243 1321 1426 1372 precatio
1459 1326 1500 1360 et
1530 1317 1777 1361 sacrificatio
1809 1327 1996 1363 extrema
2026 1329 2102 1364 est.

324 1381 391 1423 68.
413 1384 497 1423 Nec
528 1383 650 1436 longe
674 1384 824 1423 absunt
845 1383 896 1422 ab
918 1382 995 1422 hac
1017 1382 1056 1422 vi
1078 1382 1119 1422 di
1140 1383 1316 1422 Penates
1339 1383 1426 1423 sive
1454 1396 1477 1423 a
1498 1397 1610 1437 penu
1632 1383 1758 1423 ducto
1781 1385 1949 1425 nomine
1966 1408 2018 1414 ——
2040 1390 2104 1427 est

272 1458 309 1489 20
325 1446 437 1486 enim
469 1459 611 1494 omne,
645 1460 727 1499 quo
760 1450 985 1486 vescuntur
1014 1444 1226 1493 homines,
1258 1459 1392 1498 penus
1423 1468 1479 1474 -—
1508 1446 1595 1486 sive
1617 1446 1668 1485 ab
1691 1459 1759 1494 eo,
1792 1447 1905 1500 quod
1935 1449 2102 1501 penitus

322 1509 528 1557 insident,
574 1523 627 1549 ex
668 1522 751 1561 quo
791 1508 915 1548 etiam
956 1508 1194 1561 penetrales
1234 1521 1258 1548 a
1296 1508 1434 1560 poetis
1474 1513 1687 1548 vocantur.
1769 1510 1856 1550 Iam
1894 1511 2101 1564 Apollinis

323 1586 478 1614 nomen
511 1578 572 1612 est
593 1572 817 1618 Graecum,
849 1584 974 1624 quem
1006 1571 1135 1611 solem
1163 1584 1254 1611 esse
1285 1571 1451 1619 volunt,
1491 1572 1668 1611 Dianam
1698 1577 1838 1613 autem
1870 1579 1911 1614 et
1939 1575 2102 1615 Lunam

325 1635 501 1676 eandem
539 1648 631 1675 esse
674 1638 840 1687 putant,
888 1647 981 1673 cum
1028 1634 1090 1674 sol
1132 1634 1268 1674 dictus
1316 1634 1391 1681 sit,
1440 1634 1506 1675 vel
1541 1635 1639 1688 quia
1674 1635 1790 1675 solus
1823 1649 1876 1676 ex
1905 1637 2099 1678 omnibus

325 1699 529 1740 sideribus
559 1702 620 1738 est
650 1702 790 1736 tantus
822 1696 886 1736 vel
916 1700 1031 1750 quia,
1060 1711 1153 1737 cum
1182 1702 1245 1736 est
1272 1701 1471 1744 exortus,
1501 1697 1731 1738 obscuratis
1765 1699 1958 1739 omnibus
1984 1699 2099 1740 solus

273 1766 519 1814 25apparet‚
551 1760 671 1800 Luna
700 1773 724 1799 a
753 1759 935 1799 lucendo
968 1760 1182 1800 nominata
1214 1760 1287 1807 sit3
1320 1760 1466 1799 eadem
1498 1765 1560 1799 est
1590 1761 1701 1800 enim
1733 1761 1905 1802 Lucina.
1936 1763 2098 1817 Itaque,

324 1830 370 1864 ut
399 1823 511 1877 apud
546 1823 727 1863 Graecos
757 1822 935 1862 Dianam
966 1836 1142 1875 eamque
1174 1822 1428 1870 Luciferam,
1467 1823 1525 1862 sic
1557 1823 1668 1876 apud
1699 1829 1862 1864 nostros
1894 1825 2098 1865 Iunonem

325 1887 525 1926 Lucinam
556 1886 599 1925 in
630 1885 832 1938 pariendo
864 1885 1079 1933 invocant,
1111 1898 1219 1939 quae
1251 1885 1397 1926 eadem
1418 1886 1549 1925 Diana
1579 1886 1798 1939 omnivaga
1820 1886 1983 1935 dicitur,
2015 1901 2099 1928 non

326 1962 350 1990 a
370 1948 576 1996 venando,
599 1948 672 1988 sed
696 1947 810 2001 quod
832 1948 873 1987 in
897 1953 1056 2001 septem
1078 1954 1321 1988 numeratur
1342 1954 1556 2002 tamquam
1575 1949 1835 2001 vagantibus.
1877 1947 1944 1989 63.
1965 1951 2100 1991 Diana

327 2010 458 2059 dicta,
490 2012 590 2065 quia
620 2016 746 2051 noctu
778 2012 898 2064 quasi
927 2010 1036 2050 diem
1068 2008 1273 2057 efficeret3
1305 2010 1526 2050 adhibetur
1556 2016 1697 2051 autem
1718 2011 1771 2051 ad
1797 2017 1955 2064 partus,
1987 2012 2099 2066 quod

274 2085 312 2116 3ο
326 2075 354 2115 ii
385 2080 669 2115 maturescunt
698 2079 770 2114 aut
800 2080 961 2127 septem
992 2087 1077 2113 non
1108 2086 1337 2126 numquam
1369 2078 1462 2121 aut,
1495 2079 1538 2113 ut
1567 2074 1834 2127 plerumque,
1866 2088 2017 2115 novem
2035 2075 2100 2115 lu-

327 2151 406 2179 nae
439 2137 646 2185 cursibus,
681 2138 751 2191 qui
776 2137 873 2191 quia
906 2150 1050 2177 mensa
1071 2135 1204 2190 spatia
1227 2133 1452 2175 conficiunt
1482 2148 1648 2175 menses
1670 2136 1951 2178 nominantur.
1993 2138 2101 2178 Con-

326 2201 556 2254 omneque,
594 2205 640 2240 ut
670 2200 819 2247 multa,
858 2200 1072 2247 Timaeus,
1114 2200 1185 2252 qui
1217 2212 1309 2239 cum
1346 2199 1387 2238 in
1419 2199 1593 2238 historia
1625 2199 1822 2247 dixisset,
1863 2213 1946 2253 qua
1976 2204 2100 2240 nocte

327 2269 449 2304 natus
490 2262 729 2303 Alexander
765 2268 894 2310 esset,
938 2262 1082 2303 eadem
1123 2262 1280 2303 Dianae
1316 2262 1525 2316 Ephesiae
1557 2261 1759 2315 templum
1790 2261 2098 2314 dessagravisse,

412 2382 443 2412 4.
471 2381 571 2412 alteri
595 2380 616 2419 (i
640 2380 673 2411 in
697 2388 819 2410 rasura
845 2379 995 2411 duarum
1019 2379 1228 2416 litterarum)
1253 2381 1299 2410 A:
1332 2380 1476 2410 alterurn
1499 2379 1522 2410 B
1539 2380 1562 2410 C
1579 2378 1624 2411 E:
1656 2378 1760 2409 altero
1786 2379 1808 2409 P
1824 2378 1890 2410 VO
1916 2378 1945 2419 (ο
1969 2379 2002 2409 in
2027 2386 2096 2410 ras.

326 2431 426 2463 duar.
452 2430 513 2462 litt.
540 2431 578 2471 V)
608 2448 642 2453 —
677 2433 711 2460 ut
734 2430 886 2460 uolumus
910 2428 951 2460 W
980 2447 1013 2451 —
1048 2430 1078 2460 3.
1103 2433 1203 2469 porta
1228 2430 1250 2460 B
1268 2430 1291 2461 C
1309 2431 1331 2461 P
1360 2432 1461 2469 (corr.
1490 2438 1531 2461 ex
1551 2433 1651 2468 porta
1675 2429 1774 2469 BC):
1802 2431 1904 2468 porta
1927 2427 2034 2459 AEV
2061 2445 2096 2450 —-

322 2483 450 2521 primas
479 2479 520 2511 V¹
556 2498 593 2503 —
631 2479 662 2512 4.
691 2480 832 2510 Terrena
862 2482 973 2511 autem
991 2496 1039 2501 -—
1057 2489 1072 2511 e
1096 2482 1192 2511 terris
1224 2480 1358 2512 Probus
1384 2480 1403 2511 l.
1431 2479 1452 2511 l.
1487 2498 1522 2503 —
1560 2481 1592 2511 5.
1618 2482 1654 2510 ut
1685 2487 1863 2520 superscr.
1890 2486 1938 2509 m.
1965 2485 2036 2509 sec.
2063 2477 2099 2509 in

327 2531 351 2563 C
382 2549 414 2553 —
442 2534 522 2571 aput
545 2531 569 2561 B
585 2530 608 2561 E
637 2547 672 2552 -
696 2529 811 2568 platon
836 2527 865 2560 *21
893 2547 927 2551 —-
955 2530 1103 2560 recidant
1127 2532 1152 2561 A
1171 2531 1203 2561 et
1222 2530 1357 2561 Probus
1375 2540 1381 2560 ε
1406 2530 1557 2561 recidant
1580 2530 1603 2560 B
1620 2530 1643 2561 C
1660 2529 1683 2560 E
1699 2531 1722 2560 P
1736 2529 1763 2559 V
1778 2529 1802 2560 Ο
1822 2546 1856 2550 -
1877 2531 2015 2558 terram.
2034 2526 2098 2558 Sed

327 2582 374 2618 C;
402 2585 526 2613 terram
549 2581 603 2611 sed
627 2581 673 2615 P;
700 2579 796 2609 terris
818 2581 847 2609 et
872 2578 896 2609 E
925 2596 959 2600 —
987 2580 1142 2611 oriantur
1165 2583 1191 2611 A
1206 2582 1229 2611 Β
1246 2582 1269 2612 C
1286 2582 1309 2611 P
1325 2581 1349 2610 V
1377 2582 1410 2611 et
1435 2579 1591 2612 Probus:
1619 2580 1802 2610 orianlium
1826 2578 1873 2613 E;
1899 2578 2056 2609 oriantur
2072 2577 2097 2608 O

328 2650 363 2654 —
392 2631 422 2662 6.
449 2631 502 2662 σαὶ
523 2630 754 2669 proserpinam
778 2630 842 2660 AB
858 2629 881 2660 E
898 2629 942 2666 V;
969 2631 1022 2660 cui
1044 2633 1240 2670 proserpina
1265 2632 1287 2662 C
1304 2633 1349 2663 P:
1378 2631 1406 2661 Is
1430 2631 1542 2669 rapui!
1566 2630 1798 2669 Proserpinam
1822 2637 1840 2659 e
1866 2628 1987 2659 codice
2013 2627 2099 2660 Maf-

325 2682 391 2714 faei
417 2682 453 2713 O.
480 2679 771 2721 Supplementum
795 2682 934 2717 nuptam
956 2680 1068 2710 dicunt
1092 2680 1242 2711 debetur
1266 2680 1378 2711 codici
1403 2680 1508 2719 Regio
1533 2679 1678 2717 Davisii,
1710 2679 1745 2710 in
1770 2687 1838 2719 quo
1863 2678 2022 2710 additum
2046 2678 2100 2709 est

327 2733 406 2772 post
430 2740 546 2761 nomen
569 2733 625 2761 est.
655 2747 689 2751 —
718 2730 804 2768 qaod
828 2729 1032 2760 Graecorum
1057 2731 1091 2760 et
1115 2739 1153 2760 ea
1177 2731 1262 2761 enim
1286 2733 1330 2761 est
1354 2738 1424 2761 om.
1450 2730 1473 2760 C
1494 2746 1527 2751 -
1556 2729 1587 2760 7.
1612 2729 1781 2768 persesone
1803 2731 1830 2760 A
1846 2728 1869 2759 B
1885 2728 1908 2760 C
1923 2727 1963 2766 V,
1985 2735 2099 2767 perse·-

322 2782 428 2820 phone
445 2781 470 2811 E
497 2797 532 2802 —
560 2779 590 2810 9.
610 2788 720 2810 caeres
736 2781 763 2810 A
790 2797 823 2801 —
854 2780 904 2809 iO.
925 2779 1177 2819 demeterquasi
1193 2783 1334 2819 yemeler
1350 2778 1378 2811 Ql
1404 2796 1438 2801 —
1468 2779 1518 2809 112.
1544 2778 1661 2810 habere
1688 2779 1715 2808 V
1742 2797 1775 2801 —
1804 2777 1856 2809 43.
1879 2773 1991 2817 prima
2015 2777 2039 2809 C
2061 2794 2097 2800 —

328 2831 380 2862 44.
401 2830 486 2868 quod
501 2829 670 2859 habeundo
686 2830 713 2859 A
734 2845 768 2849 —-
787 2828 911 2858 dictum
926 2828 949 2859 C
978 2846 1012 2850 —
1042 2830 1092 2859 1¹5.
1113 2830 1244 2859 aeduini
1261 2830 1359 2860 ianae
1377 2829 1401 2860 C
1430 2846 1464 2850 —
1493 2828 1544 2860 116.
1570 2832 1656 2859 uesle
1681 2830 1705 2859 A
1720 2829 1743 2859 B
1760 2829 1784 2860 C
1800 2828 1827 2858 V
1847 2845 1880 2850 -
1899 2827 2029 2868 praecis
2044 2824 2095 2859 ⁶11:

329 2881 464 2912 Graecis
487 2883 531 2910 esc
556 2878 763 2916 Lambinus,
791 2878 815 2909 O
837 2895 870 2900 —-
897 2878 999 2908 hestia
1022 2880 1048 2909 A
1065 2879 1088 2909 C
1105 2879 1128 2910 E
1145 2879 1189 2914 V;
1216 2881 1320 2910 aeslia
1337 2880 1360 2910 B
1382 2895 1416 2901 —
1448 2878 1498 2909 Π.
1527 2880 1611 2917 quod
1633 2879 1698 2910 AB
1714 2879 1738 2909 C
1754 2878 1840 2909 PV:
1867 2887 1928 2918 que
1945 2878 1987 2914 E,
2013 2884 2100 2916 quae

329 2930 353 2960 Ο
382 2948 415 2952 -
444 2930 494 2960 49.
521 2929 615 2968 longe
639 2930 718 2959 ante
745 2936 904 2959 rasuram
930 2927 1078 2958 duarum
1104 2927 1298 2959 litterarum
1323 2930 1350 2959 A
1370 2946 1404 2950 —
1431 2929 1501 2960 uidi
1525 2937 1617 2960 corr.
1642 2929 1675 2959 in
1700 2929 1769 2959 diui
1792 2929 1815 2959 B
1836 2945 1870 2949 —
1897 2928 1997 2959 ductu
2020 2926 2098 2959 PV¹

329 2998 365 3002 —
392 2980 444 3010 20.
471 2982 603 3010 uescant
626 2982 652 3009 A
669 2980 689 3010 P
706 2975 744 3008 W
771 2996 806 3000 -—
834 2977 885 3009 24.
912 2978 1008 3008 Luna
1032 2987 1053 3008 a
1077 2978 1213 3009 lacendo
1236 2979 1420 3017 nominata,
1447 2979 1560 3010 eadem
1583 2979 1712 3009 Lucina
1728 2995 1778 3001 -—
1794 2986 1916 3010 menses
1937 2975 2099 3009 nominati

328 3028 464 3060 Probus
482 3027 502 3059 l,
520 3027 540 3059 1,
556 3037 589 3068 p.
606 3028 658 3058 ΞΟ.
676 3045 708 3050 -—
728 3028 781 3058 QG.
802 3031 881 3066 aput
907 3029 984 3067 post
1000 3030 1035 3058 uc
1060 3028 1083 3058 B
1100 3028 1123 3058 E
1148 3045 1183 3049 —
1207 3031 1289 3066 aput
1305 3030 1384 3068 post
1400 3029 1446 3059 sic
1461 3029 1486 3059 A
1506 3045 1540 3051 —
1562 3032 1689 3059 nostros
1712 3029 1737 3059 Α
1751 3028 1775 3058 Β
1789 3027 1814 3059 Ε
1827 3027 1874 3058 V:
1901 3031 2031 3059 nostras
2046 3027 2094 3064 C;

326 3087 387 3110 nos
410 3078 434 3109 O
462 3095 496 3100 -
532 3078 570 3108 28
608 3078 662 3108 sed
693 3078 781 3116 quod
808 3086 934 3116 semper
956 3080 1104 3116 vayalw·
1128 3081 1300 3116 tamquam
1323 3078 1518 3110 venantibus
1542 3077 1687 3109 Probus.
1717 3095 1752 3100 —
1783 3080 1981 3108 numeratur
2003 3083 2094 3107 corr.

328 3137 375 3160 m.
402 3136 475 3159 sec.
501 3129 534 3158 in
558 3132 748 3158 numeretur
771 3127 797 3157 V
825 3144 859 3149 -
888 3127 940 3157 29.
966 3127 1054 3165 quod
1076 3127 1099 3157 ii
1124 3135 1214 3158 corr.
1243 3136 1289 3158 m.
1315 3136 1388 3158 sec.
1409 3137 1450 3159 ex
1475 3128 1574 3167 quodi
1598 3128 1646 3165 V;
1673 3127 1761 3166 quod
1785 3127 1973 3167 (superscr.
1991 3124 2025 3165 ii)
2049 3125 2093 3162 B;

329 3177 415 3216 quod
440 3178 625 3217 (superscr.
645 3178 687 3216 hi)
714 3178 737 3208 C
756 3187 762 3215 ;
788 3186 853 3218 qao
877 3177 919 3215 dy
944 3177 990 3215 E;
1018 3177 1041 3207 ii
1065 3185 1134 3208 om.
1155 3177 1300 3209 Probus.
1324 3195 1358 3199 —
1379 3177 1430 3209 30.
1451 3187 1516 3208 ηοη
1539 3186 1688 3217 unquam
1716 3177 1740 3209 C
1756 3176 1781 3208 E
1802 3192 1837 3198 —
1862 3178 1899 3206 ut
1921 3183 1993 3206 om.
2011 3175 2096 3206 Pro-

328 3227 408 3258 bus.
437 3244 472 3249 —
504 3227 556 3258 33.
582 3230 660 3257 esset
682 3227 872 3258 Alexander·
896 3228 920 3257 O
949 3245 982 3249 —
1017 3227 1137 3257 dianae
1160 3227 1356 3265 ephesianae
1379 3228 1425 3264 A}
1459 3224 1562 3257 diana
1586 3225 1699 3267 effesia
1722 3224 1763 3265 (ἃ
1783 3227 1933 3265 utroque
1957 3222 2036 3256 loco
2059 3223 2094 3255 in

329 3277 461 3317 rasura)
486 3277 530 3317 B,
565 3276 685 3308 dianae
707 3277 824 3316 esesiae
848 3277 896 3317 C,
930 3277 1050 3308 dianae
1072 3276 1177 3316 effesio
1200 3276 1245 3317 E,
1278 3276 1399 3309 dianae
1423 3277 1552 3316 effesiae
1576 3277 1604 3308 V
1630 3294 1665 3299 —
1691 3275 1808 3316 templo
1832 3284 1922 3308 corr.
1948 3283 1991 3308 ex
2012 3277 2094 3307 tem-
