2249 3624
386 175 468 218 372
986 176 1056 216 DE
1085 175 1309 216 DEORUM
1340 176 1556 217 NATURA

388 284 561 324 alterum
594 287 702 322 certe
733 295 819 322 non
849 287 1005 336 potest,
1036 288 1083 322 ut
1113 282 1205 336 plus
1226 296 1309 322 una
1332 295 1431 322 vera
1453 282 1518 322 sit.
1569 283 1639 322 III.
1664 282 1757 331 Qua
1778 283 1947 336 quidem
1967 283 2009 322 in
2032 297 2156 324 causa

389 353 430 387 et
458 345 687 387 benevolos
720 345 1006 397 obiurgatores
1037 345 1201 398 placare
1234 350 1274 384 et
1304 344 1469 384 invidos
1491 345 1795 398 vituperatores
1818 345 2035 385 confutare
2066 359 2161 400 pos-

389 423 552 456 sumus,
586 413 632 447 ut
660 407 813 447 alteros
845 406 1165 460 reprehendisse
1197 407 1434 459 paeniteat,
1473 407 1594 446 alteri
1625 407 1824 447 didicisse
1856 421 1899 448 se
1930 407 2160 460 gaudeant3

388 485 484 512 nam
516 470 585 524 qui
618 469 845 510 admonent
874 470 1025 516 amice,
1058 468 1236 507 docendi
1270 474 1386 515 sunt,
1421 469 1492 522 qui
1522 469 1690 508 inimice
1722 469 1995 518 insectantur,
2026 471 2162 525 repel-

356 533 515 573 5lendi.
577 531 614 570 6.
646 531 818 571 Multum
851 536 990 570 autem
1021 531 1193 570 fluxisse
1214 530 1338 570 video
1370 530 1421 570 de
1452 528 1568 571 libris
1601 531 1776 579 nostris,
1809 546 1913 585 quos
1935 533 2162 586 compluris

387 595 505 635 brevi
537 600 723 647 tempore
746 593 973 640 edidimus,
1004 593 1250 646 variumque
1274 605 1513 632 sermonem
1536 593 1685 646 partim
1708 593 2018 642 admirantium,
2049 595 2162 636 unde

387 657 466 697 hoc
494 656 823 710 philosophandi
852 655 974 695 nohis
1006 655 1143 695 subito
1175 655 1358 694 studium
1391 655 1622 703 extitisset,
1653 656 1826 708 partim,
1858 657 1961 710 quid
1993 671 2163 711 quaque

388 719 439 758 de
479 733 523 759 re
563 720 664 759 certi
704 718 972 765 haberemus,
1019 718 1125 757 scire
1164 718 1436 770 cupientium.
1481 718 1625 758 Multis
1667 719 1792 758 etiam
1830 721 1944 760 sensi
1974 720 2168 761 mirabile.

388 781 522 822 videri
564 794 653 820 eam
684 781 804 821 nobis
844 780 1110 833 potissimum
1142 779 1355 833 probatam
1389 793 1481 819 esse
1511 780 1846 834 philosophiam,
1888 795 1996 836 quae
2026 782 2164 822 lucem

339 856 374 884 40
390 845 569 897 eriperet
601 848 641 883 et
672 844 791 897 quasi
823 848 990 883 noctem
1022 842 1234 896 quandam
1278 842 1403 881 rebus
1435 840 1692 890 offunderet,
1733 843 2010 898 desertaeque
2042 844 2166 884 disci-

388 906 529 959 plinae
560 911 601 944 et
630 906 711 945 iam
742 905 906 959 pridem
937 905 1108 945 relictae
1139 904 1417 958 patrocinium
1448 904 1746 958 necopinatum
1777 919 1799 945 a
1831 906 1952 946 nobis
1974 920 2067 947 esse
2098 920 2166 946 su-

389 974 591 1021 sceptum.
637 968 723 1008 Nos
754 975 891 1009 autem
923 982 1002 1008 nec
1033 969 1171 1008 subito
1203 969 1418 1021 coepimus
1450 968 1739 1022 philosophari
1767 984 1844 1010 nec
1867 969 2120 1009 mediocrem
2141 982 2165 1009 a

387 1033 523 1085 primo
555 1037 743 1085 tempore
775 1032 923 1071 aetatis
954 1032 996 1070 in
1029 1044 1077 1071 eo
1111 1031 1249 1071 studio
1282 1044 1451 1084 operam
1485 1044 1713 1084 curamque
1745 1033 2079 1085 consumpsimus
2110 1036 2164 1079 et,

389 1109 481 1134 cum
512 1095 680 1134 minime
700 1094 959 1141 videbamur,
990 1098 1075 1133 tum
1108 1094 1287 1133 maxime
1316 1092 1732 1146 philosophabamur,
1757 1093 1869 1148 quod
1892 1100 1932 1135 et
1953 1094 2163 1134 orationes

337 1168 373 1196 ⁴5
389 1158 604 1198 declarant
643 1156 822 1197 refertae
862 1155 1212 1209 philosophorum
1254 1155 1474 1195 sententiis
1507 1161 1548 1194 et
1579 1156 1916 1197 doctissimorum
1946 1157 2163 1197 hominum

386 1220 712 1267 familiaritates,
745 1219 898 1272 quibus
932 1232 1097 1271 semper
1119 1217 1267 1257 domus
1298 1223 1440 1257 nostra
1467 1218 1626 1266 floruit,
1660 1225 1701 1258 et
1721 1220 1934 1273 principes
1956 1219 2037 1267 illi,
2067 1220 2165 1259 Dio-

388 1283 535 1330 dotus,
567 1282 697 1329 Philo,
731 1281 982 1328 Antiochus,
1015 1280 1288 1327 Posidonius,
1322 1293 1345 1320 a
1368 1280 1520 1333 quibus
1544 1280 1723 1321 instituti
1747 1296 1905 1322 sumus.
1956 1280 1994 1321 7.
2025 1283 2097 1330 Et,
2129 1282 2164 1322 si

388 1347 528 1386 omnia
571 1342 863 1398 philosophiae
909 1348 1133 1396 praecepta
1172 1342 1409 1382 referuntur
1449 1344 1501 1382 ad
1542 1343 1691 1391 vitam,
1737 1345 1987 1384 arbitramur
2015 1358 2093 1385 nos
2125 1350 2166 1384 et

385 1409 567 1463 publicis
599 1413 640 1447 ct
670 1407 842 1460 privatis
874 1407 917 1445 in
948 1405 1073 1445 rebus
1105 1418 1151 1444 ea
1185 1405 1463 1458 praestitisse,
1496 1418 1603 1458 quae
1634 1406 1742 1446 ratio
1765 1413 1805 1447 et
1833 1406 2023 1447 doctrina
2044 1420 2166 1460 prae-

336 1480 372 1509 20
388 1471 613 1524 scripserit.
678 1470 745 1509 IV.
787 1469 859 1509 Sin
899 1474 1038 1508 autem
1078 1469 1172 1521 quis
1213 1468 1407 1521 requirit,
1450 1480 1558 1520 quae
1600 1481 1725 1508 causa
1764 1483 1840 1509 nos
1880 1469 2084 1523 inpulerit
2119 1476 2166 1510 ut

385 1535 489 1575 haec
520 1540 603 1574 tam
636 1546 730 1572 sero
762 1532 912 1571 litteris
944 1531 1255 1577 mandaremus,
1298 1530 1403 1569 nihil
1446 1535 1509 1570 est
1549 1529 1663 1583 quod
1701 1532 1900 1584 expedire
1930 1538 2014 1572 tam
2044 1532 2165 1572 facile

385 1597 612 1651 possimus.
663 1597 766 1634 Nam
797 1608 891 1634 cum
923 1595 1008 1634 otio
1041 1594 1339 1646 langueremus
1371 1598 1411 1633 et
1440 1593 1474 1632 is
1507 1598 1617 1632 esset
1646 1594 1706 1633 rei
1729 1594 1920 1646 publicae
1941 1600 2088 1643 status,
2119 1601 2166 1636 ut

387 1674 477 1700 eam
518 1659 642 1699 unius
686 1657 861 1697 consilio
907 1664 1033 1709 atque
1066 1670 1162 1696 cura
1193 1656 1416 1710 gubernari
1448 1668 1619 1695 necesse
1651 1662 1782 1704 esset,
1824 1658 2004 1711 primum
2034 1659 2165 1712 ipsius

386 1722 448 1762 rei
479 1721 671 1774 publicae
703 1733 827 1759 causa
869 1719 1184 1772 philosophiam
1217 1719 1370 1758 nostris
1400 1718 1639 1757 hominibus
1672 1719 1965 1771 explicandam
1997 1721 2164 1774 putavi,

335 1784 527 1837 25magni
568 1783 811 1823 existimans
856 1782 1060 1821 interesse
1103 1782 1155 1821 ad
1197 1781 1325 1821 decus
1365 1786 1405 1820 et
1443 1781 1494 1819 ad
1533 1779 1702 1820 laudem
1733 1781 1934 1830 civitatis,
1980 1797 2047 1824 res
2078 1789 2162 1823 tam

387 1846 523 1901 gravis
560 1852 728 1899 tamque
767 1845 1003 1898 praeclaras
1043 1845 1201 1884 Latinis
1233 1844 1357 1884 etiam
1389 1843 1537 1883 litteris
1569 1843 1788 1882 contineri.
1849 1843 1888 1883 8.
1918 1845 2067 1899 quue
2098 1858 2164 1885 me

386 1910 524 1949 minus
562 1908 740 1948 instituti
782 1908 862 1947 mei
903 1908 1108 1960 paenitet,
1151 1907 1262 1960 quod
1304 1905 1422 1946 facile
1462 1905 1612 1952 sentio,
1657 1919 1782 1958 quam
1814 1907 2041 1947 multorum
2077 1921 2161 1948 non

347 1999 354 2007 -
386 1971 510 2013 modo
543 1971 745 2019 discendi,
777 1971 850 2010 sed
884 1971 1008 2010 etiam
1042 1969 1253 2010 scribendi
1276 1968 1415 2009 studia
1439 1968 1758 2017 commoverin13
1791 1969 2026 2023 complures
2050 1971 2162 2010 enim

388 2036 555 2075 Graecis
587 2034 921 2074 institutionibus
955 2033 1107 2072 eruditi
1132 2045 1197 2078 ca,
1231 2045 1337 2084 quae
1361 2031 1612 2078 didicerant,
1646 2044 1739 2070 cum
1762 2032 1921 2072 civibus
1943 2033 2030 2073 suis
2053 2046 2165 2073 com-

335 2105 372 2135 3ο
387 2098 598 2138 municare
630 2109 715 2136 non
747 2101 967 2148 poterant,
1014 2096 1128 2148 quod
1160 2095 1252 2141 illa,
1296 2107 1402 2147 quae
1434 2107 1457 2133 a
1490 2093 1659 2133 Graecis
1691 2095 1976 2148 accepissent,
2017 2096 2164 2135 Latine

389 2161 471 2200 dici
502 2173 625 2213 posse
658 2157 909 2199 diffiderent.
962 2159 1055 2206 Quo
1096 2160 1139 2198 in
1171 2171 1324 2211 genere
1357 2162 1517 2196 tantum
1548 2156 1777 2208 profecisse
1810 2157 2024 2205 videmur,
2065 2162 2110 2198 ut
2139 2170 2165 2197 a

388 2223 557 2262 Graecis
600 2236 653 2262 ne
691 2223 915 2262 verborum
958 2221 1128 2275 quidem
1169 2221 1288 2273 copia
1326 2219 1600 2258 vinceremur.
1652 2217 1688 2257 9.
1721 2219 1894 2259 Hortata
1926 2220 2051 2259 etiam
2083 2224 2164 2266 est,

386 2292 433 2326 ut
477 2299 542 2325 me
582 2284 633 2324 ad
676 2285 779 2324 haec
820 2284 1070 2331 conferrem,
1115 2283 1242 2323 animi
1283 2281 1522 2334 aegritudo,
1567 2280 1758 2321 fortunae
1795 2295 1945 2334 magna
1977 2287 2018 2322 et
2047 2281 2165 2335 gravi

388 2353 597 2389 commota
628 2347 797 2388 iniuria.
843 2347 960 2387 cuius
993 2348 1025 2387 si
1058 2347 1260 2386 maiorem
1291 2345 1474 2396 aliquam
1506 2342 1758 2383 levationem
1791 2345 1975 2397 reperire
2007 2343 2165 2397 potuis-

335 2418 372 2446 35
389 2426 496 2458 sem,
529 2424 614 2450 non
647 2410 696 2450 ad
731 2412 836 2450 hanc
868 2410 1133 2463 potissimum
1167 2407 1463 2460 ‹eonfugissem.
1514 2406 1574 2445 Ea
1604 2420 1704 2446 vero
1736 2406 1827 2459 ipsa
1857 2406 1972 2445 nulla
2002 2405 2164 2445 ratione

391 2475 539 2514 melius
570 2473 651 2512 frui
683 2473 800 2525 potui
833 2486 959 2525 quain
992 2472 1025 2511 si
1058 2486 1123 2511 me
1155 2484 1241 2510 non
1272 2470 1396 2509 modo
1429 2469 1480 2508 ad
1512 2468 1713 2521 legendos
1744 2469 1893 2517 libros,
1933 2467 2007 2509 sed
2040 2469 2165 2508 ctiam

389 2535 439 2577 ad
472 2542 599 2576 totam
629 2535 939 2588 philosophiam
963 2532 1295 2588 pertractandam
1320 2531 1541 2571 dedissem.
1575 2530 1730 2571 Omnes
1752 2537 1889 2571 autem
1912 2531 2003 2570 eius
2023 2535 2165 2583 partes

388 2605 512 2652 atque
554 2598 693 2637 omnia
733 2597 918 2636 membra
958 2603 1047 2636 tum
1083 2595 1296 2635 facillume
1327 2600 1581 2640 noscuntur,
1622 2607 1717 2634 cum
1748 2599 1861 2633 totae
1894 2592 2164 2646 quaestiones

390 2660 612 2701 scribendo
645 2659 931 2712 explicantur;
966 2664 1028 2698 est
1059 2659 1170 2698 enim
1203 2654 1462 2697 admirabilis
1486 2655 1690 2709 quaedam
1722 2655 1984 2695 continuatio
2015 2654 2166 2694 series-

337 2728 375 2758 40
391 2737 472 2776 que
503 2737 661 2770 rerum,
692 2727 737 2761 ut
767 2721 848 2761 alia
881 2735 933 2761 ex
964 2721 1047 2760 alia
1078 2733 1189 2759 nexa
1229 2725 1270 2760 et
1301 2732 1447 2759 omnes
1478 2719 1585 2758 inter
1616 2731 1659 2758 se
1691 2724 1812 2771 aptae
1844 2718 2164 2771 conligataeque

388 2785 622 2825 videantur.
683 2785 730 2824 V.
764 2781 827 2822 ⁴10.
863 2783 946 2832 Qui
978 2788 1117 2823 autem
1147 2782 1387 2836 requirunt,
1421 2780 1522 2834 quid
1555 2793 1726 2834 quaque
1759 2781 1810 2820 de
1835 2794 1879 2820 re
1910 2780 1991 2834 ipsi
2011 2779 2165 2820 sentia-

477 3007 507 3037 4.
533 3016 616 3038 uera
640 3016 746 3048 supra
770 3015 915 3038 versum
940 3005 1049 3038 habet
1066 3007 1090 3037 Α
1111 3023 1145 3028 -
1173 3005 1204 3037 2.
1232 3005 1396 3037 beniuolos
1412 3002 1441 3037 91
1461 3020 1495 3026 -
1518 3003 1548 3035 5.
1569 3004 1751 3043 cumplures
1767 3003 1790 3035 Α
1806 3002 1850 3042 Β;
1878 3012 1952 3035 cum
1970 3003 2086 3044 plures
2102 3003 2163 3036 CE

393 3072 427 3077 -
455 3056 486 3087 6.
511 3060 640 3095 partem
663 3058 714 3088 A¹.
741 3058 835 3088 Inter
864 3057 990 3096 partim
1015 3057 1049 3087 et
1073 3055 1313 3086 admirantium
1337 3063 1406 3085 una
1432 3055 1567 3085 duaeve
1594 3053 1728 3085 litterae
1755 3053 1839 3093 (sort.
1870 3055 1909 3093 et)
1936 3062 2058 3086 erasae
2083 3055 2164 3086 sunt

388 3105 421 3136 in
447 3105 471 3135 B
500 3123 535 3127 —
562 3107 787 3137 amum-antur
812 3107 835 3138 C
865 3124 899 3128 -
927 3106 980 3137 47.
1003 3106 1209 3145 possidonius
1233 3106 1255 3136 Β
1272 3105 1295 3136 C
1312 3104 1335 3135 E
1364 3122 1397 3126 —
1434 3105 1484 3136 Ἡ.
1507 3105 1670 3144 possimus
1695 3112 1786 3135 corr.
1814 3113 1856 3135 ex
1874 3112 2050 3144 possumus
2071 3103 2096 3135 B
2124 3120 2160 3126 —-

386 3156 414 3185 is
438 3155 481 3185 ss:
508 3154 597 3185 hisA
615 3156 657 3190 C;
683 3156 711 3186 si
736 3156 759 3186 E
781 3174 815 3178 -
842 3156 896 3187 ¹23.
923 3165 997 3187 eam
1021 3164 1111 3186 corr.
1139 3163 1186 3186 ni.
1213 3163 1283 3185 sec.
1311 3154 1345 3185 in
1370 3156 1483 3185 cumA
1506 3171 1539 3175 —
1566 3153 1620 3185 24,
1646 3162 1784 3184 causam
1806 3149 1884 3185 B¹C
1905 3170 1940 3176 -—
1963 3153 2017 3185 28.
2035 3153 2162 3184 discen-

387 3205 484 3235 disset
514 3204 614 3235 etiam
645 3205 681 3235 13¹
717 3222 752 3226 —
785 3206 837 3237 32.
874 3206 1010 3244 quidam
1039 3208 1062 3236 Α
1100 3221 1134 3226 -
1168 3207 1213 3234 esc
1243 3204 1344 3235 etiam
1377 3206 1402 3235 O
1437 3221 1470 3226 —
1505 3204 1557 3235 35.
1583 3204 1670 3234 hunc
1695 3203 1720 3234 C
1748 3220 1783 3225 —
1814 3202 1866 3234 37.
1895 3203 2007 3234 Omnis
2029 3202 2095 3234 AC
2122 3217 2158 3224 -

387 3252 440 3285 40.
467 3253 536 3283 alia
561 3262 603 3284 ea:
626 3253 701 3284 aliis
723 3262 810 3285 nessa
835 3253 887 3292 B¹;
915 3255 1004 3286 aliae
1027 3263 1069 3286 er
1092 3253 1168 3286 aliis
1190 3261 1297 3284 nexae
1322 3252 1388 3284 alii.
1418 3254 1508 3294 <post
1531 3262 1621 3285 nexa
1644 3254 1677 3285 in
1702 3256 1793 3285 Am.
1812 3253 2056 3285 recentissima
2077 3250 2159 3284 add.

387 3302 528 3342 racione)
557 3319 589 3326 —
618 3302 671 3334 411.
698 3303 777 3342 quid
799 3304 887 3335 AB:
915 3304 1003 3345 quod
1026 3304 1102 3337 (ΣΕ.
