2249 3624
304 167 358 210 30
831 172 1260 214 ACADEMICORUM
1289 172 1530 214 PRIORUM

303 286 519 327 insistere!
565 286 711 339 Itaque
742 284 984 336 Timagoras
1014 284 1241 337 Epicureus
1271 288 1396 336 negat
1425 284 1502 324 sibi
1527 296 1750 336 umquam,
1782 298 1873 325 cum
1896 286 2062 327 oculum

303 350 512 397 torsisset,
558 348 659 388 duas
705 360 757 387 ex
800 347 969 385 lucerna
1010 345 1242 385 flammulas
1282 358 1373 384 esse
1412 346 1544 393 visas;
1588 345 1799 398 opinionis
1831 348 1940 388 enim
1971 362 2062 389 esse

302 412 584 458 mendacium,
615 423 700 449 non
722 408 950 449 oculorum.
987 407 1115 455 Quasi
1138 412 1375 460 quaeratur,
1409 407 1508 460 quid
1530 408 1596 454 sit,
1627 421 1712 447 non
1736 408 1836 461 quid
1858 409 2061 450 videatur.

302 475 363 514 Sit
401 474 469 514 hic
508 471 675 526 quidem
716 470 920 510 maiorum
958 469 1130 508 similis:
1172 475 1216 509 tu
1247 483 1368 516 vero,
1409 470 1480 522 qui
1510 470 1600 509 visa
1631 470 1821 510 sensibus
1853 471 1934 510 alia
1963 485 2062 512 vera

267 535 414 576 5dicas
446 549 559 581 esse,
590 533 669 572 alia
701 532 822 578 falsa,
855 531 926 585 qui
960 545 1008 570 ea
1039 531 1290 583 distinguis?
1322 531 1395 571 sed
1428 531 1596 579 desine,
1629 546 1799 585 quaeso,
1832 534 2062 573 communi-

298 598 375 637 bus
412 597 537 637 locis:
576 595 686 634 domi
727 594 847 633 nobis
884 594 964 633 ista
994 600 1235 633 nascuntur.
1295 594 1357 639 Si,
1400 593 1567 646 inquis,
1613 595 1715 634 deus
1748 600 1787 634 te
1819 595 2061 649 interroget,

298 661 409 700 sanis
441 658 563 698 modo
596 661 637 696 et
667 656 838 707 integris
869 656 1081 703 sensibus,
1113 669 1212 695 num
1244 655 1421 708 amplius
1453 656 1554 709 quid
1586 657 1821 697 desideres:
1865 658 1966 711 quid
1996 671 2061 698 re-

297 721 531 775 spondeas?
554 740 608 747 —-
638 717 801 757 Utinam
836 717 1006 770 quidem
1037 718 1176 771 rogetl
1216 717 1407 764 Audiret,
1440 731 1565 771 quam
1597 720 1815 759 nobiscum
1839 720 1945 760 male
1966 733 2062 773 age-

295 789 421 825 retur.
470 782 522 821 Ut
559 780 671 820 enim
701 792 798 819 vera
828 779 1068 828 videamus,
1109 793 1234 834 quam
1274 780 1397 832 longe
1429 780 1649 821 videmus?
1695 783 1784 834 Ego
1819 782 1951 822 Catuli
1984 783 2063 822 Cu-

247 850 463 885 ⁴0manum
504 856 555 882 ex
599 841 677 882 hoc
722 841 816 881 loco
858 855 1004 889 cern0‚
1051 843 1349 895 Pompeianum
1391 855 1475 881 non
1507 857 1630 883 cerno
1663 857 1803 897 neque
1835 845 2061 898 quicquam

294 907 556 947 interiectum
587 911 671 951 est,
711 904 823 957 quod
857 904 1014 952 obstet,
1052 906 1124 944 sed
1156 905 1316 945 intendi
1348 906 1458 944 acies
1490 905 1656 958 longius
1693 919 1777 945 non
1818 911 1969 958 potest.
2023 906 2057 945 Ο

294 968 551 1022 praeclarum
590 966 879 1019 prospectuml
920 967 1115 1007 Puteolos
1156 968 1369 1007 videmus:
1416 972 1456 1007 at
1495 967 1744 1008 familiarem
1788 974 1975 1009 nostrum
2018 968 2060 1008 C.

294 1031 534 1077 Avianium,
566 1029 740 1069 fortasse
770 1029 813 1068 in
844 1029 1009 1082 porticu
1030 1030 1212 1082 Neptuni
1235 1029 1537 1077 ambulantem,
1569 1043 1655 1070 non
1677 1031 1881 1071 videmus.
1922 1028 1988 1070 84.
2010 1032 2062 1070 At

293 1093 363 1132 ille
394 1092 536 1133 nescio
570 1091 663 1144 qui,
695 1092 765 1144 qui
795 1091 839 1130 in
871 1091 1027 1131 scholis
1058 1092 1263 1131 nominari
1295 1092 1421 1139 solet,
1454 1092 1566 1132 mille
1599 1097 1639 1132 et
1661 1094 1899 1145 octingenta
1928 1092 2062 1133 stadia

244 1161 279 1189 ¹¹5
294 1155 406 1209 quod
441 1155 606 1194 abesset
635 1154 824 1194 videbat:
869 1153 1074 1207 quaedam
1106 1154 1300 1194 volucres
1344 1154 1524 1206 longius.
1586 1155 1900 1207 Responderem
1934 1155 2061 1207 igitur

293 1217 488 1257 audacter
518 1217 585 1256 isti
617 1221 752 1256 vestro
784 1216 863 1255 deo
894 1230 960 1255 me
991 1216 1115 1268 plane
1146 1216 1212 1256 his
1244 1216 1374 1256 oculis
1405 1230 1490 1255 non
1522 1230 1613 1256 esse
1635 1222 1894 1256 contentum.
1942 1217 2061 1256 Dicet

291 1293 356 1319 me
387 1280 522 1319 acrius
552 1279 695 1318 videre
728 1292 853 1332 quam
883 1278 978 1317 illos
1010 1278 1147 1330 pisces
1175 1278 1374 1318 fortasse:
1409 1279 1480 1331 qui
1503 1292 1641 1332 neque
1664 1278 1859 1318 videntur
1880 1291 1903 1318 a
1925 1278 2059 1324 nobis,

292 1347 332 1382 et
360 1355 470 1381 nunc
503 1341 672 1395 quidem
704 1340 780 1380 sub
802 1340 933 1380 oculis
967 1345 1086 1387 sunt,
1117 1353 1256 1393 neque
1276 1340 1354 1393 ipsi
1379 1354 1456 1379 nos
1479 1341 1693 1392 suspicere
1715 1346 1903 1394 possunt.
1948 1342 2058 1393 Ergo

289 1410 335 1445 ut
364 1405 448 1444 illis
478 1416 608 1457 aqua,
640 1403 699 1442 sic
730 1402 850 1442 nobis
883 1406 955 1442 a'er
986 1415 1149 1442 crassus
1181 1402 1423 1442 offunditur.
1455 1425 1509 1430 —
1541 1404 1593 1441 At
1623 1403 1800 1455 amplius
1832 1417 1917 1443 non
1949 1403 2059 1443 desi-

241 1472 276 1502 20
291 1468 449 1507 derant.
479 1487 533 1494 —-
565 1465 707 1513 Quid?
740 1465 893 1517 talpam
924 1478 1023 1504 num
1056 1464 1293 1503 desiderare
1325 1465 1463 1504 lumen
1496 1466 1649 1517 putas?
1681 1466 1825 1518 Neque
1854 1470 1936 1505 tam
1959 1479 2059 1518 que-

288 1543 403 1569 rerer
432 1542 525 1568 cum
558 1528 636 1567 deo
669 1527 782 1580 quod
813 1540 961 1580 parum
992 1527 1114 1579 longe
1146 1539 1270 1579 quam
1303 1527 1415 1580 quod
1447 1526 1599 1566 falsum
1629 1527 1828 1566 viderem.
1876 1528 2058 1567 Videsne

288 1605 437 1632 navem
464 1591 608 1630 illam?
640 1594 747 1629 stare
778 1589 900 1629 nobis
931 1589 1119 1629 videtur:
1151 1594 1192 1628 at
1224 1589 1297 1636 iis,
1331 1589 1465 1642 quiin
1490 1602 1595 1628 nave
1618 1595 1736 1636 sunt,
1772 1590 1931 1630 moveri
1953 1589 2057 1630 haec

289 1654 397 1694 villa.
459 1653 622 1701 Quaere
660 1653 864 1692 rationem
904 1665 978 1691 cur
1017 1651 1075 1691 ita
1113 1651 1324 1691 videatur:
1370 1664 1495 1704 quam
1535 1656 1581 1690 ut
1616 1651 1797 1691 maxime
1828 1652 2054 1699 inveneris,

289 1717 402 1769 quod
434 1716 546 1755 haud
578 1715 664 1754 scio
697 1727 748 1754 an
778 1727 862 1753 non
894 1714 1050 1767 possis,
1092 1726 1175 1752 non
1208 1718 1252 1752 tu
1283 1726 1428 1752 verum
1459 1717 1607 1752 testem
1638 1712 1813 1761 habere,
1855 1713 1929 1753 sed
1961 1727 2056 1753 eum

240 1785 275 1814 ⁶25
288 1791 373 1817 non
404 1778 493 1818 sine
525 1790 651 1816 causa
680 1776 830 1816 falsum
862 1776 1148 1816 testimonium
1181 1774 1318 1814 dicere
1351 1775 1599 1814 ostenderis.
1660 1776 1811 1815 XXVI.
1843 1774 1910 1815 82.
1944 1776 2055 1823 Quid

289 1854 365 1894 ego
398 1840 448 1879 de
479 1841 614 1879 nave?
646 1839 729 1879 vidi
761 1839 872 1879 enim
903 1851 928 1878 a
958 1843 997 1878 te
1027 1851 1186 1877 remum
1218 1838 1444 1876 contemni.
1495 1837 1654 1877 Maiora
1675 1837 1851 1878 fortasse
1874 1838 2054 1891 quaeris.

287 2016 383 2046 mus,
411 2007 506 2038 certe
533 2014 602 2036 non
625 2005 818 2044 inporlune,
847 2013 936 2044 quac
962 2003 1064 2035 lectio
1089 2004 1204 2036 adhuc
1230 2005 1332 2036 nimis
1356 2005 1530 2043 patienter
1546 2003 1690 2035 tolerata
1709 2004 1771 2035 est.
1810 2003 1894 2035 Illud
1913 2013 2054 2045 quoque

286 2059 476 2098 Madvigius
501 2057 534 2087 in
559 2064 614 2095 ep.
641 2055 685 2085 ad
710 2055 764 2086 Or.
792 2057 888 2085 recte
915 2056 1058 2092 monuit,
1084 2058 1112 2086 el
1138 2055 1238 2085 tertio
1264 2053 1339 2085 loco
1365 2055 1515 2095 positum
1542 2054 1703 2086 vitiosum
1730 2063 1819 2086 esse.
1848 2072 1882 2077 —
1917 2056 1945 2086 4.
1971 2055 2055 2086 insi-

285 2113 369 2141 siero
392 2109 420 2139 V
447 2124 480 2129 -
509 2107 539 2137 ⁶2.
565 2106 640 2136 uisa
663 2103 701 2136 Β1
728 2122 759 2127 -
790 2105 821 2135 3.
846 2105 1050 2135 mendatium
1075 2108 1100 2136 A
1121 2121 1155 2126 —
1182 2104 1214 2136 li.
1239 2105 1280 2135 sic
1303 2105 1358 2135 [3¹1
1385 2107 1430 2135 sic
1453 2105 1590 2142 AB2V;
1619 2105 1673 2136 sed
1697 2105 1721 2135 Ο
1743 2123 1777 2128 —-
1803 2106 1853 2136 hic
1871 2114 1941 2137 om.
1963 2107 2050 2137 13¹—

323 2166 339 2185 0

285 2200 344 2228 tau
367 2195 424 2236 qui
447 2195 470 2225 Β
498 2193 526 2233 (o
550 2191 630 2223 add.
649 2192 668 2222 2
686 2192 746 2230 m.)
772 2208 813 2213 ——
837 2190 952 2221 sensibi
975 2192 999 2222 Β
1020 2208 1053 2212 -
1083 2192 1113 2222 5.
1140 2192 1193 2222 sed
1213 2192 1319 2222 desine
1337 2193 1513 2222 Goerenz:
1539 2193 1568 2222 ei
1593 2190 1699 2221 desine
1722 2191 1746 2221 B
1761 2190 1806 2229 V,
1836 2209 1864 2224 μ
1884 2191 1990 2222 desine
2006 2193 2051 2229 Α;

285 2247 402 2279 Desine
426 2245 470 2281 O3
497 2242 605 2274 desine
627 2240 852 2272 communibus
875 2240 952 2271 locis
967 2258 1015 2263 --
1030 2244 1214 2271 nascunlur
1238 2241 1338 2271 affert
1356 2241 1590 2280 Hieronymus
1608 2240 1686 2271 adv.
1708 2239 1910 2280 Pelagianos
1928 2250 1961 2282 p.
1977 2241 2051 2280 49¹,

284 2298 311 2328 A
339 2295 394 2327 ed.
420 2297 497 2327 Par.
525 2291 619 2324 4706,
649 2308 684 2313 -
718 2291 748 2321 6.
775 2290 866 2321 uobis
894 2290 959 2321 EG
986 2307 1019 2311 —
1055 2292 1086 2321 7.
1113 2291 1276 2322 desideras
1307 2291 1330 2321 Β
1363 2299 1453 2321 corr.
1482 2299 1528 2321 m.
1556 2290 1568 2321 4
1606 2299 1645 2321 ex
1678 2291 1857 2321 desideres:
1890 2292 2054 2322 desideras

283 2347 390 2379 AVO
417 2363 451 2368 —
479 2345 508 2375 8.
536 2345 670 2381 rogaret
694 2339 811 2371 malim
836 2358 877 2362 —
902 2341 1031 2371 audiret
1055 2341 1200 2371 Davies:
1229 2341 1342 2371 audies
1367 2341 1409 2377 C,
1436 2340 1547 2371 audiet
1572 2339 1649 2370 cod.
1673 2341 1801 2378 Ursini,
1829 2340 1945 2371 audiat
1968 2342 1993 2372 Ο
2014 2359 2047 2364 -

283 2399 437 2437 ageretur
460 2393 605 2425 Davies:
633 2393 768 2431 agerent
792 2391 836 2428 C⁷
864 2394 987 2430 ayatur
1010 2389 1147 2427 Lamb.,
1174 2389 1275 2430 egerit
1299 2390 1323 2420 O
1350 2398 1429 2421 cum
1456 2389 1533 2420 cod.
1554 2389 1622 2420 Pal.
1643 2390 1672 2420 4.
1696 2407 1729 2411 -
1758 2390 1787 2421 9.
1810 2390 1955 2422 videmus
1971 2390 2050 2422 cod.

283 2445 413 2479 Ursini:
449 2442 631 2475 uidebimus
655 2442 696 2474 C,
735 2440 910 2471 ‚viderimus
939 2440 1029 2471 coni.
1057 2440 1183 2470 Davies
1217 2457 1250 2460 —
1283 2440 1389 2470 catule
1413 2439 1439 2470 V
1473 2458 1507 2462 -
1540 2448 1614 2470 cum
1639 2448 1741 2470 anum
1765 2440 1804 2477 V,
1838 2449 1879 2471 cn
1902 2450 2003 2472 anum
2028 2442 2050 2472 B

283 2503 375 2527 corr.
402 2494 435 2525 in
464 2500 642 2523 cumanam
675 2508 708 2514 ‡-
748 2490 798 2521 40.
825 2490 893 2521 loco
923 2499 1019 2521 cerno
1050 2491 1195 2529 scripsi:
1235 2490 1304 2520 loco
1334 2498 1430 2520 cerno
1453 2489 1619 2529 regionem
1642 2490 1734 2520 video
1761 2490 1804 2527 C,
1841 2490 1902 2521 sed
1928 2491 1961 2521 in
1985 2491 2050 2521 AB

281 2553 378 2576 cerno
409 2544 642 2583 expunctum,
673 2541 741 2571 loco
770 2540 862 2570 rideo
894 2540 918 2571 O
949 2548 1029 2570 cum
1062 2539 1141 2570 edd.
1170 2538 1358 2579 plerisque.
1397 2540 1467 2570 Nos
1500 2547 1597 2570 cerno
1627 2538 1746 2569 relicto
1771 2539 1937 2579 reyt'onem
1958 2539 2051 2570 rideo

282 2594 497 2630 abiecimus,
532 2591 626 2631 quod
658 2590 759 2622 colon
785 2599 825 2621 ex
856 2588 1065 2629 glossemate
1091 2589 1135 2620 ad
1158 2598 1214 2620 vv.
1240 2591 1351 2628 Pomp.
1378 2598 1440 2619 non
1466 2598 1563 2620 cerno
1588 2588 1764 2619 adiectum
1789 2598 1866 2620 esse
1892 2591 2049 2629 apparet.

283 2660 318 2665 —
347 2643 398 2674 44.
425 2642 552 2682 longius
576 2642 661 2672 acies
684 2642 709 2671 O
737 2658 770 2662 —
799 2640 850 2670 42.
877 2640 920 2670 acl
943 2637 1036 2670 A¹V¹
1062 2656 1096 2661 —
1125 2639 1157 2670 C.
1180 2648 1249 2670 om.
1269 2640 1316 2676 B,
1344 2639 1368 2669 O
1394 2639 1463 2677 (sic)
1488 2639 1534 2675 V;
1563 2638 1595 2668 in
1621 2639 1646 2669 A
1672 2637 1784 2669 littera
1809 2640 1887 2678 post
1910 2648 1927 2669 c
1951 2646 2050 2669 erasa

282 2693 336 2723 est
360 2708 394 2713 -
423 2691 474 2722 43,
494 2691 674 2722 Auianium
691 2690 767 2728 AV,
792 2691 829 2720 ut
854 2688 1084 2720 scribendum
1104 2697 1182 2720 esse
1201 2689 1285 2720 sidit
1302 2688 1412 2727 Bergk
1432 2688 1473 2725 (Z.
1492 2688 1516 2727 f.
1535 2688 1776 2719 Allerlhnmsw.
1795 2688 1878 2720 4847
1904 2698 1937 2728 p.
1958 2688 2047 2727 i72):

279 2741 444 2772 livianum
467 2741 491 2771 B
507 2741 531 2771 O
559 2758 592 2762 —
622 2739 672 2771 44.
699 2739 792 2770 scolis
817 2741 840 2770 A
856 2739 884 2769 V
910 2756 945 2761 —
974 2738 1159 2777 octingenta
1184 2739 1207 2769 C
1223 2747 1257 2768 r:
1285 2738 1455 2777 oclayinta
1479 2738 1522 2774 G;
1553 2737 1718 2777 ocloyinla
1742 2737 1818 2775 EO,
1844 2739 1881 2767 ut
1907 2736 2052 2768 Hardui-

282 2799 346 2822 nus
371 2799 412 2821 ex
437 2788 519 2821 Plin.
548 2790 615 2820 nat.
642 2789 723 2819 hist.
749 2789 826 2825 Vll,
845 2789 898 2827 Ἣ,
927 2788 944 2829 g
969 2788 1010 2820 85
1035 2787 1283 2827 corrigendum
1310 2795 1388 2818 esse
1415 2785 1568 2821 censuim
1596 2788 1630 2817 at
1647 2786 1809 2818 videntur
1824 2787 1939 2827 potius
1957 2786 2050 2827 apud

282 2839 429 2871 Plinium
454 2839 590 2870 numeri
616 2839 770 2878 corrupti
795 2848 892 2876 esse3
921 2847 953 2869 V.
980 2838 1068 2878 inpr.
1090 2839 1244 2868 Perizon.
1272 2836 1316 2867 ad
1334 2835 1406 2867 Ael.
1427 2845 1499 2868 var.
1519 2836 1598 2867 hist.
1618 2837 1673 2873 XI,
1693 2837 1745 2874 43,
1765 2838 1796 2868 Ξ.
1815 2855 1857 2859 -
1882 2837 1933 2868 46.
1953 2837 2051 2867 acolis

280 2889 319 2921 A¹
346 2905 380 2910 -—
409 2888 460 2919 47.
486 2888 558 2918 illos
582 2888 642 2918 Ox.
668 2893 720 2927 ψῑ
755 2888 837 2918 ullos
862 2888 903 2925 C,
937 2887 1055 2918 multos
1079 2885 1193 2923 Klotz,
1228 2887 1344 2917 mullos
1368 2886 1440 2916 illos
1465 2887 1544 2924 (oni.
1568 2886 1679 2925 pisces)
1706 2885 1860 2918 malebat
1884 2886 1983 2919 Orelli
2013 2906 2047 2911 —

282 2940 334 2970 49.
360 2939 404 2969 ad
427 2937 494 2969 AV
520 2954 554 2958 —
582 2937 767 2967 desiderant
792 2937 924 2968 Christ:
953 2937 1175 2967 desideramus
1200 2936 1223 2966 C
1239 2936 1275 2967 O.
1314 2936 1422 2967 Acute
1447 2935 1533 2965 vidit
1557 2936 1692 2967 amicus
1718 2938 1837 2967 noster
1861 2935 2048 2969 lectionem

280 2989 464 3020 desiderant
488 2996 530 3018 eo
555 2986 647 3026 quod
674 2988 792 3018 contra
818 2986 901 3017 dicit
925 2986 1047 3018 Cicero
1072 2985 1212 3025 requiri.
1251 2985 1400 3025 Opponit
1426 2985 1538 3022 enim,
1569 2985 1597 3016 si
1622 2985 1688 3016 hoc
1713 2985 1807 3025 quod
1832 2987 1946 3026 pisces
1971 2995 2049 3018 me-

279 3037 403 3070 liorem
432 3037 545 3067 visum
579 3044 647 3066 non
678 3035 883 3066 desiderent
914 3044 978 3067 nos
1012 3033 1182 3066 consolari
1217 3033 1367 3072 debeat,
1405 3035 1478 3064 tum
1505 3033 1626 3072 nobis,
1663 3043 1706 3066 ne
1732 3036 1759 3067 si
1785 3037 1880 3067 caeci
1905 3036 2046 3076 quidem

281 3095 442 3118 essemus
474 3084 645 3125 talparum
677 3086 803 3123 instar,
838 3086 910 3116 sore
936 3094 998 3115 cur
1022 3092 1104 3115 cum
1128 3083 1195 3114 deo
1221 3091 1474 3122 quereremur,
1507 3083 1673 3122 quoniam
1698 3093 1741 3115 ne
1767 3084 1878 3126 talpae
1904 3086 2046 3125 quidem

280 3136 399 3167 lumen
424 3134 638 3167 desiderent.
657 3151 690 3156 -—
718 3136 770 3165 ΞΟ.
797 3138 864 3164 lam
882 3143 1037 3173 quererer
1052 3150 1100 3156 --
1115 3133 1259 3163 viderem
1277 3133 1470 3163 Manutius:
1497 3135 1604 3163 tamen
1624 3134 1702 3171 (tum
1722 3134 1759 3173 V)
1778 3139 2046 3174 quaereretur--

278 3186 404 3216 uideret
421 3186 464 3222 C;
492 3188 601 3215 lamen
622 3187 691 3215 lam
707 3188 898 3223 quereretur
914 3201 961 3207 —-
976 3184 1099 3214 rideret
1123 3182 1267 3219 Davies;
1296 3182 1327 3212 in
1352 3185 1420 3212 tum
1438 3180 1492 3211 vel
1517 3185 1625 3213 tamen
1649 3183 1754 3214 etiam
1779 3187 1906 3214 lantum
1931 3184 2046 3224 potest

280 3234 389 3265 latere
409 3251 444 3256 —
462 3233 515 3264 22.
535 3234 578 3264 acl
593 3235 633 3264 Α1
653 3251 687 3255 -
707 3241 793 3263 naue
809 3233 853 3263 B:
880 3242 971 3264 naua
988 3233 1028 3271 V.
1054 3232 1132 3263 navi
1148 3232 1209 3262 AO
1230 3248 1262 3254 -
1284 3231 1336 3263 24.
1356 3231 1444 3262 haud
1463 3232 1486 3262 C
1506 3240 1596 3263 corr.
1617 3240 1658 3263 ex
1675 3237 1734 3264 auc
1752 3250 1786 3255 —
1805 3243 1870 3264 non
1886 3236 1915 3264 te
1930 3241 2045 3264 verum

281 3282 403 3316 Lamb.
417 3300 452 3308 —
471 3285 501 3315 te
517 3285 627 3314 testem
643 3281 731 3313 coni.
748 3282 832 3313 Dav.
845 3297 880 3304 --
900 3282 953 3314 25.
973 3282 1036 3313 Sed
1052 3281 1131 3320 quid
1150 3280 1239 3312 coni.
1255 3281 1391 3312 Ernesti
1406 3297 1442 3304 —
1461 3280 1516 3312 26.
1534 3281 1613 3312 navi
1629 3282 1740 3314 A2V20
1757 3299 1791 3305 -
1807 3282 1990 3322 contempni
2002 3283 2041 3314 A.
