2249 3624
355 108 435 151 ’144
727 110 796 151 DE
826 108 1033 150 FINIBUS
1064 108 1326 151 BONORUM
1355 108 1422 150 ET
1452 109 1718 152 MALORUM

351 230 494 266 ruatur
540 228 664 277 atque
707 222 885 262 intereat
927 234 1100 261 necesse
1137 225 1212 261 est.
1271 222 1322 262 Et
1358 236 1481 276 quem
1527 222 1578 262 ad
1613 221 1782 263 modum
1822 224 2109 276 opportunitas

351 311 404 318 —
435 288 496 328 sic
526 286 636 327 enim
666 284 925 337 appellemus
956 285 1184 338 εὐκαιρίαν
1216 307 1267 312 -
1289 298 1375 324 non
1397 283 1440 325 fit
1462 285 1595 324 maior
1615 284 1891 338 productione
1912 287 2109 338 temporis

350 372 405 380 —-
433 350 588 390 habent
630 348 738 387 enim
776 360 897 386 suum
935 347 1104 386 modum
1147 360 1254 400 quae
1296 352 1530 400 opportuna
1561 346 1755 386 dicuntur
1785 369 1856 394 —,
1904 348 1962 387 sic
2000 354 2110 389 recta

351 412 515 452 effectio
547 433 600 439 —
631 408 903 463 κατόρθωσιν
934 410 1043 449 enim
1074 409 1132 449 ita
1162 409 1346 462 appello,
1379 409 1578 463 quoniam
1600 413 1757 448 rectum
1779 407 1932 449 factum
1955 410 2110 464 κατόρ-

319 479 476 528 5ἓωμα
506 496 580 521 —-,
611 478 724 512 recta
754 472 880 524 igitur
902 472 1084 519 effectio,
1116 471 1215 510 item
1238 471 1547 517 convenientia,
1579 470 1761 523 denique
1784 470 1918 523 ipsum
1941 472 2110 520 bonum,

351 537 465 591 quod
503 536 545 575 in
583 548 633 575 eo
671 534 854 587 positum
897 540 959 574 est
993 540 1040 574 ut
1076 539 1249 574 naturae
1289 534 1543 580 consentiat,
1581 532 1794 572 crescendi
1827 534 2110 575 accessionem

348 600 505 640 nullam
536 597 673 637 habet.
733 594 799 635 46.
831 596 882 636 Ut
913 597 1024 636 enim
1056 597 1346 650 opportunitas
1378 596 1467 643 illa,
1501 596 1558 635 sic
1589 595 1711 642 haec,
1744 595 1794 634 de
1826 596 1978 649 quibus
2010 596 2111 644 dixi,

349 676 432 703 non
462 661 569 701 fiunt
598 659 799 712 temporis
830 658 1109 711 productione
1141 660 1314 707 maiora,
1351 659 1403 698 ob
1437 671 1614 711 eamque
1647 671 1813 698 causam
1846 659 1996 700 Stoicis
2026 672 2112 699 non

348 725 513 765 videtur
551 722 776 776 optabilior
817 735 894 761 nee
930 722 1061 774 magis
1094 721 1329 775 expetenda
1358 721 1480 760 beata
1509 721 1616 767 vita,
1654 720 1687 760 si
1720 721 1774 760 sit
1803 721 1949 774 longa,
1987 735 2112 775 quam

299 801 334 829 40
349 788 382 828 si
411 787 568 833 brevis,
607 789 864 837 utunturque
895 784 1045 823 simili:
1090 784 1160 831 Ut,
1202 784 1235 823 si
1268 783 1460 823 cothurni
1494 783 1583 822 laus
1614 783 1687 822 illa
1718 789 1846 830 esset,
1878 784 1930 823 ad
1962 784 2112 837 pedem

348 856 441 903 apte
473 848 715 893 convenire,
746 859 885 899 neque
917 846 1035 886 multi
1067 846 1259 886 cothurni
1290 845 1437 899 paucis
1459 850 1815 898 anteponerentur
1836 859 1912 885 nec
1936 846 2112 886 maiores

348 912 599 958 minoribus,
636 910 712 955 sic,
756 922 933 962 quorum
971 922 1094 948 omne
1133 908 1292 948 honum
1324 908 1613 947 convenientia
1643 913 1769 960 atque
1801 907 2112 961 opportunitate

347 974 507 1022 finitur,
547 986 623 1013 nec
661 971 782 1025 plura
812 971 1081 1024 paucioribus
1112 984 1190 1010 nec
1221 970 1517 1022 longinquiora
1547 969 1808 1009 brevioribus
1840 975 2110 1022 anteponent.

347 1037 414 1077 47.
445 1038 529 1076 Nec
560 1047 661 1075 vero
694 1033 794 1073 satis
825 1038 942 1073 acute
973 1032 1137 1073 dicunt:
1170 1032 1211 1071 Si
1241 1032 1349 1072 bona
1381 1032 1576 1071 valetudo
1609 1032 1739 1085 pluris
1771 1032 2030 1072 aestimanda
2060 1033 2112 1072 sit

297 1100 472 1153 islonga
502 1111 628 1152 quam
657 1096 814 1143 brevis,
847 1095 1077 1148 sapientiae
1108 1108 1282 1148 quoque
1315 1108 1416 1133 usus
1447 1094 1716 1146 longissimus
1741 1095 1923 1148 quisque
1945 1095 1997 1135 sit
2022 1095 2114 1148 plu-

346 1163 453 1202 rimi.
502 1163 595 1201 Non
626 1158 876 1211 intellegunt
905 1158 1156 1198 valetudinis
1193 1157 1525 1196 aestimationem
1556 1157 1692 1209 spatio
1724 1157 1916 1205 iudicari,
1947 1158 2113 1198 virtutis

347 1224 678 1279 opportunitate,
719 1226 765 1261 ut
795 1220 1011 1260 videantur
1042 1220 1114 1273 qui
1146 1218 1247 1259 illud
1281 1220 1423 1259 dicunt
1454 1219 1566 1259 idem
1596 1219 1677 1259 hoc
1709 1233 1800 1259 esse
1832 1219 2002 1268 dicturi,
2038 1221 2113 1260 bo-

346 1301 441 1328 nam
487 1292 661 1326 mortem
708 1289 748 1323 et
791 1284 948 1322 honum
988 1288 1152 1335 partum
1190 1282 1406 1322 meliorem
1448 1282 1619 1335 longum
1651 1295 1742 1322 esse
1775 1295 1901 1336 quam
1930 1283 2112 1323 brevem.

345 1352 439 1391 Non
470 1348 615 1390 vident
645 1346 725 1386 alia
755 1346 956 1385 brevitate
986 1345 1118 1398 pluris
1149 1345 1376 1392 aestimari,
1409 1344 1490 1384 alia
1522 1345 1808 1386 diuturnitate.
1868 1342 1934 1384 48.
1966 1345 2112 1399 Itaque

298 1418 677 1455 20consentaneum
723 1413 786 1449 est
827 1407 911 1455 his,
959 1420 1066 1461 quae
1111 1408 1220 1447 dicta
1266 1413 1379 1454 sunt,
1424 1408 1587 1447 ratione
1637 1407 1825 1454 illorum,
1878 1407 1951 1461 qui
1996 1408 2113 1446 illum

345 1476 551 1515 bonorum
591 1472 739 1519 finem,
788 1470 900 1524 quod
942 1469 1201 1523 appellamus
1241 1476 1493 1517 extremum,
1533 1469 1645 1523 quod
1684 1470 1895 1517 ultimum,
1927 1483 2112 1510 crescere

345 1542 493 1592 putent
522 1549 665 1590 posse,
697 1533 829 1574 isdem
860 1532 1026 1585 placere
1059 1545 1149 1572 esse
1179 1532 1305 1572 alium
1329 1533 1411 1572 alio
1434 1533 1558 1572 etiam
1581 1532 1896 1586 sapientiorem,
1927 1532 2113 1586 itemque

345 1601 472 1641 alium
503 1599 632 1652 magis
663 1598 745 1638 alio
778 1595 843 1635 vel
875 1608 1047 1648 peccare
1078 1595 1145 1634 vel
1175 1601 1285 1635 recte
1317 1594 1479 1643 facere,
1513 1594 1627 1649 quod
1658 1595 1777 1634 nobis
1809 1608 1894 1634 non
1924 1595 2023 1635 licet
2052 1595 2114 1635 di-

347 1677 462 1710 cere,
503 1662 575 1716 qui
608 1673 795 1701 crescere
826 1659 1030 1699 bonorum
1061 1656 1185 1697 finem
1216 1672 1301 1697 non
1342 1663 1550 1711 putamus,
1602 1657 1654 1697 Ut
1685 1658 1796 1696 enim
1830 1657 1902 1711 qui
1934 1657 2113 1698 demersi

297 1732 443 1769 25sunt
479 1726 520 1764 in
561 1737 670 1778 aqua
711 1722 846 1762 nihilo
888 1720 1020 1773 magis
1058 1721 1264 1773 respirare
1301 1726 1496 1774 possunt,
1544 1721 1578 1760 si
1614 1733 1698 1759 non
1739 1720 1861 1772 longe
1899 1721 2050 1760 absunt
2090 1732 2114 1759 a

346 1801 528 1835 summo,
559 1792 606 1826 ut
635 1787 716 1826 iam
747 1785 915 1838 iamque
946 1783 1112 1835 possint
1141 1796 1375 1836 emergere,
1408 1796 1533 1836 quam
1564 1782 1598 1822 si
1631 1782 1755 1822 etiam
1786 1788 1872 1822 tum
1897 1788 2037 1823 essent
2070 1784 2113 1823 in

345 1850 574 1905 profundo,
606 1862 684 1888 nec
715 1847 876 1887 catulus
908 1846 1000 1893 ille,
1033 1846 1105 1898 qui
1137 1847 1217 1886 iam
1250 1846 1563 1899 appropinquat
1592 1850 1636 1885 ut
1667 1844 1828 1893 videat,
1860 1845 1954 1898 plus
1983 1846 2115 1885 cernit

347 1927 470 1967 quam
501 1913 556 1960 is,
589 1912 660 1966 qui
691 1910 813 1950 modo
846 1914 906 1949 est
935 1914 1076 1956 natus,
1107 1909 1206 1948 item
1238 1909 1311 1962 qui
1342 1908 1544 1961 processit
1573 1907 1835 1960 aliquantum
1867 1908 1918 1948 ad
1949 1908 2112 1948 virtutis

344 1976 534 2016 habitum
563 1974 696 2014 nihilo
729 1973 865 2012 minus
896 1972 939 2011 in
969 1971 1136 2011 miseria
1166 1976 1229 2010 est
1259 1984 1385 2024 quam
1416 1970 1506 2017 ille,
1543 1970 1612 2023 qui
1645 1970 1750 2009 nihil
1780 1971 1997 2023 processit.

296 2053 331 2081 30
456 2038 547 2078 XV.
578 2038 692 2076 Haec
723 2034 929 2075 mirabilia
958 2033 1092 2073 videri
1123 2033 1345 2086 intellego,
1372 2033 1446 2073 sed
1477 2047 1570 2072 cuin
1601 2038 1710 2072 certe
1743 2033 1961 2087 superiora
1995 2031 2114 2074 firma

345 2115 394 2142 ao
423 2115 521 2142 vera
551 2100 654 2148 sint,
690 2099 754 2138 his
793 2103 931 2137 autem
972 2109 1020 2136 ea
1060 2100 1342 2136 consentanea
1374 2100 1414 2135 et
1444 2095 1765 2148 consequentia,
1797 2108 1849 2135 ne
1881 2096 1931 2135 de
1963 2096 2112 2136 horum

347 2164 517 2220 quidem
549 2168 613 2204 est
642 2163 815 2203 veritate
847 2159 1135 2199 dubitandum.
1187 2159 1268 2197 Sed
1292 2171 1543 2212 quamquam
1568 2162 1721 2210 negant
1742 2171 1820 2197 nec
1842 2158 2015 2199 virtutes
2038 2172 2113 2198 nec

346 2229 446 2269 vitia
487 2238 692 2273 crescere,
738 2229 878 2265 tamen
919 2227 1143 2274 utrumque
1184 2233 1328 2260 eorum
1369 2220 1488 2260 fundi
1529 2219 1714 2273 quodam
1756 2220 1878 2260 modo
1918 2226 1957 2261 et
1993 2220 2113 2274 quasi

348 2289 512 2330 dilatari
542 2293 705 2342 putant.
764 2284 830 2325 49.
862 2285 1033 2325 Divitias
1064 2288 1202 2323 autem
1233 2283 1441 2336 Diogenes
1473 2287 1615 2322 censet
1645 2296 1728 2322 non
1761 2295 1852 2322 eam
1883 2283 2006 2323 modo
2028 2283 2113 2323 vim

298 2353 518 2399 35habere,
556 2357 601 2391 ut
640 2350 761 2404 quasi
799 2349 924 2388 duces
963 2347 1046 2386 sint
1081 2346 1133 2386 ad
1175 2346 1428 2399 voluptatem
1471 2351 1510 2385 et
1546 2345 1597 2385 ad
1627 2344 1912 2385 valetudinem
1945 2345 2112 2393 bonam,

348 2415 422 2456 sed
464 2416 588 2455 etiam
625 2414 686 2453 uti
717 2425 765 2452 ea
795 2411 1054 2457 contineant,
1094 2422 1179 2449 non
1216 2408 1329 2448 idem
1367 2408 1502 2449 facere
1541 2421 1609 2448 eas
1641 2408 1683 2447 in
1717 2408 1867 2448 virtute
1899 2421 2037 2461 neque
2068 2408 2111 2447 in

348 2478 496 2518 ceteris
527 2476 703 2524 artibus,
744 2475 796 2515 ad
828 2486 932 2528 quas
964 2485 1056 2513 esse
1088 2471 1174 2511 dux
1205 2471 1384 2525 pecunia
1413 2476 1573 2525 potest,
1616 2471 1828 2511 continere
1858 2475 1996 2510 autem
2026 2483 2111 2510 non

435 2696 465 2726 4.
492 2698 596 2734 oport.
623 2695 687 2726 AB
712 2692 843 2734 ubique
872 2710 907 2715 -
940 2692 971 2723 ⁶2.
998 2691 1149 2723 eucerian
1176 2690 1238 2722 ΑΒ
1266 2708 1300 2712 —
1329 2690 1376 2731 fil]
1402 2690 1442 2721 sit
1465 2690 1489 2721 B
1516 2707 1550 2711 -
1578 2688 1608 2720 3.
1636 2697 1720 2728 quae
1744 2689 1864 2720 ABD:
1892 2698 2063 2729 quaequae
2086 2690 2110 2721 Ο

350 2761 384 2767 »-
413 2744 444 2777 4.
470 2744 669 2776 catordiosin
693 2746 737 2779 Α;
764 2742 952 2774 catortosim
976 2742 1000 2772 B
1031 2759 1061 2763 —
1090 2740 1258 2781 quoniam]
1285 2741 1370 2778 quod
1394 2741 1417 2770 B
1445 2758 1478 2762 —
1504 2739 1710 2770 catorthoma
1732 2739 1796 2770 ΑΒ
1816 2756 1851 2761 -
1878 2739 1910 2771 8.
1933 2742 2017 2780 fiunt
2039 2748 2110 2771 om.

347 2795 372 2825 B
400 2796 479 2834 (non
504 2795 541 2833 E)
568 2811 602 2816 —
631 2794 682 2825 40.
708 2794 735 2824 si
758 2794 797 2824 sit
821 2792 927 2824 breuis
952 2792 976 2823 E
1004 2808 1039 2812 —
1065 2792 1092 2821 si
1116 2792 1195 2821 ante
1220 2791 1303 2821 eoth.
1330 2798 1399 2821 om.
1426 2790 1489 2821 BE
1514 2806 1548 2811 —
1578 2789 1629 2820 43.
1653 2790 1787 2829 finiture
1810 2790 1836 2820 A
1856 2806 1890 2811 —
1918 2792 2112 2828 anteponent

348 2845 475 2876 Madv.:
496 2846 735 2883 anteponentur
750 2844 823 2880 ΑΟ;
843 2844 1119 2882 anteponerentur
1134 2841 1186 2871 BE
1203 2857 1236 2862 —
1250 2839 1301 2872 44,
1317 2840 1362 2880 Si]
1376 2840 1430 2870 sed
1444 2839 1468 2870 E
1481 2856 1514 2861 -
1536 2840 1587 2870 45.
1603 2839 1654 2869 sil.
1673 2838 1809 2869 Plurimi
1825 2840 1925 2870 nonA
1938 2855 1973 2861 --
1993 2839 2043 2869 47.
2057 2839 2113 2878 qui

347 2895 429 2925 illuct
451 2895 561 2925 dicunt
577 2902 647 2925 om.
666 2895 692 2924 Α
714 2911 747 2915 -
774 2894 885 2924 dicunt
909 2893 951 2923 G:
982 2892 1092 2922 dicant
1115 2890 1221 2921 BMO
1236 2907 1270 2911 —
1298 2890 1383 2920 idem
1400 2890 1480 2920 AG:
1508 2889 1540 2919 id
1563 2892 1607 2919 est
1630 2889 1674 2926 133
1701 2889 1797 2919 iidem
1821 2888 1890 2919 MO
1911 2905 1944 2910 ——
1973 2888 2023 2919 48.
2044 2888 2113 2919 ton-

347 2953 426 2985 gum
447 2953 511 2975 esse
534 2946 578 2975 A:
604 2951 669 2974 esse
692 2943 825 2982 tonyum
848 2943 872 2973 B
888 2942 919 2973 M
944 2958 978 2963 —
1007 2941 1059 2972 22.
1085 2939 1195 2980 etiam]
1221 2943 1249 2971 et
1273 2940 1335 2970 AB
1363 2955 1397 2960 —
1426 2947 1487 2978 que
1511 2947 1587 2978 om..
1608 2938 1632 2969 E
1653 2954 1687 2960 -
1716 2939 1768 2969 ⁹27.
1795 2937 2052 2978 appropinquat]
2076 2940 2112 2968 ut

342 2995 548 3034 propinquat
570 2994 634 3024 AB
650 2993 675 3023 E
694 3010 729 3015 —
756 2993 809 3023 ⁶29.
835 2992 982 3022 habitum
1006 2989 1083 3021 cod.
1108 2989 1286 3021 Leideusis
1312 2988 1489 3028 Madvigii:
1520 2988 1646 3018 aditum
1670 2989 1695 3019 A
1711 2988 1733 3018 B
1749 2988 1786 3019 Ο.
1814 2987 1863 3019 Cf.
1880 2988 1935 3025 IV,
1962 2987 1980 3028 g
1999 2987 2051 3018 37.
2073 3004 2108 3009 -

347 3043 382 3074 in
404 3043 538 3074 miseria
561 3045 605 3073 est
629 3050 698 3072 orn.
717 3042 741 3072 B
762 3058 796 3062 —
824 3042 879 3080 qui
896 3049 964 3072 om.
985 3041 1008 3071 B
1030 3056 1064 3061 —
1091 3039 1171 3069 nihil
1195 3047 1264 3070 om.
1283 3042 1309 3069 Α
1336 3055 1370 3059 -
1398 3038 1451 3069 30.
1479 3037 1574 3078 Haec]
1600 3047 1657 3069 neo
1681 3039 1704 3068 B
1724 3055 1758 3059 —
1786 3038 1871 3077 cum]
1897 3042 1965 3068 tam
1989 3038 2012 3068 B
2028 3037 2052 3068 E
2073 3054 2107 3059 —-

349 3092 401 3124 32.
421 3092 647 3129 dubitandum,
673 3091 726 3121 sed
742 3094 932 3130 -—putant‚
959 3090 1092 3121 divitias
1114 3093 1224 3120 autem
1249 3097 1330 3120 cum
1347 3090 1384 3118 G.
1406 3088 1604 3119 Hermanno
1630 3089 1667 3125 O,
1694 3089 1731 3118 ut
1755 3096 1772 3118 a
1797 3086 1914 3118 verbis
1938 3096 2003 3117 von
2026 3086 2111 3117 idem

350 3145 394 3181 (v.
421 3141 472 3180 36)
503 3140 666 3181 apodosis
690 3141 840 3180 incipiat.
870 3159 904 3163 —
932 3140 984 3172 33.
1010 3148 1169 3177 crescere,
1202 3143 1313 3170 tamen
1338 3137 1392 3169 ed.
1419 3137 1552 3168 Veneta
1582 3146 1612 3168 a.
1640 3136 1741 3169 4480:
1774 3145 1918 3168 crescere
1947 3139 1976 3167 et
2000 3139 2110 3167 tamen

349 3193 413 3223 AB
429 3191 492 3223 CO
515 3208 549 3214 -
573 3191 667 3230 fundi
691 3199 760 3221 om.
788 3193 814 3222 A
839 3208 873 3213 —
902 3191 954 3222 34.
980 3199 1045 3221 non
1062 3199 1131 3221 om.
1151 3189 1214 3221 AB
1238 3206 1270 3211 —
1298 3188 1350 3219 35.
1370 3187 1443 3227 sint]
1468 3188 1508 3218 sit
1531 3191 1556 3218 Α
1578 3204 1612 3208 -
1641 3187 1692 3218 36.
1718 3187 1767 3218 uti
1790 3195 1829 3218 ea
1853 3193 1936 3217 nos:
1962 3188 1997 3216 ut
2020 3185 2109 3216 inea

351 3242 433 3279 AB3
459 3244 495 3272 ut
516 3249 590 3275 mea
613 3241 657 3279 E}
682 3244 718 3271 ut
734 3248 773 3272 ea
789 3240 867 3272 ΜΟ.
895 3240 945 3272 Cf.
971 3249 1004 3280 p.
1032 3239 1106 3278 434,
1132 3239 1186 3271 ⁶27.
1216 3257 1251 3261 —
1276 3246 1379 3277 neque
1402 3240 1460 3269 cet.
1489 3237 1569 3277 (om.
1595 3237 1639 3277 in)
1664 3237 1707 3275 B;
1733 3245 1790 3268 nec
1813 3239 1871 3268 cet.
1897 3235 1935 3267 E.
