2249 3624
280 230 360 272 836
954 229 1024 269 DE
1055 229 1124 269 RE
1157 229 1384 270 PUBLICA

276 337 489 393 propriam
529 342 601 376 aut
640 348 757 376 suam
795 348 883 376 rem
922 335 1051 375 ullam
1090 339 1218 388 queat
1258 334 1412 375 dicere.
1472 333 1727 389 (Nonius
1768 350 1805 377 v.
1835 337 2050 390 proprium

276 398 506 454 pag.362Q

389 464 444 503 M.
470 462 622 501 Tullius
651 461 695 500 de
724 473 767 500 re
790 460 899 512 publ.
931 460 997 499 lib.
1022 460 1132 499 IIII:
1163 460 1252 513 Ego
1285 474 1384 500 vero
1418 460 1581 509 eodem,
1614 474 1699 515 quo
1722 461 1794 501 ille
1817 462 2050 502 Homerum

275 525 514 564 redimitum
547 523 713 563 coronis
745 528 786 562 et
817 522 1051 562 delibutum
1083 523 1312 574 unguentis
1346 523 1494 563 emittit
1524 537 1577 563 ex
1609 537 1658 563 ea
1679 524 1797 573 urbe,
1820 537 1947 579 quam
1969 524 2052 564 sihi

244 588 367 641 5ipse
398 585 527 639 fingit.
589 585 804 638 (Nonius
836 586 1039 637 v.fin9ere
1069 599 1108 638 p.
1127 582 1235 637 308.)

392 650 458 688 VI.
501 648 538 688 6.
576 649 631 687 Μ.
656 648 809 687 Tullius
838 648 882 686 de
912 659 955 686 re
978 648 1087 699 publ.
1120 648 1184 687 lib.
1209 649 1316 687 IIII:
1368 648 1564 689 Censoris
1595 649 1797 689 iudicium
1829 649 1936 689 nihil
1967 648 2055 689 fere

277 712 472 752 damnato
503 710 583 750 nisi
616 710 811 749 ruborem
843 709 993 749 adfert.
1055 710 1224 763 Itaque,
1257 710 1286 761 -ἶ-
1306 715 1352 750 ut
1387 712 1522 751 omnis
1556 724 1603 751 ea
1633 712 1833 751 iudicatio
1865 716 2057 751 versatur

276 780 439 815 tantum
471 773 596 814 modo
627 774 670 812 in
701 773 886 820 nomine,
917 772 1228 812 animadversio
1252 773 1325 812 illa
1348 773 1579 826 ignominia
1600 773 1711 813 dicta
1734 779 1810 814 est.
1847 771 2055 826 (Nonius

276 852 313 877 v.
334 837 556 890 ‘iynominia
586 850 626 889 p.
648 832 734 886 924.)

227 907 262 936 ⁴0
387 900 495 938 Idem
524 899 568 938 de
599 911 641 938 re
666 898 773 950 publ.
805 897 869 936 lib.
890 898 1005 937 IIII:
1054 897 1213 937 Horum
1258 898 1369 938 enim
1411 898 1676 938 severitatem
1717 898 1872 939 dicitur
1911 899 2056 940 inhor-

276 962 409 1002 ruisse
440 962 618 1014 primum
651 961 810 1000 civitas.
874 959 1082 1012 (Nonius
1113 974 1150 999 v.
1173 961 1414 1000 horrendum
1444 967 1477 1000 et
1509 961 1719 1000 horridum
1750 974 1788 1013 p.
1811 958 1920 1013 423.)

389 1026 446 1065 M.
474 1025 627 1063 Tullius
656 1023 700 1062 de
730 1035 773 1062 re
796 1023 904 1074 publ.
929 1023 994 1062 lib.
1012 1023 1121 1062 IIII:
1153 1024 1238 1062 Nec
1270 1037 1368 1063 vero
1401 1023 1646 1062 mulieribus
1679 1022 1917 1076 praefectus
1939 1036 2057 1077 prae-

277 1093 472 1142 ponatur,
506 1087 577 1141 qui
609 1087 720 1139 apud
745 1086 923 1126 Graecos
956 1086 1089 1125 creari
1121 1085 1241 1133 solet,
1274 1086 1348 1125 sed
1381 1085 1435 1125 sit
1466 1099 1630 1133 censor,
1663 1086 1734 1139 qui
1767 1086 1878 1126 viros
1910 1085 2058 1127 doceat

277 1150 487 1191 moderari
517 1149 735 1189 uxoribus.
796 1148 1008 1200 (Nonius
1040 1161 1132 1200 cap.
1154 1149 1290 1196 VIIII,
1323 1162 1364 1201 p.
1389 1145 1498 1201 499.)

228 1218 264 1247 ⁴5
389 1214 444 1253 Μ.
471 1213 623 1251 Tullius
652 1212 695 1251 de
726 1224 768 1251 re
792 1212 899 1263 publ.
941 1211 1005 1251 lib.
1040 1212 1154 1250 IIII:
1204 1212 1265 1250 Ita
1306 1224 1497 1263 magnam
1539 1211 1667 1251 habet
1707 1212 1789 1251 vim
1833 1210 2058 1264 disciplina

276 1275 576 1315 verecundiae:
608 1280 749 1314 carent
780 1279 933 1314 temeto
966 1287 1112 1313 omnes
1144 1274 1354 1313 mulieres.
1402 1273 1604 1325 (Nonius
1637 1288 1673 1314 v.
1697 1274 1907 1313 temulenta
1937 1288 1979 1327 p.
1999 1271 2057 1326 ὃ.)

389 1338 444 1376 Μ.
470 1338 623 1376 Tullius
652 1338 696 1376 de
727 1350 770 1376 re
794 1337 901 1389 publ.
934 1337 999 1376 lib.
1022 1336 1132 1375 IIII:
1174 1337 1310 1389 Atque
1344 1336 1466 1376 etiam
1500 1336 1533 1376 si
1570 1349 1654 1390 qua
1686 1341 1774 1377 erat
1804 1334 1987 1385 famosa,
2020 1336 2058 1376 ei

277 1400 441 1453 cognati
474 1400 664 1439 osculum
698 1413 781 1439 non
813 1399 1015 1440 ferebant.
1077 1397 1286 1450 (Nonius
1318 1399 1486 1450 v.fama
1518 1413 1557 1452 p.
1580 1397 1689 1450 306.)

391 1463 446 1502 M.
476 1462 629 1501 Tullius
658 1462 702 1501 de
732 1474 774 1500 re
800 1461 906 1513 publ.
942 1462 1006 1500 lib.
1028 1462 1139 1500 IIII:
1179 1462 1328 1514 ltaque
1360 1474 1383 1500 a
1415 1461 1597 1514 petendo
1630 1461 1874 1514 petulantia,
1907 1475 1930 1501 a
1961 1474 2059 1515 pro-

226 1533 262 1561 20
278 1524 428 1572 cando,
459 1524 501 1564 id
534 1530 596 1564 est
628 1525 854 1578 poscendO,
889 1525 1116 1578 procacitas
1149 1524 1365 1564 nominata
1397 1530 1472 1564 est.
1534 1523 1741 1576 (Nonius
1772 1538 1812 1564 v.
1833 1524 2059 1576 petulantia

277 1602 317 1641 p.
341 1585 413 1634 ⁶23,
445 1601 482 1626 v.
498 1589 728 1638 procacitas
759 1603 797 1640 p.
820 1585 901 1639 ς24.)

391 1651 478 1689 VII.
511 1648 549 1688 7.
582 1651 634 1689 M.
662 1651 814 1689 Tullius
844 1650 889 1688 de
919 1662 961 1688 re
985 1649 1094 1701 publ.
1126 1650 1190 1688 lib.
1214 1650 1322 1688 IIII:
1355 1649 1460 1689 Nolo
1494 1650 1604 1689 enim
1636 1649 1817 1689 eundem
1849 1649 2056 1703 populum

277 1714 571 1767 imperatorem
605 1720 643 1751 et
674 1712 919 1766 portitorem
953 1725 1044 1752 esse
1076 1718 1294 1752 terrarum.
1344 1711 1560 1765 Optimum
1592 1717 1732 1752 autem
1756 1718 1796 1752 et
1817 1713 1861 1752 in
1882 1712 2054 1767 privatis

277 1775 447 1815 familiis
480 1781 520 1815 et
550 1775 592 1814 in
623 1789 669 1815 re
702 1774 869 1828 publica
901 1775 1078 1827 vectigal
1111 1775 1217 1815 duco
1251 1787 1342 1815 esse
1375 1775 1687 1828 parsimoniam.
1768 1772 1979 1828 (Nonius
2010 1788 2050 1814 v.

227 1839 490 1891 25portitores
521 1852 559 1890 p.
584 1836 664 1889 ¹24.)

392 1902 501 1941 Fidei
524 1902 811 1953 proprietatem
842 1902 1018 1953 exemplo
1051 1901 1317 1953 manifestarit
1346 1901 1400 1940 M.
1427 1901 1580 1939 Tullius
1605 1900 1650 1939 de
1671 1912 1712 1940 re
1726 1900 1837 1952 publ.
1862 1900 1926 1940 lib.
1944 1900 2055 1940 IIII.-

276 1965 398 2004 Fides
437 1964 547 2004 enim
590 1977 744 2003 nomen
784 1964 922 2016 ipsum
964 1964 1065 2004 mihi
1105 1964 1270 2003 videtur
1307 1960 1490 2011 habere,
1533 1976 1627 2003 cum
1658 1960 1702 2002 fit
1733 1964 1848 2016 quod
1882 1961 2051 2003 dicitur.

279 2025 484 2080 (Nonius
517 2040 554 2065 v.
583 2027 674 2078 fidei
706 2040 744 2079 p.
770 2024 849 2079 ³24.)

392 2090 526 2129 Cicero
557 2089 601 2128 de
632 2102 674 2128 re
702 2089 805 2141 publ.
839 2090 903 2128 lib.
925 2090 1035 2128 IIII:
1067 2090 1114 2128 In
1137 2090 1227 2128 cive
1250 2089 1418 2129 excelso
1443 2094 1570 2142 atque
1592 2088 1763 2127 homine
1785 2088 1919 2128 nobili
1940 2087 2058 2128 blan-

228 2158 265 2188 30
279 2153 442 2199 diuam,
475 2152 825 2199 assentationem,
858 2152 1130 2192 ambitionem
1162 2151 1191 2203 ’ζ-
1214 2164 1348 2191 meam
1381 2165 1472 2192 esse
1505 2149 1701 2191 levitatis.
1772 2149 1982 2203 (Nonius
2013 2164 2052 2191 v.

277 2216 584 2255 blandimentum
615 2228 653 2267 p.
678 2211 787 2267 ¹194.)

388 2278 547 2316 Intuere
571 2277 783 2328 paululum
813 2278 920 2329 ipsos
949 2278 993 2316 de
1022 2290 1065 2317 re
1089 2277 1250 2328 publica
1281 2276 1417 2323 libros,
1442 2276 1542 2315 unde
1567 2276 1680 2315 illum
1700 2276 1895 2327 adfectum
1915 2287 2056 2314 aman-

277 2340 423 2379 tissimi
454 2340 552 2378 cii-is
582 2339 745 2385 ebibisti,
779 2340 881 2392 quod
911 2340 1043 2378 nullus
1073 2341 1124 2379 sit
1140 2339 1302 2391 patriae
1323 2339 1551 2378 consulendi
1572 2339 1709 2378 modus
1728 2345 1798 2378 aut
1815 2339 1909 2391 finis
1929 2337 2054 2377 bonis.

277 2404 455 2447 Intuere,
496 2402 653 2441 obsecro
691 2409 747 2449 te,
788 2408 821 2441 et
862 2415 973 2441 cerne
1010 2403 1169 2454 quantis
1208 2402 1263 2440 ibi
1294 2401 1475 2440 laudibus
1501 2401 1720 2453 sruyalitas
1751 2407 1784 2440 et
1815 2399 2057 2440 continentia

228 2472 264 2500 35
271 2465 526 2516 praedicetur
556 2471 589 2503 et
621 2477 716 2516 erqa
746 2465 951 2515 coniuqale
982 2465 1181 2503 vinculum
1208 2464 1302 2516 fides
1323 2464 1509 2516 castique,
1532 2464 1684 2503 honesti
1705 2476 1752 2503 ac
1769 2462 1885 2515 probi
1904 2474 2048 2501 moreS.

281 2524 609 2579 (Augustinus
641 2527 752 2578 epist.
784 2526 898 2573 XCI,
930 2524 967 2564 3.
1001 2527 1118 2568 Tom.
1144 2527 1200 2573 ΙΙ,
1223 2540 1263 2579 p.
1284 2523 1363 2564 2⁶24
1396 2525 1461 2565 ed.
1485 2523 1655 2577 Bened.)

392 2589 499 2628 VIII.
533 2587 571 2626 8.
609 2589 839 2640 «Iurqiunw
874 2594 909 2627 et
943 2589 1041 2628 «lis»
1077 2589 1178 2627 hanc
1208 2589 1347 2627 babent
1367 2589 1621 2627 distantiam:
1652 2587 1831 2639 iuryium
1853 2587 1975 2625 levior
1994 2597 2058 2625 res

279 2656 355 2697 est,
398 2652 433 2689 si
463 2652 617 2702 quidem
648 2652 752 2690 inter
783 2651 978 2689 benivolos
1013 2657 1083 2689 aut
1116 2652 1363 2702 propinquos
1395 2651 1588 2690 dissensio
1620 2650 1679 2690 vel
1708 2650 1946 2689 concertatio
1973 2649 2060 2688 iur-

279 2714 388 2764 9ium
417 2714 577 2759 dicitur,
610 2715 712 2753 inter
745 2714 927 2752 inimicos
957 2713 1150 2752 dissensio
1184 2713 1234 2751 lis
1264 2714 1501 2764 appellatur.
1561 2713 1616 2752 M.
1641 2712 1795 2751 Tullius
1824 2712 1868 2751 de
1889 2724 1931 2750 re
1944 2711 2056 2763 publ.

230 2782 266 2811 40
281 2776 344 2815 lib.
366 2777 472 2815 IIII:
504 2776 703 2824 admiror,
736 2789 811 2816 nec
844 2789 981 2815 rerum
1014 2775 1150 2815 solum
1183 2774 1256 2814 sed
1290 2775 1515 2815 verborum
1547 2775 1673 2814 etiam
1706 2773 1974 2826 elegantiam.
2016 2772 2059 2812 Si

369 2966 399 2996 3,
426 2967 533 2997 eodem
558 2967 652 2997 modo
678 2966 749 3006 (vel
773 2965 884 3004 iure),
912 2974 975 3005 qua
1007 2965 1098 2996 coni.
1125 2965 1241 2995 Moser
1280 2982 1321 2987 —-
1369 2963 1399 2995 6.
1426 2964 1514 3004 ferre
1546 2963 1649 2995 codd.
1694 2981 1728 2986 -—
1770 2963 1800 2994 7.
1834 2963 1971 3003 offerent
1999 2960 2056 2993 vel

281 3017 436 3055 offerrent
460 3015 561 3046 codd.
599 3033 641 3039 —
675 3016 721 3056 ut]
748 3016 835 3054 quod
859 3015 1046 3051 Patricius,
1080 3014 1160 3053 quia
1184 3013 1312 3044 Schiitz
1349 3030 1383 3034 —
1423 3014 1475 3045 2¹0.
1502 3014 1620 3044 horum
1644 3013 1677 3043 in
1702 3013 1912 3043 seueritatem
1936 3011 2058 3043 dicitur

279 3065 444 3096 inaruisse
467 3065 571 3095 codd.
599 3082 634 3086 —
663 3065 702 3095 ⁴1¹2
741 3067 925 3104 reponatur
949 3062 1053 3095 codd.
1083 3080 1118 3084 —
1147 3064 1198 3094 45.
1226 3063 1294 3093 vim
1318 3063 1357 3093 Il.
1379 3063 1517 3094 lunius:
1543 3064 1636 3094 uiam
1660 3062 1763 3094 codd.
1793 3079 1828 3084 —
1855 3062 1908 3092 22.
1927 3061 1981 3092 lib.
1997 3061 2053 3092 III.

282 3116 328 3145 Io.
349 3113 628 3145 Sar-csbcriensis
655 3113 813 3146 Policrat.
840 3115 896 3153 111,
919 3114 969 3145 42.
997 3130 1031 3134 —
1061 3113 1114 3144 26.
1143 3114 1213 3144 Cic.
1241 3113 1284 3143 de
1311 3112 1368 3143 off.
1394 3113 1419 3150 Ι,
1439 3112 1458 3152 ἓ
1475 3113 1534 3143 23:
1562 3113 1743 3144 audeamus
1766 3112 1892 3143 imitari
1916 3111 2054 3150 Stoicos,

281 3164 338 3204 qui
367 3164 507 3193 studiose
538 3164 720 3202 acquirunt
748 3165 833 3195 uncle
862 3163 963 3194 verba
992 3163 1056 3193 sint
1088 3163 1205 3200 ducta,
1239 3163 1495 3202 credamusque,
1528 3164 1609 3202 quia
1637 3164 1699 3202 fiat
1729 3162 1815 3201 quod
1843 3162 1966 3194 dictum
1996 3163 2053 3199 est,

281 3214 482 3253 appellatam
504 3213 610 3251 fidem,
638 3213 730 3244 undi—
756 3214 789 3244 h.
810 3212 830 3244 l.
858 3212 1087 3245 scribendum
1113 3211 1266 3243 videtur:
1294 3221 1411 3244 nomen
1435 3213 1541 3252 ipsum
1565 3213 1639 3244 inde
1662 3212 1740 3243 mihi
1763 3221 1794 3242 v.
1820 3210 1949 3249 habere,
1976 3210 2056 3250 quia

279 3264 315 3303 fit
340 3263 426 3302 quad
450 3261 571 3291 dit-itur
611 3279 644 3282 —
688 3263 739 3293 ¹⁴29.
768 3263 884 3293 nobilis
908 3262 1010 3293 codd.
1055 3279 1089 3284 —
1131 3261 1184 3292 30.
1212 3263 1465 3293 assentationem
1490 3263 1717 3293 Ruhnkenius
1750 3262 1799 3299 (v.
1821 3261 2054 3299 Mnemosyne

281 3311 436 3350 11,419):
462 3311 707 3342 ostentationem
731 3312 834 3343 codd.
861 3314 896 3343 ct
920 3311 1000 3343 edd.
1038 3328 1073 3334 —-
1109 3319 1217 3343 nicam
1241 3310 1344 3343 codd.
1372 3314 1554 3353 corrupte:
1580 3312 1721 3343 nimiam
1745 3311 1918 3352 Sigonius,
1943 3311 2056 3341 notam

284 3360 309 3392 O
333 3368 415 3391 cum
439 3361 549 3392 Iunio.

2240 141 2242 148 ⁴
2242 71 2243 74 „
2242 0 2249 53 r--1
