2249 3624
737 160 833 202 cn».
864 161 958 202 xx.
995 160 1055 216 §5
1087 161 1280 203 68—74.
1805 164 1886 205 607

130 271 163 313 si
194 272 308 315 sunt,
340 266 411 307 vix
444 265 702 314 evelluntur,
735 269 768 307 si
801 274 960 308 matura
993 275 1031 308 et
1064 276 1203 316 cocta,
1236 270 1454 316 decidunt,
1487 272 1545 310 sic
1573 272 1698 312 vitam
1721 272 1887 312 adules-

128 330 312 374 centibus
345 329 404 368 vis
435 327 592 375 aufert,
626 330 799 369 senibus
831 333 1075 377 maturitas:
1117 346 1223 385 quae
1257 332 1425 385 quidem
1461 334 1559 373 milii
1593 340 1674 374 tam
1708 335 1886 374 iucunda

128 400 211 442 est,
249 397 318 439 ut,
359 404 443 444 quo
477 392 648 445 propius
680 392 730 431 ad
764 400 936 433 mortem
970 395 1185 435 accedam.
1229 397 1347 447 quasi
1390 402 1538 435 terram
1573 397 1713 436 videre
1746 397 1888 436 videar

126 453 438 509 aliquandoque
479 454 520 492 in
554 460 719 506 portum
759 468 810 494 ex
842 454 965 506 longa
999 457 1264 506 navigatione
1297 471 1389 496 esse
1423 465 1632 498 venturus.
1696 460 1787 498 XX.
1819 458 1885 497 72.

127 516 358 558 Senectutis
403 520 540 555 autem
585 516 724 555 nullus
764 523 826 556 cst
867 524 1003 557 certus
1046 519 1270 563 terminus,
1318 526 1511 573 recteque
1554 521 1594 560 iu
1634 534 1680 560 ea
1722 522 1917 567 vivitur‚5

87 615 92 618 .
128 579 265 634 quoad
297 592 448 618 munus
482 578 610 617 officii
644 580 798 632 exequi
823 586 862 618 et
887 581 991 619 tueri
1018 581 1154 632 possis
1190 579 1466 635 [mortemque
1490 581 1797 636 contemnere]:
1835 597 1887 623 ex

126 655 210 696 quo
249 641 296 681 fit
334 646 379 680 ut
415 640 644 680 animosior
680 642 802 680 etiam
844 649 1038 681 senectus
1077 644 1130 682 sit
1168 657 1293 696 quam
1332 645 1615 685 adulescentia
1656 652 1696 685 et
1726 646 1888 686 sortior·

125 703 212 744 Hoc
243 701 346 743 illud
377 708 453 749 est,
487 702 600 755 quod
623 702 842 742 Pisistrato
876 710 1053 756 tyranno
1086 718 1108 744 a
1132 705 1283 744 Solone
1316 720 1562 758 responsum
1596 714 1671 754 est,
1704 722 1796 748 cum
1828 709 1886 748 illi

126 765 364 820 quaerenti,
405 777 487 817 qua
528 765 696 804 tandein
735 778 778 804 re
810 765 938 804 fretus
971 767 1047 805 sibi
1081 773 1160 806 tam
1193 768 1407 807 audaciter
1438 770 1678 817 obsisteret,
1717 784 1889 823 respon-

126 828 234 868 disse
274 826 450 867 dicitur:
497 832 724 866 senectute.
801 828 881 866 Sed
923 828 1085 867 vivendi
1126 836 1187 868 est
1229 828 1320 868 linis
1361 832 1567 883 optimus,
1607 847 1696 872 cum
1730 835 1940 885 integraio

127 896 262 932 mente
293 889 503 942 certisque
535 889 727 928 sensibus
759 902 862 943 opus
895 892 985 942 ipsa
1017 904 1137 929 suum
1171 891 1315 930 eadem
1350 906 1455 945 quae
1488 897 1793 946 coagmentavit
1819 910 1890 935 na-

127 958 218 993 tura
249 951 451 991 dissolvit.
495 951 544 991 Ut
575 964 735 998 navem,
769 959 813 992 ut
844 952 1079 992 aediticium
1114 953 1222 993 idem
1255 955 1428 994 destruit
1459 955 1655 996 facillime
1689 958 1759 1011 qui
1792 972 1890 997 con-

127 1014 292 1061 struxit,
324 1014 383 1054 sic.
414 1013 629 1054 hominem
663 1014 808 1054 eadem
842 1016 998 1068 optimc
1033 1028 1139 1067 quae
1171 1016 1476 1068 conglutinavit
1508 1025 1653 1058 natura
1687 1021 1888 1061 dissolvit.

126 1077 210 1118 lam
252 1077 387 1116 omnis
427 1077 730 1129 conglutinatio
772 1091 917 1117 recens
949 1091 1095 1130 aegre,
1137 1079 1363 1117 inveterata
1396 1079 1515 1118 facile
1548 1080 1770 1122 divellitur.
1831 1084 1889 1123 lta

126 1137 170 1180 fit
206 1144 251 1180 ut
287 1139 389 1179 illud
429 1136 555 1178 breve
594 1140 703 1179 vitae
743 1140 956 1192 reliquum
998 1154 1074 1180 nec
1114 1141 1233 1180 avide
1278 1141 1557 1194 adpetendum
1604 1145 1774 1185 senibus
1814 1159 1890 1186 nee
1906 1157 1940 1184 15

126 1202 215 1242 sine
247 1214 373 1242 causa
406 1200 684 1241 deserendum
717 1202 790 1242 sit:
834 1200 899 1241 73.
932 1209 1131 1256 vetatque
1156 1204 1410 1256 Pythagoras
1433 1205 1593 1245 iniussu
1615 1206 1890 1259 imperatoris,

125 1263 166 1304 id
205 1270 267 1304 est
308 1263 398 1311 dei,
443 1264 493 1304 de
532 1265 746 1317 praesidio
787 1270 827 1304 et
867 1266 1046 1304 statione
1084 1266 1192 1304 vitae
1235 1266 1453 1306 decedere.
1523 1268 1690 1308 Solonis
1721 1269 1890 1322 quidem

125 1326 326 1380 sapientis
358 1326 539 1379 elogium
573 1332 647 1373 est,
682 1341 766 1380 quo
799 1341 842 1367 se
874 1333 999 1380 negat
1030 1327 1137 1367 velle
1159 1341 1276 1367 suam
1301 1334 1473 1369 mortem
1498 1329 1640 1370 dolore
1663 1331 1890 1371 amicorum

127 1393 167 1428 et
196 1387 387 1428 lamentis
419 1402 581 1428 vacare.
643 1390 760 1437 Volt,
793 1389 942 1437 credo,
975 1404 1018 1430 se
1050 1404 1141 1430 esse
1173 1404 1311 1430 carum
1345 1392 1442 1438 suis,
1475 1392 1548 1432 sed
1579 1392 1690 1432 haud
1723 1395 1806 1433 scio
1839 1407 1890 1434 an

127 1450 273 1491 melius
303 1451 489 1491 Ennius:
1904 1468 1941 1497 20

321 1514 476 1553 Nemo
518 1527 588 1554 me
628 1514 874 1555 lacrumis
908 1514 1145 1564 decoret,
1179 1529 1343 1570 neque
1375 1515 1559 1557 funera
1589 1517 1722 1558 fletu

321 1576 484 1616 Faxit.

126 1638 218 1678 Non
262 1643 406 1677 censet
449 1638 674 1691 lugendam
721 1652 812 1679 esse
861 1646 1061 1687 mortem,
1108 1654 1230 1694 quam
1279 1641 1552 1682 inmortalitas
1598 1649 1891 1696 consequatur.

127 1697 191 1739 74.
225 1700 307 1740 Iam
341 1714 491 1741 sensus
524 1701 730 1741 moriendi
763 1702 917 1754 aliquis
949 1716 1040 1742 esse
1072 1709 1211 1756 potest
1241 1704 1361 1757 isque
1401 1704 1453 1743 ad
1485 1705 1681 1756 exiguum
1714 1711 1891 1759 tempuS,

126 1764 369 1818 praesertim
410 1764 527 1803 seni:
572 1770 668 1817 post
711 1770 885 1804 mortem
929 1765 1099 1818 quidem
1133 1779 1280 1806 sensus
1313 1771 1383 1805 aut
1414 1766 1622 1818 optandus
1653 1774 1724 1808 aut
1755 1769 1892 1808 nullus
1906 1780 1942 1809 25

126 1831 200 1866 est.
261 1825 342 1865 Sed
374 1826 455 1866 hoc
486 1827 731 1866 meditatum
763 1827 813 1866 ab
845 1826 1132 1868 adulescentia
1163 1827 1287 1867 debet
1319 1841 1433 1875 esse,
1472 1834 1647 1868 mortem
1679 1835 1724 1870 ut
1753 1831 1893 1884 negle-

127 1901 295 1941 gamus,
334 1889 423 1928 sine
457 1902 539 1942 qua
571 1889 846 1929 meditatione
886 1890 1114 1943 tranquillo
1145 1891 1286 1930 animo
1318 1903 1410 1930 esse
1442 1903 1563 1930 nemo
1596 1897 1746 1944 potest.
1806 1895 1893 1933 Mo-

124 1950 317 1991 riendum
349 1951 459 1990 enim
491 1956 604 1991 certe
636 1957 711 1999 est,
744 1957 784 1991 et
815 1951 854 1991 id
887 1952 1091 1992 incertum
1123 1965 1174 1992 an
1206 1952 1286 1992 hoc
1317 1953 1410 2005 ipso
1433 1952 1513 1992 die.
1563 1954 1736 1994 Mortem
1767 1955 1894 2008 igitur

211 2100 241 2131 4.
267 2103 341 2131 sunl
364 2100 500 2131 BIRS:
528 2100 592 2130 sint
617 2099 708 2131 EPO
737 2117 771 2121 —
798 2101 858 2131 via:
881 2100 1066 2132 euelluntw·
1090 2101 1135 2132 P:
1162 2100 1197 2131 ui
1220 2100 1414 2132 auellunlur
1436 2101 1567 2140 BIRS,
1593 2102 1627 2132 ui
1651 2103 1831 2134 euellentur
1856 2103 1891 2142 E,

123 2150 183 2182 vix
204 2150 298 2183 avell.
325 2151 349 2182 O
387 2167 422 2172 —
462 2151 492 2181 2.
520 2154 588 2181 tam
613 2159 682 2182 om.
704 2150 727 2181 E
767 2169 801 2173 —
839 2150 984 2181 iucunda
1007 2153 1081 2181 sunt
1105 2150 1161 2181 BS
1199 2167 1233 2172 —-
1273 2149 1304 2181 3.
1329 2150 1467 2190 propius
1498 2151 1520 2182 P
1553 2160 1644 2183 corr.
1673 2161 1714 2184 ex
1735 2154 1830 2192 prius
1856 2171 1890 2176 —

124 2200 242 2232 uidear
263 2201 376 2232 uidere
399 2201 424 2232 R
450 2217 485 2222 —
520 2199 551 2232 4.
579 2201 761 2240 aliquando
787 2201 810 2232 E
838 2220 872 2223 —
907 2202 937 2232 5.
965 2200 1136 2231 senectutis
1159 2203 1270 2231 aulem
1295 2201 1343 2231 C:
1376 2200 1529 2231 Omnium
1552 2205 1697 2233 aetatum
1720 2207 1826 2234 certus
1850 2207 1896 2236 esc

126 2251 300 2287 terminus,·
332 2251 503 2283 senectutis
526 2254 637 2282 autem
671 2251 696 2281 Ο
730 2253 762 2283 et
794 2248 891 2281 Oehl.
927 2249 1022 2281 solus
1055 2258 1096 2280 ex
1130 2250 1240 2287 meis;
1278 2250 1321 2281 cs.
1347 2250 1508 2290 Madvigii
1534 2250 1659 2291 Opuse.
1687 2252 1734 2290 11,
1760 2253 1822 2284 277
1856 2270 1891 2276 -

125 2304 232 2332 certus
253 2304 297 2332 est
321 2301 346 2331 Ο
370 2319 412 2324 -
437 2301 467 2333 6,
494 2302 603 2332 minus
627 2299 715 2332 1³¹—
742 2302 843 2341 possit
868 2303 902 2339 P,
929 2300 1021 2331 haud
1047 2300 1119 2331 scio
1144 2308 1186 2330 an
1213 2301 1310 2331 recte
1335 2318 1378 2323 —
1400 2304 1602 2339 mortemque
1623 2305 1828 2334 contemnere
1850 2304 1891 2334 P:

126 2353 156 2382 ec
184 2353 291 2382 tamen
322 2354 460 2382 mortem
499 2361 563 2382 non
596 2352 709 2383 timere
742 2353 788 2387 E,
840 2354 868 2382 e!
899 2354 1005 2381 tamen
1038 2353 1176 2380 mortem
1205 2353 1411 2381 contemnere
1453 2350 1638 2387 BlRSO;
1689 2351 1757 2383 hoc
1793 2351 1894 2384 colon

127 2399 328 2432 Schuetzius
361 2400 522 2433 Ursinum
560 2403 702 2433 secutus
739 2400 1006 2441 interpolatione
1038 2398 1215 2429 adiectum
1247 2399 1347 2437 dixit,
1391 2399 1624 2440 adstipulante
1655 2401 1825 2442 Madvigio
1862 2403 1896 2434 in

127 2448 250 2490 Opusc.
277 2451 322 2489 ΙΙ,
349 2450 411 2482 278
451 2469 484 2473 —-
523 2451 553 2483 7.
581 2455 726 2483 senectus
749 2460 818 2483 om.
839 2451 863 2482 E
904 2469 936 2473 —
979 2449 1009 2481 8.
1038 2452 1082 2480 est
1107 2456 1176 2479 om.
1199 2449 1256 2480 ER
1296 2466 1329 2469 —
1363 2450 1544 2489 pysistralo
1570 2451 1593 2481 P
1634 2468 1666 2473 -
1704 2452 1816 2483 salone
1838 2453 1894 2492 IS,

125 2499 235 2530 sidone
259 2500 294 2538 P,
320 2500 383 2531 sed
408 2501 442 2532 in
467 2509 577 2541 marg.
603 2501 712 2533 solone
750 2520 783 2524 —
823 2501 853 2532 9.
880 2509 916 2531 re
940 2498 1109 2531 PB¹1¹S2:
1136 2506 1191 2537 spe
1214 2499 1432 2530 B2E12Rs¹o
1459 2517 1494 2522 —
1524 2500 1697 2532 audaciter
1721 2502 1894 2534 EiPSB2:

126 2549 285 2580 audacter
307 2546 382 2581 B¹R
421 2565 456 2571 —-
495 2551 658 2582 resisteret
682 2551 740 2582 El¹
767 2568 801 2572 —
840 2550 1005 2589 respondit
1029 2551 1189 2580 senectute
1212 2549 1271 2580 ER
1311 2565 1345 2571 —
1386 2550 1436 2580 slO.
1464 2550 1598 2581 uiuendi
1622 2554 1668 2582 est
1684 2568 1733 2575 —-
1750 2553 1898 2584 dissoluit

125 2598 258 2631 Nonius
281 2608 314 2640 p.
334 2598 386 2638 42,
407 2600 447 2631 22
479 2617 513 2622 —
553 2604 704 2640 optumus
727 2602 750 2632 B
768 2602 838 2633 p25
864 2603 897 2632 et
922 2599 1025 2631 codd.
1052 2599 1149 2630 Nonii
1186 2615 1219 2620 -
1255 2599 1305 2629 it.
1331 2600 1493 2639 certisque
1517 2600 1540 2631 C
1568 2601 1601 2631 et
1625 2602 1779 2634 Nonius:
1813 2606 1899 2634 cele-

125 2648 234 2688 risque
257 2649 282 2680 O
309 2667 343 2672 —
370 2658 466 2680 suum
489 2651 561 2690 ipsa
586 2651 610 2683 E
639 2670 673 2674 —
701 2651 944 2683 coacmentauic
967 2650 1004 2688 R,
1031 2649 1300 2689 coaugmentauic
1324 2649 1381 2680 ES
1407 2666 1442 2671 —
1471 2650 1522 2680 42.
1548 2651 1665 2681 neuim
1689 2651 1755 2690 BS,
1783 2653 1900 2684 nanim

126 2698 210 2730 idem
233 2699 258 2731 E
285 2717 320 2722 —
352 2700 437 2732 idem
461 2709 530 2733 om.
551 2702 575 2733 E
606 2720 638 2724 -
672 2703 836 2733 destruxit
860 2702 883 2733 B
913 2718 946 2722 —
981 2700 1033 2731 43.
1060 2703 1190 2739 optume
1213 2699 1270 2729 ΒΞ
1297 2717 1331 2721 -
1364 2699 1419 2731 ⁴4.
1446 2700 1534 2731 Nam
1558 2698 1596 2731 Ει
1622 2717 1656 2722 -
1684 2711 1797 2734 recens
1819 2712 1899 2734 con-

127 2748 208 2790 ylut.
234 2750 259 2781 R
287 2768 320 2772 -
354 2751 545 2782 dissoluitur
567 2752 666 2791 facile
690 2752 714 2783 E
744 2771 778 2774 —
810 2752 927 2791 Itaque
952 2751 975 2782 E
1004 2769 1038 2772 —
1075 2750 1126 2781 45.
1154 2749 1319 2787 reliquum
1342 2750 1432 2780 uitae
1455 2750 1531 2781 BIS
1566 2767 1602 2772 —
1637 2750 1766 2782 senibus
1788 2757 1896 2792 appel.

128 2797 155 2829 E
173 2815 206 2820 —
235 2799 286 2831 ⁴6.
305 2800 522 2832 deserundum
546 2802 673 2833 ΒΙΞΡ2
691 2818 724 2823 -
749 2805 936 2841 pytagoras
961 2802 984 2832 P
1004 2817 1037 2822 -—
1066 2799 1267 2838 inperatoris
1291 2800 1315 2830 R
1337 2817 1370 2821 —-
1400 2799 1450 2830 Π.
1477 2799 1527 2829 dei
1551 2801 1574 2831 P
1591 2808 1681 2831 corr.
1702 2810 1743 2833 ex
1765 2803 1841 2843 fidei
1860 2820 1894 2825 —

130 2847 181 2879 ⁴8.
207 2849 371 2891 euloyium
393 2851 463 2883 BI:
499 2851 637 2892 eleyium
663 2852 714 2883 Fr.
737 2854 820 2891 Aug.
841 2850 935 2882 Wolf
959 2851 1006 2890 (V.
1026 2850 1208 2881 Hanhart's
1222 2849 1475 2889 Erinncrunyen
1499 2857 1542 2879 an
1567 2850 1604 2881 F.
1619 2851 1656 2882 Α.
1674 2852 1767 2891 H'olf
1784 2861 1817 2894 p.
1832 2854 1897 2893 87),

131 2896 234 2938 elegia
258 2899 369 2931 Cobet
385 2899 461 2932 coll.
481 2901 582 2932 Tusc.
609 2902 634 2939 1,
654 2900 706 2937 49.
725 2902 785 2932 4⁴7
804 2919 846 2923 —
870 2903 915 2932 est
939 2899 1020 2931 add.
1042 2900 1074 2930 in
1095 2901 1118 2930 Ρ
1136 2908 1183 2930 m.
1202 2900 1233 2937 2,
1262 2899 1356 2940 quod
1373 2899 1467 2930 haud
1485 2900 1556 2930 scio
1581 2908 1625 2932 an
1642 2904 1723 2942 post
1745 2905 1902 2943 sapientis

132 2946 347 2981 interciderit
374 2968 408 2973 -
443 2952 530 2990 quod
554 2951 578 2982 E
608 2968 641 2973 —
673 2960 706 2983 se
730 2960 799 2983 om.
821 2951 876 2982 BS
904 2968 937 2972 —
973 2953 1111 2980 mortem
1133 2958 1228 2980 suam
1253 2950 1277 2981 E
1305 2966 1338 2970 —
1377 2950 1427 2980 ⁴9.
1454 2949 1586 2981 credere
1609 2952 1633 2982 P
1657 2969 1699 2973 —
1727 2961 1845 2984 carum
1868 2962 1900 2986 se

132 3004 196 3028 esse
218 2998 296 3030 BIS
325 3018 366 3023 —
401 3001 482 3032 haut
506 3001 565 3032 BE
601 3017 636 3022 —-
672 3002 739 3032 scio
763 3010 807 3032 an
830 2999 957 3041 melius]
982 3000 1131 3030 hemilius
1154 3000 1190 3037 P,
1216 2998 1279 3030 sed
1305 2999 1337 3030 in
1364 3007 1462 3038 marg
1500 2999 1552 3030 uel
1574 2999 1749 3031 haudnw
1774 3019 1809 3024 —
1843 3003 1897 3034 24,

133 3045 288 3080 lacrumis
311 3050 341 3080 1:
369 3050 516 3081 lacrimis
540 3050 695 3082 BEPRS
722 3067 756 3072 -
790 3052 903 3091 fletum
926 3048 1096 3089 Scaliger,
1123 3050 1239 3080 lessam
1264 3047 1432 3088 Bentley;
1459 3057 1491 3079 v.
1511 3048 1643 3081 Vahlen
1670 3059 1702 3091 p.
1720 3051 1782 3082 462
1808 3052 1900 3092 (fletu

133 3094 240 3128 habet
264 3099 368 3130 etiam
393 3100 432 3140 P)
467 3117 502 3122 —
540 3099 592 3131 23.
619 3100 707 3131 Num
730 3109 837 3131 censes
861 3100 886 3131 E
927 3117 960 3121 -
999 3102 1105 3130 censet
1129 3100 1149 3130 S
1175 3099 1208 3129 in
1233 3107 1301 3130 ras.
1331 3098 1457 3137 (fuerat
1482 3099 1595 3137 sensit,
1622 3102 1658 3130 ut
1683 3100 1833 3141 videtur)
1860 3118 1894 3124 —

133 3148 269 3177 mortem
290 3156 356 3179 esse
379 3148 403 3179 E
431 3165 465 3170 —
500 3150 711 3188 consequitur
734 3150 759 3180 E
787 3167 821 3172 ——
855 3149 908 3181 24.
934 3150 1102 3180 moriundi
1126 3150 1222 3187 BIS,
1249 3149 1403 3180 morienti
1427 3150 1451 3180 R
1476 3167 1517 3172 —
1542 3150 1648 3188 aliqui
1673 3150 1708 3183 R'
1732 3169 1775 3174 —
1798 3160 1900 3191 usque

135 3193 179 3224 ad
194 3195 229 3233 P,
253 3196 280 3226 is
297 3198 353 3236 qui
368 3199 412 3229 ad
435 3198 460 3229 E
486 3215 522 3221 -
550 3199 604 3230 26.
631 3199 887 3231 adulescentiam
911 3198 1023 3230 debent
1046 3198 1082 3231 P¹
1110 3216 1143 3221 -
1170 3198 1338 3238 ne91e9ent
1362 3199 1373 3229 1
1398 3216 1440 3220 —
1462 3199 1516 3230 27.
1542 3200 1654 3231 animo
1677 3209 1742 3233 esse
1765 3201 1895 3233 ElPR:

136 3249 201 3274 esse
222 3246 332 3277 animo
356 3247 445 3278 BSO
472 3265 507 3271 —
530 3250 636 3287 potest
658 3257 752 3279 nemo
775 3250 812 3287 P,
838 3249 902 3281 sed
921 3249 1001 3281 add.
1021 3250 1126 3289 signis
1151 3249 1432 3290 transpositionis
1460 3265 1494 3272 -
1521 3250 1733 3281 moriundum
1756 3250 1832 3281 BIS
1856 3265 1899 3273 —

137 3290 189 3323 28.
207 3292 292 3325 enim
307 3302 376 3327 om.
394 3296 441 3328 EI
462 3314 494 3321 -
523 3300 569 3330 est
585 3301 671 3330 certe
687 3298 712 3329 E
733 3313 767 3321 -
787 3299 830 3338 et]
847 3298 967 3331 malim
982 3302 1027 3331 sec
1042 3299 1205 3330 incertum
1224 3314 1259 3321 —
1278 3297 1313 3329 id
1329 3306 1398 3330 om.
1414 3299 1440 3330 P
1457 3314 1492 3321 —
1511 3298 1570 3330 hoc
1585 3300 1627 3331 P:
1653 3307 1690 3332 eo
1706 3297 1895 3330 BEIRSO.
