2249 3624
226 159 310 202 716
948 161 1018 201 DE
1050 158 1275 200 OFFICIIS

229 272 458 321 contraque
498 271 670 307 naturae
711 267 868 318 legem,
910 265 973 305 sin
1016 269 1153 304 autem
1192 264 1228 304 is
1266 268 1310 304 tu
1342 264 1422 313 sis,
1464 265 1536 319 qui
1568 265 1740 305 multam
1771 267 1994 308 utilitatem

229 330 290 370 rei
321 330 512 384 publicae
544 334 670 382 atque
700 328 918 367 hominum
951 327 1162 374 societati,
1194 327 1228 367 si
1259 327 1303 366 in
1332 327 1415 367 vita
1445 341 1674 375 remaneas,
1705 327 1867 368 adferre
1898 343 1995 382 pos-

230 392 308 439 sis,
341 392 374 431 si
406 393 505 445 quid
538 391 589 432 ob
622 404 712 431 eam
745 403 908 430 causam
941 388 1061 429 alteri
1093 390 1347 438 detraxeris,
1390 403 1475 430 non
1506 391 1559 430 sit
1588 390 1995 442 reprehendendum.

231 454 304 494 Sin
342 459 480 494 autem
520 453 562 493 id
601 466 686 493 non
718 453 770 493 sit
800 452 890 492 eius
923 451 1058 500 modi,
1100 466 1219 493 suum
1252 453 1403 506 cuique
1435 452 1746 493 incommodum
1777 452 1994 494 ferendum

198 520 294 556 esest
323 517 462 569 potius
494 529 617 570 quam
650 516 701 555 de
733 515 905 555 alterius
944 515 1175 555 commodis
1207 515 1524 555 detrahendum.
1583 516 1675 554 Non
1707 516 1834 568 igitur
1865 516 1997 569 magis

230 583 292 618 est
324 584 466 618 contra
497 583 687 619 naturam
721 578 887 618 morbus
929 581 1000 617 aut
1039 582 1200 630 egestas
1240 582 1311 618 aut
1350 578 1448 632 quid
1486 578 1576 617 eius
1613 577 1725 617 modi
1768 591 1892 631 quam
1924 578 1996 617 de-

229 642 375 681 tractio
418 646 543 694 atque
584 641 783 694 appetitio
824 640 973 687 alieni,
1016 639 1088 679 sed
1122 640 1352 681 communis
1386 640 1576 680 utilitatis
1608 639 1823 680 derelictio
1856 645 1999 681 contra

229 708 417 743 naturam
451 709 535 751 est;
567 709 630 743 est
660 703 771 742 enim
803 702 972 742 iniusta,
1032 699 1099 742 31.
1132 703 1278 755 Itaque
1309 703 1379 742 lex
1409 702 1500 756 ipsa
1531 706 1717 749 naturae,
1750 715 1858 755 quae
1888 703 2000 743 utili-

228 770 353 805 tatem
384 765 603 806 hominum
645 771 866 805 conservat
905 771 946 806 et
977 767 1183 814 continet,
1225 766 1422 805 decernet
1451 764 1640 817 profecto
1673 769 1717 804 ut
1747 765 1797 805 ab
1829 765 1999 805 homine

181 828 348 867 toinerti
390 833 515 882 atque
555 829 692 869 inutili
732 828 782 869 ad
827 828 1078 881 sapientem,
1121 829 1301 875 bonum,
1343 827 1491 867 fortem
1535 827 1666 866 virum
1699 826 2002 867 transferantur

229 904 295 930 res
326 890 377 930 ad
411 892 634 932 vivendum
667 893 949 939 necessariae,
984 892 1055 946 qui
1089 893 1121 932 si
1155 891 1366 938 occiderit,
1401 890 1574 929 multum
1607 889 1657 929 de
1690 891 1899 930 communi
1922 891 2001 930 uti-

229 952 344 993 litate
376 953 616 1002 detraxerit,
650 955 775 995 modo
806 955 886 994 hoc
918 955 975 995 ita
1006 954 1140 1002 faciat,
1173 960 1218 994 ut
1248 968 1300 993 ne
1331 954 1421 1006 ipse
1454 953 1505 991 de
1537 965 1582 992 se
1614 953 1721 991 bene
1753 953 2000 992 existimans

230 1028 408 1068 seseque
448 1017 628 1070 diligens
666 1018 775 1057 hanc
813 1031 977 1058 causam
1020 1017 1172 1057 habeat
1210 1017 1260 1056 ad
1301 1016 1511 1055 iniuriam.
1572 1015 1631 1054 Ita
1665 1027 1829 1068 semper
1860 1013 1999 1055 officio

229 1076 428 1129 fungetur
470 1080 637 1119 utilitati
679 1081 904 1120 consulens
946 1080 1162 1119 hominum
1206 1085 1245 1118 et
1286 1079 1348 1125 ei,
1394 1090 1517 1131 quam
1550 1090 1674 1129 saepe
1707 1090 2000 1125 commemoro,

181 1148 216 1176 45
230 1139 437 1181 humanae
469 1143 674 1184 societati,
746 1141 810 1182 3⁶2.
852 1145 955 1183 Nam
989 1142 1101 1195 quod
1135 1142 1184 1182 ad
1218 1141 1423 1181 Phalarim
1456 1141 1624 1186 attinet,
1666 1139 1862 1193 perfacile
1894 1138 2002 1179 iudi-

231 1203 339 1241 cium
372 1209 448 1244 est.
507 1206 629 1246 Nulla
661 1212 723 1245 est
754 1206 863 1245 enim
898 1206 1076 1245 societas
1108 1206 1229 1245 nobis
1261 1218 1352 1244 cum
1386 1203 1575 1257 tyrannis
1608 1208 1648 1242 et
1679 1202 1818 1255 potius
1842 1216 2002 1242 summa

232 1264 446 1306 distractio
479 1273 558 1315 est,
592 1282 729 1321 neque
762 1275 825 1307 est
856 1274 999 1307 contra
1031 1273 1221 1308 naturam
1255 1267 1434 1320 spoliare
1468 1279 1585 1313 eum,
1618 1266 1650 1305 si
1684 1265 1842 1318 possis,
1876 1279 2000 1319 quem

232 1332 294 1366 est
323 1327 545 1370 honestum
578 1345 750 1377 necare,
792 1336 919 1383 atque
956 1331 1036 1369 hoc
1078 1343 1201 1369 omne
1233 1343 1365 1382 genus
1397 1328 1638 1381 pestiferum
1671 1333 1797 1380 atque
1828 1327 2001 1380 impium

233 1402 285 1428 ex
316 1390 534 1432 hominum
567 1394 862 1433 communitate
895 1391 1258 1432 exterminandum
1284 1398 1357 1431 est.
1401 1391 1581 1437 Etenim,
1601 1395 1646 1430 ut
1668 1390 1852 1429 membra
1875 1404 2003 1443 quae-

181 1460 219 1489 20
235 1451 326 1492 dam
361 1460 650 1506 amputantur,
690 1457 723 1495 si
758 1462 797 1495 et
828 1456 917 1508 ipsa
949 1455 1150 1507 sanguine
1183 1461 1223 1495 et
1255 1461 1466 1508 tamquam
1499 1453 1646 1506 spiritu
1680 1465 1820 1492 carere
1853 1466 2003 1506 coepe-

233 1520 330 1554 runt
370 1521 411 1555 et
451 1524 602 1557 nocent
645 1518 819 1571 reliquis
861 1517 1049 1569 partibus
1094 1518 1306 1570 corporis,
1355 1518 1413 1555 sic
1453 1516 1533 1555 ista
1574 1516 1614 1554 in
1655 1513 1784 1567 figura
1824 1516 2004 1555 bominis

233 1576 375 1617 feritas
417 1585 458 1618 et
497 1579 719 1620 inmanitas
760 1580 908 1620 beluae
949 1593 972 1619 a
1014 1580 1223 1620 communi
1267 1585 1476 1632 tamquam
1518 1577 1788 1617 humanitatis
1831 1591 2004 1630 corpore

234 1642 491 1692 segreganda
524 1648 597 1682 est.
660 1643 789 1682 Huius
832 1642 996 1695 generis
1036 1642 1305 1695 quaestiones
1337 1647 1432 1681 sunt
1463 1654 1608 1680 omnes
1642 1653 1738 1687 eae,
1778 1640 1820 1678 in
1853 1641 2004 1693 quibus

235 1716 287 1742 ex
318 1709 506 1756 tempore
540 1704 724 1746 osticium
758 1705 1006 1758 exquiritur.

183 1774 219 1803 25
348 1766 436 1805 Vll.
467 1764 533 1806 33.
567 1768 667 1806 Eius
699 1767 812 1806 modi
844 1767 972 1819 igitur
1004 1765 1128 1805 credo
1160 1778 1226 1804 res
1249 1765 1491 1804 Panaetium
1522 1769 1838 1817 persecuturum
1861 1764 2004 1813 fuisse,

235 1827 315 1866 nisi
359 1828 490 1882 aliqui
531 1843 649 1869 casus
697 1835 767 1869 aut
811 1828 1030 1881 occupatio
1079 1828 1168 1866 eius
1208 1828 1431 1866 consilium
1473 1827 1731 1879 peremisset.
1793 1826 1855 1865 Ad
1901 1841 2004 1880 quas

235 1890 347 1942 ipsas
389 1892 721 1931 consultationes
762 1905 814 1930 ex
853 1890 1142 1943 superioribus
1185 1890 1301 1928 libris
1341 1890 1441 1929 satis
1484 1889 1611 1927 multa
1645 1895 1864 1942 praecepta
1895 1895 2005 1936 sunt,

236 1953 389 2005 quibus
422 1954 600 2005 perspici
636 1955 789 2006 possit,
833 1953 933 2007 quid
968 1954 1021 1992 sit
1052 1957 1222 2006 propter
1254 1952 1557 2004 turpitudinem
1590 1950 1858 2002 fugiendum,
1903 1953 2006 2005 quid

237 2014 290 2053 sit
322 2015 432 2068 quod
464 2016 621 2055 idcirco
654 2016 895 2068 fugiendum
930 2029 1012 2054 non
1046 2015 1117 2060 sit,
1162 2014 1274 2066 quod
1316 2014 1487 2053 omnino
1526 2020 1647 2065 turpe
1680 2026 1764 2052 non
1797 2014 1862 2053 sit.
1924 2015 2005 2054 Sed

185 2085 221 2114 30
237 2077 434 2130 quoniam
466 2080 579 2131 operi
611 2079 828 2125 inchoato,
862 2091 993 2130 prope
1026 2083 1163 2115 tamen
1197 2076 1413 2123 absoluto,
1455 2082 1668 2128 tamquam
1701 2074 1913 2128 fastigium
1946 2077 2009 2116 in-

237 2141 447 2192 ponimus,
480 2147 524 2180 ut
556 2147 794 2193 geometrae
826 2141 961 2180 solent
993 2153 1075 2178 non
1109 2139 1245 2178 omnia
1278 2138 1443 2185 docere,
1476 2137 1549 2176 sed
1573 2137 1785 2190 postulare
1814 2144 1859 2177 ut
1881 2152 2009 2192 quae-

239 2202 332 2242 dam
365 2203 441 2242 sibi
475 2203 780 2249 concedantur,
815 2216 897 2255 quo
930 2202 1094 2240 facilius
1128 2214 1235 2253 quae
1269 2201 1414 2239 volunt
1446 2200 1678 2251 explicent,
1713 2199 1772 2238 sic
1804 2212 1880 2251 ego
1914 2213 1937 2239 a
1968 2206 2008 2240 te

239 2265 430 2317 postulo,
464 2266 518 2304 mi
552 2266 719 2312 Cicero,
751 2270 795 2304 ut
827 2265 926 2304 mihi
959 2264 1185 2309 concedas,
1219 2263 1251 2302 si
1284 2267 1426 2315 potes,
1460 2261 1565 2300 nihil
1596 2266 1763 2313 praeter
1794 2261 1860 2309 id,
1893 2263 2006 2316 quod

239 2328 463 2367 honestum
496 2328 559 2372 sit,
596 2333 766 2380 propter
796 2340 839 2366 se
872 2340 962 2366 esse
995 2324 1291 2378 expetendum.
1353 2325 1425 2363 Sin
1456 2324 1536 2363 hoc
1569 2337 1652 2362 non
1686 2324 1782 2363 licet
1814 2337 1888 2376 per
1911 2325 2009 2365 Cra-

191 2390 426 2442 35tippum,
457 2396 498 2429 at
530 2390 633 2428 illud
666 2395 776 2429 certe
809 2389 948 2436 dabis,
984 2388 1097 2441 quod
1130 2387 1354 2426 honestum
1386 2388 1458 2433 sit,
1490 2387 1531 2425 id
1565 2399 1656 2425 esse
1689 2399 1883 2426 maxume
1915 2401 2011 2440 pro-

239 2458 332 2505 pter
368 2466 412 2492 se
452 2452 747 2505 expetendum.
815 2451 916 2490 Mihi
957 2450 1160 2489 utrumvis
1203 2449 1302 2488 satis
1343 2455 1406 2488 est
1455 2454 1494 2487 et
1531 2454 1616 2488 tum
1657 2450 1734 2487 hoc
1778 2454 1864 2488 tum
1906 2450 2010 2490 illud

240 2515 500 2567 probabilius
532 2513 698 2553 videtur
728 2527 805 2553 nec
836 2519 1053 2565 praeterea
1087 2513 1310 2565 quicquam
1343 2510 1577 2564 probabile.
1637 2508 1703 2548 31.
1742 2511 1800 2549 Ac
1832 2512 2010 2564 primum

242 2577 284 2615 in
316 2576 394 2615 hoc
417 2578 637 2616 Panaetius
671 2575 959 2615 defendendus
993 2580 1066 2621 est,
1100 2574 1213 2626 quod
1247 2588 1329 2613 non
1361 2574 1483 2613 utilia
1504 2587 1594 2613 cum
1619 2573 1802 2612 honestis
1825 2586 2010 2626 pugnare

242 2637 465 2691 aliquando
511 2652 634 2691 posse
676 2638 829 2677 dixerit
866 2660 921 2664 —
961 2650 1100 2690 neque
1133 2637 1242 2675 enim
1286 2637 1322 2675 ei
1355 2635 1416 2675 fas
1449 2641 1536 2675 erat
1567 2660 1642 2682 —,
1684 2634 1756 2675 sed
1789 2648 1861 2682 ea,
1903 2648 2010 2689 quae

333 2786 361 2816 t.
388 2790 503 2816 contra
527 2791 646 2818 nature
671 2795 688 2817 c
730 2804 764 2808 —
806 2786 946 2817 muttum,
978 2785 1131 2816 utilitatis
1164 2793 1181 2814 c
1224 2802 1258 2806 —
1302 2783 1332 2815 3.
1360 2784 1386 2814 si
1412 2784 1490 2823 quid
1522 2792 1590 2814 om.
1613 2792 1630 2814 c
1668 2800 1702 2805 -
1742 2782 1773 2815 4.
1800 2783 1844 2824 id]
1869 2783 1896 2814 is
1926 2792 1947 2824 p
1976 2801 2010 2805 —

244 2837 275 2867 5.
301 2836 409 2865 mains
432 2839 476 2865 est
502 2837 524 2866 B
551 2855 592 2859 —
625 2836 655 2867 9.
684 2837 824 2867 decernit
850 2844 867 2866 c
893 2854 932 2858 -—
965 2836 1016 2865 46.
1043 2837 1089 2865 est
1112 2835 1198 2865 enim
1222 2834 1365 2864 Bilab:
1392 2842 1478 2864 emm
1503 2836 1547 2864 est
1571 2841 1609 2868 ος
1635 2833 1720 2863 enim
1746 2832 1828 2873 (om.
1848 2834 1903 2871 est)
1929 2841 1947 2863 o
1977 2850 2011 2855 —

244 2889 274 2916 et
294 2887 405 2924 potius
429 2886 472 2915 C:
509 2887 562 2916 secl
584 2887 692 2924 potius
716 2895 746 2918 ο.
785 2886 881 2916 conf.
911 2885 922 2915 Ι
950 2885 1026 2923 §68
1051 2893 1090 2914 ae
1112 2884 1231 2923 potius.
1269 2884 1276 2913 1
1305 2884 1381 2921 §92
1408 2884 1593 2922 potiusque.
1631 2901 1665 2904 —
1705 2883 1755 2913 47.
1783 2883 1944 2913 diste-ictio
1968 2883 2011 2919 B;

246 2936 412 2966 des-tinctio
437 2934 487 2971 11¹,
521 2937 685 2967 distinctio
710 2935 752 2967 11“”1
788 2953 822 2957 -
864 2936 913 2966 [18.
941 2938 1040 2972 atque
1063 2934 1122 2963 lzoc
1146 2951 1162 2955 -
1180 2951 1198 2956 -
1224 2933 1511 2962 e.cte›·771inan(lu·m
1536 2935 1580 2962 est
1611 2931 1741 2963 Nonius
1767 2940 1799 2972 p.
1815 2932 1867 2962 ⁶27.
1898 2949 1931 2954 “-
1958 2931 2012 2962 20.

246 2986 272 3015 si
295 2986 452 3024 lanquere
476 2989 505 3016 et
529 2989 628 3024 (ωιτη.
649 2995 696 3024 sp.
716 2995 744 3016 e.
763 2985 939 3023 coeperint,
965 2992 1005 3014 ne
1028 2986 1164 3013 noceant
1191 2982 1391 3012 Vincentius
1410 2981 1679 3013 bellovacensis.
1701 2998 1737 3003 —
1764 2982 1907 3020 ceperint
1931 2989 1948 3012 c
1973 2998 2016 3004 —-

246 3035 300 3065 22.
318 3035 532 3065 humanitatis
551 3044 686 3071 corpore
712 3036 865 3065 Muretus
891 3035 933 3073 (et
954 3032 1030 3064 cod.
1053 3031 1228 3062 Guelscrb.
1249 3031 1400 3069 tertiustt
1429 3032 1632 3061 humanitate
1656 3033 1805 3069 eorporis
1830 3032 1873 3067 C?
1900 3031 2016 3061 huma-

247 3085 350 3114 nitate
376 3084 546 3124 [corporis]
573 3084 622 3114 Fr.
644 3086 754 3123 Sayus
780 3087 813 3115 et
840 3085 962 3122 Unger.
1017 3081 1113 3112 Conf.
1143 3083 1208 3112 lac.
1238 3081 1325 3111 trid.
1355 3081 1560 3121 lleusingeri
1585 3081 1861 3112 adnotationem.
1891 3097 1926 3102 --
1959 3079 2011 3110 23.

248 3133 302 3164 hec
326 3142 344 3164 c
372 3150 407 3155 —-
436 3133 486 3164 ⁵24.
514 3135 545 3163 in
572 3137 713 3172 tempore
738 3142 755 3164 c
785 3151 816 3155 —-
850 3134 902 3163 99.
930 3133 984 3162 sed
1009 3133 1165 3171 quoniam
1189 3140 1285 3170 opere
1309 3131 1460 3161 inchoato
1478 3149 1525 3153 --
1542 3131 1711 3170 fastigium
1735 3130 1922 3169 inponimus
1944 3129 2014 3159 No-

251 3183 328 3213 nius
353 3191 385 3223 p.
403 3182 476 3213 4623.
506 3200 539 3204 —
575 3184 664 3221 operi
688 3183 837 3214 inchoato
862 3183 957 3222 quasi
980 3182 1151 3221 fastigymm
1177 3179 1313 3219 (inediis
1340 3181 1489 3219 omissis)
1515 3190 1535 3220 p
1575 3197 1608 3202 -
1647 3180 1699 3211 31.
1726 3183 1761 3210 ut
1786 3179 2013 3219 quaedam--

251 3232 413 3270 eaepctcenc
441 3232 571 3262 Nonius
601 3240 634 3271 p.
658 3233 732 3263 ¹209.
772 3249 806 3253 —-
845 3232 903 3262 sibi
928 3233 1068 3271 quedam
1092 3239 1108 3261 c
1148 3247 1182 3252 —
1221 3230 1273 3261 32.
1301 3231 1386 3269 quod
1408 3230 1542 3270 lucilius
1562 3231 1583 3262 b
1620 3247 1653 3252 -
1691 3229 1800 3261 uolent
1826 3236 1843 3259 ο
1882 3245 1916 3250 -
1957 3226 2008 3257 35.

251 3280 296 3322 at]
322 3284 380 3313 auc
405 3281 443 3312 H.
