2249 3624
323 222 403 267 980
1056 228 1337 272 CICERONIS

425 333 459 371 1.
499 332 644 386 Aliquo
665 331 891 373 excellente
911 345 958 373 ac
976 332 1113 372 nobile
1132 334 1233 372 viro.
1272 333 1550 382 (Charisius
1577 347 1615 373 v.
1637 333 1779 373 Nobile
1806 333 1833 372 l.
1853 334 1883 373 Ι.
1903 347 1943 386 p.
1967 334 2072 382 111.)

424 396 459 435 2.
503 397 586 436 Nec
624 408 721 435 vero
762 396 929 436 scientia
967 396 1065 435 iuris
1105 395 1328 435 maioribus
1368 396 1453 434 suis
1481 396 1526 443 Q.
1556 395 1696 436 Aelius
1732 396 1893 436 Tubero
1933 396 2071 447 defuit,

326 456 508 498 doctrina
535 459 655 498 etiam
683 459 895 511 superfuit.
951 457 1169 508 (Gellius
1198 457 1223 496 l.
1252 460 1284 496 I.
1313 470 1350 497 c.
1371 458 1452 507 22.)

923 578 986 620 IV.
1047 578 1121 619 DE
1160 577 1483 621 AUGURIIS.

294 664 313 694 5
427 658 568 697 Cicero
605 658 789 698 Charisio
823 662 928 697 teste
959 657 1109 697 librum
1146 657 1308 709 scripsit
1340 656 1391 696 dc
1424 658 1636 708 Auguriis,
1675 670 1725 697 ex
1760 670 1841 710 quo
1874 659 1952 698 iste
1978 659 2079 698 haec

327 718 422 770 duo,
453 731 558 771 quae
587 721 777 760 adiuncta
805 726 913 770 sunt,
943 721 1166 772 fragmenta
1195 720 1322 759 affert.
1383 720 1476 771 Ipse
1503 719 1669 770 quidem
1699 721 1842 760 Cicero
1876 732 2078 773 nusquam

325 782 549 835 διαῤῥήδιμν
578 783 666 822 eius
702 796 747 822 se
774 783 867 822 libri
909 788 1117 823 auctorem
1156 795 1249 822 esse
1288 783 1525 834 profitetur,
1566 783 1643 821 nisi
1683 783 1784 823 sorte
1825 782 1876 823 de
1902 784 2077 823 Divinat-

325 843 350 881 l.
377 846 427 881 ΙΙ.
459 857 492 883 c.
521 845 567 884 35
595 850 697 885 extr.
765 844 826 885 Ad
855 844 1117 885 scribendum
1146 858 1243 885 vero
1276 846 1395 898 Appii
1425 850 1465 884 et
1489 845 1664 885 Marcelli
1699 845 1750 885 de
1778 847 1866 885 iure
1898 845 2080 897 augurali

326 906 655 947 dissentientium
684 907 799 947 libris
829 907 1064 960 compulsus
1100 920 1192 948 esse
1226 908 1390 959 Sigonio
1416 907 1580 947 videtur
1612 909 1682 958 (cs.
1712 907 1763 947 de
1789 909 1965 948 Divinat.
1994 908 2021 946 l.
2051 907 2077 947 l.

275 976 310 1005 40
326 974 366 1008 et
391 969 443 1008 de
470 971 592 1021 Legg.
622 970 720 1021 l.11,
754 973 812 1021 13,
843 971 940 1020 32).
1007 972 1120 1018 Quae
1149 983 1240 1010 cum
1267 970 1319 1009 ita
1348 972 1453 1021 sint,
1484 970 1647 1022 quando
1675 970 1825 1010 librum
1853 971 2078 1023 scripserit,

324 1045 403 1071 non
432 1034 562 1072 ausim
594 1033 746 1073 dicere.
800 1035 932 1072 Locus
959 1033 1026 1072 ille
1055 1033 1105 1072 de
1133 1034 1390 1073 Divinatione
1419 1033 1571 1073 nullam
1598 1033 1719 1072 nobis
1748 1046 1794 1073 ea
1816 1033 1867 1073 de
1892 1046 1936 1072 re
1963 1034 2079 1073 coni-

325 1093 458 1134 ciendi
484 1095 577 1134 facit
604 1096 775 1147 copiam.
833 1095 915 1135 Sed
944 1100 1037 1135 ante
1065 1108 1214 1134 annum
1236 1097 1280 1135 U.
1301 1097 1389 1146 701,
1420 1108 1499 1147 quo
1518 1096 1558 1135 in
1580 1097 1717 1136 Crassi
1745 1095 1879 1136 locum
1908 1108 2079 1136 succes-

323 1157 375 1196 sit
405 1156 573 1208 Tullius‚
603 1171 625 1197 a
653 1163 735 1198 toto
764 1171 963 1210 augurum
994 1158 1162 1210 collegio
1199 1159 1402 1210 expetitus
1442 1158 1634 1210 (Philipp.
1662 1160 1714 1196 II.
1745 1172 1777 1198 c.
1810 1161 1883 1209 2.),
1921 1164 1965 1198 ut
1991 1160 2080 1210 ipse

323 1219 396 1267 (ad
423 1220 561 1259 Famil.
583 1220 609 1259 l.
630 1222 715 1260 XV.
741 1234 806 1273 ep.
829 1222 865 1259 4.
889 1222 923 1272 ξ,
947 1221 1004 1269 2.)
1035 1233 1128 1260 eum
1158 1234 1179 1261 a
1208 1234 1252 1260 se
1281 1222 1476 1260 honorem
1503 1220 1737 1272 neglectum
1764 1222 1890 1261 fuisse
1917 1222 2079 1271 fatetur,

274 1283 393 1333 isita,
423 1295 473 1322 an
500 1282 649 1322 librum
679 1296 725 1323 ea
756 1283 806 1322 de
834 1296 878 1322 re
907 1283 1090 1322 scribere
1118 1296 1170 1323 ne
1199 1284 1435 1335 cogitaverit
1461 1283 1641 1335 quidem,
1671 1283 1941 1324 dubitandum
1961 1282 2081 1323 vide-

323 1351 400 1384 tur.
443 1346 589 1384 NOBBE.
651 1346 876 1394 (Servius
905 1345 954 1385 ad
984 1348 1085 1385 Aen.
1114 1347 1150 1390 5,
1180 1349 1270 1386 737:
1309 1349 1410 1385 Haec
1445 1350 1546 1395 plene
1579 1351 1785 1401 eoesequitur
1820 1354 1852 1385 et
1888 1348 2008 1385 Cicero
2042 1350 2081 1383 in

322 1407 598 1458 Auguralibus
626 1415 657 1446 el
684 1410 795 1446 Aulus
825 1409 1015 1456 Gellius.)

424 1471 458 1510 1.
506 1471 650 1510 Cicero
688 1470 738 1510 de
773 1472 971 1523 auguriis:
1023 1472 1257 1511 Omnibus
1287 1474 1366 1512 avi
1402 1474 1602 1512 incerta
1638 1495 1684 1502 -
1719 1473 1993 1522 (Charisius
2027 1471 2079 1511 de

323 1531 475 1583 duplici
503 1534 669 1583 genitivi
698 1533 823 1573 forma
850 1533 875 1572 l.
906 1536 937 1571 Ι.
966 1547 1005 1586 p.
1027 1536 1109 1583 98.)

274 1602 310 1631 ῆι)
423 1596 458 1634 2.
502 1596 664 1635 Oscen
693 1594 943 1650 augur[i]um
973 1596 1228 1637 consuetudo
1257 1596 1366 1636 dicit.
1414 1598 1557 1636 Cicero
1578 1603 1729 1648 tamen,
1758 1599 1890 1649 inquit
1909 1597 2076 1648 Plinius,

325 1657 455 1696 ethic
483 1659 685 1697 oscinis
715 1657 828 1698 dixit.
883 1658 1029 1708 (Idem
1058 1659 1156 1699 ibid.
1186 1672 1226 1711 p.
1261 1661 1364 1704 112.)

837 1773 881 1815 V.
945 1773 1025 1814 DE
1071 1773 1567 1816 PHILOSOPHIA

1160 1840 1239 1868 SIVE

991 1884 1413 1936 HORTENSIUS.

276 1989 312 2018 25
1048 1987 1354 2020 ARGUMENTUM.
1950 2028 1954 2031 ¹

425 2040 507 2078 Hoc
534 2038 636 2078 libro
665 2038 716 2078 de
743 2039 1027 2091 philosophiae
1064 2040 1255 2080 laudibus
1284 2041 1335 2080 ad
1365 2039 1580 2080 excitanda
1613 2041 1701 2079 eius
1737 2041 1843 2080 inter
1877 2042 2078 2081 Romanos

325 2101 457 2142 studia
495 2102 646 2152 scripto
684 2102 827 2141 Cicero
862 2104 909 2149 Q.
938 2103 1216 2153 Hortensium,
1252 2104 1299 2150 Q.
1330 2104 1529 2142 Lutatium
1567 2103 1772 2153 Catulum,
1809 2105 1851 2142 L.
1883 2104 2076 2143 Licinium

323 2163 549 2211 Lucullum,
580 2166 647 2212 (Q.
678 2164 893 2214 Lucilium)
930 2165 1120 2213 Balbum,
1156 2172 1286 2204 semet
1312 2166 1446 2217 ipsum
1476 2170 1515 2204 et
1542 2165 1714 2204 fortasse
1749 2165 1849 2205 alios
1877 2165 2076 2218 quosdam

326 2226 582 2278 disputantes
609 2226 778 2266 induxit.
835 2229 1074 2267 Hortensius
1103 2234 1236 2267 autem
1264 2227 1427 2268 laudata
1463 2227 1694 2280 eloquentia
1723 2229 1955 2268 universam
1983 2229 2077 2280 phi—

276 2287 547 2339 solosophiam
575 2290 863 2340 impugnasse,
894 2289 1127 2329 defendisse
1154 2303 1228 2342 pro
1258 2303 1331 2329 sua
1360 2291 1534 2341 quisque
1572 2296 1688 2341 parte
1722 2292 1845 2330 ceteri
1872 2290 2074 2331 videntur.

327 2351 446 2390 Certe
476 2351 641 2402 quidem
668 2351 832 2400 Balbus,
862 2351 986 2402 idem,
1016 2352 1155 2402 credo,
1184 2365 1305 2403 quem
1327 2352 1469 2392 Cicero
1499 2353 1618 2392 etiam
1645 2353 1686 2392 in
1712 2353 1827 2392 libris
1856 2353 1906 2392 de
1925 2355 2074 2393 Natura

324 2414 501 2452 Deorum
522 2414 680 2453 Stoicae
701 2412 942 2465 disciplinae
971 2420 1108 2465 partes
1128 2415 1232 2455 tueri
1259 2416 1366 2464 facit,
1396 2415 1514 2454 huius
1540 2416 1811 2466 patrocinium
1839 2417 2075 2468 suscepisse

325 2475 483 2514 dicitur.
540 2476 698 2525 Sermo,
729 2477 796 2527 qui
817 2477 995 2516 Caesare
1023 2477 1087 2515 lv.
1109 2476 1277 2516 consule
1307 2478 1395 2516 sine
1416 2477 1570 2528 collega
1599 2491 1704 2517 anno
1725 2479 1768 2517 U.
1789 2480 1875 2518 709.
1897 2479 2075 2529 scriptus

325 2543 402 2587 est,
433 2550 554 2588 quem
582 2539 622 2576 in
649 2550 799 2577 annum
837 2539 1007 2578 collatus
1040 2539 1182 2589 fuerit,
1218 2546 1470 2591 compertum
1508 2553 1591 2579 non
1626 2546 1705 2580 est:
1748 2546 1842 2592 post
1867 2541 2075 2580 Afranium

276 2612 311 2641 35
325 2605 459 2638 autem
488 2605 528 2638 et
553 2599 755 2640 Metellum
785 2614 890 2640 coss.
922 2613 955 2639 s.
986 2608 1079 2652 post
1106 2614 1255 2640 annum
1296 2603 1337 2641 U.
1368 2602 1469 2652 694„
1500 2614 1580 2653 quo
1619 2603 1787 2642 Catulus
1825 2603 1981 2642 obiisse
2010 2601 2070 2640 di-

325 2662 441 2711 citur,
469 2662 631 2701 habitus
659 2664 791 2713 putari
820 2676 899 2702 non
926 2669 1074 2715 potest.
1122 2665 1266 2702 NOBBE.
1335 2665 1543 2715 Superfuit
1579 2665 1726 2703 Seculo
1753 2666 1836 2703 XII.
1867 2665 2075 2704 Ciceronis

324 2724 563 2763 Hortensius
590 2725 629 2763 in
656 2725 831 2764 Abbatia
857 2727 1050 2764 Beuensi:
1096 2728 1258 2763 «Tullius
1286 2731 1326 2764 de
1351 2735 1486 2766 natura
1513 2731 1660 2765 deorum
1688 2731 1775 2765 libri
1803 2729 1876 2766 111.
1906 2731 1948 2765 de
1974 2730 2075 2764 divi-

323 2790 469 2824 natione
497 2790 520 2823 l.
551 2788 602 2824 11.
636 2789 800 2825 Timaeus
835 2790 996 2826 Platonis
1033 2792 1079 2826 ab
1113 2802 1152 2826 eo
1187 2793 1385 2827 translatus
1422 2798 1452 2827 et
1480 2794 1522 2827 de
1549 2793 1642 2827 Fato
1670 2793 1695 2827 l.
1724 2791 1756 2827 1.
1787 2794 1835 2827 ad
1868 2790 2074 2828 Ortensium

325 2851 415 2885 tiber
441 2850 473 2886 1.
503 2856 534 2886 et
568 2853 609 2887 de
636 2852 789 2898 Leqibus
824 2853 847 2887 l.
877 2852 974 2887 111.»
1014 2851 1053 2889 in
1096 2850 1287 2901 Catalogo
1327 2852 1427 2890 Bibl.
1462 2854 1660 2902 Beuensis
1700 2851 1810 2902 apud
1850 2853 2073 2891 Ravaisson

274 2923 311 2954 40
325 2912 503 2957 Rapporcs
530 2925 592 2948 sur
619 2915 666 2949 les
694 2915 948 2960 bibliotheques
975 2917 1033 2950 des
1061 2915 1305 2960 deffpartemens
1333 2918 1374 2951 ‹Ie
1402 2916 1530 2952 l’Ouesc
1556 2927 1596 2966 p.
1627 2915 1711 2953 393.
1743 2914 1818 2953 ΟΒ.

426 2975 458 3011 1.
499 2974 553 3010 An
586 2977 914 3022 philosophandum
950 2980 1013 3019 sit,
1048 2980 1087 3013 in
1125 2978 1319 3013 Hortensio
1351 2980 1569 3024 disputatur.
1638 2978 1944 3026 (Marcianus
1986 2977 2071 3015 Ca·-

324 3034 455 3085 pella
483 3035 569 3073 Lib.
600 3038 647 3074 V.
678 3036 729 3075 de
757 3037 957 3076 rhetorica
985 3050 1025 3089 p.
1049 3038 1135 3076 411.
1165 3039 1317 3090 Capp.)

421 3097 457 3136 2.
502 3098 578 3134 Scis
605 3102 692 3145 ipse,
721 3103 843 3146 quates
870 3104 1030 3137 homines
1058 3114 1136 3138 cum
1162 3104 1222 3147 iis,
1252 3106 1315 3148 qui
1341 3106 1467 3150 aliqua
1494 3106 1535 3140 de
1559 3105 1761 3140 maioribus
1779 3115 1901 3139 eorum
1920 3104 2070 3149 scripse-

322 3162 418 3203 rint,
449 3167 622 3206 quantum
658 3170 783 3208 {serant
811 3165 959 3200 bellum.-
1002 3176 1063 3201 nec
1095 3167 1220 3211 iynota
1247 3178 1318 3201 esse
1346 3169 1520 3209 arbitror,
1550 3179 1640 3213 quae
1667 3168 1754 3202 dicit
1782 3166 1832 3203 M.
1867 3166 2004 3201 Tullius
2030 3168 2069 3201 in

272 3233 308 3262 45
324 3223 537 3267 Hortensio,
575 3235 677 3268 quem
709 3227 757 3260 ad
789 3228 988 3272 exemplum
1021 3229 1230 3273 protreptici
1263 3230 1420 3274 scripsit.
1492 3226 1819 3276 (Trebellius
1848 3225 1999 3265 Pollio
2029 3226 2069 3264 in

324 3283 513 3323 Salonino
542 3283 723 3323 Gallieno
754 3298 787 3323 c.
811 3287 847 3324 2.
876 3299 915 3336 p.
938 3289 1023 3327 479.
1055 3287 1270 3338 Obrecht.)
