2249 3624
373 144 455 186 318
810 145 1237 189 TUSCULANARUM
1266 149 1703 192 DISPUTATIONUM

373 257 468 291 sunt
498 251 665 292 auditae
694 251 987 291 Demosthenis
1019 252 1215 306 vigiliae?
1246 254 1318 307 qui
1345 254 1486 294 dolere
1517 268 1561 295 se
1592 255 1747 304 aiebat,
1779 257 1814 296 si
1846 257 2012 310 quando
2043 259 2133 312 opi-

371 314 493 353 ficum
526 314 774 353 antelucana
804 313 937 354 victus
960 321 1070 355 esset
1100 316 1315 357 industria.
1347 315 1644 370 Philosophiae
1666 317 1848 372 denique
1870 319 2000 372 ipsius
2022 321 2134 375 prin-

370 377 485 430 cipes
515 389 742 429 numquam
774 376 814 416 in
847 376 933 416 suis
965 377 1113 417 studiis
1144 384 1281 419 tantos
1312 392 1556 431 progressus
1579 380 1669 420 sine
1691 381 1879 433 flagranti
1906 382 2134 434 cupiditate

368 439 504 479 facere
536 439 784 492 potuissent.
831 438 1003 478 Ultimas
1026 445 1155 480 terras
1178 441 1376 481 lustrasse
1399 441 1682 495 Pythagoran,
1714 444 2014 492 Democritum,
2044 445 2135 485 Pla-

336 507 508 551 5tonem
541 502 802 553 accepimus;
836 501 907 540 ubi
939 501 1049 540 enim
1074 501 1274 555 quicquid
1298 508 1407 542 esset
1429 502 1543 556 quod
1566 503 1670 544 disci
1695 511 1858 558 posset,
1892 519 1940 546 eo
1966 507 2135 546 venien-

367 565 465 605 dum
498 565 802 604 iudicaverunt.
857 564 963 603 Num
1004 569 1200 616 putamus
1230 564 1334 604 haec
1365 562 1451 604 fieri
1485 566 1573 605 sine
1605 579 1768 606 summo
1800 568 2040 621 cupiditatis
2071 581 2135 608 ar-

366 627 466 667 dore
500 627 721 681 potuisse?

479 690 569 729 XX.
610 686 677 728 42²5.
716 689 854 741 Ipsam
897 687 1224 739 aegritudinem,
1267 702 1391 742 quam
1433 703 1508 730 nos
1548 696 1594 730 ut
1631 696 1803 732 taetram
1845 696 1886 732 et
1922 692 2133 732 inmanem

363 753 529 793 beluam
570 750 812 803 fugiendam
855 749 1059 797 diximus,
1101 764 1184 790 non
1225 752 1314 791 sine
1357 764 1506 804 magna
1544 753 1723 793 utilitate
1760 767 1783 794 a
1814 759 1960 794 natura
1992 753 2135 794 dicunt

313 834 349 862 ,ιο
364 816 647 861 constitutam,
697 818 744 853 ut
782 812 974 852 homines
1013 812 1378 865 castigationibus,
1428 814 1851 868 reprehensionibus,
1892 815 2133 868 ignominiis

362 876 483 918 adfici
525 891 568 917 se
610 877 652 916 in
691 875 842 914 delicto
885 874 1089 914 dolerent.
1145 875 1361 928 Inpunitas
1401 876 1511 916 enim
1546 882 1812 930 peccatorum
1844 877 1939 918 data
1971 877 2133 918 videtur

362 942 441 988 eis,
474 940 542 994 qui
576 938 846 992 ignominiam
879 942 919 977 et
949 937 1159 977 infamiam
1191 937 1330 978 ferunt
1361 938 1450 978 sine
1483 939 1655 988 dolore;
1689 940 1869 980 morderi
1901 945 1963 980 est
1983 940 2131 980 melius

360 1002 628 1045 conscientia.
673 1001 737 1040 Ex
768 1013 852 1053 quo
885 1005 947 1039 est
978 999 1080 1039 illud
1114 1013 1136 1040 e
1167 1000 1251 1040 vita
1283 1000 1453 1040 ductum
1485 1003 1535 1042 ab
1566 1001 1764 1051 Afranio;
1796 1015 1890 1042 nam
1923 1016 2014 1042 cum
2048 1001 2132 1042 dis-

359 1067 521 1107 solutus
552 1064 686 1104 filius:

309 1145 344 1173 15
471 1128 581 1167 Heu
612 1139 683 1166 me
715 1125 1001 1165 miserum!

358 1199 443 1232 tum
475 1203 644 1231 severus
676 1194 815 1242 pater:

799 1251 924 1290 Dum
958 1249 1106 1290 modo
1141 1249 1314 1289 doleat
1345 1250 1583 1303 aliquid,
1615 1250 1794 1292 doleat
1826 1252 2128 1306 quidlubet.

356 1315 422 1357 46.
454 1315 652 1369 Reliquas
685 1327 854 1368 quoque
886 1314 1016 1367 partis
1049 1312 1323 1366 aegritudinis
1349 1313 1464 1352 utilis
1488 1326 1580 1354 esse
1603 1312 1767 1362 dicunt,
1799 1315 2128 1356 misericordiam

355 1380 407 1421 ad
453 1392 576 1432 opem
621 1376 832 1417 serendam
878 1381 918 1415 et
958 1376 1178 1415 hominum
1219 1375 1483 1428 indignorum
1528 1375 1783 1417 calamitates
1821 1378 2124 1427 sublevandas;

303 1444 489 1497 eoipsum
522 1440 625 1480 illud
657 1438 877 1485 aemulari,
910 1438 1142 1478 obtrectare
1176 1451 1258 1477 non
1291 1451 1381 1477 esse
1414 1438 1582 1487 inutile,
1615 1453 1708 1479 cum
1740 1445 1811 1480 aut
1841 1454 1885 1480 se
1908 1454 1993 1480 non
2014 1440 2125 1480 idem

354 1505 492 1546 videat
521 1507 791 1543 consecutum
824 1500 936 1554 quod
968 1500 1093 1539 alium
1124 1506 1196 1540 aut
1226 1499 1352 1539 alium
1384 1499 1494 1540 idem
1527 1501 1641 1554 quod
1674 1515 1745 1551 se3
1781 1508 1936 1542 metum
1969 1515 2066 1542 vero
2092 1503 2125 1542 si

353 1568 423 1623 qui
466 1565 725 1611 sustulisset,
766 1576 929 1603 omnem
972 1562 1078 1601 vitae
1118 1562 1378 1614 diligentiam
1418 1563 1623 1603 sublatam
1662 1564 1775 1612 fore,
1817 1578 1925 1618 quae
1965 1577 2124 1604 summa

352 1637 462 1671 esset
493 1630 533 1668 in
567 1628 645 1674 eis,
689 1626 759 1679 qui
793 1626 926 1678 leges,
959 1625 1031 1678 qui
1064 1625 1348 1677 magistratus,
1381 1625 1450 1678 qui
1483 1632 1797 1678 paupertatem,
1831 1627 1901 1679 qui
1932 1631 2123 1674 mortem,

352 1694 424 1748 qui
456 1692 644 1732 dolorem
677 1690 884 1729 timerent.
928 1688 1040 1726 Haec
1072 1693 1210 1726 tamen
1242 1687 1296 1726 ita
1328 1687 1554 1740 disputant,
1585 1694 1631 1728 ut
1652 1690 1880 1729 resecanda
1908 1702 1998 1729 esse
2019 1688 2123 1728 fate-

300 1768 336 1796 25
350 1762 483 1802 antur,
516 1754 637 1794 evelli
668 1752 838 1806 penitus
871 1750 1010 1789 dicant
1039 1762 1115 1789 nec
1147 1763 1269 1802 posse
1300 1762 1377 1788 nec
1409 1763 1516 1802 opus
1541 1764 1646 1798 esse,
1681 1757 1721 1791 et
1742 1752 1783 1791 in
1806 1752 1997 1792 omnibus
2035 1750 2122 1791 fere

349 1820 474 1859 rebus
526 1816 853 1856 mediocritatem
898 1827 990 1852 esse
1028 1818 1238 1864 optumam
1281 1811 1535 1851 existiment.
1599 1812 1715 1861 Quae
1749 1827 1842 1853 cum
1885 1818 2121 1867 exponunt,

348 1882 507 1922 nihilne
539 1879 613 1919 tibi
635 1877 829 1917 videntur
855 1889 906 1915 an
938 1874 1097 1927 aliquid
1130 1874 1301 1913 dicere?
1333 1874 1380 1913 A.
1403 1874 1503 1913 Mihi
1536 1887 1632 1914 vero
1656 1875 1795 1916 dicere
1822 1875 2011 1930 aliquid3
2044 1876 2122 1915 ita-

349 1958 432 1998 que
463 1946 660 1995 expecto‚
693 1938 793 1992 quid
827 1938 877 1977 ad
911 1938 1002 1977 ista.

460 2005 574 2044 XXI.
606 2000 672 2041 ›st-7.
713 2002 767 2041 M.
805 2001 1025 2053 Reperiam
1066 1999 1265 2046 fortasse,
1311 1999 1384 2039 sed
1422 1999 1526 2039 illud
1567 2005 1676 2039 ante.
1737 2000 1921 2040 Videsne
1965 2004 2121 2054 quanta

297 2069 471 2109 30fuerit
511 2066 619 2119 apud
660 2063 932 2103 Academicos
974 2061 1260 2101 verecundia?
1306 2062 1431 2101 Plane
1473 2063 1583 2102 enim
1623 2062 1766 2102 dicunt
1798 2062 1910 2116 quod
1949 2061 2001 2102 ad
2031 2074 2119 2100 rem

347 2131 568 2185 pertineat.
622 2125 906 2178 Peripateticis
946 2123 1226 2177 respondetur
1266 2137 1290 2164 a
1321 2125 1485 2164 Stoicis.
1537 2125 1828 2178 Digladientur
1858 2125 1918 2165 illi
1950 2138 2024 2179 per
2053 2136 2118 2164 me

345 2194 463 2241 licet,
506 2191 568 2231 cui
600 2189 705 2229 nihil
736 2194 798 2228 est
828 2201 1000 2227 necesse
1032 2187 1112 2226 nisi
1146 2186 1216 2225 ubi
1249 2187 1302 2226 sit
1333 2187 1461 2234 illud,
1504 2186 1619 2240 quod
1651 2188 1736 2227 veri
1770 2186 2027 2227 simillimum
2061 2186 2119 2226 vi-

346 2256 514 2302 deatur,
546 2252 786 2306 anquirere.
835 2250 945 2298 Quid
978 2255 1041 2289 est
1071 2249 1199 2302 igitur
1230 2249 1341 2302 quod
1365 2257 1554 2290 occurrat
1575 2251 1617 2289 in
1639 2250 1716 2290 hac
1740 2250 2000 2304 quaestione,
2033 2263 2117 2303 quo

346 2318 479 2373 possit
517 2315 663 2367 attingi
704 2313 864 2367 aliquid
897 2313 981 2353 veri
1023 2312 1189 2352 simile?
1234 2325 1317 2366 quo
1355 2312 1521 2366 longius
1561 2326 1678 2352 mens
1709 2313 1892 2353 humana
1922 2311 2118 2366 progredi

294 2389 330 2418 35
346 2395 430 2421 non
462 2383 610 2434 potest.
654 2374 848 2415 Definitio
881 2372 1225 2428 perturbationis,
1259 2388 1341 2427 qua
1372 2380 1482 2415 recte
1513 2376 1723 2415 Zenonem
1754 2389 1875 2415 usum
1906 2378 2029 2427 puto3
2059 2373 2118 2413 ita

345 2444 456 2483 enim
497 2438 660 2486 definit,
699 2444 744 2478 ut
784 2437 1041 2491 perturbatio
1080 2437 1133 2476 sit
1174 2450 1319 2476 aversa
1350 2450 1372 2476 a
1403 2438 1563 2478 ratione
1596 2443 1735 2478 contra
1768 2442 1958 2477 naturam
1989 2435 2116 2476 animi

345 2503 588 2550 commotio,
629 2501 694 2541 vel
724 2500 912 2547 brevius,
951 2505 997 2539 ut
1028 2499 1285 2553 perturbatio
1317 2499 1371 2539 sit
1402 2499 1610 2553 adpetitus
1642 2499 1948 2546 vehementior,
1989 2497 2116 2537 vehe-

344 2567 523 2607 mentior
562 2568 701 2604 autem
741 2562 1008 2614 intellegatur
1045 2562 1103 2609 is,
1150 2561 1220 2614 qui
1262 2562 1407 2614 procul
1447 2562 1553 2601 absit
1590 2575 1613 2602 a
1653 2567 1824 2601 naturae
1865 2559 2113 2601 constantia.

343 2627 409 2668 48.
443 2627 554 2676 Quid
586 2626 637 2666 ad
668 2626 744 2665 has
776 2622 1041 2664 definitiones
1074 2624 1237 2675 possint
1268 2623 1437 2663 dicere?
1480 2625 1618 2676 Atque
1648 2623 1752 2662 haec
1783 2622 1987 2676 pleraque
2018 2627 2115 2662 sunt

293 2700 329 2730 40
344 2692 569 2744 prudenter
599 2694 806 2741 acuteque
839 2686 1155 2733 disserentium,
1186 2686 1257 2725 illa
1289 2685 1460 2739 quidem
1493 2698 1544 2725 ex
1575 2684 1789 2725 rhetorum
1818 2696 1990 2739 pompa,
2025 2697 2114 2724 «ar-

431 2828 460 2857 t.
487 2824 677 2856 demostenis
701 2824 765 2855 GR
794 2840 828 2845 —
855 2822 966 2853 dolore
990 2823 1015 2852 G
1041 2822 1074 2852 et
1094 2822 1281 2861 (superscr.
1299 2821 1324 2859 e)
1352 2822 1375 2852 P.
1402 2821 1468 2860 (qui
1492 2820 1602 2852 dolore
1626 2829 1659 2852 se
1683 2820 1762 2860 anai
1786 2819 1912 2851 dicebat
1934 2818 2111 2860 Klotzius.)

345 2894 379 2898 —-
406 2876 436 2907 4.
459 2880 650 2914 pyta901·an
675 2875 757 2909 GR;
792 2872 1014 2912 Pythagoram
1038 2871 1071 2901 O.
1091 2887 1124 2892 -
1159 2871 1190 2901 5.
1217 2870 1354 2910 quiquid
1379 2868 1435 2905 G¹;
1462 2870 1541 2909 quid
1565 2871 1607 2901 O.
1644 2868 1693 2901 Cf.
1721 2869 1748 2899 V
1772 2868 1790 2909 ἓ
1815 2869 1867 2901 98,
1895 2886 1929 2891 -
1957 2869 2021 2900 dici
2045 2869 2110 2902 GR

343 2928 377 2957 et
402 2928 589 2966 (superscr.
608 2927 630 2961 s'„
658 2924 681 2953 B
708 2922 797 2962 (disci
822 2922 846 2953 R
872 2929 961 2952 corr.
989 2928 1035 2950 m.
1063 2920 1207 2958 recenti)
1227 2936 1261 2940 —
1291 2919 1320 2950 6.
1347 2920 1434 2950 Nam
1460 2921 1647 2960 (superscr.
1668 2922 1698 2957 u)
1718 2919 1742 2950 R
1770 2935 1803 2940 —
1832 2918 1862 2950 8.
1889 2921 2008 2949 tetram
2031 2917 2065 2950 h.
2084 2917 2106 2950 l.

342 2980 367 3008 G
382 2978 406 3007 R
434 2992 468 2998 ——
496 2975 527 3006 9.
552 2974 710 3015 fugienda
734 2974 757 3003 G
774 2974 797 3003 R
817 2988 851 2994 —
880 2972 930 3003 io.
960 2970 1112 3010 homines]
1137 2977 1246 3000 omnes
1270 2968 1293 2999 C
1314 2985 1347 2990 —
1377 2970 1429 2999 41.
1455 2969 1602 3008 adficisse
1624 2969 1658 2999 in
1683 2969 1707 2999 G
1723 2969 1767 3005 R3
1793 2968 1937 3007 affecisse
1959 2969 1995 2999 in
2017 2967 2042 2999 B
2070 2985 2104 2990 —

342 3027 393 3057 49.
421 3029 450 3057 et
473 3025 677 3055 calamitates
699 3023 866 3054 hominum
890 3021 1102 3061 indiqnorum
1125 3019 1331 3050 calamitates
1355 3019 1400 3053 C;
1427 3022 1455 3049 et
1478 3019 1684 3050 calamitates
1705 3017 1873 3048 hominum
1895 3018 2108 3058 indignorum

341 3076 366 3107 O
395 3092 428 3096 —
456 3075 507 3104 ἐνί.
535 3075 561 3104 si
585 3074 640 3112 qui
665 3073 745 3104 RB:
773 3073 800 3103 si
824 3072 896 3111 quis
919 3071 983 3102 GO
1010 3087 1044 3091 —
1072 3068 1123 3100 26.
1151 3068 1343 3099 existimant
1366 3068 1457 3098 Bake
1484 3066 1505 3099 l.
1532 3066 1552 3098 l.
1579 3076 1613 3108 p.
1639 3067 1711 3098 1102.
1741 3083 1774 3089 —
1804 3065 1856 3097 30.
1883 3066 2108 3098 achademicos

341 3125 405 3156 GR
433 3142 467 3146 —
494 3123 546 3154 33.
574 3124 772 3162 quaestione,
799 3131 861 3161 quo
886 3121 1056 3152 Bouhier:
1088 3119 1275 3158 quaestione
1298 3126 1406 3157 aequa
1431 3118 1454 3149 G
1470 3118 1512 3153 R;
1547 3118 1734 3157 quaestione
1757 3124 1842 3154 equa
1865 3117 2055 3157 (superscr.
2075 3115 2104 3155 ο)

340 3175 364 3206 Β
392 3191 427 3196 -
454 3173 506 3204 36.
534 3181 555 3203 α
580 3181 648 3203 om.
677 3172 740 3203 GR
768 3189 801 3194 —
829 3171 882 3202 37.
907 3169 1125 3201 vehementior
1147 3166 1256 3200 semel
1282 3167 1448 3199 exhibent
1473 3168 1536 3199 GR
1557 3184 1589 3188 —
1618 3167 1670 3198 39.
1694 3166 1819 3206 possint
1842 3173 1859 3196 a
1886 3173 1938 3206 pr.
1958 3173 2004 3196 m.
2024 3163 2102 3196 cod.

339 3222 527 3256 Beruensis
559 3223 593 3252 et
621 3220 785 3261 Bentley:
817 3221 942 3261 possim
966 3220 990 3252 C
1023 3235 1057 3241 —
1091 3218 1194 3258 Atque
1224 3217 1439 3258 Tregderus:
1467 3218 1559 3257 atqui
1585 3217 1661 3249 CO.
1695 3216 1782 3248 Vide
1806 3213 1851 3246 ad
1874 3214 1918 3245 111
1942 3213 1960 3254 g
1985 3212 2037 3245 44.
2065 3229 2100 3235 —

339 3272 393 3305 40.
418 3271 587 3304 rethorum
611 3270 694 3302 GR.

2224 3066 2232 3131 l

2221 3140 2231 3182 η

2226 3187 2230 3205 .

2220 3216 2228 3299 ε’

2218 3299 2227 3344 i

2216 3361 2225 3442 Γἒ
