2249 3624
652 165 740 205 Lm.
762 164 832 204 ΙΙΙ.
875 162 972 203 Cn.
995 163 1211 216 Iv—vll.
1251 161 1311 216 §§
1333 159 1498 202 6-41.
1880 154 1961 197 849

200 280 264 322 stc
295 277 392 320 mihi
423 286 498 317 ore
527 273 591 314 uti
622 273 774 315 liceret
807 267 973 313 alieno!
1019 271 1145 314 Nunc
1176 284 1228 313 ea
1260 270 1447 313 dicenda
1467 272 1570 311 sunt
1593 269 1640 311 1..
1666 269 1797 311 Furio
1820 267 1961 313 Philo,

201 360 311 403 quae
343 343 618 395 Carneades,
659 342 860 385 Graecus
892 341 1018 382 homo
1051 344 1095 383 et
1127 346 1366 384 consuetus
1397 340 1511 396 quod
1543 339 1812 383 commodum
1843 341 1961 379 esset

199 417 347 459 νει-ΜΒ
376 409 413 445 ³*
435 409 471 443 *⁵
492 408 530 443 *
970 437 989 455 α

625 477 876 532 [Desiderari
904 478 1086 517 ridentur
1116 483 1305 530 quattuor
1327 473 1533 529 paqinaa]

308 580 347 622 9.
380 581 434 621 Μ.
455 579 607 619 Tullius
627 578 672 618 de
692 591 735 617 re
749 578 857 630 publ.
880 578 944 618 lib.
963 579 1039 617 11„-
1074 576 1236 633 [Neque
1268 577 1375 617 hanc
1408 583 1617 630 tamquam
1650 588 1783 615 meam
1811 574 1963 614 oratio·
1979 581 1996 610 5

196 659 289 688 nem
318 657 392 684 vos
422 642 520 683 volo
554 641 759 694 accipere,
792 638 882 694 sed]
914 646 960 680 ut
992 640 1218 681 Carneadis
1250 640 1562 693 respondentis,
1595 638 1666 691 qui
1698 651 1823 690 saepe
1855 637 1964 690 opti-

196 722 281 750 mas
312 718 456 748 causas
486 704 644 757 ingenii
668 703 875 743 calumnia
897 700 1103 743 ludificari
1126 703 1244 743 solet.
1277 700 1485 754 (Nonius
1516 715 1555 741 v.
1577 701 1777 740 calumnia
1799 714 1838 753 p.
1853 697 1962 751 ⁶263.)

304 788 370 828 VI.
405 785 640 831 Carneades,
675 784 921 824 academicae
951 791 1074 824 sectae
1098 784 1370 836 philosophus,
1401 784 1515 822 cuius
1543 784 1586 822 in
1615 781 1838 821 disserendo
1868 794 1966 833 quae

193 853 253 893 vis
277 851 412 902 fuerit,
445 862 543 902 quae
572 848 811 900 eloquentia,
845 847 947 899 quod
976 860 1154 896 acumen,
1189 847 1257 899 qui
1286 847 1423 893 nescit,
1455 847 1584 897 ipsum
1605 858 1655 884 ea:
1669 844 1966 898 praedicatione

194 913 393 955 Ciceronis
422 911 615 963 intelleqet
646 916 715 950 aut
745 910 913 957 Lucilii,
945 910 1052 961 apud
1079 923 1191 962 quem
1220 909 1415 948 disserens
1443 909 1646 959 Neptunus
1674 908 1718 947 de
1747 920 1790 947 re
1819 906 2015 958 difficit-¹0

192 976 288 1016 lima
318 974 484 1014 ostendit
512 986 592 1013 non
614 986 731 1025 posse
761 973 802 1011 id
831 973 1047 1024 eaeplicari,
1085 985 1166 1012 nec
1203 973 1244 1011 si
1275 972 1575 1011 Carneadem
1613 971 1769 1022 ipsum
1803 970 1966 1010 Orcus

191 1039 431 1079 remittat.
490 1037 532 1076 Is
562 1050 649 1076 cum
678 1037 827 1087 leqatus
852 1036 900 1074 ab
921 1035 1220 1075 Atheniensibus
1240 1036 1408 1073 Romam
1439 1034 1584 1073 missus
1614 1040 1721 1080 esset,
1751 1033 1968 1085 disputavit

190 1102 234 1141 de
264 1101 421 1141 iustitia
451 1100 604 1152 copiose
634 1099 813 1138 audiente
846 1098 973 1139 Galba
1004 1104 1039 1137 et
1070 1099 1214 1139 Catone
1245 1098 1442 1142 censorio,
1483 1097 1677 1135 maximis
1711 1102 1804 1135 tunc
1833 1100 1967 1134 orato-

190 1164 312 1204 ribus.
371 1163 446 1204 Sed
482 1162 584 1201 idem
624 1162 934 1213 disputationem
971 1174 1084 1201 suam
1114 1161 1310 1213 postridie
1349 1160 1557 1199 contraria
1585 1159 1848 1210 disputatione
1877 1158 1966 1197 sub-

188 1228 305 1267 vertit
334 1232 369 1266 et
397 1226 612 1272 iustitiam,
645 1238 765 1276 quam
788 1224 921 1275 pridie
952 1224 1204 1270 laudaverat,
1235 1223 1421 1269 sustulit,
1454 1234 1532 1260 non
1562 1222 1716 1274 quidem
1739 1220 1966 1272 philosophi
1981 1226 2015 1254 ¹5

188 1290 396 1342 qravitate,
427 1289 541 1328 cuius
566 1289 686 1339 firma
716 1293 750 1326 et
780 1287 933 1327 stabilis
962 1286 1065 1326 debet
1096 1300 1175 1326 esse
1204 1286 1409 1330 sententia,
1432 1284 1495 1324 sed
1515 1284 1630 1337 quasi
1650 1284 1829 1323 oratorio
1851 1295 1966 1322 exer-

189 1353 275 1392 citii
313 1363 451 1404 qenere
491 1351 534 1390 in
569 1356 778 1402 utramque
809 1355 970 1401 partem
1010 1349 1240 1388 disserendi.
1311 1348 1426 1397 Quod
1462 1347 1527 1386 ille
1553 1348 1685 1399 facere
1715 1345 1879 1390 solebat,
1922 1350 1965 1383 ut

189 1415 291 1454 alios
320 1412 505 1468 quidlibet
535 1413 756 1452 adserentes
779 1418 913 1464 posset
943 1413 1130 1464 refutare.
1189 1412 1297 1451 Eam
1327 1411 1650 1462 disputationem,
1692 1421 1770 1461 qua
1808 1407 1965 1446 iustitia

190 1477 393 1523 evertitur,
416 1475 521 1527 apud
542 1476 768 1516 Ciceronem
788 1476 834 1514 L.
851 1475 1000 1514 Furius
1029 1475 1276 1520 recordatur,
1308 1473 1434 1518 creda,
1468 1474 1655 1524 quoniam
1684 1472 1728 1510 de
1749 1469 1966 1522 republica

189 1538 421 1584 disserebat,
459 1543 501 1577 ut
529 1538 790 1590 defensionem
821 1538 1162 1589 laudationemque
1200 1537 1283 1576 eius
1319 1535 1540 1580 induceret,
1585 1536 1668 1573 sine
1697 1546 1776 1586 qua
1802 1531 1964 1584 putabat
1977 1539 2013 1568 20

189 1602 275 1654 reqi
303 1614 382 1641 non
403 1613 520 1653 posse
550 1613 634 1640 rem
656 1600 873 1652 publicam.
924 1601 1145 1640 Carneades
1175 1606 1326 1645 autem,
1358 1604 1402 1637 ut
1422 1597 1670 1637 Aristotelem
1699 1596 1889 1648 refelleret
1919 1607 1965 1634 ac

190 1666 408 1711 Platonem,
441 1664 619 1704 iustitiae
641 1669 854 1716 patronos,
880 1664 1021 1715 prima
1050 1664 1123 1703 illa
1153 1662 1417 1715 disputatione
1447 1661 1600 1713 colleqit
1625 1674 1670 1700 ea
1691 1660 1846 1708 omnia,
1867 1671 1965 1711 quae

187 1741 263 1781 pro
293 1728 449 1768 iustitia
479 1727 721 1773 dicebantur,
752 1732 796 1765 ut
820 1732 954 1779 posset
983 1726 1073 1772 illa,
1106 1727 1209 1766 sicut
1235 1726 1351 1777 fecit,
1386 1729 1566 1764 evertere.
1617 1720 1964 1776 (Lactantius

191 1791 290 1830 Inst.
314 1791 396 1830 div.
429 1790 479 1837 V,
502 1786 582 1843 44.)

302 1853 390 1892 Vll.
433 1848 497 1895 40.
540 1851 716 1892 Plurimi
745 1852 900 1905 quidem
922 1852 1268 1904 philosophorum,
1302 1851 1367 1891 sed
1395 1850 1571 1890 maxime
1601 1849 1716 1889 Plato
1745 1853 1780 1887 et
1810 1846 1966 1887 Aristo·
1978 1852 2015 1882 25

189 1915 291 1962 teles,
321 1915 366 1955 de
395 1914 553 1954 iustitia
583 1915 713 1954 multa
742 1916 949 1962 dixerunt,
982 1915 1203 1954 adserentes
1233 1919 1267 1953 et
1297 1914 1524 1953 extollentes
1554 1925 1641 1952 eam
1668 1923 1823 1951 summa
1853 1909 1966 1949 laude

189 1979 397 2024 virtutem,
429 1977 530 2029 quod
559 1991 675 2017 suum
705 1978 844 2029 cuique
873 1977 1041 2023 tribuat,
1079 1977 1182 2029 quod
1211 1977 1446 2029 aequitatem
1475 1976 1518 2014 in
1547 1974 1726 2014 omnibus
1755 1978 1899 2020 servet,
1932 1977 1968 2012 et

191 2053 279 2081 cum
307 2047 456 2081 ceterae
485 2039 652 2079 virtutes
681 2040 797 2091 quasi
828 2040 971 2079 tacitae
1001 2040 1081 2078 sint
1110 2044 1146 2079 et
1166 2039 1273 2078 intus
1294 2039 1488 2081 inclusae.
1509 2037 1636 2077 solam
1657 2049 1736 2076 esse
1756 2035 1964 2082 iustitiam,

190 2117 288 2156 quae
316 2116 386 2143 nec
415 2102 491 2142 sibi
521 2108 674 2142 tantum
703 2103 917 2142 conciliata
945 2102 999 2140 sit
1027 2115 1096 2141 nec
1126 2102 1302 2149 occulta,
1335 2101 1401 2141 sed
1426 2101 1542 2152 foras
1571 2105 1653 2138 tota
1676 2099 1903 2150 promineat
1932 2102 1967 2136 et

191 2166 242 2206 ad
270 2166 362 2206 bene
387 2165 613 2218 faciendum
635 2177 771 2217 prona
800 2167 870 2212 sit,
900 2170 944 2204 ut
975 2177 1093 2217 quam
1116 2164 1310 2216 plurimis
1332 2164 1488 2216 prosit:
1525 2162 1640 2214 quasi
1668 2173 1760 2200 vero
1790 2161 1833 2200 in
1863 2160 1967 2199 iudi-
1979 2164 2016 2193 30

191 2228 299 2268 cibus
327 2228 423 2269 solis
451 2233 567 2280 atque
596 2228 639 2267 in
660 2234 855 2280 potestate
884 2228 1020 2279 aliqua
1050 2227 1275 2267 constitutis
1304 2227 1461 2265 iustitia
1490 2238 1569 2264 esse
1599 2224 1741 2270 debeat,
1771 2229 1804 2263 et
1825 2223 1967 2262 nonin

191 2291 382 2331 omnibus.
452 2286 519 2329 4⁴1.
555 2290 705 2342 Atquin
734 2291 867 2330 nullus
896 2299 950 2330 est
981 2290 1184 2329 hominum
1219 2302 1266 2329 ne
1302 2289 1531 2341 infimorum
1560 2286 1714 2339 quidem
1743 2299 1790 2326 ac
1818 2285 1967 2325 mendi—

191 2366 341 2400 corum,
371 2354 416 2393 in
443 2365 556 2405 quem
585 2353 744 2392 iustitia
773 2353 910 2392 cadere
938 2365 1017 2392 non
1044 2354 1184 2404 possit.
1234 2352 1310 2391 Sed
1340 2352 1436 2403 quia
1462 2349 1720 2403 iqnorabant‚
1743 2348 1837 2401 quid
1857 2352 1965 2394 esset,

191 2416 291 2456 unde
314 2416 542 2468 proflueret,
573 2415 668 2468 quid
697 2416 828 2467 operis
857 2416 1027 2465 haberet,
1058 2427 1254 2454 summam
1274 2414 1387 2453 illam
1406 2414 1607 2459 virtutem,
1630 2412 1671 2450 id
1692 2418 1747 2451 est
1767 2423 1968 2450 commune

192 2480 368 2518 omnium
396 2479 554 2526 bonum,
580 2479 725 2530 paucis
753 2479 975 2518 tribuerunt
1005 2492 1164 2531 eamque
1183 2478 1315 2517 nullas
1334 2477 1526 2516 utilitates
1542 2476 1732 2528 proprias
1753 2473 1964 2526 aucupari,
1981 2477 2018 2507 35

191 2541 257 2581 sed
294 2541 437 2581 alienis
471 2547 626 2581 tantum
663 2541 877 2581 commodis
913 2542 1067 2582 studere
1097 2542 1307 2581 dioeerunt.
1368 2540 1446 2580 Nec
1474 2539 1673 2578 immerito
1704 2537 1837 2576 extitit
1869 2536 1968 2576 Car-

191 2604 341 2650 neades,
373 2604 487 2643 homo
516 2617 669 2644 summo
699 2605 856 2656 inqenio
888 2610 922 2644 et
952 2605 1144 2651 acumine,
1176 2604 1245 2656 qui
1273 2602 1464 2654 refelleret
1494 2602 1663 2640 istorum
1689 2600 1909 2638 orationem
1933 2603 1968 2637 et

191 2665 403 2714 iustitiam,
436 2680 535 2718 quae
562 2667 861 2718 fundamentum
891 2667 1029 2706 stabile
1057 2679 1137 2706 non
1166 2665 1339 2710 habebat,
1370 2670 1571 2711 everteret,
1603 2676 1682 2702 non
1703 2662 1797 2714 quia
1816 2662 1969 2712 ‘vitupe-

192 2728 362 2768 randam
392 2741 471 2768 esse
500 2729 699 2768 iustitiam
728 2729 938 2777 sentiebat,
973 2729 1038 2768 sed
1066 2735 1108 2768 ut
1139 2729 1231 2768 illos
1261 2728 1478 2780 defensores
1509 2727 1592 2766 eius
1622 2725 1837 2765 ostenderet
1866 2724 1968 2764 nihil

194 2791 305 2840 certi,
337 2791 440 2830 nihil
465 2792 576 2843 firmi
605 2792 649 2832 de
678 2792 837 2831 iustitia
865 2792 1081 2843 disputare.
1142 2789 1469 2843 (Lactantius
1499 2790 1678 2841 Epitom.
1711 2802 1745 2828 c.
1767 2785 1852 2839 ὃὸ.)
1980 2790 2016 2820 40

283 2957 313 2988 4.
339 2965 411 2988 Ριιο
437 2957 461 2988 C
499 2974 534 2979 —
576 2958 607 2989 5.
634 2957 688 2988 lib.
707 2957 763 2998 ΙΙ.]
788 2958 839 2990 sic
864 2958 967 2990 codd.
995 2959 1107 2990 Nonii.
1150 2974 1185 2981 -
1227 2959 1339 2997 Neque
1363 2973 1381 2979 —
1397 2975 1415 2979 -
1437 2956 1491 2988 sed
1515 2954 1710 2987 Buecheler
1735 2953 1910 2995 supplevit
1934 2955 1967 2986 in

197 3011 286 3036 mus.
312 3005 412 3037 rhen.
438 3005 529 3044 XIII,
549 3006 630 3038 595:
666 3006 789 3047 [Neque
812 3016 870 3047 eqo
893 3007 999 3039 hercle
1024 3017 1066 3039 ea:
1088 3016 1161 3039 vmea
1185 3009 1291 3038 animi
1314 3008 1475 3038 sententia
1498 3006 1630 3045 loquar,
1655 3005 1720 3044 sed]
1745 3008 1781 3036 ut
1804 3005 1969 3036 Carneadi

195 3054 418 3092 respondeatis
439 3055 465 3086 Ο
490 3064 571 3087 cum
587 3057 675 3088 Maio
702 3073 738 3079 —
766 3057 796 3088 6.
824 3057 1006 3088 Carneadis
1026 3058 1251 3096 respondentis
1274 3056 1294 3088 4
1319 3055 1422 3087 codd.
1442 3056 1616 3087 vaticani:
1644 3055 1809 3087 Carneadi
1831 3063 1970 3094 respon-

197 3102 302 3134 deatis
323 3103 428 3136 codd.
453 3103 521 3136 alii.
550 3122 585 3127 —
612 3105 644 3137 9.
672 3108 771 3137 nescit
793 3106 901 3145 ipsum
924 3106 1001 3137 libri
1026 3106 1208 3139 meliores:
1234 3107 1346 3143 nescit,
1366 3106 1393 3136 is
1417 3106 1441 3137 O
1466 3123 1508 3127 —-
1534 3106 1586 3136 Μ.
1613 3104 1805 3136 Carneaden
1830 3104 1969 3135 Dohree

201 3167 236 3173 —
263 3161 360 3184 orcus
382 3154 407 3185 Ο
434 3171 468 3176 -
496 3154 548 3186 46.
575 3155 669 3186 cuius
694 3155 798 3186 codd.
819 3158 923 3187 vett.:
950 3157 1043 3187 cuius
1063 3157 1242 3196 prudentia
1267 3155 1371 3186 codd.
1390 3157 1554 3192 recentt.,
1580 3157 1618 3185 ut
1641 3154 1805 3185 adfirmat
1828 3152 1972 3194 Lenglet

199 3199 397 3242 Dufresnoy
420 3203 454 3234 in
479 3203 561 3235 edit.
581 3205 689 3236 Paris.
708 3204 792 3236 4748
831 3222 865 3227 -
906 3205 957 3235 ⁴9.
976 3205 1178 3236 subuertitur
1203 3204 1306 3235 codd.
1326 3204 1410 3235 dett.
1440 3222 1475 3227 —
1503 3204 1555 3235 25.
1582 3204 1720 3234 Primuli
1746 3203 1822 3234 cod.
1850 3203 1972 3234 Tauri-

199 3250 317 3282 nensis
353 3268 388 3274 —
429 3252 482 3284 32.
509 3254 626 3293 atquin
650 3254 773 3286 Tam-,z
812 3254 907 3295 atqui
930 3255 955 3285 Ο
992 3272 1027 3277 -
1067 3254 1120 3287 34.
1143 3256 1324 3294 proflueret
1347 3253 1552 3285 Heumann:
1575 3254 1779 3294 profluerent
1802 3253 1903 3284 Taur.
1932 3268 1966 3274 —

198 3306 401 3332 communem
423 3301 524 3334 Taur.
