2249 3624
551 164 636 203 Lm.
668 162 698 202 Ι.
739 161 834 202 Car.
866 161 1124 201 xit-xlv.
1163 158 1222 212 ἓξ
1253 156 1446 198 94-—3t
1808 148 1890 191 ⁶247

122 276 166 310 ut
196 270 329 310 famae
360 268 600 308 adsentiens
632 267 737 307 dixit
767 268 945 312 Ennius,
978 271 1018 306 et
1049 266 1157 319 apud
1183 267 1362 306 Graecos
1394 264 1577 317 indeque
1599 262 1816 315 perlapsus
1838 258 1887 298 ad

124 346 198 372 nos
231 338 270 372 et
302 346 435 384 usque
467 330 516 370 ad
549 330 762 369 Oceanum
798 330 996 368 llerrules
1022 334 1158 368 tantus
1181 335 1220 368 et
1244 335 1323 367 tam
1349 339 1543 380 praescus
1567 324 1743 364 liabetur
1763 321 1887 367 deus;

123 395 219 434 hinc
254 394 375 432 Liber
406 393 568 432 Semela
601 398 720 430 uatus
753 393 982 444 eademque
1015 392 1146 430 famae
1171 392 1409 430 celebritate
1433 386 1693 442 Tyndaridae
1728 384 1886 429 fratres,

123 457 193 510 qui
228 470 306 495 uon
342 455 461 494 modo
493 455 704 493 adiutores
738 455 777 492 iu
810 454 980 506 proeliis
1013 455 1211 492 victoriae
1245 453 1387 505 populi
1424 451 1616 495 Romani,
1657 448 1727 487 sed
1763 447 1886 486 etiam

123 519 254 557 nuntii
294 517 423 557 fuisse
469 516 748 568 perhibentur.
802 516 941 562 Quid?
985 516 1056 553 luo
1090 515 1231 554 Cadmi
1277 514 1358 553 lilia
1392 527 1526 553 norme
1558 514 1782 554 Λευκοθέα
1816 519 1917 548 iio-5

121 581 272 620 minata
305 593 327 618 a
359 578 526 616 Graecis
559 579 710 616 Matuta
745 577 918 616 habetur
948 591 969 615 a
1003 578 1183 616 nostris?
1217 577 1357 624 Quid?
1391 582 1519 615 totum
1554 588 1681 628 prope
1711 571 1886 617 caelum,

122 656 171 680 ne
204 641 330 693 pluris
362 652 610 691 persequar,
645 652 780 677 noune
815 640 993 677 humano
1026 653 1176 689 genere
1203 640 1454 692 completum
1479 642 1568 677 ost?
1624 637 1731 675 Xlll.
1758 634 1819 673 ¹23).
1845 634 1885 672 Si

119 716 216 742 vero
249 703 418 741 scrutari
452 708 588 739 vetera
621 707 661 739 et
692 714 740 739 ex
775 702 824 739 iis
858 714 924 746 ea,
970 714 1075 752 quae
1112 702 1337 752 scriptores
1370 701 1567 739 (li-aeriae
1600 697 1887 752 prodiderunt,

119 777 263 804 eruere
314 777 457 808 coner,
507 763 585 814 ipsi
638 763 696 801 illi
741 763 939 801 maiorum
980 764 1166 813 gentium
1200 763 1239 801 di
1288 764 1357 815 qui
1405 762 1607 802 habentur
1654 762 1747 800 hinc
1796 772 1888 812 pro-

119 825 210 865 fecti
244 826 284 864 in
317 825 477 864 caelum
511 825 782 876 reperientur.
821 824 985 871 Quaere
1018 839 1197 877 quorum
1226 825 1564 864 demonstrentur
1595 821 1812 876 sepulchra
1846 821 1938 858 into

118 887 311 931 Graecia;
357 886 646 931 reminiscere,
689 886 886 938 quoniam
926 901 968 925 es
1011 887 1217 933 initiatus,
1265 900 1371 939 quae
1412 888 1625 926 tradantur
1661 884 1887 938 mysteriis:

118 955 201 989 tum
234 949 416 1001 denique
449 961 573 1001 quam
606 948 685 987 hoc
718 948 795 987 late
829 954 963 1001 pateat
996 949 1225 999 intelleges.
1274 950 1353 987 Sed
1379 949 1447 1002 qui
1473 949 1654 988 nondum
1678 960 1744 991 ea,
1779 958 1888 999 quae

119 1011 259 1050 multis
300 1016 393 1063 post
437 1011 555 1049 aunis
588 1011 751 1049 tractari
786 1016 929 1063 coepta
963 1017 1075 1057 sunt,
1114 1013 1281 1064 physica
1315 1011 1581 1057 didicissent,
1620 1016 1777 1049 tantum
1811 1007 1888 1046 sibi

116 1078 423 1127 persuaserant,
456 1078 656 1126 quantum
686 1078 829 1112 natura
851 1074 1101 1112 admonente
1126 1079 1429 1125 cognoverant:
1460 1074 1640 1112 rationes
1673 1077 1713 1110 et
1743 1082 1889 1109 causas

116 1149 255 1175 rerum
294 1147 375 1173 nou
418 1135 632 1180 tenebant,
666 1136 764 1174 visis
798 1135 1044 1187 quibusdam
1078 1149 1202 1188 saepe
1236 1135 1510 1174 movebantur
1540 1135 1676 1187 iisque
1709 1132 1939 1172 maximam

118 1197 352 1243 nocturnis,
385 1203 431 1236 ut
462 1197 703 1236 viderentur
733 1197 792 1243 ei,
826 1198 897 1250 qui
929 1198 1011 1237 vita
1045 1203 1332 1244 excesserant,
1367 1198 1519 1237 vivere.
1580 1195 1645 1235 30.
1682 1196 1730 1235 Ut
1761 1207 1886 1247 porro

116 1260 397 1300 firmissimum
432 1258 507 1299 hoc
538 1260 689 1299 adferri
728 1260 913 1305 videtur,
952 1273 1025 1299 eur
1064 1260 1164 1299 deos
1208 1274 1299 1299 esse
1332 1260 1569 1305 credamus,
1621 1257 1733 1312 quod
1777 1256 1889 1296 nulla

117 1336 218 1376 gens
254 1327 336 1362 tam
369 1322 474 1368 fera,
516 1336 637 1361 nemo
669 1323 854 1361 omnium
887 1328 966 1361 tam
1000 1323 1053 1362 sit
1083 1323 1284 1369 inmanis,
1335 1322 1454 1361 cuius
1486 1327 1666 1361 mentem
1700 1333 1783 1359 non
1816 1320 1890 1358 im-

117 1386 252 1425 buerit
292 1384 466 1424 deorum
506 1386 673 1437 opinio:
718 1385 834 1423 multi
877 1383 927 1422 de
960 1383 1022 1423 dis
1064 1398 1191 1437 prava
1222 1386 1407 1425 sentiunt
1437 1406 1490 1413 —
1522 1385 1561 1423 id
1596 1384 1704 1423 euim
1738 1382 1888 1421 vitioso

118 1460 231 1488 more
263 1446 370 1486 effici
404 1447 509 1487 solet
530 1471 600 1493 —,
634 1461 779 1487 omnes
813 1452 948 1486 tamen
981 1459 1072 1485 esse
1103 1447 1184 1486 vim
1208 1453 1249 1487 et
1269 1453 1459 1487 naturam
1483 1446 1665 1486 divinam
1689 1445 1940 1484 arbitrari-20

119 1516 196 1556 tur,
228 1522 302 1548 uec
329 1523 426 1549 vero
459 1510 498 1549 id
522 1510 755 1549 conlocutio
780 1508 990 1549 homiuum
1017 1507 1101 1562 [aut
1123 1507 1367 1562 consensus]
1395 1509 1550 1555 effecit,
1583 1522 1664 1548 non
1692 1506 1891 1546 institutis

119 1573 260 1626 opinio
292 1577 355 1612 est
386 1570 642 1618 confirmata,
677 1584 758 1610 non
790 1571 972 1624 legibus:
1005 1572 1116 1610 omui
1148 1579 1284 1612 autem
1317 1573 1358 1612 in
1391 1586 1433 1611 re
1465 1572 1686 1610 consensio
1708 1569 1892 1609 omnium

119 1634 303 1687 gentium
347 1634 412 1673 lex
457 1640 628 1673 naturae
671 1634 855 1687 putanda
895 1640 977 1674 est:
1023 1635 1116 1686 quis
1149 1641 1211 1674 est
1248 1635 1376 1687 igitur
1407 1634 1478 1688 qui
1513 1647 1684 1673 suorum
1717 1638 1890 1672 mortem

118 1698 297 1752 primum
342 1710 424 1736 non
467 1710 515 1736 eo
559 1698 716 1748 lugeat,
764 1697 878 1749 quod
916 1710 987 1736 eos
1027 1697 1191 1737 orbatos
1224 1698 1332 1737 vitae
1375 1696 1605 1736 commodis
1637 1695 1891 1735 arbitretur?

119 1760 237 1799 Tolle
270 1758 375 1799 hanc
407 1759 672 1812 opinionem,
707 1759 856 1798 luctum
891 1759 1126 1798 sustuleris.
1173 1761 1302 1799 Nemo
1330 1761 1438 1799 enim
1462 1765 1618 1798 maeret
1639 1772 1712 1798 suo
1735 1758 1892 1797 ineom-
1906 1767 1942 1794 25

120 1823 270 1862 modo:
302 1822 447 1861 dolent
478 1821 650 1861 fortasse
684 1828 723 1860 et
753 1827 983 1873 anguinum
1016 1822 1089 1861 sed
1122 1822 1191 1861 illa
1215 1823 1399 1875 lugubris
1424 1821 1663 1861 lamentatio
1687 1822 1893 1872 fletusque

120 1898 310 1926 maerens
343 1898 395 1924 ex
427 1897 476 1923 eo
509 1891 592 1930 est,
626 1885 737 1937 quod
772 1898 887 1930 eum,
921 1898 1044 1937 quem
1076 1885 1324 1931 dileximus,
1357 1885 1465 1924 vitae
1498 1883 1725 1923 commodis
1757 1882 1893 1935 priva-

118 1954 205 1988 tum
238 1947 486 1987 arbitramur
509 1947 633 2000 idque
657 1947 825 1986 sentire.
872 1949 1007 2000 Atque
1030 1945 1130 1986 haec
1153 1948 1209 1987 ita
1231 1948 1432 1986 sentimus
1455 1951 1601 1986 natura
1623 1946 1746 1991 duce,
1779 1943 1892 1983 nulla

120 2012 277 2050 ratione
311 2010 508 2062 nullaque
541 2009 742 2048 doctrina.
1038 2022 1041 2024 ·

233 2074 341 2112 xlv.
374 2070 439 2110 31.
473 2073 713 2111 Maxumum
747 2085 843 2111 vero
875 2078 1164 2123 argumentum
1198 2078 1259 2112 est
1293 2078 1478 2112 naturam
1508 2072 1639 2123 ipsam
1664 2070 1714 2109 de
1736 2070 1957 2117 mmor-30¹

119 2135 276 2175 talitate
308 2135 543 2174 animorum
577 2135 740 2174 tacitam
772 2135 975 2181 iudicare,
1022 2135 1133 2188 quod
1167 2135 1360 2174 omnibus
1393 2147 1515 2173 curae
1547 2137 1644 2173 sunt
1675 2137 1714 2172 et
1746 2144 1892 2171 maxu-

120 2211 210 2238 mae
245 2198 437 2251 quidem,
470 2211 578 2251 quae
611 2203 704 2250 post
736 2203 909 2236 mortem
941 2197 1078 2237 futura
1110 2198 1205 2236 sint.

361 2260 495 2299 Serit
526 2260 772 2306 arbores,
806 2273 935 2313 quae
966 2260 1130 2299 alteri
1163 2259 1343 2299 saeclo
1375 2259 1608 2313 prosint,

117 2329 163 2363 ut
192 2323 248 2362 ait
278 2324 431 2362 Statius
462 2322 503 2361 in
527 2322 810 2376 Synephebis,
844 2322 942 2375 quid
975 2327 1167 2375 spectans
1200 2322 1279 2361 nisi
1313 2322 1437 2361 etiam
1470 2326 1632 2374 postera
1655 2319 1817 2360 saecula
1839 2319 1891 2359 ad

205 2485 223 2514 5
263 2482 366 2522 qnid?
396 2484 555 2513 Inoa-a
588 2483 730 2513 nostris?
766 2484 895 2513 Nonius
929 2492 960 2523 p.
989 2483 1039 2512 116.
1072 2501 1103 2504 -
1138 2482 1324 2513 inhocadmi.
1358 2483 1551 2521 (superscr.
1579 2490 1613 2519 c,
1652 2483 1685 2511 ut
1711 2482 1808 2512 sitin
1834 2481 1893 2511 hoc

119 2534 235 2571 cadmi)
263 2535 286 2563 G
313 2550 345 2555 —
375 2534 405 2563 7.
427 2534 462 2563 Si
488 2542 563 2563 rero
579 2550 626 2555 --
643 2536 753 2563 reem-a
777 2536 807 2562 e!
831 2542 872 2562 m
897 2533 958 2562 illis
982 2541 1032 2564 ea.
1060 2541 1144 2571 quae
1160 2550 1175 2554 -
1191 2550 1206 2554 -
1225 2532 1383 2570 intelliges
1403 2532 1599 2561 lactantius
1618 2532 1641 2564 Ι,
1664 2532 1713 2561 15.
1737 2547 1770 2553 -
1799 2531 1828 2562 8.
1849 2539 1892 2562 ex

118 2583 166 2613 his
189 2583 254 2613 CO
282 2600 315 2604 ——
344 2582 374 2613 9.
402 2583 446 2612 ciii
473 2583 536 2613 CO
566 2600 599 2604 α
626 2583 700 2613 hinc
726 2583 815 2613 Bake
842 2581 889 2612 l.l
931 2592 963 2622 p.
984 2582 1024 2613 74
1050 2591 1102 2621 sq.
1132 2580 1218 2614 seon.
1240 2583 1280 2620 ξς
1307 2580 1358 2612 ’.1.
1379 2581 1431 2611 90.
1461 2581 1503 2611 de
1530 2579 1604 2617 les-‘e
1631 2590 1701 2619 agr.
1730 2582 1755 2611 ΙΙ
1782 2580 1889 2620 §aaz

117 2633 191 2663 hinc
215 2632 304 2663 nobis
329 2633 371 2664 C:
397 2633 471 2663 hinc
495 2642 513 2662 a
541 2632 629 2662 nobis
654 2632 678 2662 Ο
699 2650 733 2653 -
762 2633 812 2662 10,
834 2632 1060 2670 repperientur
1078 2634 1100 2661 G
1119 2632 1140 2661 R
1164 2650 1194 2653 -
1217 2632 1478 2661 demonstrentur
1495 2631 1705 2665 Augustinus
1723 2629 1766 2660 de
1787 2632 1889 2662 (lons.

120 2683 245 2722 Evang.
274 2683 295 2717 Ι,
324 2683 361 2713 ’23
388 2684 423 2712 et
449 2684 630 2722 ,Nummium
658 2681 734 2712 ead.
756 2691 801 2712 m.
831 2682 861 2712 in
888 2682 1163 2718 demonstrantur)
1190 2683 1232 2710 G:
1261 2681 1527 2710 demonslranlur
1551 2680 1612 2710 RB
1629 2680 1652 2709 O
1678 2697 1710 2700 —-
1740 2681 1790 2710 11.
1818 2684 1892 2711 tra—

118 2733 239 2762 duntur
263 2733 287 2763 O
319 2751 350 2754 —
379 2732 429 2763 13.
458 2734 598 2762 tractari
623 2735 737 2769 coepta
761 2734 836 2762 sunt
862 2730 988 2761 Keilius
1015 2732 1181 2769 (Quaestt.
1210 2730 1294 2762 Tull.
1323 2731 1467 2770 specim.
1489 2738 1520 2769 p.
1541 2729 1617 2767 XU:
1645 2734 1794 2761 tractare
1817 2740 1892 2762 coe-

115 2783 238 2820 pissent
261 2782 305 2815 C:
333 2783 474 2813 tractari
498 2783 672 2821 coepissent
698 2783 734 2812 O.
763 2782 812 2813 Cf.
840 2781 1042 2821 Nipperdey
1067 2782 1221 2818 Quaestt.
1244 2782 1384 2810 Caesar.
1415 2788 1445 2818 p.
1470 2780 1518 2809 19.
1550 2797 1583 2801 —
1607 2780 1735 2818 phisica
1760 2782 1783 2811 G
1800 2781 1823 2811 R
1849 2799 1890 2803 —

117 2831 266 2862 dicissent
288 2830 327 2863 R¹
354 2850 388 2854 —
424 2832 474 2863 14.
502 2836 726 2871 coynouerunt
757 2833 780 2862 (J
809 2849 843 2852 —
880 2833 928 2861 15.
956 2832 1068 2870 hisque
1093 2832 1116 2861 C
1144 2848 1178 2852 —
1214 2830 1264 2861 16.
1291 2831 1315 2860 ii
1339 2832 1364 2859 O
1393 2847 1423 2852 -
1456 2830 1507 2860 18.
1536 2829 1577 2860 sic
1601 2830 1644 2860 B:
1674 2831 1712 2869 Μ
1736 2831 1819 2866 GR;
1847 2834 1892 2861 est

119 2882 264 2921 Madvig.
286 2882 336 2913 (Is.
357 2882 374 2921 g
396 2882 444 2912 13.
469 2899 500 2904 ——
522 2884 676 2913 immamus
702 2881 737 2912 1³¹
760 2900 792 2903 -—
814 2882 863 2912 19.
882 2882 943 2911 diis
968 2882 991 2912 C
1009 2882 1033 2911 O
1053 2898 1086 2902 —
1107 2881 1141 2911 id
1156 2881 1251 2918 enim]
1270 2881 1353 2910 idem
1374 2881 1397 2910 P.
1420 2897 1453 2900 —
1475 2880 1527 2910 2¹.
1547 2883 1604 2909 au!
1621 2888 1794 2911 consensus
1810 2882 1890 2912 ante

119 2939 182 2962 nos
206 2930 347 2963 seclusit
372 2932 574 2963 Tischerus:
603 2936 659 2962 ou!
684 2940 849 2962 consessus
873 2932 1020 2962 coniecit
1046 2930 1198 2961 Bouhier
1217 2930 1272 2968 (cf.
1294 2930 1311 2969 g
1330 2929 1394 2965 37..
1418 2946 1451 2950 —-
1479 2930 1583 2968 effecit
1600 2930 1767 2961 Bouhier:
1795 2930 1892 2970 efficit

120 2981 143 3012 C
174 3000 205 3004 —
234 2982 286 3012 ⁶22.
314 2982 425 3012 omnia
450 2981 485 3012 R¹
513 2998 546 3003 —
581 2982 749 3012 hominum
774 2981 811 3013 R¹
839 3000 873 3004 —
912 2982 964 3013 28.
991 2982 1049 3011 hoe
1075 2982 1112 3011 O.
1151 2981 1295 3015 «Recte,
1331 2981 1365 3009 ut
1392 2978 1435 3009 de
1460 2987 1528 3009 una
1553 2982 1736 3017 sententia,
1765 2981 1820 3012 Or.
1849 2989 1891 3011 ex

119 3030 236 3068 Rern,
262 3029 354 3061 aliis:
382 3031 485 3068 Atque
509 3031 578 3061 hoc
605 3032 634 3062 'i.
656 3040 674 3062 e
715 3040 816 3066 eum,
844 3040 951 3071 quem
977 3030 1179 3067 dileximus,
1208 3031 1297 3059 vitae
1324 3028 1519 3059 commodis
1545 3037 1582 3060 se
1608 3031 1781 3070 privatum
1807 3038 1890 3061 sen-

120 3079 194 3117 tire)
219 3081 267 3111 ita
294 3081 449 3110 sentimus
480 3082 532 3115 t:
556 3080 769 3116 iudicamus;
803 3081 845 3112 cs.
874 3082 891 3119 g
919 3081 992 3111 108.
1019 3081 1058 3113 11.
1086 3080 1115 3112 8.
1144 3080 1184 3115 V,
1210 3079 1263 3110 Ἣ.
1299 3078 1342 3108 ad
1369 3077 1486 3109 Famil.
1515 3079 1543 3115 Ι,
1572 3079 1603 3115 7,
1629 3080 1659 3110 5.
1688 3079 1823 3118 Madvig
1847 3078 1888 3109 ad

121 3129 191 3160 Fin.
218 3130 257 3165 ΙΙ,
285 3130 303 3159 6
330 3138 410 3160 cum
437 3129 642 3160 addendis»
668 3131 722 3161 W.
754 3148 785 3152 —-
815 3131 867 3162 31.
893 3139 1052 3161 maoewne
1077 3130 1101 3161 C
1129 3146 1163 3150 —
1192 3128 1243 3159 33.
1270 3129 1348 3159 serit
1371 3128 1511 3159 Arbores
1534 3136 1619 3166 quae
1643 3129 1739 3159 alteri
1762 3128 1891 3158 saeculo

116 3180 263 3217 prosient
287 3178 371 3210 God.
401 3179 632 3209 Hermannus.
662 3196 695 3200 —
729 3180 835 3209 seculo
860 3180 884 3210 O
913 3198 946 3201 —
981 3180 1032 3211 34.
1059 3184 1094 3210 uc
1123 3181 1169 3209 ait
1194 3180 1227 3208 in
1253 3179 1276 3209 C
1303 3180 1336 3208 et
1360 3178 1558 3217 Tregderus
1583 3177 1657 3209 coll.
1686 3178 1822 3216 Madvig
1847 3177 1889 3207 ad

124 3228 192 3258 Fin.
219 3228 259 3263 V.
286 3228 337 3258 3¹.
376 3228 472 3267 «Ego
505 3230 568 3260 sic:
606 3232 643 3259 ut
671 3229 718 3259 ai!
751 3229 825 3268 [ille]
851 3231 884 3260 in
909 3231 941 3262 S.
980 3230 1029 3261 Cf.
1058 3228 1174 3261 Famil.
1204 3229 1256 3266 lX,
1282 3228 1335 3266 ⁹20,
1364 3229 1393 3259 1.
1421 3229 1453 3259 in
1479 3229 1593 3260 Pison.
1620 3228 1671 3260 43.
1700 3228 1737 3258 N.
1765 3228 1803 3258 D.
1832 3228 1885 3265 ΙΙΙ,

124 3276 176 3308 68.
202 3277 254 3308 72.
282 3277 334 3308 75.
362 3278 436 3309 Cat.
464 3278 507 3309 M.
533 3277 586 3309 24.
615 3278 724 3309 Divin.
751 3279 775 3315 l,
802 3278 854 3310 24.
882 3279 978 3311 Ostic.
1005 3280 1029 3317 Ι,
1057 3279 1130 3310 150.
1158 3277 1200 3310 al.
1228 3295 1263 3301 —-
1290 3279 1330 3310 N.
1357 3279 1395 3310 D.
1423 3279 1447 3317 Ι,
1473 3278 1526 3310 13.
1553 3278 1613 3310 ubi
1636 3278 1790 3310 Archet.:
1816 3277 1887 3307 [ια-
