<?xml version="1.0" encoding="UTF-8"?>
<!DOCTYPE html PUBLIC "-//W3C//DTD XHTML 1.0 Transitional//EN"
    "http://www.w3.org/TR/xhtml1/DTD/xhtml1-transitional.dtd">
<html xmlns="http://www.w3.org/1999/xhtml" xml:lang="en" lang="en">
 <head>
  <title>
</title>
<meta http-equiv="Content-Type" content="text/html;charset=utf-8" />
  <meta name='ocr-system' content='tesseract 3.04.00' />
  <meta name='ocr-capabilities' content='ocr_page ocr_carea ocr_par ocr_line ocrx_word'/>
</head>
<body>
  <div class='ocr_page' id='page_1' title='image "./operaquaesupersu04ciceuoft_0098.png"; bbox 0 0 2249 3624; ppageno 0'>
   <div class='ocr_carea' id='block_1_1' title="bbox 240 92 294 136">
    <p class='ocr_par' dir='ltr' id='par_1_1' title="bbox 240 92 294 136">
     <span class='ocr_line' id='line_1_1' title="bbox 240 92 294 136; baseline 0.019 -1"><span class='ocrx_word' id='word_1_1' title='bbox 240 92 294 136; x_wconf 88' lang='grc'>76</span> 
     </span>
    </p>
   </div>
   <div class='ocr_carea' id='block_1_2' title="bbox 871 267 1378 315">
    <p class='ocr_par' dir='ltr' id='par_1_2' title="bbox 871 267 1378 315">
     <span class='ocr_line' id='line_1_2' title="bbox 871 267 1378 315; baseline -0.004 -1"><span class='ocrx_word' id='word_1_2' title='bbox 871 267 1075 314; x_wconf 85' lang='lat' dir='ltr'>LIBER</span> <span class='ocrx_word' id='word_1_3' title='bbox 1104 267 1378 315; x_wconf 84' lang='lat' dir='ltr'>PRIMUS.</span> 
     </span>
    </p>
   </div>
   <div class='ocr_carea' id='block_1_3' title="bbox 191 480 2021 2602">
    <p class='ocr_par' dir='ltr' id='par_1_3' title="bbox 239 480 2005 725">
     <span class='ocr_line' id='line_1_3' title="bbox 351 480 2004 537; baseline -0.001 -13"><span class='ocrx_word' id='word_1_4' title='bbox 351 484 383 524; x_wconf 95' lang='grc' dir='ltr'>Ι.</span> <span class='ocrx_word' id='word_1_5' title='bbox 415 480 453 524; x_wconf 87' lang='lat' dir='ltr'>ll.</span> <span class='ocrx_word' id='word_1_6' title='bbox 484 484 577 523; x_wconf 93' lang='lat' dir='ltr'>Non</span> <span class='ocrx_word' id='word_1_7' title='bbox 609 495 720 522; x_wconf 87' lang='lat' dir='ltr'>eram</span> <span class='ocrx_word' id='word_1_8' title='bbox 751 482 941 531; x_wconf 91' lang='lat' dir='ltr'>nescius,</span> <span class='ocrx_word' id='word_1_9' title='bbox 973 484 1121 531; x_wconf 85' lang='lat' dir='ltr'><strong>Brute,</strong></span> <span class='ocrx_word' id='word_1_10' title='bbox 1153 497 1271 530; x_wconf 91' lang='lat' dir='ltr'>cum,</span> <span class='ocrx_word' id='word_1_11' title='bbox 1303 496 1410 537; x_wconf 86' lang='lat' dir='ltr'>quae</span> <span class='ocrx_word' id='word_1_12' title='bbox 1442 483 1613 523; x_wconf 90' lang='lat' dir='ltr'>summis</span> <span class='ocrx_word' id='word_1_13' title='bbox 1645 482 1825 535; x_wconf 88' lang='lat' dir='ltr'>ingeniis</span> <span class='ocrx_word' id='word_1_14' title='bbox 1858 482 2004 535; x_wconf 81' lang='lat' dir='ltr'>exqui-</span> 
     </span>
     <span class='ocr_line' id='line_1_4' title="bbox 241 544 2004 600; baseline -0.002 -13"><span class='ocrx_word' id='word_1_15' title='bbox 241 547 404 600; x_wconf 82' lang='lat' dir='ltr'>sitaque</span> <span class='ocrx_word' id='word_1_16' title='bbox 449 545 638 585; x_wconf 90' lang='lat' dir='ltr'>doctrina</span> <span class='ocrx_word' id='word_1_17' title='bbox 680 544 919 599; x_wconf 89' lang='lat' dir='ltr'>philosophi</span> <span class='ocrx_word' id='word_1_18' title='bbox 958 545 1116 586; x_wconf 90' lang='lat' dir='ltr'>Graeco</span> <span class='ocrx_word' id='word_1_19' title='bbox 1164 558 1357 585; x_wconf 82' lang='lat' dir='ltr'>sermone</span> <span class='ocrx_word' id='word_1_20' title='bbox 1396 545 1708 592; x_wconf 73' lang='lat' dir='ltr'>tractavissent,</span> <span class='ocrx_word' id='word_1_21' title='bbox 1757 557 1805 583; x_wconf 89' lang='lat' dir='ltr'>ea</span> <span class='ocrx_word' id='word_1_22' title='bbox 1846 544 2004 584; x_wconf 90' lang='lat' dir='ltr'>Latinis</span> 
     </span>
     <span class='ocr_line' id='line_1_5' title="bbox 240 606 2005 659; baseline -0.002 -11"><span class='ocrx_word' id='word_1_23' title='bbox 240 609 388 649; x_wconf 87' lang='lat' dir='ltr'>litteris</span> <span class='ocrx_word' id='word_1_24' title='bbox 427 609 741 656; x_wconf 81' lang='lat' dir='ltr'>mandaremus,</span> <span class='ocrx_word' id='word_1_25' title='bbox 779 608 868 647; x_wconf 89' lang='lat' dir='ltr'>fore</span> <span class='ocrx_word' id='word_1_26' title='bbox 908 613 953 648; x_wconf 90' lang='lat' dir='ltr'>ut</span> <span class='ocrx_word' id='word_1_27' title='bbox 990 608 1058 648; x_wconf 92' lang='lat' dir='ltr'>hic</span> <span class='ocrx_word' id='word_1_28' title='bbox 1099 613 1241 648; x_wconf 91' lang='lat' dir='ltr'>noster</span> <span class='ocrx_word' id='word_1_29' title='bbox 1270 607 1387 647; x_wconf 90' lang='lat' dir='ltr'>labor</span> <span class='ocrx_word' id='word_1_30' title='bbox 1416 608 1460 646; x_wconf 93' lang='lat' dir='ltr'>in</span> <span class='ocrx_word' id='word_1_31' title='bbox 1492 607 1626 646; x_wconf 89' lang='lat' dir='ltr'>varias</span> <span class='ocrx_word' id='word_1_32' title='bbox 1656 606 2005 659; x_wconf 86' lang='lat' dir='ltr'>reprehensiones</span> 
     </span>
     <span class='ocr_line' id='line_1_6' title="bbox 239 668 2005 725; baseline -0.002 -14"><span class='ocrx_word' id='word_1_33' title='bbox 239 672 492 719; x_wconf 84' lang='lat' dir='ltr'>incurreret3</span> <span class='ocrx_word' id='word_1_34' title='bbox 524 684 619 711; x_wconf 88' lang='lat' dir='ltr'>nam</span> <span class='ocrx_word' id='word_1_35' title='bbox 642 672 916 725; x_wconf 85' lang='lat' dir='ltr'>quibusdam,</span> <span class='ocrx_word' id='word_1_36' title='bbox 947 677 989 711; x_wconf 86' lang='lat' dir='ltr'>et</span> <span class='ocrx_word' id='word_1_37' title='bbox 1016 671 1067 710; x_wconf 88' lang='lat' dir='ltr'>iis</span> <span class='ocrx_word' id='word_1_38' title='bbox 1091 670 1260 724; x_wconf 91' lang='lat' dir='ltr'>quidem</span> <span class='ocrx_word' id='word_1_39' title='bbox 1283 684 1365 709; x_wconf 92' lang='lat' dir='ltr'>non</span> <span class='ocrx_word' id='word_1_40' title='bbox 1389 669 1614 710; x_wconf 79' lang='lat' dir='ltr'>admodum</span> <span class='ocrx_word' id='word_1_41' title='bbox 1637 668 1840 715; x_wconf 83' lang='lat' dir='ltr'>indoctis,</span> <span class='ocrx_word' id='word_1_42' title='bbox 1873 674 2005 708; x_wconf 87' lang='lat' dir='ltr'>totum</span> 
     </span>
    </p>

    <p class='ocr_par' dir='ltr' id='par_1_4' title="bbox 208 731 2008 1037">
     <span class='ocr_line' id='line_1_7' title="bbox 208 731 2005 787; baseline -0.002 -13"><span class='ocrx_word' id='word_1_43' title='bbox 208 731 317 774; x_wconf 80' lang='lat' dir='ltr'>5hoc</span> <span class='ocrx_word' id='word_1_44' title='bbox 349 734 542 787; x_wconf 88' lang='lat' dir='ltr'>displicet</span> <span class='ocrx_word' id='word_1_45' title='bbox 571 734 875 787; x_wconf 91' lang='lat' dir='ltr'>philosophari.</span> <span class='ocrx_word' id='word_1_46' title='bbox 927 734 1107 783; x_wconf 84' lang='lat' dir='ltr'>Quidam</span> <span class='ocrx_word' id='word_1_47' title='bbox 1139 738 1277 772; x_wconf 87' lang='lat' dir='ltr'>autem</span> <span class='ocrx_word' id='word_1_48' title='bbox 1310 746 1393 771; x_wconf 93' lang='lat' dir='ltr'>non</span> <span class='ocrx_word' id='word_1_49' title='bbox 1427 738 1507 771; x_wconf 84' lang='lat' dir='ltr'>tam</span> <span class='ocrx_word' id='word_1_50' title='bbox 1539 731 1581 770; x_wconf 90' lang='lat' dir='ltr'>id</span> <span class='ocrx_word' id='word_1_51' title='bbox 1604 731 1938 783; x_wconf 88' lang='lat' dir='ltr'>reprehendunt,</span> <span class='ocrx_word' id='word_1_52' title='bbox 1971 731 2005 771; x_wconf 91' lang='lat' dir='ltr'>si</span> 
     </span>
     <span class='ocr_line' id='line_1_8' title="bbox 238 792 2007 849; baseline -0.002 -14"><span class='ocrx_word' id='word_1_53' title='bbox 238 796 452 836; x_wconf 87' lang='lat' dir='ltr'>remissius</span> <span class='ocrx_word' id='word_1_54' title='bbox 483 802 646 849; x_wconf 80' lang='lat' dir='ltr'>agatur,</span> <span class='ocrx_word' id='word_1_55' title='bbox 679 797 750 836; x_wconf 91' lang='lat' dir='ltr'>sed</span> <span class='ocrx_word' id='word_1_56' title='bbox 782 801 942 837; x_wconf 88' lang='lat' dir='ltr'>tantum</span> <span class='ocrx_word' id='word_1_57' title='bbox 973 796 1158 836; x_wconf 89' lang='lat' dir='ltr'>studium</span> <span class='ocrx_word' id='word_1_58' title='bbox 1189 800 1358 847; x_wconf 86' lang='lat' dir='ltr'>tamque</span> <span class='ocrx_word' id='word_1_59' title='bbox 1382 795 1552 833; x_wconf 89' lang='lat' dir='ltr'>multam</span> <span class='ocrx_word' id='word_1_60' title='bbox 1576 806 1746 845; x_wconf 88' lang='lat' dir='ltr'>operam</span> <span class='ocrx_word' id='word_1_61' title='bbox 1771 792 2007 846; x_wconf 87' lang='lat' dir='ltr'>ponendam</span> 
     </span>
     <span class='ocr_line' id='line_1_9' title="bbox 237 855 2008 909; baseline -0.002 -12"><span class='ocrx_word' id='word_1_62' title='bbox 237 858 279 897; x_wconf 90' lang='lat' dir='ltr'>in</span> <span class='ocrx_word' id='word_1_63' title='bbox 311 871 360 898; x_wconf 91' lang='lat' dir='ltr'>eo</span> <span class='ocrx_word' id='word_1_64' title='bbox 392 872 475 899; x_wconf 90' lang='lat' dir='ltr'>non</span> <span class='ocrx_word' id='word_1_65' title='bbox 506 859 770 899; x_wconf 78' lang='lat' dir='ltr'>arbitrantur.</span> <span class='ocrx_word' id='word_1_66' title='bbox 829 860 963 898; x_wconf 89' lang='lat' dir='ltr'>Erunt</span> <span class='ocrx_word' id='word_1_67' title='bbox 994 860 1138 905; x_wconf 90' lang='lat' dir='ltr'>etiam,</span> <span class='ocrx_word' id='word_1_68' title='bbox 1172 863 1212 897; x_wconf 89' lang='lat' dir='ltr'>et</span> <span class='ocrx_word' id='word_1_69' title='bbox 1242 856 1282 895; x_wconf 85' lang='lat' dir='ltr'>hi</span> <span class='ocrx_word' id='word_1_70' title='bbox 1314 856 1485 909; x_wconf 89' lang='lat' dir='ltr'>quidem</span> <span class='ocrx_word' id='word_1_71' title='bbox 1522 855 1674 893; x_wconf 85' lang='lat' dir='ltr'>eruditi</span> <span class='ocrx_word' id='word_1_72' title='bbox 1698 855 1866 894; x_wconf 85' lang='lat' dir='ltr'>Graecis</span> <span class='ocrx_word' id='word_1_73' title='bbox 1898 855 2008 894; x_wconf 85' lang='lat' dir='ltr'>litte-</span> 
     </span>
     <span class='ocr_line' id='line_1_10' title="bbox 238 917 2008 975; baseline -0.002 -16"><span class='ocrx_word' id='word_1_74' title='bbox 238 921 314 966; x_wconf 90' lang='lat' dir='ltr'>ris,</span> <span class='ocrx_word' id='word_1_75' title='bbox 355 926 670 961; x_wconf 87' lang='lat' dir='ltr'>contemnentes</span> <span class='ocrx_word' id='word_1_76' title='bbox 708 921 900 968; x_wconf 83' lang='lat' dir='ltr'>Latinas,</span> <span class='ocrx_word' id='word_1_77' title='bbox 942 922 1013 975; x_wconf 85' lang='lat' dir='ltr'>qui</span> <span class='ocrx_word' id='word_1_78' title='bbox 1055 935 1098 960; x_wconf 89' lang='lat' dir='ltr'>se</span> <span class='ocrx_word' id='word_1_79' title='bbox 1141 920 1279 959; x_wconf 89' lang='lat' dir='ltr'>dicant</span> <span class='ocrx_word' id='word_1_80' title='bbox 1325 919 1366 957; x_wconf 91' lang='lat' dir='ltr'>in</span> <span class='ocrx_word' id='word_1_81' title='bbox 1410 917 1578 957; x_wconf 86' lang='lat' dir='ltr'>Graecis</span> <span class='ocrx_word' id='word_1_82' title='bbox 1615 917 1805 969; x_wconf 85' lang='lat' dir='ltr'>legendis</span> <span class='ocrx_word' id='word_1_83' title='bbox 1838 930 2008 969; x_wconf 86' lang='lat' dir='ltr'>operam</span> 
     </span>
     <span class='ocr_line' id='line_1_11' title="bbox 239 978 2008 1037; baseline -0.003 -15"><span class='ocrx_word' id='word_1_84' title='bbox 239 983 363 1022; x_wconf 91' lang='lat' dir='ltr'>malle</span> <span class='ocrx_word' id='word_1_85' title='bbox 401 997 658 1023; x_wconf 88' lang='lat' dir='ltr'>consumere.</span> <span class='ocrx_word' id='word_1_86' title='bbox 713 985 928 1023; x_wconf 90' lang='lat' dir='ltr'>Postremo</span> <span class='ocrx_word' id='word_1_87' title='bbox 970 984 1136 1037; x_wconf 88' lang='lat' dir='ltr'>aliquos</span> <span class='ocrx_word' id='word_1_88' title='bbox 1177 982 1338 1021; x_wconf 83' lang='lat' dir='ltr'>saturos</span> <span class='ocrx_word' id='word_1_89' title='bbox 1371 980 1582 1033; x_wconf 84' lang='lat' dir='ltr'>suspicor,</span> <span class='ocrx_word' id='word_1_90' title='bbox 1622 980 1693 1031; x_wconf 89' lang='lat' dir='ltr'>qui</span> <span class='ocrx_word' id='word_1_91' title='bbox 1726 993 1790 1018; x_wconf 90' lang='lat' dir='ltr'>me</span> <span class='ocrx_word' id='word_1_92' title='bbox 1823 978 1873 1018; x_wconf 90' lang='lat' dir='ltr'>ad</span> <span class='ocrx_word' id='word_1_93' title='bbox 1905 979 2008 1018; x_wconf 87' lang='lat' dir='ltr'>alias</span> 
     </span>
    </p>

    <p class='ocr_par' dir='ltr' id='par_1_5' title="bbox 191 1043 2011 1351">
     <span class='ocr_line' id='line_1_12' title="bbox 191 1043 2009 1099; baseline -0.002 -15"><span class='ocrx_word' id='word_1_94' title='bbox 191 1045 396 1084; x_wconf 73' lang='lat' dir='ltr'>‘&#39;Olitteras</span> <span class='ocrx_word' id='word_1_95' title='bbox 428 1052 598 1093; x_wconf 91' lang='lat' dir='ltr'>vocent,</span> <span class='ocrx_word' id='word_1_96' title='bbox 630 1060 762 1099; x_wconf 87' lang='lat' dir='ltr'>genus</span> <span class='ocrx_word' id='word_1_97' title='bbox 791 1046 872 1085; x_wconf 90' lang='lat' dir='ltr'>hoc</span> <span class='ocrx_word' id='word_1_98' title='bbox 903 1046 1132 1093; x_wconf 89' lang='lat' dir='ltr'>scribendi,</span> <span class='ocrx_word' id='word_1_99' title='bbox 1165 1044 1242 1085; x_wconf 88' lang='lat' dir='ltr'>etsi</span> <span class='ocrx_word' id='word_1_100' title='bbox 1275 1044 1327 1083; x_wconf 85' lang='lat' dir='ltr'>sit</span> <span class='ocrx_word' id='word_1_101' title='bbox 1354 1043 1544 1095; x_wconf 80' lang='lat' dir='ltr'>eleganS,</span> <span class='ocrx_word' id='word_1_102' title='bbox 1578 1055 1783 1093; x_wconf 84' lang='lat' dir='ltr'>personae</span> <span class='ocrx_word' id='word_1_103' title='bbox 1805 1047 1945 1081; x_wconf 87' lang='lat' dir='ltr'>tamen</span> <span class='ocrx_word' id='word_1_104' title='bbox 1969 1046 2009 1080; x_wconf 87' lang='lat' dir='ltr'>et</span> 
     </span>
     <span class='ocr_line' id='line_1_13' title="bbox 240 1103 2007 1162; baseline -0.003 -16"><span class='ocrx_word' id='word_1_105' title='bbox 240 1108 451 1160; x_wconf 86' lang='lat' dir='ltr'>dignitatis</span> <span class='ocrx_word' id='word_1_106' title='bbox 485 1122 577 1149; x_wconf 90' lang='lat' dir='ltr'>esse</span> <span class='ocrx_word' id='word_1_107' title='bbox 600 1115 765 1162; x_wconf 84' lang='lat' dir='ltr'>negent.</span> <span class='ocrx_word' id='word_1_108' title='bbox 816 1107 854 1149; x_wconf 71' lang='lat'>⁶2.</span> <span class='ocrx_word' id='word_1_109' title='bbox 880 1109 1030 1149; x_wconf 86' lang='lat' dir='ltr'>Contra</span> <span class='ocrx_word' id='word_1_110' title='bbox 1052 1122 1158 1162; x_wconf 90' lang='lat' dir='ltr'>quos</span> <span class='ocrx_word' id='word_1_111' title='bbox 1182 1108 1315 1147; x_wconf 89' lang='lat' dir='ltr'>omnis</span> <span class='ocrx_word' id='word_1_112' title='bbox 1340 1105 1561 1145; x_wconf 87' lang='lat' dir='ltr'>dicendum</span> <span class='ocrx_word' id='word_1_113' title='bbox 1588 1105 1771 1144; x_wconf 88' lang='lat' dir='ltr'>breviter</span> <span class='ocrx_word' id='word_1_114' title='bbox 1793 1103 2007 1143; x_wconf 80' lang='lat' dir='ltr'>existimo:</span> 
     </span>
     <span class='ocr_line' id='line_1_14' title="bbox 240 1168 2008 1225; baseline -0.002 -16"><span class='ocrx_word' id='word_1_115' title='bbox 240 1183 492 1224; x_wconf 89' lang='lat' dir='ltr'>quamquam</span> <span class='ocrx_word' id='word_1_116' title='bbox 534 1171 826 1225; x_wconf 88' lang='lat' dir='ltr'>philosophiae</span> <span class='ocrx_word' id='word_1_117' title='bbox 860 1172 1029 1225; x_wconf 86' lang='lat' dir='ltr'>quidem</span> <span class='ocrx_word' id='word_1_118' title='bbox 1060 1169 1411 1223; x_wconf 84' lang='lat' dir='ltr'>vituperatoribus</span> <span class='ocrx_word' id='word_1_119' title='bbox 1454 1168 1554 1206; x_wconf 85' lang='lat' dir='ltr'>satis</span> <span class='ocrx_word' id='word_1_120' title='bbox 1586 1180 1833 1220; x_wconf 87' lang='lat' dir='ltr'>responsum</span> <span class='ocrx_word' id='word_1_121' title='bbox 1866 1172 1928 1206; x_wconf 89' lang='lat' dir='ltr'>est</span> <span class='ocrx_word' id='word_1_122' title='bbox 1959 1178 2008 1205; x_wconf 90' lang='lat' dir='ltr'>eo</span> 
     </span>
     <span class='ocr_line' id='line_1_15' title="bbox 239 1230 2008 1287; baseline -0.002 -16"><span class='ocrx_word' id='word_1_123' title='bbox 239 1232 367 1280; x_wconf 90' lang='lat' dir='ltr'>libro,</span> <span class='ocrx_word' id='word_1_124' title='bbox 400 1247 483 1287; x_wconf 90' lang='lat' dir='ltr'>quo</span> <span class='ocrx_word' id='word_1_125' title='bbox 514 1248 537 1273; x_wconf 91' lang='lat' dir='ltr'>a</span> <span class='ocrx_word' id='word_1_126' title='bbox 569 1235 687 1274; x_wconf 90' lang='lat' dir='ltr'>nobis</span> <span class='ocrx_word' id='word_1_127' title='bbox 718 1234 986 1287; x_wconf 87' lang='lat' dir='ltr'>philosophia</span> <span class='ocrx_word' id='word_1_128' title='bbox 1016 1234 1186 1273; x_wconf 86' lang='lat' dir='ltr'>defensa</span> <span class='ocrx_word' id='word_1_129' title='bbox 1219 1238 1259 1271; x_wconf 82' lang='lat' dir='ltr'>et</span> <span class='ocrx_word' id='word_1_130' title='bbox 1290 1230 1525 1271; x_wconf 85' lang='lat' dir='ltr'>collaudata</span> <span class='ocrx_word' id='word_1_131' title='bbox 1557 1235 1639 1276; x_wconf 88' lang='lat' dir='ltr'>est,</span> <span class='ocrx_word' id='word_1_132' title='bbox 1674 1243 1766 1269; x_wconf 87' lang='lat' dir='ltr'>cum</span> <span class='ocrx_word' id='word_1_133' title='bbox 1800 1234 1911 1268; x_wconf 87' lang='lat' dir='ltr'>esset</span> <span class='ocrx_word' id='word_1_134' title='bbox 1941 1242 2008 1268; x_wconf 90' lang='lat' dir='ltr'>ac-</span> 
     </span>
     <span class='ocr_line' id='line_1_16' title="bbox 241 1291 2011 1351; baseline -0.003 -16"><span class='ocrx_word' id='word_1_135' title='bbox 241 1302 384 1336; x_wconf 87' lang='lat' dir='ltr'>cusata</span> <span class='ocrx_word' id='word_1_136' title='bbox 416 1302 456 1336; x_wconf 88' lang='lat' dir='ltr'>et</span> <span class='ocrx_word' id='word_1_137' title='bbox 487 1298 721 1351; x_wconf 88' lang='lat' dir='ltr'>vituperata</span> <span class='ocrx_word' id='word_1_138' title='bbox 752 1297 801 1335; x_wconf 91' lang='lat' dir='ltr'>ab</span> <span class='ocrx_word' id='word_1_139' title='bbox 834 1296 1072 1337; x_wconf 87' lang='lat' dir='ltr'>Hortensio.</span> <span class='ocrx_word' id='word_1_140' title='bbox 1126 1295 1207 1342; x_wconf 90' lang='lat' dir='ltr'>Qui</span> <span class='ocrx_word' id='word_1_141' title='bbox 1240 1294 1344 1332; x_wconf 88' lang='lat' dir='ltr'>liber</span> <span class='ocrx_word' id='word_1_142' title='bbox 1376 1306 1468 1332; x_wconf 90' lang='lat' dir='ltr'>cum</span> <span class='ocrx_word' id='word_1_143' title='bbox 1502 1297 1542 1331; x_wconf 91' lang='lat' dir='ltr'>et</span> <span class='ocrx_word' id='word_1_144' title='bbox 1573 1292 1647 1331; x_wconf 81' lang='lat' dir='ltr'>tibi</span> <span class='ocrx_word' id='word_1_145' title='bbox 1676 1292 1873 1345; x_wconf 88' lang='lat' dir='ltr'>probatus</span> <span class='ocrx_word' id='word_1_146' title='bbox 1896 1291 2011 1330; x_wconf 90' lang='lat' dir='ltr'>vide-</span> 
     </span>
    </p>

    <p class='ocr_par' dir='ltr' id='par_1_6' title="bbox 191 1354 2015 1664">
     <span class='ocr_line' id='line_1_17' title="bbox 191 1354 2011 1414; baseline -0.003 -16"><span class='ocrx_word' id='word_1_147' title='bbox 191 1363 354 1398; x_wconf 66' lang='lat' dir='ltr'>wretur</span> <span class='ocrx_word' id='word_1_148' title='bbox 393 1364 433 1398; x_wconf 90' lang='lat' dir='ltr'>et</span> <span class='ocrx_word' id='word_1_149' title='bbox 463 1360 533 1407; x_wconf 90' lang='lat' dir='ltr'>iis,</span> <span class='ocrx_word' id='word_1_150' title='bbox 575 1373 681 1414; x_wconf 90' lang='lat' dir='ltr'>quos</span> <span class='ocrx_word' id='word_1_151' title='bbox 714 1372 789 1412; x_wconf 86' lang='lat' dir='ltr'>ego</span> <span class='ocrx_word' id='word_1_152' title='bbox 822 1373 945 1412; x_wconf 88' lang='lat' dir='ltr'>posse</span> <span class='ocrx_word' id='word_1_153' title='bbox 983 1359 1167 1398; x_wconf 85' lang='lat' dir='ltr'>iudicare</span> <span class='ocrx_word' id='word_1_154' title='bbox 1199 1357 1440 1401; x_wconf 84' lang='lat' dir='ltr'>arbitrarer,</span> <span class='ocrx_word' id='word_1_155' title='bbox 1478 1355 1599 1408; x_wconf 88' lang='lat' dir='ltr'>plura</span> <span class='ocrx_word' id='word_1_156' title='bbox 1630 1355 1812 1407; x_wconf 92' lang='lat' dir='ltr'>suscepi,</span> <span class='ocrx_word' id='word_1_157' title='bbox 1855 1354 2011 1393; x_wconf 84' lang='lat' dir='ltr'>veritus</span> 
     </span>
     <span class='ocr_line' id='line_1_18' title="bbox 241 1416 2010 1471; baseline -0.005 -9"><span class='ocrx_word' id='word_1_158' title='bbox 241 1435 293 1461; x_wconf 88' lang='lat' dir='ltr'>ne</span> <span class='ocrx_word' id='word_1_159' title='bbox 325 1435 492 1462; x_wconf 88' lang='lat' dir='ltr'>movere</span> <span class='ocrx_word' id='word_1_160' title='bbox 523 1422 740 1462; x_wconf 90' lang='lat' dir='ltr'>hominum</span> <span class='ocrx_word' id='word_1_161' title='bbox 774 1421 911 1461; x_wconf 87' lang='lat' dir='ltr'>studia</span> <span class='ocrx_word' id='word_1_162' title='bbox 943 1420 1128 1467; x_wconf 90' lang='lat' dir='ltr'>viderer,</span> <span class='ocrx_word' id='word_1_163' title='bbox 1161 1420 1341 1459; x_wconf 84' lang='lat' dir='ltr'>retinere</span> <span class='ocrx_word' id='word_1_164' title='bbox 1374 1431 1456 1457; x_wconf 89' lang='lat' dir='ltr'>non</span> <span class='ocrx_word' id='word_1_165' title='bbox 1488 1430 1624 1471; x_wconf 88' lang='lat' dir='ltr'>posse.</span> <span class='ocrx_word' id='word_1_166' title='bbox 1677 1416 1759 1464; x_wconf 87' lang='lat' dir='ltr'>Qui</span> <span class='ocrx_word' id='word_1_167' title='bbox 1790 1421 1943 1463; x_wconf 87' lang='lat' dir='ltr'>autem,</span> <span class='ocrx_word' id='word_1_168' title='bbox 1977 1416 2010 1455; x_wconf 90' lang='lat' dir='ltr'>si</span> 
     </span>
     <span class='ocr_line' id='line_1_19' title="bbox 242 1476 2013 1537; baseline -0.004 -14"><span class='ocrx_word' id='word_1_169' title='bbox 242 1485 423 1524; x_wconf 83' lang='lat' dir='ltr'>maxime</span> <span class='ocrx_word' id='word_1_170' title='bbox 453 1485 533 1524; x_wconf 88' lang='lat' dir='ltr'>hoc</span> <span class='ocrx_word' id='word_1_171' title='bbox 564 1485 746 1537; x_wconf 89' lang='lat' dir='ltr'>placeat,</span> <span class='ocrx_word' id='word_1_172' title='bbox 789 1483 1042 1523; x_wconf 85' lang='lat' dir='ltr'>moderatius</span> <span class='ocrx_word' id='word_1_173' title='bbox 1075 1489 1213 1522; x_wconf 85' lang='lat' dir='ltr'>tamen</span> <span class='ocrx_word' id='word_1_174' title='bbox 1243 1483 1285 1522; x_wconf 87' lang='lat' dir='ltr'>id</span> <span class='ocrx_word' id='word_1_175' title='bbox 1319 1482 1465 1520; x_wconf 85' lang='lat' dir='ltr'>volunt</span> <span class='ocrx_word' id='word_1_176' title='bbox 1496 1478 1605 1526; x_wconf 81' lang='lat' dir='ltr'>fieri,</span> <span class='ocrx_word' id='word_1_177' title='bbox 1638 1476 1849 1518; x_wconf 84' lang='lat' dir='ltr'>difficilem</span> <span class='ocrx_word' id='word_1_178' title='bbox 1881 1492 2013 1530; x_wconf 89' lang='lat' dir='ltr'>quan-</span> 
     </span>
     <span class='ocr_line' id='line_1_20' title="bbox 243 1542 2015 1601; baseline -0.005 -14"><span class='ocrx_word' id='word_1_179' title='bbox 243 1548 336 1587; x_wconf 88' lang='lat' dir='ltr'>dam</span> <span class='ocrx_word' id='word_1_180' title='bbox 373 1548 692 1601; x_wconf 89' lang='lat' dir='ltr'>temperantiam</span> <span class='ocrx_word' id='word_1_181' title='bbox 735 1547 948 1599; x_wconf 89' lang='lat' dir='ltr'>postulant</span> <span class='ocrx_word' id='word_1_182' title='bbox 977 1547 1020 1586; x_wconf 91' lang='lat' dir='ltr'>in</span> <span class='ocrx_word' id='word_1_183' title='bbox 1052 1558 1125 1592; x_wconf 93' lang='lat' dir='ltr'>eo,</span> <span class='ocrx_word' id='word_1_184' title='bbox 1168 1545 1281 1598; x_wconf 90' lang='lat' dir='ltr'>quod</span> <span class='ocrx_word' id='word_1_185' title='bbox 1314 1544 1442 1584; x_wconf 82' lang='lat' dir='ltr'>semel</span> <span class='ocrx_word' id='word_1_186' title='bbox 1474 1542 1702 1582; x_wconf 89' lang='lat' dir='ltr'>admissum</span> <span class='ocrx_word' id='word_1_187' title='bbox 1735 1542 1919 1581; x_wconf 87' lang='lat' dir='ltr'>coerceri</span> <span class='ocrx_word' id='word_1_188' title='bbox 1950 1554 2015 1580; x_wconf 89' lang='lat' dir='ltr'>re-</span> 
     </span>
     <span class='ocr_line' id='line_1_21' title="bbox 242 1603 2013 1664; baseline -0.004 -15"><span class='ocrx_word' id='word_1_189' title='bbox 242 1610 449 1664; x_wconf 88' lang='lat' dir='ltr'>primique</span> <span class='ocrx_word' id='word_1_190' title='bbox 479 1624 562 1650; x_wconf 94' lang='lat' dir='ltr'>non</span> <span class='ocrx_word' id='word_1_191' title='bbox 586 1614 743 1663; x_wconf 89' lang='lat' dir='ltr'>potest,</span> <span class='ocrx_word' id='word_1_192' title='bbox 778 1614 822 1648; x_wconf 88' lang='lat' dir='ltr'>ut</span> <span class='ocrx_word' id='word_1_193' title='bbox 842 1608 1145 1661; x_wconf 88' lang='lat' dir='ltr'>propemodum</span> <span class='ocrx_word' id='word_1_194' title='bbox 1167 1607 1410 1646; x_wconf 88' lang='lat' dir='ltr'>iustioribus</span> <span class='ocrx_word' id='word_1_195' title='bbox 1432 1611 1597 1645; x_wconf 85' lang='lat' dir='ltr'>utamur</span> <span class='ocrx_word' id='word_1_196' title='bbox 1617 1605 1714 1652; x_wconf 91' lang='lat' dir='ltr'>illis,</span> <span class='ocrx_word' id='word_1_197' title='bbox 1747 1603 1818 1657; x_wconf 90' lang='lat' dir='ltr'>qui</span> <span class='ocrx_word' id='word_1_198' title='bbox 1842 1603 2013 1643; x_wconf 89' lang='lat' dir='ltr'>omnino</span> 
     </span>
    </p>

    <p class='ocr_par' dir='ltr' id='par_1_7' title="bbox 192 1666 2016 1976">
     <span class='ocr_line' id='line_1_22' title="bbox 192 1666 2016 1726; baseline -0.003 -15"><span class='ocrx_word' id='word_1_199' title='bbox 192 1683 228 1712; x_wconf 73' lang='lat'>20</span> <span class='ocrx_word' id='word_1_200' title='bbox 244 1679 421 1713; x_wconf 88' lang='lat' dir='ltr'>avocent</span> <span class='ocrx_word' id='word_1_201' title='bbox 451 1687 474 1714; x_wconf 89' lang='lat' dir='ltr'>a</span> <span class='ocrx_word' id='word_1_202' title='bbox 504 1672 790 1726; x_wconf 89' lang='lat' dir='ltr'>philosophia,</span> <span class='ocrx_word' id='word_1_203' title='bbox 823 1684 948 1724; x_wconf 89' lang='lat' dir='ltr'>quam</span> <span class='ocrx_word' id='word_1_204' title='bbox 980 1671 1058 1717; x_wconf 90' lang='lat' dir='ltr'>his,</span> <span class='ocrx_word' id='word_1_205' title='bbox 1092 1670 1164 1723; x_wconf 91' lang='lat' dir='ltr'>qui</span> <span class='ocrx_word' id='word_1_206' title='bbox 1197 1670 1319 1708; x_wconf 87' lang='lat' dir='ltr'>rebus</span> <span class='ocrx_word' id='word_1_207' title='bbox 1351 1666 1523 1708; x_wconf 80' lang='lat' dir='ltr'>infinitis</span> <span class='ocrx_word' id='word_1_208' title='bbox 1556 1667 1727 1706; x_wconf 91' lang='lat' dir='ltr'>modum</span> <span class='ocrx_word' id='word_1_209' title='bbox 1760 1666 2016 1706; x_wconf 87' lang='lat' dir='ltr'>constituant</span> 
     </span>
     <span class='ocr_line' id='line_1_23' title="bbox 243 1727 2014 1789; baseline -0.005 -13"><span class='ocrx_word' id='word_1_210' title='bbox 243 1735 287 1775; x_wconf 85' lang='lat' dir='ltr'>in</span> <span class='ocrx_word' id='word_1_211' title='bbox 317 1749 448 1789; x_wconf 89' lang='lat' dir='ltr'>reque</span> <span class='ocrx_word' id='word_1_212' title='bbox 481 1749 530 1775; x_wconf 92' lang='lat' dir='ltr'>eo</span> <span class='ocrx_word' id='word_1_213' title='bbox 563 1735 755 1782; x_wconf 90' lang='lat' dir='ltr'>meliore,</span> <span class='ocrx_word' id='word_1_214' title='bbox 787 1747 870 1787; x_wconf 91' lang='lat' dir='ltr'>quo</span> <span class='ocrx_word' id='word_1_215' title='bbox 903 1734 1036 1773; x_wconf 88' lang='lat' dir='ltr'>maior</span> <span class='ocrx_word' id='word_1_216' title='bbox 1069 1733 1139 1779; x_wconf 87' lang='lat' dir='ltr'>sit,</span> <span class='ocrx_word' id='word_1_217' title='bbox 1172 1732 1503 1771; x_wconf 86' lang='lat' dir='ltr'>mediocritatem</span> <span class='ocrx_word' id='word_1_218' title='bbox 1537 1730 1789 1769; x_wconf 87' lang='lat' dir='ltr'>desiderent.</span> <span class='ocrx_word' id='word_1_219' title='bbox 1850 1727 1888 1767; x_wconf 85' lang='lat'>3.</span> <span class='ocrx_word' id='word_1_220' title='bbox 1922 1729 2014 1768; x_wconf 84' lang='lat' dir='ltr'>Sive</span> 
     </span>
     <span class='ocr_line' id='line_1_24' title="bbox 244 1791 2016 1851; baseline -0.005 -14"><span class='ocrx_word' id='word_1_221' title='bbox 244 1798 356 1837; x_wconf 91' lang='lat' dir='ltr'>enim</span> <span class='ocrx_word' id='word_1_222' title='bbox 387 1798 439 1838; x_wconf 88' lang='lat' dir='ltr'>ad</span> <span class='ocrx_word' id='word_1_223' title='bbox 471 1798 717 1851; x_wconf 89' lang='lat' dir='ltr'>sapientiam</span> <span class='ocrx_word' id='word_1_224' title='bbox 749 1796 958 1850; x_wconf 85' lang='lat' dir='ltr'>perveniri</span> <span class='ocrx_word' id='word_1_225' title='bbox 991 1800 1149 1848; x_wconf 87' lang='lat' dir='ltr'>potest,</span> <span class='ocrx_word' id='word_1_226' title='bbox 1181 1808 1266 1834; x_wconf 89' lang='lat' dir='ltr'>non</span> <span class='ocrx_word' id='word_1_227' title='bbox 1299 1793 1484 1847; x_wconf 87' lang='lat' dir='ltr'>paranda</span> <span class='ocrx_word' id='word_1_228' title='bbox 1514 1793 1638 1832; x_wconf 89' lang='lat' dir='ltr'>nobis</span> <span class='ocrx_word' id='word_1_229' title='bbox 1670 1792 1807 1832; x_wconf 85' lang='lat' dir='ltr'>solum</span> <span class='ocrx_word' id='word_1_230' title='bbox 1839 1804 1911 1838; x_wconf 88' lang='lat' dir='ltr'>ea,</span> <span class='ocrx_word' id='word_1_231' title='bbox 1942 1791 2016 1830; x_wconf 92' lang='lat' dir='ltr'>sed</span> 
     </span>
     <span class='ocr_line' id='line_1_25' title="bbox 242 1853 2016 1907; baseline -0.004 -8"><span class='ocrx_word' id='word_1_232' title='bbox 242 1860 418 1901; x_wconf 88' lang='lat' dir='ltr'>fruenda</span> <span class='ocrx_word' id='word_1_233' title='bbox 450 1861 576 1901; x_wconf 92' lang='lat' dir='ltr'>etiam</span> <span class='ocrx_word' id='word_1_234' title='bbox 608 1866 692 1907; x_wconf 89' lang='lat' dir='ltr'>est;</span> <span class='ocrx_word' id='word_1_235' title='bbox 726 1861 814 1899; x_wconf 89' lang='lat' dir='ltr'>sive</span> <span class='ocrx_word' id='word_1_236' title='bbox 846 1858 922 1899; x_wconf 93' lang='lat' dir='ltr'>hoc</span> <span class='ocrx_word' id='word_1_237' title='bbox 955 1856 1124 1898; x_wconf 77' lang='lat' dir='ltr'>difficile</span> <span class='ocrx_word' id='word_1_238' title='bbox 1157 1862 1238 1904; x_wconf 86' lang='lat' dir='ltr'>est,</span> <span class='ocrx_word' id='word_1_239' title='bbox 1270 1862 1407 1896; x_wconf 82' lang='lat' dir='ltr'>tamen</span> <span class='ocrx_word' id='word_1_240' title='bbox 1440 1870 1518 1895; x_wconf 88' lang='lat' dir='ltr'>nec</span> <span class='ocrx_word' id='word_1_241' title='bbox 1540 1855 1687 1895; x_wconf 90' lang='lat' dir='ltr'>modus</span> <span class='ocrx_word' id='word_1_242' title='bbox 1720 1860 1782 1894; x_wconf 89' lang='lat' dir='ltr'>est</span> <span class='ocrx_word' id='word_1_243' title='bbox 1812 1853 1923 1893; x_wconf 90' lang='lat' dir='ltr'>ullus</span> <span class='ocrx_word' id='word_1_244' title='bbox 1954 1853 2016 1892; x_wconf 87' lang='lat' dir='ltr'>in-</span> 
     </span>
     <span class='ocr_line' id='line_1_26' title="bbox 242 1918 2016 1976; baseline -0.005 -13"><span class='ocrx_word' id='word_1_245' title='bbox 242 1922 476 1976; x_wconf 85' lang='lat' dir='ltr'>vestigandi</span> <span class='ocrx_word' id='word_1_246' title='bbox 507 1923 613 1970; x_wconf 88' lang='lat' dir='ltr'>veri,</span> <span class='ocrx_word' id='word_1_247' title='bbox 646 1922 726 1962; x_wconf 89' lang='lat' dir='ltr'>nisi</span> <span class='ocrx_word' id='word_1_248' title='bbox 758 1922 992 1969; x_wconf 89' lang='lat' dir='ltr'>inveneris,</span> <span class='ocrx_word' id='word_1_249' title='bbox 1037 1927 1077 1960; x_wconf 87' lang='lat' dir='ltr'>et</span> <span class='ocrx_word' id='word_1_250' title='bbox 1108 1919 1338 1973; x_wconf 86' lang='lat' dir='ltr'>quaerendi</span> <span class='ocrx_word' id='word_1_251' title='bbox 1372 1918 1613 1969; x_wconf 83' lang='lat' dir='ltr'>defetigatio</span> <span class='ocrx_word' id='word_1_252' title='bbox 1645 1918 1778 1970; x_wconf 86' lang='lat' dir='ltr'>turpis</span> <span class='ocrx_word' id='word_1_253' title='bbox 1811 1922 1891 1965; x_wconf 86' lang='lat' dir='ltr'>est,</span> <span class='ocrx_word' id='word_1_254' title='bbox 1923 1930 2016 1956; x_wconf 88' lang='lat' dir='ltr'>cum</span> 
     </span>
    </p>

    <p class='ocr_par' dir='ltr' id='par_1_8' title="bbox 193 1979 2016 2224">
     <span class='ocr_line' id='line_1_27' title="bbox 193 1979 2016 2039; baseline -0.004 -14"><span class='ocrx_word' id='word_1_255' title='bbox 193 1996 229 2025; x_wconf 75' lang='lat'>25</span> <span class='ocrx_word' id='word_1_256' title='bbox 244 1985 308 2032; x_wconf 90' lang='lat' dir='ltr'>id,</span> <span class='ocrx_word' id='word_1_257' title='bbox 342 1985 454 2038; x_wconf 88' lang='lat' dir='ltr'>quod</span> <span class='ocrx_word' id='word_1_258' title='bbox 486 1986 719 2039; x_wconf 88' lang='lat' dir='ltr'>quaeritur,</span> <span class='ocrx_word' id='word_1_259' title='bbox 752 1986 804 2024; x_wconf 84' lang='lat' dir='ltr'>sit</span> <span class='ocrx_word' id='word_1_260' title='bbox 834 1984 1171 2037; x_wconf 86' lang='lat' dir='ltr'>pulcherrimum.</span> <span class='ocrx_word' id='word_1_261' title='bbox 1222 1981 1386 2021; x_wconf 85' lang='lat' dir='ltr'>Etenim</span> <span class='ocrx_word' id='word_1_262' title='bbox 1421 1981 1453 2020; x_wconf 92' lang='lat' dir='ltr'>si</span> <span class='ocrx_word' id='word_1_263' title='bbox 1487 1980 1765 2027; x_wconf 82' lang='lat' dir='ltr'>delectamur,</span> <span class='ocrx_word' id='word_1_264' title='bbox 1798 1993 1891 2019; x_wconf 92' lang='lat' dir='ltr'>cum</span> <span class='ocrx_word' id='word_1_265' title='bbox 1917 1979 2016 2018; x_wconf 91' lang='lat' dir='ltr'>scri-</span> 
     </span>
     <span class='ocr_line' id='line_1_28' title="bbox 242 2042 2015 2101; baseline -0.005 -13"><span class='ocrx_word' id='word_1_266' title='bbox 242 2048 402 2095; x_wconf 90' lang='lat' dir='ltr'>bimus,</span> <span class='ocrx_word' id='word_1_267' title='bbox 448 2049 541 2101; x_wconf 92' lang='lat' dir='ltr'>quis</span> <span class='ocrx_word' id='word_1_268' title='bbox 585 2054 646 2088; x_wconf 91' lang='lat' dir='ltr'>est</span> <span class='ocrx_word' id='word_1_269' title='bbox 688 2053 769 2087; x_wconf 86' lang='lat' dir='ltr'>tam</span> <span class='ocrx_word' id='word_1_270' title='bbox 802 2047 989 2093; x_wconf 87' lang='lat' dir='ltr'>invidus,</span> <span class='ocrx_word' id='word_1_271' title='bbox 1036 2046 1108 2099; x_wconf 89' lang='lat' dir='ltr'>qui</span> <span class='ocrx_word' id='word_1_272' title='bbox 1143 2045 1193 2083; x_wconf 91' lang='lat' dir='ltr'>ab</span> <span class='ocrx_word' id='word_1_273' title='bbox 1227 2057 1275 2084; x_wconf 92' lang='lat' dir='ltr'>eo</span> <span class='ocrx_word' id='word_1_274' title='bbox 1308 2057 1383 2082; x_wconf 91' lang='lat' dir='ltr'>nos</span> <span class='ocrx_word' id='word_1_275' title='bbox 1415 2042 1622 2082; x_wconf 70' lang='lat' dir='ltr'>abducat?</span> <span class='ocrx_word' id='word_1_276' title='bbox 1671 2043 1734 2081; x_wconf 89' lang='lat' dir='ltr'>sin</span> <span class='ocrx_word' id='word_1_277' title='bbox 1766 2042 2015 2087; x_wconf 79' lang='lat' dir='ltr'>laboramus,</span> 
     </span>
     <span class='ocr_line' id='line_1_29' title="bbox 245 2103 2016 2164; baseline -0.004 -15"><span class='ocrx_word' id='word_1_278' title='bbox 245 2111 340 2164; x_wconf 89' lang='lat' dir='ltr'>quis</span> <span class='ocrx_word' id='word_1_279' title='bbox 381 2115 464 2158; x_wconf 90' lang='lat' dir='ltr'>est,</span> <span class='ocrx_word' id='word_1_280' title='bbox 511 2112 582 2164; x_wconf 91' lang='lat' dir='ltr'>qui</span> <span class='ocrx_word' id='word_1_281' title='bbox 621 2110 783 2150; x_wconf 87' lang='lat' dir='ltr'>alienae</span> <span class='ocrx_word' id='word_1_282' title='bbox 822 2108 991 2148; x_wconf 91' lang='lat' dir='ltr'>modum</span> <span class='ocrx_word' id='word_1_283' title='bbox 1031 2112 1184 2147; x_wconf 86' lang='lat' dir='ltr'>statuat</span> <span class='ocrx_word' id='word_1_284' title='bbox 1223 2105 1483 2144; x_wconf 76' lang='lat' dir='ltr'>industriae?</span> <span class='ocrx_word' id='word_1_285' title='bbox 1530 2105 1631 2143; x_wconf 89' lang='lat' dir='ltr'>Nam</span> <span class='ocrx_word' id='word_1_286' title='bbox 1668 2109 1711 2144; x_wconf 88' lang='lat' dir='ltr'>ut</span> <span class='ocrx_word' id='word_1_287' title='bbox 1742 2103 2016 2143; x_wconf 86' lang='lat' dir='ltr'>Terentianus</span> 
     </span>
     <span class='ocr_line' id='line_1_30' title="bbox 248 2166 1611 2224; baseline -0.006 -12"><span class='ocrx_word' id='word_1_288' title='bbox 248 2172 444 2213; x_wconf 88' lang='lat' dir='ltr'>Chremes</span> <span class='ocrx_word' id='word_1_289' title='bbox 477 2186 562 2212; x_wconf 91' lang='lat' dir='ltr'>non</span> <span class='ocrx_word' id='word_1_290' title='bbox 592 2174 866 2218; x_wconf 85' lang='lat' dir='ltr'>inhumanus,</span> <span class='ocrx_word' id='word_1_291' title='bbox 900 2172 972 2224; x_wconf 91' lang='lat' dir='ltr'>qui</span> <span class='ocrx_word' id='word_1_292' title='bbox 1004 2183 1157 2209; x_wconf 90' lang='lat' dir='ltr'>novum</span> <span class='ocrx_word' id='word_1_293' title='bbox 1191 2168 1373 2208; x_wconf 89' lang='lat' dir='ltr'>vicinum</span> <span class='ocrx_word' id='word_1_294' title='bbox 1406 2180 1489 2205; x_wconf 90' lang='lat' dir='ltr'>non</span> <span class='ocrx_word' id='word_1_295' title='bbox 1522 2166 1611 2205; x_wconf 89' lang='lat' dir='ltr'>vult</span> 
     </span>
    </p>

    <p class='ocr_par' dir='ltr' id='par_1_9' title="bbox 505 2230 1746 2284">
     <span class='ocr_line' id='line_1_31' title="bbox 505 2230 1746 2284; baseline -0.006 -9"><span class='ocrx_word' id='word_1_296' title='bbox 505 2235 680 2275; x_wconf 87' lang='lat' dir='ltr'>fodere</span> <span class='ocrx_word' id='word_1_297' title='bbox 711 2240 796 2274; x_wconf 88' lang='lat' dir='ltr'>aut</span> <span class='ocrx_word' id='word_1_298' title='bbox 826 2247 967 2273; x_wconf 88' lang='lat' dir='ltr'>arare</span> <span class='ocrx_word' id='word_1_299' title='bbox 999 2238 1079 2272; x_wconf 90' lang='lat' dir='ltr'>aut</span> <span class='ocrx_word' id='word_1_300' title='bbox 1111 2231 1304 2284; x_wconf 91' lang='lat' dir='ltr'>aliquid</span> <span class='ocrx_word' id='word_1_301' title='bbox 1338 2230 1472 2269; x_wconf 89' lang='lat' dir='ltr'>ferre</span> <span class='ocrx_word' id='word_1_302' title='bbox 1507 2230 1746 2282; x_wconf 88' lang='lat' dir='ltr'>denique,</span> 
     </span>
    </p>

    <p class='ocr_par' dir='ltr' id='par_1_10' title="bbox 196 2292 2021 2602">
     <span class='ocr_line' id='line_1_32' title="bbox 196 2292 2017 2342; baseline -0.007 -2"><span class='ocrx_word' id='word_1_303' title='bbox 196 2310 297 2339; x_wconf 88' lang='lat'>30—</span> <span class='ocrx_word' id='word_1_304' title='bbox 329 2312 414 2339; x_wconf 89' lang='lat' dir='ltr'>non</span> <span class='ocrx_word' id='word_1_305' title='bbox 455 2299 565 2339; x_wconf 89' lang='lat' dir='ltr'>enim</span> <span class='ocrx_word' id='word_1_306' title='bbox 605 2299 724 2337; x_wconf 91' lang='lat' dir='ltr'>illum</span> <span class='ocrx_word' id='word_1_307' title='bbox 763 2298 812 2336; x_wconf 92' lang='lat' dir='ltr'>ab</span> <span class='ocrx_word' id='word_1_308' title='bbox 853 2296 1076 2342; x_wconf 88' lang='lat' dir='ltr'>industria,</span> <span class='ocrx_word' id='word_1_309' title='bbox 1117 2295 1189 2334; x_wconf 89' lang='lat' dir='ltr'>sed</span> <span class='ocrx_word' id='word_1_310' title='bbox 1222 2295 1271 2334; x_wconf 91' lang='lat' dir='ltr'>ab</span> <span class='ocrx_word' id='word_1_311' title='bbox 1310 2293 1501 2333; x_wconf 90' lang='lat' dir='ltr'>illiberali</span> <span class='ocrx_word' id='word_1_312' title='bbox 1542 2292 1682 2331; x_wconf 89' lang='lat' dir='ltr'>labore</span> <span class='ocrx_word' id='word_1_313' title='bbox 1719 2292 1920 2337; x_wconf 87' lang='lat' dir='ltr'>deterret,</span> <span class='ocrx_word' id='word_1_314' title='bbox 1964 2313 2017 2319; x_wconf 93' lang='lat'>-—-</span> 
     </span>
     <span class='ocr_line' id='line_1_33' title="bbox 246 2353 2018 2414; baseline -0.006 -13"><span class='ocrx_word' id='word_1_315' title='bbox 246 2362 305 2401; x_wconf 91' lang='lat' dir='ltr'>sic</span> <span class='ocrx_word' id='word_1_316' title='bbox 347 2362 416 2402; x_wconf 81' lang='lat' dir='ltr'>isti</span> <span class='ocrx_word' id='word_1_317' title='bbox 459 2361 634 2408; x_wconf 87' lang='lat' dir='ltr'>curiosi,</span> <span class='ocrx_word' id='word_1_318' title='bbox 680 2373 788 2414; x_wconf 89' lang='lat' dir='ltr'>quos</span> <span class='ocrx_word' id='word_1_319' title='bbox 829 2358 1003 2398; x_wconf 84' lang='lat' dir='ltr'>offendit</span> <span class='ocrx_word' id='word_1_320' title='bbox 1038 2364 1181 2397; x_wconf 83' lang='lat' dir='ltr'>noster</span> <span class='ocrx_word' id='word_1_321' title='bbox 1219 2357 1388 2396; x_wconf 90' lang='lat' dir='ltr'>minime</span> <span class='ocrx_word' id='word_1_322' title='bbox 1429 2355 1550 2395; x_wconf 87' lang='lat' dir='ltr'>nobis</span> <span class='ocrx_word' id='word_1_323' title='bbox 1590 2354 1847 2394; x_wconf 88' lang='lat' dir='ltr'>iniucundus</span> <span class='ocrx_word' id='word_1_324' title='bbox 1887 2353 2018 2393; x_wconf 89' lang='lat' dir='ltr'>labor.</span> 
     </span>
     <span class='ocr_line' id='line_1_34' title="bbox 246 2415 2020 2477; baseline -0.006 -13"><span class='ocrx_word' id='word_1_325' title='bbox 246 2425 297 2464; x_wconf 86' lang='grc' dir='ltr'>ΙΙ.</span> <span class='ocrx_word' id='word_1_326' title='bbox 329 2422 367 2465; x_wconf 75' lang='grc'>4.</span> <span class='ocrx_word' id='word_1_327' title='bbox 412 2425 467 2464; x_wconf 86' lang='lat' dir='ltr'>lis</span> <span class='ocrx_word' id='word_1_328' title='bbox 506 2424 633 2477; x_wconf 86' lang='lat' dir='ltr'>igitur</span> <span class='ocrx_word' id='word_1_329' title='bbox 673 2429 735 2463; x_wconf 90' lang='lat' dir='ltr'>est</span> <span class='ocrx_word' id='word_1_330' title='bbox 774 2420 985 2461; x_wconf 77' lang='lat' dir='ltr'>difficilius</span> <span class='ocrx_word' id='word_1_331' title='bbox 1030 2420 1128 2460; x_wconf 86' lang='lat' dir='ltr'>satis</span> <span class='ocrx_word' id='word_1_332' title='bbox 1165 2419 1324 2466; x_wconf 88' lang='lat' dir='ltr'>facere,</span> <span class='ocrx_word' id='word_1_333' title='bbox 1373 2419 1442 2471; x_wconf 91' lang='lat' dir='ltr'>qui</span> <span class='ocrx_word' id='word_1_334' title='bbox 1489 2432 1532 2457; x_wconf 86' lang='lat' dir='ltr'>se</span> <span class='ocrx_word' id='word_1_335' title='bbox 1575 2417 1721 2456; x_wconf 88' lang='lat' dir='ltr'>Latina</span> <span class='ocrx_word' id='word_1_336' title='bbox 1761 2416 1914 2469; x_wconf 85' lang='lat' dir='ltr'>scripta</span> <span class='ocrx_word' id='word_1_337' title='bbox 1958 2415 2020 2454; x_wconf 93' lang='lat' dir='ltr'>di-</span> 
     </span>
     <span class='ocr_line' id='line_1_35' title="bbox 248 2479 2021 2538; baseline -0.005 -12"><span class='ocrx_word' id='word_1_338' title='bbox 248 2492 348 2526; x_wconf 89' lang='lat' dir='ltr'>cunt</span> <span class='ocrx_word' id='word_1_339' title='bbox 395 2492 677 2527; x_wconf 90' lang='lat' dir='ltr'>contemnere.</span> <span class='ocrx_word' id='word_1_340' title='bbox 746 2486 792 2524; x_wconf 89' lang='lat' dir='ltr'>In</span> <span class='ocrx_word' id='word_1_341' title='bbox 832 2485 985 2538; x_wconf 71' lang='lat' dir='ltr'>quilius</span> <span class='ocrx_word' id='word_1_342' title='bbox 1024 2483 1104 2522; x_wconf 89' lang='lat' dir='ltr'>hoc</span> <span class='ocrx_word' id='word_1_343' title='bbox 1147 2482 1326 2535; x_wconf 90' lang='lat' dir='ltr'>primum</span> <span class='ocrx_word' id='word_1_344' title='bbox 1373 2487 1456 2527; x_wconf 89' lang='lat' dir='ltr'>est,</span> <span class='ocrx_word' id='word_1_345' title='bbox 1508 2481 1549 2520; x_wconf 91' lang='lat' dir='ltr'>in</span> <span class='ocrx_word' id='word_1_346' title='bbox 1587 2494 1670 2534; x_wconf 93' lang='lat' dir='ltr'>quo</span> <span class='ocrx_word' id='word_1_347' title='bbox 1703 2479 1905 2525; x_wconf 86' lang='lat' dir='ltr'>admirer,</span> <span class='ocrx_word' id='word_1_348' title='bbox 1948 2492 2021 2518; x_wconf 91' lang='lat' dir='ltr'>cur</span> 
     </span>
     <span class='ocr_line' id='line_1_36' title="bbox 247 2541 2020 2602; baseline -0.006 -12"><span class='ocrx_word' id='word_1_349' title='bbox 247 2549 291 2589; x_wconf 91' lang='lat' dir='ltr'>in</span> <span class='ocrx_word' id='word_1_350' title='bbox 322 2549 577 2602; x_wconf 88' lang='lat' dir='ltr'>gravissimis</span> <span class='ocrx_word' id='word_1_351' title='bbox 608 2549 731 2589; x_wconf 88' lang='lat' dir='ltr'>rebus</span> <span class='ocrx_word' id='word_1_352' title='bbox 764 2561 847 2587; x_wconf 90' lang='lat' dir='ltr'>non</span> <span class='ocrx_word' id='word_1_353' title='bbox 882 2546 1059 2586; x_wconf 89' lang='lat' dir='ltr'>delectet</span> <span class='ocrx_word' id='word_1_354' title='bbox 1090 2558 1161 2584; x_wconf 91' lang='lat' dir='ltr'>eos</span> <span class='ocrx_word' id='word_1_355' title='bbox 1194 2558 1328 2583; x_wconf 92' lang='lat' dir='ltr'>sermo</span> <span class='ocrx_word' id='word_1_356' title='bbox 1360 2544 1542 2597; x_wconf 80' lang='lat' dir='ltr'>patrius,</span> <span class='ocrx_word' id='word_1_357' title='bbox 1581 2557 1676 2583; x_wconf 89' lang='lat' dir='ltr'>cum</span> <span class='ocrx_word' id='word_1_358' title='bbox 1707 2542 1817 2582; x_wconf 92' lang='lat' dir='ltr'>idem</span> <span class='ocrx_word' id='word_1_359' title='bbox 1846 2541 2020 2581; x_wconf 88' lang='lat' dir='ltr'>fabellas</span> 
     </span>
    </p>
   </div>
   <div class='ocr_carea' id='block_1_4' title="bbox 247 2718 2024 3268">
    <p class='ocr_par' dir='ltr' id='par_1_11' title="bbox 247 2718 2022 2814">
     <span class='ocr_line' id='line_1_37' title="bbox 336 2718 2022 2760; baseline -0.005 -4"><span class='ocrx_word' id='word_1_360' title='bbox 336 2726 528 2757; x_wconf 63' lang='lat' dir='ltr'>lxscau‘Tio.</span> <span class='ocrx_word' id='word_1_361' title='bbox 566 2725 675 2757; x_wconf 75' lang='lat' dir='ltr'>Marci</span> <span class='ocrx_word' id='word_1_362' title='bbox 708 2724 800 2755; x_wconf 77' lang='lat' dir='ltr'>Tullii</span> <span class='ocrx_word' id='word_1_363' title='bbox 834 2722 996 2754; x_wconf 75' lang='lat' dir='ltr'>Ciceronis</span> <span class='ocrx_word' id='word_1_364' title='bbox 1026 2722 1063 2751; x_wconf 73' lang='lat' dir='ltr'>cle</span> <span class='ocrx_word' id='word_1_365' title='bbox 1092 2720 1210 2760; x_wconf 77' lang='lat' dir='ltr'>finibus</span> <span class='ocrx_word' id='word_1_366' title='bbox 1239 2720 1403 2750; x_wconf 72' lang='lat' dir='ltr'>malorum</span> <span class='ocrx_word' id='word_1_367' title='bbox 1428 2722 1456 2750; x_wconf 77' lang='lat' dir='ltr'>ct</span> <span class='ocrx_word' id='word_1_368' title='bbox 1484 2718 1642 2749; x_wconf 79' lang='lat' dir='ltr'>bonorum</span> <span class='ocrx_word' id='word_1_369' title='bbox 1667 2718 1710 2748; x_wconf 80' lang='lat' dir='ltr'>ad</span> <span class='ocrx_word' id='word_1_370' title='bbox 1734 2718 1874 2748; x_wconf 78' lang='lat' dir='ltr'>Brutum</span> <span class='ocrx_word' id='word_1_371' title='bbox 1893 2718 2022 2756; x_wconf 80' lang='lat' dir='ltr'>primus</span> 
     </span>
     <span class='ocr_line' id='line_1_38' title="bbox 247 2768 2019 2814; baseline -0.004 -8"><span class='ocrx_word' id='word_1_372' title='bbox 247 2774 327 2806; x_wconf 74' lang='lat' dir='ltr'>liber</span> <span class='ocrx_word' id='word_1_373' title='bbox 351 2776 464 2814; x_wconf 71' lang='lat' dir='ltr'>incipit</span> <span class='ocrx_word' id='word_1_374' title='bbox 480 2776 523 2811; x_wconf 75' lang='lat' dir='ltr'>A;</span> <span class='ocrx_word' id='word_1_375' title='bbox 551 2776 658 2806; x_wconf 73' lang='lat' dir='ltr'>Marci</span> <span class='ocrx_word' id='word_1_376' title='bbox 679 2775 771 2805; x_wconf 72' lang='lat' dir='ltr'>Tullii</span> <span class='ocrx_word' id='word_1_377' title='bbox 790 2773 953 2805; x_wconf 63' lang='lat' dir='ltr'>Ciceronis</span> <span class='ocrx_word' id='word_1_378' title='bbox 978 2773 1014 2802; x_wconf 74' lang='lat' dir='ltr'>(Ic</span> <span class='ocrx_word' id='word_1_379' title='bbox 1037 2771 1155 2811; x_wconf 75' lang='lat' dir='ltr'>fluibus</span> <span class='ocrx_word' id='word_1_380' title='bbox 1179 2771 1337 2801; x_wconf 73' lang='lat' dir='ltr'>bonorum</span> <span class='ocrx_word' id='word_1_381' title='bbox 1362 2774 1389 2800; x_wconf 73' lang='lat' dir='ltr'>el</span> <span class='ocrx_word' id='word_1_382' title='bbox 1415 2769 1580 2799; x_wconf 75' lang='lat' dir='ltr'>malorum</span> <span class='ocrx_word' id='word_1_383' title='bbox 1606 2768 1686 2798; x_wconf 81' lang='lat' dir='ltr'>liber</span> <span class='ocrx_word' id='word_1_384' title='bbox 1705 2768 1834 2806; x_wconf 72' lang='lat' dir='ltr'>primus</span> <span class='ocrx_word' id='word_1_385' title='bbox 1854 2768 1964 2807; x_wconf 76' lang='lat' dir='ltr'>incipit</span> <span class='ocrx_word' id='word_1_386' title='bbox 1982 2769 2019 2801; x_wconf 85' lang='lat' dir='ltr'>B.</span> 
     </span>
    </p>

    <p class='ocr_par' dir='ltr' id='par_1_12' title="bbox 248 2824 2024 3268">
     <span class='ocr_line' id='line_1_39' title="bbox 336 2824 2016 2871; baseline -0.005 -10"><span class='ocrx_word' id='word_1_387' title='bbox 336 2831 366 2862; x_wconf 61' lang='lat'>4.</span> <span class='ocrx_word' id='word_1_388' title='bbox 393 2831 442 2871; x_wconf 73' lang='lat' dir='ltr'>iis]</span> <span class='ocrx_word' id='word_1_389' title='bbox 468 2831 515 2861; x_wconf 84' lang='lat' dir='ltr'>his</span> <span class='ocrx_word' id='word_1_390' title='bbox 539 2833 577 2868; x_wconf 67' lang='lat' dir='ltr'>A,</span> <span class='ocrx_word' id='word_1_391' title='bbox 603 2832 660 2869; x_wconf 70' lang='lat' dir='ltr'>Itys</span> <span class='ocrx_word' id='word_1_392' title='bbox 684 2831 720 2867; x_wconf 81' lang='lat' dir='ltr'>B,</span> <span class='ocrx_word' id='word_1_393' title='bbox 748 2831 781 2861; x_wconf 85' lang='lat' dir='ltr'>et</span> <span class='ocrx_word' id='word_1_394' title='bbox 806 2830 855 2860; x_wconf 80' lang='lat' dir='ltr'>sic</span> <span class='ocrx_word' id='word_1_395' title='bbox 881 2837 1040 2868; x_wconf 78' lang='lat' dir='ltr'>semper,</span> <span class='ocrx_word' id='word_1_396' title='bbox 1069 2837 1110 2858; x_wconf 81' lang='lat' dir='ltr'>ue</span> <span class='ocrx_word' id='word_1_397' title='bbox 1136 2826 1245 2858; x_wconf 74' lang='lat' dir='ltr'>semel</span> <span class='ocrx_word' id='word_1_398' title='bbox 1273 2826 1414 2866; x_wconf 74' lang='lat' dir='ltr'>quidem</span> <span class='ocrx_word' id='word_1_399' title='bbox 1442 2826 1480 2855; x_wconf 77' lang='lat' dir='ltr'>iis</span> <span class='ocrx_word' id='word_1_400' title='bbox 1508 2843 1541 2847; x_wconf 82' lang='lat'>—</span> <span class='ocrx_word' id='word_1_401' title='bbox 1568 2825 1599 2854; x_wconf 75' lang='grc' dir='ltr'>ὅ.</span> <span class='ocrx_word' id='word_1_402' title='bbox 1626 2833 1689 2854; x_wconf 73' lang='lat' dir='ltr'>non</span> <span class='ocrx_word' id='word_1_403' title='bbox 1716 2828 1783 2854; x_wconf 76' lang='lat' dir='ltr'>lam</span> <span class='ocrx_word' id='word_1_404' title='bbox 1807 2824 1839 2854; x_wconf 81' lang='lat' dir='ltr'>id</span> <span class='ocrx_word' id='word_1_405' title='bbox 1864 2824 2016 2855; x_wconf 73' lang='lat' dir='ltr'>ABCE:</span> 
     </span>
     <span class='ocr_line' id='line_1_40' title="bbox 248 2873 2022 2919; baseline -0.005 -8"><span class='ocrx_word' id='word_1_406' title='bbox 248 2890 313 2912; x_wconf 62' lang='lat' dir='ltr'>ozon</span> <span class='ocrx_word' id='word_1_407' title='bbox 338 2881 370 2911; x_wconf 69' lang='lat' dir='ltr'>ic!</span> <span class='ocrx_word' id='word_1_408' title='bbox 396 2884 463 2911; x_wconf 78' lang='lat' dir='ltr'>(am</span> <span class='ocrx_word' id='word_1_409' title='bbox 481 2881 504 2911; x_wconf 94' lang='lat' dir='ltr'>O</span> <span class='ocrx_word' id='word_1_410' title='bbox 526 2898 559 2902; x_wconf 89' lang='lat'>-—</span> <span class='ocrx_word' id='word_1_411' title='bbox 588 2880 865 2919; x_wconf 71' lang='lat' dir='ltr'>reprehwzflerunt</span> <span class='ocrx_word' id='word_1_412' title='bbox 887 2875 926 2909; x_wconf 60' lang='grc' dir='ltr'>ΑΙ</span> <span class='ocrx_word' id='word_1_413' title='bbox 943 2879 966 2909; x_wconf 71' lang='lat'>&lt;3</span> <span class='ocrx_word' id='word_1_414' title='bbox 991 2895 1034 2900; x_wconf 90' lang='lat'>——</span> <span class='ocrx_word' id='word_1_415' title='bbox 1058 2878 1089 2908; x_wconf 86' lang='lat'>8.</span> <span class='ocrx_word' id='word_1_416' title='bbox 1115 2879 1373 2915; x_wconf 75' lang='lat' dir='ltr'>conlempne›‹tcs</span> <span class='ocrx_word' id='word_1_417' title='bbox 1396 2876 1459 2906; x_wconf 72' lang='lat' dir='ltr'>Au</span> <span class='ocrx_word' id='word_1_418' title='bbox 1486 2874 1616 2913; x_wconf 77' lang='lat' dir='ltr'>ubique</span> <span class='ocrx_word' id='word_1_419' title='bbox 1644 2891 1686 2894; x_wconf 97' lang='lat'><strong>—</strong></span> <span class='ocrx_word' id='word_1_420' title='bbox 1713 2873 1764 2904; x_wconf 76' lang='grc' dir='ltr'>ι13.</span> <span class='ocrx_word' id='word_1_421' title='bbox 1791 2882 1812 2903; x_wconf 87' lang='grc' dir='ltr'><em>α</em></span> <span class='ocrx_word' id='word_1_422' title='bbox 1837 2874 1925 2903; x_wconf 67' lang='lat' dir='ltr'>nobis</span> <span class='ocrx_word' id='word_1_423' title='bbox 1946 2874 2022 2912; x_wconf 76' lang='lat' dir='ltr'>phi-</span> 
     </span>
     <span class='ocr_line' id='line_1_41' title="bbox 248 2923 2020 2969; baseline -0.005 -8"><span class='ocrx_word' id='word_1_424' title='bbox 248 2930 395 2969; x_wconf 79' lang='lat' dir='ltr'>losophia</span> <span class='ocrx_word' id='word_1_425' title='bbox 418 2932 462 2961; x_wconf 73' lang='lat' dir='ltr'>A:</span> <span class='ocrx_word' id='word_1_426' title='bbox 494 2930 694 2968; x_wconf 73' lang='lat' dir='ltr'>philosophia</span> <span class='ocrx_word' id='word_1_427' title='bbox 720 2938 740 2959; x_wconf 87' lang='lat' dir='ltr'>a</span> <span class='ocrx_word' id='word_1_428' title='bbox 765 2929 855 2959; x_wconf 71' lang='lat' dir='ltr'>nobis</span> <span class='ocrx_word' id='word_1_429' title='bbox 887 2929 956 2958; x_wconf 76' lang='grc' dir='ltr'>ΒΜ</span> <span class='ocrx_word' id='word_1_430' title='bbox 982 2945 1016 2949; x_wconf 89' lang='lat'>—</span> <span class='ocrx_word' id='word_1_431' title='bbox 1052 2928 1101 2957; x_wconf 65' lang='lat'>«¹7.</span> <span class='ocrx_word' id='word_1_432' title='bbox 1134 2927 1240 2965; x_wconf 74' lang='lat' dir='ltr'>placet</span> <span class='ocrx_word' id='word_1_433' title='bbox 1270 2927 1293 2955; x_wconf 69' lang='grc' dir='ltr'>Γ,</span> <span class='ocrx_word' id='word_1_434' title='bbox 1322 2942 1355 2945; x_wconf 94' lang='grc'><strong>-</strong></span> <span class='ocrx_word' id='word_1_435' title='bbox 1395 2924 1445 2955; x_wconf 62' lang='lat'>118.</span> <span class='ocrx_word' id='word_1_436' title='bbox 1471 2924 1566 2954; x_wconf 79' lang='lat' dir='ltr'>semel</span> <span class='ocrx_word' id='word_1_437' title='bbox 1597 2924 1665 2953; x_wconf 80' lang='lat' dir='ltr'>iam</span> <span class='ocrx_word' id='word_1_438' title='bbox 1695 2924 1829 2953; x_wconf 75' lang='lat' dir='ltr'>missum</span> <span class='ocrx_word' id='word_1_439' title='bbox 1852 2923 1956 2953; x_wconf 72' lang='lat' dir='ltr'>ABD</span> <span class='ocrx_word' id='word_1_440' title='bbox 1985 2941 2020 2945; x_wconf 82' lang='lat'>—</span> 
     </span>
     <span class='ocr_line' id='line_1_42' title="bbox 249 2972 2023 3014; baseline -0.006 -2"><span class='ocrx_word' id='word_1_441' title='bbox 249 2982 302 3012; x_wconf 60' lang='lat' dir='ltr'>u22.</span> <span class='ocrx_word' id='word_1_442' title='bbox 329 2981 372 3011; x_wconf 82' lang='lat' dir='ltr'>ad</span> <span class='ocrx_word' id='word_1_443' title='bbox 397 2989 465 3011; x_wconf 83' lang='lat' dir='ltr'>om.</span> <span class='ocrx_word' id='word_1_444' title='bbox 492 2980 515 3009; x_wconf 87' lang='lat' dir='ltr'>B</span> <span class='ocrx_word' id='word_1_445' title='bbox 545 2998 579 3002; x_wconf 97' lang='lat'><strong>—</strong></span> <span class='ocrx_word' id='word_1_446' title='bbox 606 2979 658 3010; x_wconf 75' lang='lat'>23.</span> <span class='ocrx_word' id='word_1_447' title='bbox 685 2979 784 3010; x_wconf 69' lang='lat' dir='ltr'>elium</span> <span class='ocrx_word' id='word_1_448' title='bbox 809 2983 853 3008; x_wconf 66' lang='lat' dir='ltr'>cst</span> <span class='ocrx_word' id='word_1_449' title='bbox 878 2978 955 3009; x_wconf 77' lang='lat' dir='ltr'>cod.</span> <span class='ocrx_word' id='word_1_450' title='bbox 983 2976 1147 3008; x_wconf 83' lang='lat' dir='ltr'>Eliensis:</span> <span class='ocrx_word' id='word_1_451' title='bbox 1174 2977 1272 3006; x_wconf 79' lang='lat' dir='ltr'>eliam</span> <span class='ocrx_word' id='word_1_452' title='bbox 1295 2975 1459 3014; x_wconf 63' lang='grc' dir='ltr'>εαρὶοηίὲιι,</span> <span class='ocrx_word' id='word_1_453' title='bbox 1483 2978 1527 3004; x_wconf 69' lang='lat' dir='ltr'>est</span> <span class='ocrx_word' id='word_1_454' title='bbox 1544 2974 1627 3003; x_wconf 67' lang='lat' dir='ltr'>AB:</span> <span class='ocrx_word' id='word_1_455' title='bbox 1654 2974 1753 3003; x_wconf 71' lang='lat' dir='ltr'>etiam</span> <span class='ocrx_word' id='word_1_456' title='bbox 1775 2972 1959 3012; x_wconf 72' lang='lat' dir='ltr'>[sapientia]</span> <span class='ocrx_word' id='word_1_457' title='bbox 1979 2975 2023 3002; x_wconf 80' lang='lat' dir='ltr'>est</span> 
     </span>
     <span class='ocr_line' id='line_1_43' title="bbox 251 3023 2024 3066; baseline -0.006 -5"><span class='ocrx_word' id='word_1_458' title='bbox 251 3032 275 3061; x_wconf 92' lang='lat' dir='ltr'><strong>O</strong></span> <span class='ocrx_word' id='word_1_459' title='bbox 304 3046 338 3052; x_wconf 96' lang='lat'>—</span> <span class='ocrx_word' id='word_1_460' title='bbox 366 3030 450 3060; x_wconf 70' lang='lat' dir='ltr'>ullus</span> <span class='ocrx_word' id='word_1_461' title='bbox 474 3033 518 3060; x_wconf 76' lang='lat' dir='ltr'>est</span> <span class='ocrx_word' id='word_1_462' title='bbox 542 3030 564 3059; x_wconf 79' lang='grc' dir='ltr'><strong><em>Β</em></strong></span> <span class='ocrx_word' id='word_1_463' title='bbox 594 3046 627 3050; x_wconf 95' lang='grc'>-</span> <span class='ocrx_word' id='word_1_464' title='bbox 656 3028 708 3059; x_wconf 77' lang='lat'>2¹1.</span> <span class='ocrx_word' id='word_1_465' title='bbox 735 3032 764 3058; x_wconf 64' lang='lat' dir='ltr'>et</span> <span class='ocrx_word' id='word_1_466' title='bbox 789 3029 901 3059; x_wconf 65' lang='lat' dir='ltr'>(2111.ss</span> <span class='ocrx_word' id='word_1_467' title='bbox 925 3045 958 3049; x_wconf 87' lang='lat'>——</span> <span class='ocrx_word' id='word_1_468' title='bbox 986 3026 1172 3066; x_wconf 66' lang='lat' dir='ltr'>descliqalio</span> <span class='ocrx_word' id='word_1_469' title='bbox 1190 3025 1245 3056; x_wconf 64' lang='lat' dir='ltr'>A2&#39;:</span> <span class='ocrx_word' id='word_1_470' title='bbox 1276 3024 1466 3063; x_wconf 67' lang='lat' dir='ltr'>defatiglalio</span> <span class='ocrx_word' id='word_1_471' title='bbox 1493 3023 1608 3053; x_wconf 60' lang='lat' dir='ltr'>„UBO</span> <span class='ocrx_word' id='word_1_472' title='bbox 1628 3040 1661 3044; x_wconf 77' lang='lat'>—</span> <span class='ocrx_word' id='word_1_473' title='bbox 1690 3023 1742 3053; x_wconf 53' lang='lat'>026.</span> <span class='ocrx_word' id='word_1_474' title='bbox 1771 3023 1908 3061; x_wconf 67' lang='lat' dir='ltr'>invidas]</span> <span class='ocrx_word' id='word_1_475' title='bbox 1934 3023 2024 3052; x_wconf 70' lang='lat' dir='ltr'>sinzi-</span> 
     </span>
     <span class='ocr_line' id='line_1_44' title="bbox 251 3073 2022 3114; baseline -0.006 -2"><span class='ocrx_word' id='word_1_476' title='bbox 251 3081 310 3112; x_wconf 73' lang='lat' dir='ltr'>dus</span> <span class='ocrx_word' id='word_1_477' title='bbox 332 3081 356 3111; x_wconf 85' lang='lat' dir='ltr'>B</span> <span class='ocrx_word' id='word_1_478' title='bbox 386 3098 419 3102; x_wconf 84' lang='lat'>—-</span> <span class='ocrx_word' id='word_1_479' title='bbox 455 3080 598 3109; x_wconf 75' lang='lat' dir='ltr'>abducat</span> <span class='ocrx_word' id='word_1_480' title='bbox 629 3080 653 3109; x_wconf 64' lang='lat' dir='ltr'>A</span> <span class='ocrx_word' id='word_1_481' title='bbox 671 3079 710 3107; x_wconf 67' lang='lat'>1³:</span> <span class='ocrx_word' id='word_1_482' title='bbox 745 3079 881 3107; x_wconf 67' lang='lat' dir='ltr'>declarat</span> <span class='ocrx_word' id='word_1_483' title='bbox 913 3078 937 3107; x_wconf 81' lang='grc' dir='ltr'>Ε</span> <span class='ocrx_word' id='word_1_484' title='bbox 953 3077 983 3108; x_wconf 79' lang='lat' dir='ltr'>M</span> <span class='ocrx_word' id='word_1_485' title='bbox 1012 3095 1044 3098; x_wconf 98' lang='lat'><strong>—</strong></span> <span class='ocrx_word' id='word_1_486' title='bbox 1078 3076 1129 3107; x_wconf 59' lang='lat'>029.</span> <span class='ocrx_word' id='word_1_487' title='bbox 1156 3076 1252 3114; x_wconf 68' lang='lat' dir='ltr'>ferre]</span> <span class='ocrx_word' id='word_1_488' title='bbox 1286 3076 1394 3113; x_wconf 72' lang='lat' dir='ltr'>farere</span> <span class='ocrx_word' id='word_1_489' title='bbox 1420 3074 1513 3104; x_wconf 57' lang='lat' dir='ltr'>ltivli.</span> <span class='ocrx_word' id='word_1_490' title='bbox 1543 3073 1716 3104; x_wconf 70' lang='lat' dir='ltr'>Bentleius</span> <span class='ocrx_word' id='word_1_491' title='bbox 1741 3082 1795 3113; x_wconf 83' lang='lat' dir='ltr'>ap.</span> <span class='ocrx_word' id='word_1_492' title='bbox 1823 3073 2022 3103; x_wconf 75' lang='lat' dir='ltr'>Terentium</span> 
     </span>
     <span class='ocr_line' id='line_1_45' title="bbox 253 3122 2019 3166; baseline -0.006 -5"><span class='ocrx_word' id='word_1_493' title='bbox 253 3131 437 3162; x_wconf 79' lang='lat' dir='ltr'>lleautont.</span> <span class='ocrx_word' id='word_1_494' title='bbox 458 3130 487 3166; x_wconf 77' lang='grc' dir='ltr'>Ι,</span> <span class='ocrx_word' id='word_1_495' title='bbox 510 3129 607 3165; x_wconf 30' lang='grc'>4,,17,</span> <span class='ocrx_word' id='word_1_496' title='bbox 635 3127 727 3157; x_wconf 83' lang='lat' dir='ltr'>unde</span> <span class='ocrx_word' id='word_1_497' title='bbox 754 3127 807 3157; x_wconf 77' lang='lat' dir='ltr'>hic</span> <span class='ocrx_word' id='word_1_498' title='bbox 826 3136 948 3157; x_wconf 67' lang='lat' dir='ltr'>xersus</span> <span class='ocrx_word' id='word_1_499' title='bbox 966 3126 1173 3165; x_wconf 78' lang='lat' dir='ltr'>desumptus</span> <span class='ocrx_word' id='word_1_500' title='bbox 1199 3127 1261 3155; x_wconf 73' lang='lat' dir='ltr'>est.</span> <span class='ocrx_word' id='word_1_501' title='bbox 1286 3143 1318 3146; x_wconf 23' lang='grc' dir='ltr'>-κ-</span> <span class='ocrx_word' id='word_1_502' title='bbox 1346 3125 1397 3154; x_wconf 79' lang='grc'>31.</span> <span class='ocrx_word' id='word_1_503' title='bbox 1418 3124 1553 3153; x_wconf 70' lang='lat' dir='ltr'>oslrmlz&#39;l</span> <span class='ocrx_word' id='word_1_504' title='bbox 1578 3124 1601 3153; x_wconf 68' lang='lat'>1³</span> <span class='ocrx_word' id='word_1_505' title='bbox 1628 3141 1657 3144; x_wconf 97' lang='lat'><strong>—</strong></span> <span class='ocrx_word' id='word_1_506' title='bbox 1685 3123 1736 3153; x_wconf 76' lang='lat'>32.</span> <span class='ocrx_word' id='word_1_507' title='bbox 1764 3123 1807 3152; x_wconf 74' lang='lat' dir='ltr'>Iis</span> <span class='ocrx_word' id='word_1_508' title='bbox 1830 3122 2019 3152; x_wconf 81' lang='lat' dir='ltr'>Manutius:</span> 
     </span>
     <span class='ocr_line' id='line_1_46' title="bbox 251 3171 2019 3214; baseline -0.006 -4"><span class='ocrx_word' id='word_1_509' title='bbox 251 3180 299 3210; x_wconf 74' lang='lat' dir='ltr'>his</span> <span class='ocrx_word' id='word_1_510' title='bbox 323 3180 426 3210; x_wconf 79' lang='grc' dir='ltr'>ΛΒΟ</span> <span class='ocrx_word' id='word_1_511' title='bbox 460 3197 493 3200; x_wconf 82' lang='grc'><strong>-</strong></span> <span class='ocrx_word' id='word_1_512' title='bbox 527 3179 626 3209; x_wconf 76' lang='lat' dir='ltr'>lalinc</span> <span class='ocrx_word' id='word_1_513' title='bbox 656 3178 695 3208; x_wconf 68' lang='lat' dir='ltr'><strong>,x‘-&#39;</strong></span> <span class='ocrx_word' id='word_1_514' title='bbox 709 3178 732 3207; x_wconf 71' lang='grc' dir='ltr'>(ἶ</span> <span class='ocrx_word' id='word_1_515' title='bbox 759 3195 800 3198; x_wconf 87' lang='lat'><strong>—</strong></span> <span class='ocrx_word' id='word_1_516' title='bbox 835 3178 886 3207; x_wconf 71' lang='lat'>533.</span> <span class='ocrx_word' id='word_1_517' title='bbox 913 3180 974 3211; x_wconf 75' lang='lat' dir='ltr'>cst,</span> <span class='ocrx_word' id='word_1_518' title='bbox 1009 3176 1094 3214; x_wconf 79' lang='lat' dir='ltr'>quod</span> <span class='ocrx_word' id='word_1_519' title='bbox 1124 3175 1264 3204; x_wconf 68' lang='lat' dir='ltr'>(Ieiizirer</span> <span class='ocrx_word' id='word_1_520' title='bbox 1295 3172 1502 3205; x_wconf 72' lang='lat' dir='ltr'>Lanibiuus;</span> <span class='ocrx_word' id='word_1_521' title='bbox 1538 3171 1654 3202; x_wconf 78' lang='lat' dir='ltr'>malim</span> <span class='ocrx_word' id='word_1_522' title='bbox 1680 3174 1724 3202; x_wconf 78' lang='lat' dir='ltr'>cst</span> <span class='ocrx_word' id='word_1_523' title='bbox 1748 3172 1833 3210; x_wconf 79' lang='lat' dir='ltr'>quod</span> <span class='ocrx_word' id='word_1_524' title='bbox 1856 3171 1959 3201; x_wconf 75' lang='lat' dir='ltr'>mirer</span> <span class='ocrx_word' id='word_1_525' title='bbox 1984 3188 2019 3192; x_wconf 98' lang='lat'><strong>—</strong></span> 
     </span>
     <span class='ocr_line' id='line_1_47' title="bbox 254 3220 1903 3268; baseline -0.007 -7"><span class='ocrx_word' id='word_1_526' title='bbox 254 3230 306 3261; x_wconf 58' lang='lat'>34„</span> <span class='ocrx_word' id='word_1_527' title='bbox 333 3238 438 3261; x_wconf 82' lang='lat' dir='ltr'>sermo</span> <span class='ocrx_word' id='word_1_528' title='bbox 457 3230 590 3268; x_wconf 74' lang='lat' dir='ltr'>patrius</span> <span class='ocrx_word' id='word_1_529' title='bbox 613 3230 638 3260; x_wconf 78' lang='grc' dir='ltr'>Α</span> <span class='ocrx_word' id='word_1_530' title='bbox 653 3228 696 3259; x_wconf 70' lang='lat'>15:</span> <span class='ocrx_word' id='word_1_531' title='bbox 723 3227 855 3267; x_wconf 59' lang='lat' dir='ltr'>pali-ius</span> <span class='ocrx_word' id='word_1_532' title='bbox 879 3235 982 3258; x_wconf 79' lang='lat' dir='ltr'>sermo</span> <span class='ocrx_word' id='word_1_533' title='bbox 1008 3227 1076 3258; x_wconf 76' lang='grc' dir='ltr'>ΜΟ</span> <span class='ocrx_word' id='word_1_534' title='bbox 1105 3242 1139 3247; x_wconf 89' lang='grc'>-</span> <span class='ocrx_word' id='word_1_535' title='bbox 1166 3223 1250 3264; x_wconf 73' lang='lat' dir='ltr'>cnm]</span> <span class='ocrx_word' id='word_1_536' title='bbox 1276 3226 1344 3253; x_wconf 79' lang='lat' dir='ltr'>lum</span> <span class='ocrx_word' id='word_1_537' title='bbox 1370 3223 1391 3254; x_wconf 81' lang='grc' dir='ltr'>Β</span> <span class='ocrx_word' id='word_1_538' title='bbox 1422 3239 1452 3244; x_wconf 92' lang='grc'>-</span> <span class='ocrx_word' id='word_1_539' title='bbox 1484 3222 1566 3252; x_wconf 73' lang='lat' dir='ltr'>idem</span> <span class='ocrx_word' id='word_1_540' title='bbox 1589 3222 1670 3252; x_wconf 73' lang='lat' dir='ltr'>AB:</span> <span class='ocrx_word' id='word_1_541' title='bbox 1698 3220 1796 3252; x_wconf 73' lang='lat' dir='ltr'>iidem</span> <span class='ocrx_word' id='word_1_542' title='bbox 1819 3220 1903 3252; x_wconf 81' lang='grc' dir='ltr'>ΜΟ.</span> 
     </span>
    </p>
   </div>
  </div>
 </body>
</html>
