2249 3624
502 168 591 209 Lm.
614 169 644 209 Ι.
686 168 783 210 Cn).
806 169 1251 210 xxxlll-xxxlv.
1291 168 1350 222 §§
1374 167 1389 208 l
1409 166 1623 208 17—423.
1863 166 1945 209 673

180 275 232 317 ad
261 280 433 316 naturae
464 288 564 316 suae
597 289 681 316 non
713 277 886 317 vitiosae
919 290 1051 329 genus
1084 276 1302 316 consilium
1334 275 1502 315 vivendi
1545 287 1666 315 omne
1707 274 1945 322 contulerit,

178 339 213 379 is
243 337 519 378 constantiam
552 344 691 378 teneat
721 362 774 368 —
809 339 848 378 id
881 341 991 379 enim
1024 340 1202 379 maxime
1236 338 1354 378 decet
1385 362 1461 386 —,
1503 339 1578 378 nisi
1610 338 1715 377 forte
1747 351 1791 376 se
1823 337 1946 377 intel-

177 400 327 441 lexerit
367 413 526 440 errasse
566 401 607 440 in
647 401 869 454 deligendo
912 415 1063 455 genere
1095 403 1215 441 vitae.
1276 401 1400 450 Quod
1432 401 1465 440 si
1498 401 1696 441 acciderit
1725 425 1778 432 —-
1808 407 1946 454 potest

177 468 315 504 autem
346 462 536 503 accidere
566 486 643 511 —,
681 464 875 504 facienda
907 478 1067 504 morum
1100 465 1471 518 institutorumque
1503 465 1678 504 mutatio
1709 469 1783 503 est.
1842 464 1943 503 Eam

177 524 449 566 mutationem
491 526 524 566 si
567 531 756 579 tempora
795 526 1076 574 adiuvabunt,
1122 526 1287 566 facilius
1331 527 1677 578 commodiusque
1719 526 1976 566 faciemuszs

176 589 240 629 sin
273 588 424 635 minus,
455 589 609 629 sensim
642 590 719 629 erit
751 589 1132 643 pedetemptimque
1164 589 1370 637 facienda,
1402 596 1445 630 ut
1475 589 1699 636 amicitias,
1730 602 1838 642 quae
1870 589 1946 629 mi-

177 664 254 691 nus
286 650 495 692 delectent
526 656 567 691 et
597 651 735 692 minus
768 653 1020 705 probentur,
1063 653 1193 705 magis
1225 652 1373 692 decere
1406 657 1579 692 censent
1609 652 1820 705 sapientes
1852 665 1946 691 sen-

176 714 253 754 sim
293 713 455 754 diluere
496 727 623 768 quam
665 721 835 768 repente
874 714 1130 768 praecidere.
1199 712 1292 755 1121.
1331 715 1590 755 Commutato
1621 721 1759 754 autem
1792 727 1945 768 genere

175 776 284 816 vitae
315 777 430 816 omni
461 777 625 817 ratione
658 777 887 818 curandum
920 784 983 817 est
1024 783 1068 817 ut
1108 776 1149 816 id
1181 778 1291 817 bono
1324 778 1501 817 consilio
1533 777 1682 816 secisse
1715 777 1945 816 videamur.

176 838 282 885 Sed,
324 839 522 892 quoniam
564 839 691 892 paulo
732 846 827 880 ante
859 840 1012 880 dictum
1046 845 1109 880 est
1138 841 1363 880 imitandos
1397 854 1487 880 esse
1520 840 1722 887 maiores,
1763 839 1997 892 primumto

175 901 280 942 illud
312 907 535 954 exceptum
568 902 644 949 sit,
677 915 728 942 ne
761 902 860 942 vitia
891 903 973 942 sint
1003 903 1228 950 imitanda,
1261 903 1436 950 deinde,
1469 904 1502 943 si
1534 908 1681 942 natura
1713 915 1797 941 non
1827 900 1945 949 feret,

175 969 219 1004 ut
250 964 458 1018 quaedam
490 964 644 1004 imitari
676 965 831 1017 possit,
863 970 908 1005 ut
939 965 1170 1018 superioris
1202 964 1312 1005 filius
1342 965 1541 1012 Africani,
1573 965 1644 1018 qui
1675 964 1785 1004 hunc
1816 964 1945 1003 Paulo

176 1031 319 1066 natum
349 1026 588 1080 adoptavit,
620 1034 790 1081 propter
820 1026 1101 1068 infirmitatem
1134 1027 1391 1068 valetudinis
1423 1041 1507 1067 non
1539 1033 1622 1067 tam
1655 1028 1789 1081 potuit
1819 1027 1945 1080 patris

177 1088 323 1129 similis
355 1103 469 1137 esse,
503 1103 629 1143 quam
661 1090 732 1130 ille
763 1090 902 1130 fuerat
932 1092 1017 1131 sui:
1060 1091 1094 1130 si
1127 1090 1251 1143 igitur
1280 1104 1363 1130 non
1396 1091 1548 1143 poterit
1578 1090 1664 1130 sive
1697 1103 1842 1130 causas
1875 1089 1946 1129 de-

176 1150 374 1192 fensitare
405 1152 493 1192 sive
524 1152 730 1205 populum
763 1153 1031 1193 contionibus
1063 1159 1206 1193 tenere
1239 1153 1326 1193 sive
1358 1153 1469 1192 bella
1500 1166 1666 1205 gerere,
1705 1152 1777 1192 illa
1807 1158 1946 1192 tamen
1961 1161 1997 1191 ⁴5

176 1220 389 1268 praestare
420 1215 612 1262 debebit,
646 1228 754 1269 quae
787 1222 908 1256 erunt
939 1217 981 1256 in
1012 1216 1141 1269 ipsius
1173 1221 1398 1269 potestate,
1429 1216 1641 1263 iustitiam,
1673 1213 1810 1263 fidem,
1842 1215 1947 1255 libe-

177 1277 405 1325 ralitatem,
445 1278 717 1326 modestiam,
757 1280 1101 1332 temperantiam,
1133 1292 1215 1332 quo
1247 1279 1384 1319 minus
1416 1278 1467 1318 ab
1500 1291 1549 1318 eo
1581 1278 1645 1325 id,
1678 1277 1790 1331 quod
1824 1277 1947 1325 desit,

178 1341 433 1393 requiratur.
485 1340 669 1394 Optuma
700 1348 838 1382 autem
870 1342 1084 1382 hereditas
1115 1354 1138 1381 a
1169 1341 1357 1395 patribus
1388 1341 1564 1381 traditur
1584 1341 1726 1380 liberis
1748 1341 1946 1393 omnique

178 1403 428 1456 patrimonio
460 1404 741 1456 praestantior
771 1404 904 1457 gloria
935 1404 1098 1444 virtutis
1129 1417 1357 1458 rerumque
1389 1409 1620 1457 gestarum,
1653 1402 1718 1443 cui
1751 1402 1947 1443 dedecori

178 1478 272 1505 esse
301 1465 420 1506 nefas
453 1470 493 1506 et
523 1465 700 1519 impium
730 1466 1011 1506 iudicandum
1035 1471 1111 1506 est.
1961 1474 1998 1505 ‘20

290 1529 486 1569 XXXIV.
531 1525 625 1568 422.
665 1530 717 1569 Et
747 1529 946 1583 quoniam
978 1530 1117 1569 officia
1157 1542 1242 1569 non
1283 1528 1430 1569 eadem
1469 1528 1706 1582 disparibus
1746 1526 1948 1568 aetatibus

178 1591 420 1632 tribuuntur
450 1591 615 1645 aliaque
648 1597 744 1631 sunt
772 1593 997 1640 iuvenum,
1038 1592 1120 1632 alia
1152 1591 1387 1638 seniorum,
1429 1591 1590 1644 aliquid
1632 1590 1758 1631 etiam
1790 1591 1841 1631 de
1871 1590 1949 1630 hac

181 1653 451 1695 distinctione
492 1653 717 1694 dicendum
757 1660 832 1695 est.
899 1655 973 1694 Est
1002 1655 1129 1707 igitur
1160 1653 1442 1694 adulescentis
1474 1653 1653 1694 maiores
1685 1658 1782 1694 natu
1816 1652 1951 1693 vereri

180 1730 319 1771 exque
359 1717 411 1757 iis
454 1716 640 1769 deligere
679 1718 860 1771 optimos
903 1723 944 1757 et
982 1717 1326 1771 probatissimos,
1374 1728 1554 1769 quorum
1601 1716 1777 1756 consilio
1823 1721 1950 1769 atque

180 1778 427 1819 auctoritate
458 1780 636 1828 nitatur3
674 1780 858 1820 ineuntis
891 1781 1000 1820 enim
1033 1779 1181 1820 aetatis
1212 1779 1377 1819 inscitia
1408 1792 1554 1818 senum
1586 1778 1880 1819 constituenda
1911 1783 2000 1818 et25

180 1840 362 1895 regenda
391 1841 617 1895 prudentia
647 1848 722 1883 est.
773 1843 969 1883 Maxume
1001 1848 1143 1883 autem
1174 1841 1277 1882 haec
1309 1847 1424 1882 aetas
1456 1854 1479 1881 a
1501 1841 1747 1883 libidinibus
1769 1842 1952 1883 arcenda

181 1910 244 1945 est
274 1904 594 1958 exercendaque
625 1905 667 1944 in
698 1904 843 1945 labore
874 1906 1159 1959 patientiaque
1192 1910 1231 1944 et
1262 1904 1390 1944 animi
1424 1910 1465 1944 et
1496 1904 1698 1958 corporis,
1728 1910 1774 1945 ut
1805 1917 1950 1945 eorum

182 1973 223 2008 et
252 1968 295 2007 in
325 1967 487 2008 bellicis
519 1972 560 2007 et
590 1968 634 2007 in
666 1967 858 2007 civilibus
891 1965 1039 2008 officiis
1073 1968 1211 2020 vigeat
1241 1966 1462 2006 industria.
1533 1967 1669 2019 Atque
1700 1967 1825 2007 etiam
1856 1980 1951 2007 cum

179 2029 370 2070 relaxare
411 2030 572 2070 animos
615 2037 655 2071 et
696 2031 793 2070 dare
833 2044 877 2070 se
908 2031 1161 2070 iucunditati
1193 2029 1337 2070 volent
1367 2034 1542 2069 caveant
1571 2029 1951 2084 intemperantiam,

180 2093 449 2134 meminerint
478 2093 782 2133 verecundiae:
828 2092 938 2146 quod
971 2094 1049 2133 erit
1078 2092 1262 2141 facilius,
1296 2093 1330 2133 si
1360 2105 1406 2132 ne
1438 2092 1480 2131 in
1513 2092 1602 2131 eius
1634 2092 1747 2132 modi
1780 2091 1951 2145 quidem
1967 2099 2003 2130 30

180 2154 305 2195 rebus
343 2155 520 2196 maiores
562 2161 662 2196 natu
702 2156 846 2195 nolent
879 2157 1096 2196 interesse.
1159 2152 1251 2194 1¹23.
1285 2155 1464 2194 Senibus
1496 2160 1635 2194 autem
1667 2154 1831 2194 labores
1864 2167 1953 2193 cor-

181 2217 298 2270 poris
328 2218 569 2266 minuendi,
609 2218 937 2258 exercitationes
984 2218 1112 2258 animi
1153 2217 1278 2258 etiam
1309 2217 1524 2271 augendae
1556 2216 1776 2264 videntur,
1817 2215 1955 2255 danda

173 2292 279 2325 ‚vero
310 2293 459 2333 opera,
501 2286 548 2321 ut
578 2286 619 2320 et
649 2281 805 2320 amieos
838 2286 878 2320 et
908 2281 1170 2320 iuventutem
1212 2287 1253 2320 et
1284 2281 1463 2320 maxime
1495 2293 1582 2319 rem
1609 2278 1823 2332 'publicam
1855 2290 1953 2318 con-

182 2342 277 2382 silio
310 2348 351 2383 et
381 2342 604 2395 prudentia
635 2356 760 2396 quam
792 2342 1019 2396 plurimum
1051 2342 1261 2383 adiuvent.
1328 2342 1441 2382 Nihil
1471 2347 1610 2382 autem
1641 2342 1771 2394 magis
1803 2353 1954 2380 caven-

183 2404 282 2444 dum
314 2411 378 2445 est
407 2404 616 2445 senectuti
648 2418 773 2459 quam
806 2418 857 2444 ne
889 2404 1082 2459 languori
1113 2418 1156 2445 se
1180 2404 1454 2458 desidiaeque
1478 2404 1629 2452 dedat;
1663 2402 1831 2443 luxuria
1852 2410 2003 2443 νει-035

184 2480 279 2508 cum
310 2468 422 2508 omni
454 2467 581 2508 aetati
612 2468 759 2522 turpis,
789 2472 879 2508 tum
910 2468 1117 2508 senectuti
1147 2467 1393 2507 foedissima
1426 2472 1500 2507 est.
1553 2466 1626 2506 Sin
1657 2471 1795 2506 autem
1828 2464 1952 2505 etiam

276 2610 308 2641 4.
326 2618 408 2642 suae
431 2619 503 2642 om.
521 2619 542 2643 a
561 2628 596 2633 —-
621 2619 686 2642 non
702 2611 841 2641 uitiosae
864 2619 1042 2651 superscr.
1062 2618 1109 2642 m.
1130 2618 1202 2642 sec.
1222 2609 1257 2640 in
1272 2608 1293 2641 b
1313 2626 1347 2631 —
1375 2609 1406 2639 2.
1426 2608 1521 2647 enim]
1539 2616 1612 2639 eum
1636 2615 1654 2638 e
1681 2623 1717 2629 -
1743 2606 1774 2638 3.
1793 2606 1956 2647 diligendo

183 2657 209 2690 B
224 2658 265 2690 11¹
292 2676 327 2682 —
365 2659 396 2691 6.
422 2661 472 2691 sin
495 2661 618 2700 minus,
643 2661 759 2692 sensim
783 2661 845 2691 erit
864 2661 1156 2701 pedetemptimque
1178 2660 1367 2699 faciendum
1391 2659 1522 2690 Nonius
1547 2666 1580 2698 p.
1599 2657 1652 2689 29.
1688 2674 1724 2680 —
1762 2658 1823 2689 erit
1847 2666 1917 2689 om.
1937 2665 1955 2688 o

187 2724 222 2730 —
246 2707 505 2749 pedetentimque
528 2718 577 2741 eo
605 2727 640 2732 —
673 2710 862 2749 faciendam
885 2710 965 2742 B¹H
1003 2728 1037 2733 —-
1077 2711 1107 2742 7.
1134 2712 1285 2742 censeant
1309 2717 1398 2740 corr.
1419 2709 1453 2739 in
1477 2711 1607 2738 censent
1629 2709 1675 2738 A:
1704 2711 1836 2738 censant
1860 2715 1952 2739 corr.

184 2757 218 2789 in
242 2762 393 2790 censeant
414 2760 435 2791 b
463 2777 497 2783 —
525 2761 556 2792 8.
583 2761 707 2792 diluere
732 2761 774 2791 C:
805 2761 948 2792 dissuere
971 2768 1031 2801 po.
1074 2760 1125 2792 Cs.
1145 2759 1237 2792 Lael.
1258 2759 1340 2797 §76.
1362 2775 1397 2780 —
1426 2757 1644 2789 Commutatio
1669 2757 1696 2788 H
1724 2773 1759 2778 —
1786 2757 1838 2788 Μ.
1855 2757 1956 2796 ferret

184 2806 351 2840 A¹B¹Hb
378 2827 413 2832 —
441 2810 493 2841 ⁴2.
517 2811 621 2849 possit
643 2811 667 2841 Ι.
687 2811 731 2842 Μ.
751 2810 967 2850 Heusinger:
990 2812 1115 2851 possint
1141 2810 1164 2842 C
1193 2810 1308 2848 (etiam
1327 2808 1357 2846 a]
1387 2824 1420 2829 —
1451 2806 1502 2837 43.
1527 2806 1619 2845 patr-i
1636 2806 1666 2836 B
1695 2822 1729 2828 —
1765 2806 1816 2838 44.
1843 2806 1955 2845 desen-

184 2865 260 2889 sare
283 2866 302 2889 e
329 2877 364 2881 —
392 2859 443 2890 46.
470 2864 566 2891 erunt
590 2868 659 2891 om.
679 2868 698 2891 e
725 2877 759 2881 —
786 2861 889 2900 ipsius
911 2861 944 2891 in
970 2868 988 2892 c
1017 2878 1050 2883 —
1078 2861 1130 2892 20.
1158 2863 1187 2891 et
1211 2860 1245 2890 in
1263 2866 1330 2889 ras.
1358 2859 1397 2893 A,
1423 2857 1477 2888 sed
1500 2857 1520 2888 b
1549 2872 1582 2877 —-
1610 2856 1746 2895 impium
1769 2864 1808 2896 p:
1834 2857 1956 2887 uitium

136 2923 139 2926 ·
185 2908 359 2947 ABHab,
385 2910 508 2940 uicium
533 2917 551 2940 c
587 2927 621 2931 —
662 2910 714 2940 ΞΗ.
735 2909 901 2949 quoniam]
922 2919 985 2949 quo
1008 2912 1029 2943 b
1055 2910 1107 2950 (cf.
1128 2909 1248 2950 9672,
1265 2907 1339 2946 3¹>;
1378 2915 1463 2945 quae
1488 2914 1578 2936 corr.
1599 2906 1632 2936 in
1657 2906 1736 2944 quia
1759 2907 1787 2936 A
1826 2922 1860 2927 —
1898 2906 1952 2938 22.

186 2958 257 2989 alia
282 2968 367 2998 quae
389 2963 463 2991 sunt
487 2968 508 2991 a.
534 2976 567 2981 --
596 2960 649 2991 23.
676 2960 781 3000 Iqitur
804 2960 1014 2992 adolescentis
1037 2963 1081 2991 est
1106 2967 1125 2990 c
1148 2976 1190 2980 —
1214 2957 1267 2988 24.
1294 2956 1344 2987 his
1368 2956 1442 2988 lla.
1467 2955 1530 2994 hijs
1555 2962 1573 2985 c
1601 2971 1634 2975 —
1669 2955 1806 2995 diliyere
1829 2957 1889 2988 Ab
1917 2974 1952 2978 —

187 3008 240 3039 25.
266 3009 408 3040 ineuntis
422 3026 466 3032 -—
482 3010 707 3041 constituenda
731 3011 914 3042 exercenda
932 3014 977 3041 est
990 3009 1169 3049 prudentia
1194 3007 1322 3038 Nonius
1341 3014 1373 3045 p.
1392 3005 1465 3035 261.
1488 3020 1522 3026 —
1552 3005 1605 3035 26.
1624 3007 1669 3035 est
1681 3005 1861 3044 prudentia
1879 3014 1896 3037 c
1919 3023 1951 3027 —

187 3057 241 3089 27.
267 3062 297 3089 et
320 3060 410 3098 (ante
428 3061 542 3099 animi)
561 3069 630 3091 om.
649 3068 667 3090 ο
696 3078 726 3083 -
758 3061 809 3092 28.
829 3062 909 3092 etin
926 3060 1044 3091 bellicis
1066 3059 1217 3091 All-'bot
1245 3060 1273 3087 et
1297 3055 1463 3086 imbellicis
1487 3063 1523 3091 ας
1550 3058 1579 3085 el
1602 3054 1758 3085 inbecillis
1781 3054 1840 3091 l‘l¹;
1869 3058 1899 3086 el
1921 3056 1955 3085 ¹⁴¹2

189 3105 278 3138 bellis
293 3107 317 3138 B
345 3125 380 3130 —
406 3109 534 3149 officiis]
551 3110 648 3140 rebus
673 3117 691 3140 c
713 3125 743 3130 -
773 3109 825 3140 29.
845 3117 877 3140 se
901 3118 970 3140 om.
991 3117 1038 3149 ep
1062 3125 1104 3131 —
1128 3106 1323 3139 iocunditati
1347 3106 1371 3136 B
1387 3113 1438 3136 ac
1466 3121 1499 3126 —
1528 3105 1636 3136 uolent
1660 3113 1752 3136 corr.
1773 3113 1814 3136 ex
1838 3105 1955 3136 uellent

189 3163 213 3187 a
238 3173 273 3178 —
310 3155 363 3188 30.
389 3157 416 3188 si
439 3166 479 3189 ne
502 3159 536 3189 in
552 3175 601 3181 ——
618 3159 725 3190 nolent
756 3157 992 3198 Stilrenburg:
1029 3159 1056 3188 si
1079 3160 1112 3189 in
1129 3174 1176 3180 --
1194 3156 1297 3187 nolint
1320 3154 1497 3189 ABllab;
1536 3154 1564 3185 si
1586 3155 1620 3185 in
1635 3171 1685 3177 —-
1701 3154 1809 3185 uolent
1834 3162 1881 3185 00
1917 3171 1952 3176 —

191 3204 244 3236 33.
271 3209 299 3237 et
325 3207 415 3246 (ante
431 3208 590 3247 maxime)
616 3218 678 3240 om.
699 3216 717 3240 o
759 3226 793 3230 ——
835 3208 887 3240 34.
914 3208 994 3239 nihil
1017 3212 1127 3239 autem
1144 3207 1304 3237 --dedat
1332 3205 1464 3236 Nonius
1495 3213 1528 3244 p.
1548 3204 1622 3237 338.
1666 3222 1700 3227 —
1743 3205 1796 3236 35.
1824 3205 1956 3245 lanqori

191 3254 316 3287 Aabe
344 3274 377 3279 —
404 3256 545 3288 luxuria
567 3266 646 3290 vero
663 3275 711 3282 —-
727 3257 845 3297 turpis,
869 3260 947 3289 tunc
969 3259 1123 3290 senectuti
1146 3255 1333 3296 foedissima
1357 3257 1402 3286 est
1426 3254 1556 3286 Nonius
1580 3263 1614 3295 p.
1630 3254 1704 3286 435.
1732 3272 1773 3277 -
1808 3254 1860 3285 36.
1887 3258 1957 3286 tum

192 3306 291 3338 etiam
313 3306 468 3337 senectuti
491 3313 522 3339 ο,

304 3364 423 3396 Cranno
449 3365 482 3396 T.
502 3364 551 3398 lv.
1615 3364 1668 3407 43
