2249 3624
319 131 400 174 300
758 135 1183 176 TUSCULANARUM
1213 133 1648 174 DISPUTATIONUM

318 242 389 296 qui
421 254 506 281 non
537 255 731 295 magnum
763 241 940 288 malum,
971 245 1018 281 ut
1048 238 1339 293 Peripatetici3
1368 243 1464 279 sunt
1494 239 1566 292 qui
1598 238 1805 278 abducant
1833 251 1857 278 a
1879 238 1999 278 malis
2029 239 2080 278 ad

315 304 449 351 bona,
480 309 526 343 ut
555 304 781 357 Epicurus;
814 308 910 343 sunt
943 303 1013 356 qui
1046 303 1143 342 satis
1176 306 1324 354 putent
1355 301 1575 340 ostendere
1607 300 1710 339 nihil
1740 300 1943 354 inopinati
1975 301 2082 340 acci-

318 366 451 413 disse,
493 372 537 405 at
567 366 786 418 Cyrenaici.
844 365 1100 419 Chrysippus
1135 368 1272 404 autem
1306 368 1428 416 caput
1459 376 1550 402 esse
1581 368 1724 403 censet
1752 363 1794 402 in
1827 360 2082 402 consolando

318 427 537 468 detrahere
566 427 681 467 illam
713 427 955 481 opinionem.
988 426 1208 472 maerenti,
1241 426 1274 465 si
1308 439 1350 465 se
1382 423 1519 465 officio
1551 425 1669 477 fungi
1691 430 1807 478 putet
1826 424 1934 464 iusto
1956 428 2082 476 atque

286 489 469 530 5debito.
516 490 622 530 Sunt
653 490 775 529 etiam
807 490 877 542 qui
908 490 1010 530 haec
1043 489 1182 528 omnia
1214 501 1367 540 genera
1400 487 1641 528 consolandi
1673 487 1868 540 colligant
1896 508 1950 514 —
1980 485 2083 525 alius

316 553 424 592 enim
458 552 539 593 alio
572 552 696 592 modo
729 557 920 592 movetur
951 577 1015 599 —,
1047 556 1092 591 ut
1122 549 1208 590 fere
1238 564 1314 590 nos
1345 551 1388 590 in
1422 550 1712 590 Consolatione
1745 550 1882 589 omnia
1911 548 1954 588 in
1986 561 2086 588 con-

316 614 566 654 solationem
597 627 722 654 unam
755 614 1033 660 coniecimus;
1077 618 1164 652 erat
1195 613 1306 652 enim
1345 613 1388 652 in
1420 618 1581 652 tumore
1612 613 1775 652 animus
1807 617 1847 652 et
1877 610 2011 651 omnis
2042 609 2085 649 in

317 690 366 716 eo
408 677 684 730 temptabatur
729 677 903 716 curatio.
960 675 1042 716 Sed
1074 675 1322 715 sumendum
1354 680 1517 728 tempus
1550 679 1614 715 est
1644 688 1728 715 non
1758 674 1894 714 minus
1924 672 1969 712 in
1999 672 2087 712 ani-

315 753 477 779 morum
510 739 666 780 morbis
699 752 824 793 quam
856 739 898 778 in
931 751 1172 792 corporum,
1205 742 1250 777 ut
1271 737 1543 777 Prometheus
1564 737 1634 777 ille
1656 736 1872 790 Aeschyli,
1905 734 2086 775 cuicum

266 812 302 840 4ο
316 800 470 842 dictum
502 807 634 842 esset:

484 864 666 918 Atqui,
699 862 1027 910 Pmmetheu,
1059 868 1110 903 te
1140 863 1236 902 hoc
1268 866 1450 902 tenere
1483 862 1755 909 existimo,

484 927 684 967 Mederi
715 940 879 979 posse
911 926 1164 966 rationem
1197 924 1538 971 iracundiae,

317 990 556 1044 respondit:

489 1053 539 1092 Si
573 1052 775 1106 quidem
809 1052 893 1105 qui
926 1051 1285 1104 tempestivam
1319 1049 1633 1089 medicinam
1665 1047 1938 1088 admovens

267 1123 302 1152 ⁴5
485 1117 590 1155 Non
623 1116 1017 1169 adgravescens
1050 1113 1235 1153 volnus
1267 1111 1460 1152 inlidat
1491 1124 1648 1151 manu.

430 1178 609 1217 XXXII.
642 1176 708 1216 77.
746 1177 837 1216 Erit
872 1177 999 1230 igitur
1036 1177 1078 1215 in
1118 1174 1475 1215 consolationibus
1517 1174 1649 1227 prima
1692 1172 1897 1212 medicina
1938 1171 2088 1212 docere

317 1245 389 1280 aut
425 1240 586 1280 nullum
626 1239 779 1279 malum
820 1253 911 1279 esse
952 1244 1022 1278 aut
1060 1237 1282 1277 admodum
1323 1250 1521 1290 parvum3
1565 1236 1694 1276 altera
1725 1242 1765 1275 et
1796 1235 1846 1275 de
1878 1234 2089 1275 communi

318 1303 558 1342 conditione
597 1302 707 1343 vitae
740 1307 779 1342 et
821 1301 1013 1355 proprie,
1054 1301 1087 1340 si
1120 1299 1218 1353 quid
1251 1300 1303 1339 sit
1333 1300 1383 1339 de
1415 1300 1563 1353 ipsius,
1608 1299 1679 1353 qui
1712 1303 1914 1346 maereat,
1946 1297 2090 1350 dispu-

318 1363 509 1413 tandum;
541 1365 663 1405 tertia
695 1377 895 1404 summam
929 1377 1020 1403 esse
1053 1362 1269 1403 stultitiam
1301 1362 1455 1402 frustra
1486 1362 1634 1401 confici
1665 1374 1872 1408 maerore,
1906 1373 1997 1400 cum
2027 1360 2089 1399 in·

267 1437 304 1466 20
317 1427 491 1480 tellegas
521 1427 624 1467 nihil
657 1440 781 1479 posse
812 1424 971 1479 profici.
1013 1427 1115 1465 Nam
1141 1425 1363 1464 Cleanthes
1387 1424 1554 1478 quidem
1578 1424 1811 1477 sapientem
1834 1421 2086 1469 consolatur,

318 1489 391 1542 qui
423 1490 709 1529 consolatione
740 1503 821 1528 non
855 1494 959 1541 eget.
1013 1488 1126 1527 Nihil
1160 1488 1268 1527 enim
1302 1501 1392 1527 esse
1425 1487 1578 1527 malum
1610 1486 1724 1540 quod
1755 1492 1873 1539 turpe
1904 1498 1989 1524 non
2021 1484 2087 1532 sit,

318 1553 352 1592 si
383 1551 540 1605 lugenti
573 1552 852 1604 persuaseris,
885 1565 966 1591 non
999 1556 1042 1590 tu
1074 1550 1135 1589 illi
1160 1550 1335 1597 luctum,
1368 1550 1440 1589 sed
1464 1549 1681 1589 stultitiam
1704 1547 1955 1594 detraxeri83
1986 1547 2088 1586 alie-

317 1628 416 1654 num
447 1620 584 1653 autem
615 1620 777 1667 tempus
810 1614 1001 1654 docendi.
1045 1614 1096 1653 Et
1125 1618 1264 1652 tamen
1295 1626 1377 1651 non
1402 1612 1501 1652 satis
1523 1611 1622 1652 mihi
1645 1612 1809 1652 videtur
1830 1611 1986 1651 vidisse
2009 1608 2088 1649 hoc

321 1676 566 1724 Cleanthes,
599 1677 753 1729 suscipi
786 1675 1012 1730 aliquando
1044 1675 1351 1728 aegritudinem
1383 1688 1506 1728 posse
1539 1688 1592 1713 ex
1624 1687 1673 1714 eo
1704 1674 1817 1727 ipso,
1851 1672 1964 1727 quod
1997 1686 2088 1712 esse

269 1749 306 1779 25
320 1753 526 1780 summum
558 1739 709 1779 malum
734 1735 987 1793 [Cleanthes]
1022 1739 1112 1791 ipse
1145 1738 1362 1777 fatebatur.
1403 1737 1515 1785 Quid
1538 1736 1649 1776 enim
1671 1736 1871 1784 dicemus,
1899 1749 1991 1775 cum
2016 1735 2090 1775 So-

319 1914 550 1945 consolanlt's.»
577 1913 632 1943 W.
659 1911 745 1944 Nihil
772 1911 945 1943 excidisse
971 1914 1004 1943 et
1023 1920 1101 1943 esse
1128 1912 1217 1942 hanc
1243 1913 1493 1952 praegnantem
1520 1909 1683 1950 loquendi
1702 1910 1852 1941 formam
1869 1919 1931 1951 pro
1948 1910 1997 1942 ita
2012 1919 2093 1941 con-

318 1964 439 2001 solari,
471 1967 507 1994 ul
537 1964 672 1994 doceant
703 1963 828 1993 malum
858 1964 924 1993 cet.
959 1962 1089 1993 iudicat
1117 1962 1207 1992 Bake
1234 1961 1252 1991 l.
1281 1960 1300 1991 1.
1330 1970 1361 2001 p.
1390 1962 1441 1997 95,
1469 1959 1545 1991 coll.
1573 1960 1590 1999 g
1616 1960 1656 1990 79
1682 1961 1753 1990 init.
1781 1959 1833 1997 lV,
1860 1961 1899 1991 62
1925 1962 2010 1992 extr.
2037 1960 2089 1992 83.

319 2013 361 2052 V,
388 2013 441 2044 83.
471 2029 505 2035 —
536 2015 564 2044 i.
593 2012 957 2051 abduc-zmt--putanl
983 2013 1024 2043 C.
1052 2011 1137 2042 Vide
1163 2011 1206 2042 ad
1233 2011 1250 2051 g
1277 2011 1328 2042 (33.
1358 2027 1391 2033 -
1425 2012 1454 2042 Ξ.
1482 2011 1666 2050 inopinanti
1691 2010 1715 2041 C
1744 2028 1778 2032 —
1806 2009 1835 2041 3.
1862 2014 1898 2040 ul
1922 2010 2094 2048 Cyrenaici

320 2063 472 2095 Bouhier
502 2065 536 2094 et
567 2063 743 2093 Dax‘isius:
781 2063 859 2093 nihil
891 2063 970 2093 mali
996 2063 1038 2094 C:
1074 2065 1096 2103 ἢ
1119 2062 1200 2093 nillil
1231 2062 1310 2092 mali
1336 2061 1373 2092 O.
1414 2060 1482 2091 «cf.
1511 2060 1551 2099 §g
1580 2060 1629 2091 28.
1658 2059 1709 2090 31.
1737 2060 1789 2090 52.
1827 2059 1925 2090 llaud
1952 2059 2024 2090 scio
2049 2068 2092 2089 an

321 2121 402 2144 cuni
434 2113 515 2143 mali
547 2111 718 2143 vocabulo
751 2112 912 2151 inopinati
943 2113 1221 2152 superscriptum
1255 2113 1349 2142 esset
1381 2111 1434 2151 (ef.
1464 2111 1481 2150 5³
1506 2110 1578 2149 028).
1611 2111 1755 2150 propter
1778 2109 1858 2140 nihil
1881 2109 1962 2140 mali
1986 2117 2092 2149 prave

320 2163 509 2203 repetitum
535 2162 703 2193 exciderit
726 2161 808 2193 illud
832 2165 869 2193 ul
886 2162 1093 2200 Cyrenaici.»
1112 2162 1167 2193 W.
1190 2179 1223 2182 —
1253 2160 1282 2192 4.
1308 2162 1485 2191 nzaerenlis
1501 2170 1532 2191 se
1555 2161 1598 2197 G?
1624 2160 1787 2190 merentis.
1814 2168 1846 2190 se
1866 2160 1907 2191 R:
1934 2159 2095 2190 maerenti

319 2222 351 2244 se
378 2213 398 2243 B
427 2230 462 2234 —-
489 2213 519 2243 5.
547 2212 703 2251 colligunt
727 2212 750 2242 C
777 2229 818 2233 -
843 2212 873 2242 6.
904 2211 1120 2250 «Tregderus
1145 2220 1225 2242 cuin
1250 2210 1486 2242 deterioribus
1511 2210 1642 2250 aliquot
1666 2209 1768 2240 codd.
1788 2209 1903 2241 omisit
1927 2207 2034 2239 verba
2060 2208 2094 2238 in

321 2263 564 2300 Consolatione,
591 2271 681 2302 quae
708 2263 755 2301 (z
779 2263 834 2299 IV,
862 2262 900 2292 63
928 2263 957 2292 in
985 2262 1221 2293 Consolaz‘ionis
1245 2262 1346 2297 libr0;
1376 2261 1417 2291 cl'.
1447 2262 1501 2298 lll⁷
1522 2262 1561 2291 70
1587 2268 1666 2298 quos
1687 2260 1721 2290 in
1747 2259 1972 2291 Consolatione
1995 2258 2094 2289 colle-

320 2315 438 2354 gimus.
465 2313 489 2349 l,
517 2312 568 2350 65)
604 2311 704 2353 plane
731 2312 931 2342 necessaria
957 2314 1047 2342 sunt.
1086 2313 1241 2343 Primum
1268 2312 1360 2342 enim
1387 2312 1460 2342 sine
1488 2312 1526 2341 iis
1552 2312 1599 2348 (z
1624 2314 1709 2345 lwn,
1735 2318 1808 2339 cum
1834 2308 2095 2340 Consolationem

320 2361 524 2401 scripsimus}
549 2362 691 2393 deesset
715 2362 919 2401 significatio
947 2363 1136 2401 temporis,
1164 2362 1207 2392 ad
1228 2362 1321 2400 quod
1348 2361 1548 2397 referretur,
1577 2358 1669 2399 quod
1689 2359 1864 2399 sequitur:
1892 2361 1984 2389 erat
2008 2359 2094 2388 enim

320 2415 353 2445 in
378 2418 505 2444 iuniore
529 2413 668 2443 animus.
704 2412 856 2445 Deinde.
892 2421 971 2443 cuin
1000 2413 1121 2443 Cicero
1148 2412 1291 2443 dixisset
1315 2420 1380 2442 esse
1403 2411 1519 2443 eliam,
1547 2410 1602 2448 qui
1626 2410 1737 2439 onznia
1760 2417 1881 2448 genera
1906 2408 2096 2439 consolandi

321 2465 525 2503 colliyerent,
559 2463 586 2493 si
613 2462 665 2493 illa
691 2463 777 2493 alins
802 2463 885 2492 enim
911 2463 977 2492 alio
1002 2462 1098 2491 inodo
1123 2466 1272 2491 morelio·
1297 2470 1363 2491 non
1390 2460 1569 2490 interiecta
1597 2461 1731 2494 essent,
1762 2459 1844 2489 satis
1871 2458 1983 2489 fuerat
2006 2457 2095 2488 haec

323 2514 424 2546 addi:
452 2517 487 2543 ul
509 2513 577 2552 sere
600 2522 657 2543 nos
680 2513 711 2542 in
738 2513 965 2543 Consolatione
991 2512 1180 2548 (l'eciiiius5;
1209 2520 1301 2541 nunc
1327 2520 1395 2541 non
1421 2508 1554 2544 solum,
1582 2508 1634 2538 ubi
1658 2509 1731 2548 ipse
1757 2516 1897 2548 quoque
1923 2507 2016 2538 idem
2042 2507 2095 2537 se-

323 2566 446 2602 cisset,
473 2564 539 2595 dici
565 2571 714 2594 necesse
741 2562 818 2599 tuit,
851 2563 913 2593 sed
940 2562 1062 2597 etiam,
1091 2561 1168 2599 qnid
1194 2560 1237 2590 ibi
1264 2560 1422 2590 fecisset:
1462 2563 1497 2589 ul
1519 2560 1585 2598 fere
1610 2568 1667 2588 nos
1690 2559 1724 2589 in
1749 2558 1974 2589 Consolatione
1999 2557 2094 2596 (seci-

323 2624 420 2653 nms,
448 2615 505 2654 qui
530 2612 584 2643 x‘el
610 2612 703 2650 cuni)
728 2613 838 2642 omnio
867 2613 914 2647 (z
939 2619 1053 2641 omnia
1073 2610 1275 2641 consolandi
1299 2610 1437 2649 genera)
1464 2611 1494 2640 in
1514 2609 1767 2639 consolationem
1784 2616 1885 2638 unam
1902 2607 2096 2637 coniecimus

324 2665 374 2705 (ς
391 2665 499 2695 omnia
525 2672 647 2703 yenera
670 2662 860 2692 consolandi
885 2660 1084 2700 eolleyinmsj
1107 2674 1120 2687 ι)
1149 2661 1201 2690 W.
1225 2678 1258 2681 —
1288 2660 1339 2689 112.
1367 2660 1528 2689 ralionenz
1548 2659 1589 2688 B:
1617 2658 1746 2688 ratione
1769 2658 1898 2688 ratione
1916 2658 1974 2688 GR
1994 2655 2095 2694 (alte—

325 2724 401 2746 runi
428 2723 473 2744 m.
493 2722 564 2745 sec.
587 2715 619 2744 in
640 2716 665 2743 G
690 2715 925 2753 punt-flatuum:
953 2711 1136 2741 orationem
1163 2711 1266 2742 llenr.
1287 2709 1495 2749 Stephanus,
1518 2725 1551 2729 —-
1583 2708 1632 2738 13.
1658 2708 1830 2746 respondet
1854 2707 1878 2737 O
1901 2724 1931 2729 —
1963 2707 2013 2737 ¹¹5.
2033 2707 2095 2737 ad-

324 2773 517 2805 9ravescens
532 2780 550 2785 -
563 2781 580 2785 -
596 2772 699 2793 mana
730 2761 952 2792 Camerarius
969 2771 974 2790 :
1014 2761 1254 2799 adm-anemoria*
1270 2777 1285 2781 -
1299 2777 1315 2781 -
1333 2768 1451 2790 omnus
1476 2760 1499 2790 (ἶ
1515 2769 1521 2795 3
1555 2759 1599 2789 ad
1632 2766 1826 2798 yravescens
1842 2776 1858 2782 -
1872 2774 1890 2778 -
1906 2765 2024 2788 manus
2048 2757 2072 2788 O
2086 2782 2093 2789 .

327 2815 397 2847 «Cf.
424 2816 536 2856 ipsum
563 2811 775 2852 Aeschylum
803 2814 916 2843 Proin.
945 2811 1025 2842 380:
1062 2811 1123 2841 καὶ
1149 2807 1203 2851 μὴ
1230 2807 1450 2852 σφριγῶντα
1476 2806 1600 2849 θυμὸν
1627 2809 1801 2853 ίσχι.ἀίνῃ
1826 2806 1904 2850 βίᾳ.
1943 2807 2091 2847 Harusp.

326 2867 428 2905 Resp.
456 2865 473 2903 g
498 2865 557 2895 55:
583 2871 713 2902 serpens
728 2880 774 2884 --
791 2870 976 2901 compressa
1001 2864 1099 2901 alque
1124 2860 1217 2890 illisa.
1255 2861 1391 2890 Luci-et.
1413 2860 1465 2895 IV,
1485 2860 1541 2890 621
1559 2869 1565 2889 ;
1592 2861 1724 2898 plenam
1741 2859 1913 2898 spongiam
1929 2874 1976 2880 -·
1992 2866 2096 2889 manu

324 2923 471 2956 premere
491 2923 530 2944 ac
546 2915 679 2943 siccare.
708 2912 797 2944 Cels.
819 2912 927 2944 praef.
945 2920 1049 2942 mann
1065 2911 1205 2945 mederi3
1232 2919 1346 2949 neque
1365 2919 1448 2940 xero
1468 2911 1591 2940 Cicero
1610 2910 1657 2940 ad
1674 2918 1869 2949 gravescens
1884 2909 2011 2945 volnus,
2030 2907 2095 2939 sed

328 2967 424 2997 certe
449 2965 485 2994 in
509 2972 700 3003 gravescens
723 2963 839 2992 volnus
862 2961 1039 2993 dixisset.»
1060 2961 1113 2991 W.
1138 2977 1171 2981 —
1200 2961 1249 2990 18.
1271 2961 1457 2990 condicione
1476 2961 1545 2990 R—
1563 2961 1699 2999 proprie
1724 2960 1766 2991 R:
1789 2959 1949 2998 propriae
1967 2957 2093 2998 (deleta

326 3015 438 3047 littera
458 3015 489 3053 a)
509 3016 550 3046 G:
573 3014 731 3053 propriae
748 3021 924 3052 superscr.
946 3009 1019 3042 «vel
1037 3020 1075 3041 au
1097 3011 1257 3049 <propt-m)
1279 3010 1301 3040 Β
1324 3027 1356 3031 —
1384 3011 1435 3040 20.
1456 3011 1501 3040 nil
1519 3012 1541 3040 G
1565 3028 1596 3032 -
1625 3011 1765 3040 cleantes
1789 3010 1814 3040 G
1830 3009 1854 3039 R
1876 3026 1909 3030 —
1937 3008 1990 3039 24.
2009 3009 2095 3038 enim

329 3074 398 3096 om.
420 3065 506 3095 61-
530 3064 578 3094 25.
596 3064 761 3095 Cleanthes
778 3063 844 3095 del.
863 3064 951 3094 Bake
966 3062 987 3094 l.
1005 3061 1024 3092 l.
1043 3071 1061 3102 p
1088 3061 1145 3095 96;
1167 3069 1229 3091 nos
1247 3059 1510 3091 seclusimus*
1531 3060 1679 3099 [alentur
1697 3060 1762 3091 CO.
1791 3058 1955 3089 «Videtur
1975 3059 2033 3088 aut
2052 3066 2094 3088 ex

329 3113 501 3146 nonnullis
519 3113 619 3143 codd.
641 3113 826 3153 legendum
850 3113 1016 3152 falebacnr
1039 3113 1097 3142 aut
1122 3119 1163 3141 ex
1189 3109 1261 3140 aliis
1285 3110 1428 3149 faselum
1456 3110 1676 3140 coniunctim
1703 3109 1797 3140 enini
1815 3110 1909 3139 certe
1933 3108 2095 3146 faterelur

330 3163 518 3195 dicendum
550 3163 609 3193 fuit
642 3164 770 3194 omisso
801 3164 941 3194 nomine
973 3162 1151 3197 Cleanthis,
1184 3159 1277 3199 quod
1310 3159 1465 3189 additum
1501 3158 1553 3190 vel
1585 3160 1699 3199 ipsum
1724 3160 1931 3198 argumento
1957 3159 2025 3194 est,
2057 3166 2093 3188 eo

328 3214 411 3253 ipso,
436 3213 553 3250 quod-
566 3230 584 3235 -
602 3213 669 3250 ipse
690 3213 750 3252 fal.
772 3221 838 3243 non
859 3214 972 3243 minus
991 3219 1094 3251 quam
1119 3209 1220 3250 paulo
1239 3212 1315 3250 post
1334 3210 1391 3240 illa
1409 3219 1455 3247 rc,
1483 3218 1567 3248 quae
1583 3226 1600 3231 -
1613 3226 1631 3231 -
1647 3208 1821 3248 adficiebat
1836 3215 1945 3248 genus
1963 3207 2010 3237 rei
2031 3214 2094 3246 per

331 3271 369 3295 se
394 3263 508 3303 ipsum
534 3261 700 3301 indicare,
727 3271 794 3293 non
813 3271 831 3293 a
848 3263 926 3293 mihi
945 3262 1072 3293 videtur
1087 3262 1205 3293 vidisse
1220 3278 1238 3283 —
1253 3278 1270 3283 -
1288 3261 1406 3300 suscipi
1419 3280 1437 3285 -
1450 3267 1572 3301 -posse
1594 3258 1788 3301 pendere.»
1806 3258 1861 3291 W.
1889 3256 1939 3289 Cf.
1958 3257 1986 3290 11
2003 3255 2021 3298 ἓ
2037 3255 2091 3288 43.
