2249 3624
253 206 335 250 656
975 207 1045 246 DE
1077 206 1302 247 OFFICIIS

253 330 348 357 cum
388 317 441 356 sit
479 315 559 355 hoc
597 317 745 354 natura
783 325 1005 353 commune
1037 312 1335 360 animantium,
1375 315 1421 352 ut
1449 312 1632 353 habeant
1661 312 1893 354 lubidinem
1924 329 2020 368 pro-

252 379 442 427 creandi,
473 378 604 432 prima
635 376 813 416 societas
845 375 887 414 in
919 375 1009 428 ipso
1041 375 1234 427 coniugio
1266 381 1350 422 est,
1382 375 1575 428 proxima
1604 375 1646 415 in
1678 375 1835 424 liberis,
1867 375 2020 418 deinde

252 456 334 483 una
365 442 537 487 domus,
576 438 811 479 communia
842 439 994 477 omnia.
1053 437 1099 476 Id
1131 443 1269 478 autem
1303 443 1366 478 est
1397 438 1650 491 principium
1680 439 1795 479 urbis
1827 444 1868 479 et
1899 440 2020 493 quasi

251 504 520 548 seminarium
561 502 620 541 rei
660 500 866 553 publicae.
929 500 1173 553 Sequuntur
1201 500 1376 540 fratrum
1408 501 1752 550 coniunctiones,
1795 506 1892 555 post
1922 515 2024 542 con-

219 568 515 610 5sobrinorum
547 563 919 616 sobrinorumque‚
960 563 1031 616 qui
1070 576 1163 602 cum
1205 576 1289 602 una
1330 563 1453 604 domo
1493 563 1575 602 iam
1608 564 1699 617 capi
1730 577 1816 604 non
1847 565 2024 617 possint,

250 633 292 672 in
323 631 424 671 alias
456 629 601 668 domos
633 631 845 678 tamquam
876 626 918 665 in
949 625 1138 665 colonias
1171 631 1342 665 exeunt.
1395 626 1637 679 Sequuntur
1667 626 1848 666 conubia
1880 631 1922 666 et
1951 626 2025 667 ad-

249 695 443 740 finitates,
475 704 528 730 ex
559 688 711 742 quibus
743 688 868 727 etiam
899 688 1038 741 plures
1070 689 1313 741 propinqui.
1366 688 1486 737 Quae
1517 689 1766 742 propagatio
1790 694 1831 729 et
1853 689 2023 729 suboles

249 759 364 810 origo
395 761 458 795 est
487 765 627 792 rerum
658 750 933 803 publicarum.
994 750 1220 803 Sanguinis
1253 756 1391 790 autem
1424 751 1661 791 coniunctio
1699 756 1740 790 et
1768 751 2024 792 benevolen-

248 820 304 860 tia
337 816 520 857 devincit
559 813 753 853 homines
797 817 838 852 et
880 812 1065 852 caritate.
1127 811 1193 852 55.
1227 814 1424 866 Magnum
1457 818 1519 853 est
1551 813 1660 852 enim
1692 813 1839 853 eadem
1869 813 2023 854 habere

198 893 234 921 4ο
249 885 515 923 monumenta
555 876 781 922 maiorum,
822 875 981 915 eisdem
1019 876 1079 916 uti
1111 876 1264 923 sacris,
1309 875 1529 928 sepulchra
1570 875 1725 915 habere
1767 877 2022 917 commuuia.

247 944 330 985 Sed
362 941 549 982 omnium
581 939 822 979 societatum
855 938 971 978 nulla
1001 940 1281 991 praestantior
1313 944 1394 986 est,
1434 938 1548 978 nulla
1579 935 1737 978 firmior
1767 952 1891 991 quam
1923 953 2019 979 cum

244 1007 322 1049 viri
353 1005 453 1045 boni
485 1001 671 1042 moribus
703 1000 858 1040 similes
891 1006 987 1040 sunt
1015 1000 1299 1041 familiaritate
1331 1001 1557 1041 coniuncti.
1618 1000 1728 1040 Illud
1758 1002 1868 1041 enim
1889 1002 2023 1043 hone-

245 1076 367 1117 stum,
400 1066 512 1121 quod
544 1077 669 1117 saepe
700 1063 889 1110 dicimus,
922 1063 1046 1103 etiam
1079 1064 1113 1103 si
1145 1063 1187 1102 in
1218 1064 1300 1103 alio
1333 1064 1564 1111 cernimus,
1589 1060 1758 1117 [tamen]
1782 1078 1859 1104 nos
1882 1069 2023 1105 movet

245 1139 372 1186 atque
403 1130 488 1177 illi,
527 1128 571 1167 in
603 1140 687 1180 quo
718 1126 759 1165 id
791 1127 930 1165 inesse
962 1126 1150 1173 videtur,
1193 1126 1349 1166 amicos
1392 1126 1502 1166 facit.
1572 1124 1638 1165 56.
1681 1127 1733 1166 Et
1764 1139 2021 1180 quamquam

195 1205 230 1233 45
245 1194 380 1235 omnis
411 1193 542 1233 virtus
573 1204 650 1230 nos
682 1189 733 1229 ad
764 1202 808 1228 se
840 1189 970 1228 allicit
1000 1188 1186 1242 facitque
1219 1194 1265 1228 ut
1295 1202 1365 1229 eos
1398 1189 1636 1241 diligamus,
1669 1189 1711 1228 in
1743 1189 1897 1242 quibus
1927 1189 2020 1242 ipsa

245 1259 384 1298 inesse
415 1254 628 1299 videatur,
668 1258 807 1292 tamen
848 1251 1008 1291 iustitia
1049 1257 1089 1290 et
1129 1251 1359 1291 liberalitas
1401 1251 1443 1290 id
1485 1252 1666 1291 maxime
1707 1249 1845 1291 efficit.
1904 1251 2022 1291 Nihil

244 1327 384 1362 autem
425 1323 487 1358 est
525 1315 746 1356 amabilius
785 1327 863 1354 nec
896 1314 1132 1366 copulatius
1167 1327 1293 1367 quam
1325 1327 1488 1353 morum
1521 1313 1756 1353 similitudo
1787 1314 2020 1362 bonorum3

243 1385 285 1425 in
318 1382 470 1437 quibus
504 1379 616 1421 enim
648 1377 794 1417 eadem
824 1377 963 1417 studia
995 1382 1104 1423 sunt,
1137 1377 1308 1416 eaedem
1340 1377 1592 1423 voluntates,
1616 1376 1733 1416 iniis
1756 1373 1800 1415 fit
1821 1381 1867 1416 ut
1887 1389 2022 1429 aeque

246 1447 426 1501 quisque
466 1443 597 1483 altero
636 1440 866 1480 delectetur
903 1452 951 1479 ac
982 1452 1025 1479 se
1057 1439 1175 1492 ipso,
1216 1437 1480 1491 efficiturque
1510 1438 1573 1485 id,
1615 1438 1732 1492 quod
1762 1438 2020 1492 Pythagoras

195 1519 232 1548 20
247 1509 334 1549 vult
365 1509 408 1547 in
439 1504 640 1550 amicitia,
682 1508 730 1542 ut
760 1515 868 1541 unus
900 1501 972 1541 fiat
1003 1515 1056 1541 ex
1086 1502 1290 1554 pluribus.
1349 1503 1501 1553 Magna
1532 1501 1655 1540 etiam
1685 1501 1758 1540 illa
1788 1500 2021 1540 communi-

246 1578 308 1612 tas
341 1574 426 1617 est,
458 1579 567 1621 quae
598 1563 816 1606 conficitur
847 1578 900 1604 ex
929 1564 1145 1604 beneficiis
1178 1564 1288 1604 ultro
1322 1568 1363 1603 et
1392 1563 1497 1603 citro
1530 1563 1637 1602 datis
1669 1562 1876 1615 acceptis,
1908 1575 2017 1616 quae

246 1640 288 1675 et
320 1638 462 1673 mutua
494 1635 535 1670 et
566 1635 680 1681 grata
711 1628 810 1668 dum
843 1633 957 1675 sunt,
990 1628 1099 1667 inter
1129 1641 1235 1680 quos
1268 1639 1317 1667 ea
1348 1631 1445 1666 sunt
1475 1623 1592 1665 firma
1624 1625 1922 1666 devinciuntur
1951 1638 2020 1665 so-

245 1699 410 1738 cietate,
469 1691 535 1732 57.
569 1692 649 1731 Sed
682 1705 774 1731 cum
807 1690 944 1730 omnia
974 1690 1135 1729 ratione
1167 1689 1393 1742 animoque
1425 1688 1629 1735 lustraris,
1663 1689 1850 1728 omnium
1882 1687 2016 1728 socie-

245 1766 375 1801 tatum
408 1757 523 1797 nulla
555 1760 617 1795 est
648 1754 824 1807 gravior,
857 1753 971 1792 nulla
1002 1752 1138 1792 carior
1168 1765 1293 1804 quam
1325 1764 1387 1797 ea,
1420 1764 1526 1803 quae
1558 1764 1652 1789 cum
1683 1764 1727 1790 re
1759 1749 1927 1804 publica
1955 1756 2019 1791 est

194 1831 231 1861 25
245 1823 317 1863 uni
350 1822 503 1874 cuique
535 1822 734 1857 nostrum.
787 1816 878 1855 Cari
900 1820 996 1855 sunt
1017 1820 1232 1868 parentes,
1255 1814 1340 1853 cari
1362 1814 1494 1860 liberi,
1517 1813 1756 1867 propinqui,
1778 1813 2018 1861 familiares,

245 1885 319 1926 sed
364 1895 508 1923 omnes
549 1880 734 1919 omnium
776 1879 965 1918 caritates
1006 1877 1139 1929 patria
1180 1890 1263 1917 una
1304 1876 1522 1929 complexa
1565 1882 1647 1923 est,
1688 1889 1763 1930 pro
1808 1889 1890 1929 qua
1921 1877 2017 1930 quis

243 1950 380 1989 bonus
414 1944 575 1984 dubitet
606 1948 778 1982 mortem
814 1946 1028 1994 oppetere,
1061 1941 1095 1980 si
1128 1941 1165 1979 ei
1197 1940 1250 1979 sit
1280 1937 1556 1991 profuturus?
1616 1939 1710 1987 Quo
1743 1944 1805 1978 est
1835 1938 2016 1979 detesta-

244 2011 371 2051 bilior
400 2009 575 2047 istorum
607 2005 854 2050 inmanitas,
897 2004 968 2056 qui
1009 2004 1247 2043 lacerarunt
1279 2002 1392 2041 omni
1426 2001 1583 2041 scelere
1615 2001 1790 2054 patriam
1823 2007 1864 2041 et
1892 2002 1936 2041 in
1968 2015 2018 2043 ea

243 2072 435 2114 funditus
468 2068 645 2109 delenda
677 2066 870 2118 occupati
904 2071 943 2104 et
974 2071 1069 2105 suut
1093 2070 1132 2104 et
1152 2065 1331 2104 fuerunt.
1393 2062 1459 2104 58.
1494 2063 1574 2103 Sed
1599 2064 1633 2104 si
1656 2065 1868 2104 contentio
1891 2078 2018 2118 quae-

195 2143 231 2173 30
247 2137 339 2176 dam
372 2139 413 2173 et
443 2129 698 2183 comparatio
731 2127 823 2175 fiat,
856 2128 1009 2180 quibus
1042 2128 1266 2180 plurimum
1299 2124 1570 2166 tribuendum
1602 2126 1655 2166 sit
1685 2124 1830 2174 officii,
1866 2127 2018 2180 princi-

245 2212 320 2252 pes
353 2196 437 2236 sint
467 2193 600 2247 patria
631 2198 671 2231 et
703 2196 919 2244 parentes,
962 2204 1139 2243 quorum
1178 2188 1392 2230 beneficiis
1429 2189 1621 2229 maximis
1653 2189 1825 2241 obligati
1857 2202 2016 2237 sumus,

245 2259 424 2314 proximi
466 2255 585 2296 liberi
631 2260 802 2306 totaque
843 2252 1015 2300 domus,
1058 2265 1166 2306 quae
1207 2257 1367 2304 spectat
1407 2251 1451 2290 in
1481 2264 1559 2291 nos
1589 2251 1702 2291 solos
1733 2264 1870 2305 neque
1901 2251 2015 2292 aliud

244 2322 376 2362 ullum
408 2323 546 2373 potest
575 2317 730 2357 habere
762 2315 1020 2369 perfugium,
1063 2315 1263 2367 deinceps
1305 2315 1411 2353 bene
1443 2314 1743 2353 convenientes
1774 2313 2014 2367 propinqui,

247 2385 498 2438 quibuscum
537 2378 769 2420 communis
802 2378 927 2417 etiam
958 2377 1125 2416 fortuna
1155 2377 1404 2430 plerumque
1436 2381 1510 2416 est.
1571 2376 1706 2424 Quam
1738 2376 1791 2416 ob
1822 2389 1910 2416 rem
1940 2389 2015 2416 ne-

194 2455 231 2484 35
246 2446 427 2487 cessaria
458 2442 669 2499 praesidia
698 2442 808 2482 vitae
840 2440 1045 2480 debentur
1075 2440 1125 2480 iis
1157 2439 1353 2486 maxime,
1387 2451 1495 2492 quos
1527 2444 1624 2478 ante
1647 2438 1747 2486 dixi,
1770 2439 1854 2479 vita
1875 2443 2014 2479 autem

331 2595 361 2625 4.
388 2601 462 2624 cum
484 2593 526 2623 sit
547 2591 606 2622 hoc
628 2597 798 2621 commune
820 2591 964 2619 naturae
987 2588 1187 2619 animalium
1210 2595 1232 2627 p
1258 2604 1292 2609 —
1318 2587 1378 2618 hoc
1400 2590 1528 2618 natura
1551 2587 1592 2619 sit
1616 2594 1635 2619 e
1653 2604 1688 2609 —
1714 2590 1842 2618 natura
1865 2595 1960 2619 corr.
1977 2587 2013 2619 in

240 2649 382 2677 naturae
405 2645 432 2675 A
460 2660 493 2664 —
533 2642 564 2673 3.
590 2642 704 2673 domus
727 2640 780 2671 cui
802 2642 879 2670 sunt
900 2639 1090 2670 communia
1113 2645 1156 2674 ας
1194 2638 1309 2668 domus
1332 2640 1362 2669 et
1383 2637 1573 2668 communia
1596 2645 1618 2677 p
1647 2655 1680 2660 —
1715 2638 1743 2669 5.
1768 2639 1903 2676 possunt
1927 2642 1947 2668 c
1972 2652 2010 2659 -

242 2697 272 2727 6.
299 2699 462 2735 tauquam
493 2701 583 2724 corr.
612 2700 653 2722 ex
684 2690 779 2729 quasi
808 2690 829 2721 b
857 2706 891 2710 —
933 2687 1098 2719 connubia
1122 2695 1173 2718 eo
1211 2704 1246 2708 —
1288 2687 1320 2719 7.
1346 2687 1468 2719 soboles
1490 2688 1594 2719 Bao.
1643 2686 1693 2718 Cf.
1719 2687 1840 2719 Marini
1863 2687 1933 2718 Atti
1957 2684 2012 2718 de'

242 2743 363 2777 fratelli
388 2741 500 2774 Arvali
527 2741 650 2782 p.828.
680 2757 714 2762 —
741 2740 772 2771 8.
799 2746 913 2769 rerum
936 2741 981 2769 est
1005 2745 1023 2768 c
1052 2754 1086 2759 —
1113 2740 1143 2768 et
1167 2738 1247 2767 ante
1265 2736 1409 2768 benevol.
1434 2746 1514 2768 cum
1541 2738 1608 2768 Iac.
1628 2737 1803 2768 Gronovio
1827 2744 1899 2768 om.
1925 2743 1945 2768 o
1972 2753 2006 2759 -

242 2794 458 2825 beniuolentia
483 2793 507 2824 C
544 2809 579 2813 -
616 2791 647 2821 9.
673 2789 817 2820 homines
839 2792 869 2819 ec
892 2789 1034 2819 carilate
1065 2787 1283 2818 Perizonius:
1316 2787 1460 2818 homines
1483 2787 1624 2818 caritate
1648 2786 1672 2818 C
1705 2802 1740 2807 —
1785 2786 1836 2817 40.
1862 2786 2014 2826 sepulcra

242 2846 334 2876 Abo
373 2861 406 2865 -
451 2842 501 2873 43.
529 2840 675 2871 divimus
698 2840 780 2876 Ab;
810 2838 1010 2877 predic-imus
1032 2844 1051 2868 e
1089 2854 1123 2859 —
1169 2840 1278 2868 cametz
1303 2836 1370 2868 del.
1391 2838 1517 2877 aner.
1544 2854 1585 2859 —
1615 2835 1668 2867 44.
1693 2835 1728 2866 id
1751 2843 1821 2866 om.
1839 2843 1860 2875 p
1887 2852 1923 2858 —
1957 2835 2010 2866 45.

242 2895 369 2925 alliciat
390 2892 558 2932 faciatque
580 2899 601 2930 p
627 2907 661 2911 —-
698 2890 749 2920 48.
776 2892 851 2919 sunt
874 2895 1049 2927 superscr.
1078 2887 1110 2917 in
1135 2895 1156 2918 a
1185 2903 1215 2908 —
1245 2887 1357 2918 eadem
1380 2887 1566 2917 uoluntates
1589 2894 1611 2918 a
1638 2903 1671 2908 —
1698 2886 1739 2916 iis
1761 2886 1844 2917 Ab:
1871 2885 1899 2916 is
1922 2886 2013 2926 (post

243 2952 381 2975 erasnm
406 2942 570 2979 litteram)
603 2948 640 2977 a,
679 2939 727 2969 his
751 2939 774 2969 B
791 2939 834 2975 ΙΙ,
871 2938 933 2976 hijs
957 2945 974 2967 c
1016 2954 1050 2958 —
1090 2937 1141 2966 1¹9.
1170 2936 1375 2976 emirum-que
1397 2937 1431 2967 id
1455 2937 1541 2974 quod
1563 2935 1768 2976 Pyth0907·as
1795 2934 1949 2966 ultimum
1976 2935 2011 2966 in

245 2993 395 3024 amicilia
414 2991 558 3030 pulavit)
583 2994 619 3020 ut
642 2998 726 3020 unus
747 2991 809 3029 fiai
832 2997 874 3020 ew
895 2987 1046 3027 pluribus
1068 2986 1200 3018 Nonius
1224 2985 1265 3024 (s.
1286 2994 1318 3016 V.
1343 2986 1507 3024 ullimum)
1532 2994 1566 3026 p.
1582 2985 1656 3016 447.
1685 3001 1719 3006 —
1751 2984 1848 3024 idque
1871 2983 2012 3025 efficitur

243 3050 262 3074 e
285 3059 328 3064 —-
350 3042 403 3071 20.
430 3040 598 3070 amicicias
622 3047 639 3070 e
668 3056 702 3060 —
727 3047 832 3068 unum
854 3046 875 3077 p
907 3054 949 3059 —
984 3036 1036 3066 24.
1063 3036 1150 3066 ultro
1174 3039 1204 3066 et
1227 3037 1310 3065 eilro
1340 3037 1365 3066 A
1382 3036 1405 3066 Il
1422 3036 1529 3067 abc:
1555 3035 1643 3065 ultro
1667 3034 1814 3073 citroque
1836 3034 1885 3070 B;
1921 3033 2010 3064 ultro

242 3094 324 3124 citro
348 3098 367 3122 0
396 3108 429 3112 —
457 3089 660 3127 acceptisque
683 3092 712 3119 ec
736 3088 759 3118 B
772 3088 882 3124 Hac3
909 3086 1052 3124 acceptis
1075 3093 1159 3123 quae
1183 3087 1213 3114 et
1235 3084 1291 3115 Ab
1319 3101 1353 3106 —
1380 3085 1432 3115 ⁵23.
1451 3085 1507 3115 sed
1522 3083 1855 3115 cum-—lustraveris
1876 3083 2009 3114 Nonius

243 3150 277 3182 p.
294 3140 368 3172 336.
398 3156 433 3160 —
466 3138 553 3168 omui
576 3139 706 3169 ratione
728 3138 788 3168 Ab
823 3154 859 3159 ψ
892 3135 944 3167 24.
971 3136 1101 3175 gratior
1122 3142 1144 3174 p
1172 3151 1206 3155 —
1240 3134 1293 3164 27.
1320 3142 1382 3172 quo
1406 3133 1625 3165 detestabilior
1647 3133 1781 3164 illorum
1803 3133 2006 3171 immanitas,

244 3191 300 3230 qui
329 3192 357 3220 e!
389 3188 620 3218 laceraverunt
651 3187 738 3218 omni
769 3186 886 3217 scelere
910 3186 1060 3224 pali-iam
1091 3184 1222 3215 Nonius
1256 3192 1287 3224 p.
1312 3184 1385 3215 323.
1425 3201 1460 3206 —
1501 3184 1554 3214 28.
1581 3186 1610 3215 et
1632 3184 1667 3214 in
1690 3191 1729 3214 ea
1751 3183 1774 3223 f.
1801 3183 1832 3214 d.
1858 3182 2009 3221 occupati

243 3243 317 3271 sunt
339 3242 368 3270 et
390 3238 499 3278 ferunt
524 3236 652 3267 Nonius
679 3246 710 3276 p.
729 3237 802 3267 355.
845 3253 878 3258 —-
917 3235 970 3266 30.
996 3234 1139 3275 officium
1163 3234 1207 3272 (in
1226 3241 1335 3272 marg.
1356 3242 1402 3264 m.
1422 3241 1494 3265 sec.
1520 3233 1654 3273 amoris)
1680 3240 1699 3264 ο
1735 3249 1769 3254 -
1809 3232 1862 3263 33.
1887 3231 2008 3272 profu-

244 3289 335 3329 gium
357 3296 378 3327 p
420 3304 456 3309 -
491 3286 672 3324 propinqui
696 3294 871 3326 superscr.
899 3285 933 3316 iu
957 3293 978 3316 a
1017 3301 1052 3306 —
1093 3282 1146 3314 34.
1172 3282 1289 3321 quibus
1311 3284 1492 3315 communis
1513 3284 1574 3315 Ab
1611 3300 1647 3306 —
1686 3284 1787 3315 etiam
1809 3290 1879 3314 om.
1904 3280 1943 3313 B¹
1968 3296 2004 3303 -

246 3338 299 3369 35.
324 3337 372 3368 his
395 3335 590 3374 ABlIab,
626 3334 687 3373 hijs
710 3342 740 3365 o.
