2249 3624
290 163 373 206 914
1013 163 1084 203 DE
1113 162 1340 204 LEGIBUS

289 268 508 310 faciendae
538 272 789 322 potestatem
821 266 1046 315 ademerit,
1087 268 1231 308 auxilii
1261 267 1424 308 ferendi
1453 260 1694 322 reliquerit,
1731 270 2062 325 Pompeiumque

291 338 477 373 nostrum
517 331 666 372 ceteris
706 331 830 371 rebus
871 330 1065 370 omnibus
1106 344 1274 384 semper
1313 332 1582 385 amplissimis
1622 333 1881 386 summisque
1925 333 2063 374 ecfero

290 395 509 442 laudibus,
552 395 603 434 de
643 393 868 434 tribunicia
906 398 1115 446 potestate
1156 399 1294 442 taceo;
1341 407 1420 434 nec
1460 395 1572 435 enim
1611 394 1922 449 reprehendere
1963 393 2066 435 libet

290 472 369 498 nec
399 458 571 498 laudare
602 470 786 511 possum.

259 526 278 555 ὃ
404 521 456 560 Χ.
488 518 554 560 23.
585 520 641 560 Μ.
672 520 781 559 Vitia
813 519 984 572 quidem
1015 515 1252 558 tribunatus
1282 519 1508 572 praeclare,
1543 519 1712 567 Quinte,
1743 519 1959 573 perspicis,
1991 520 2065 560 sed

292 588 355 623 est
384 584 529 638 iniqua
558 582 603 622 in
635 582 749 621 omni
779 594 824 620 re
856 580 1092 621 accusanda
1120 581 1427 634 praetermissis
1458 583 1582 622 bonis
1613 582 1820 622 malorum
1849 595 2067 622 enumera-

291 646 351 685 tio
383 645 666 698 vitiorumque
699 644 883 684 selectio.
926 645 1030 683 Nam
1062 643 1142 683 isto
1175 643 1345 697 quidem
1377 643 1502 684 modo
1533 644 1599 685 vel
1631 643 1872 684 consulatus
1904 644 2068 698 vitupe-

291 709 374 748 rari
405 713 561 762 potest,
594 707 627 747 si
661 707 900 753 consulum,
932 719 1036 760 quos
1069 719 1314 746 enumerare
1344 706 1462 753 nolo,
1494 711 1666 759 peccata
1696 706 1930 759 collegeris.
1977 707 2067 759 Ego

293 771 405 811 enim
442 769 578 811 fateor
616 770 660 809 in
702 769 783 809 ista
822 769 913 821 ipsa
953 773 1161 821 potestate
1201 768 1341 808 inesse
1385 769 1584 822 quiddam
1628 769 1748 816 mali,
1790 768 1864 808 sed
1894 769 2066 816 bonum,

242 839 278 869 ⁴0
293 832 407 887 quod
446 838 510 873 est
548 831 784 886 quaesitum
827 831 870 871 in
911 844 984 878 ea,
1024 831 1115 870 sine
1144 831 1225 870 isto
1258 831 1366 871 malo
1397 844 1482 871 non
1515 831 1780 871 haberemus.
1825 853 1881 859 —
1931 831 2069 871 Nimia

290 900 477 950 potestas
509 901 571 935 est
600 894 865 934 tribunorum
898 893 953 946 pl.
995 917 1042 921 —
1089 893 1193 941 Quis
1225 895 1379 946 negat?
1427 894 1500 933 sed
1530 894 1590 934 vis
1622 892 1770 947 populi
1811 894 1943 934 multo
1975 906 2066 933 sae-

290 959 382 999 vior
411 958 628 1011 multoque
660 956 974 1003 vehementior,
1006 969 1138 1009 quae,
1171 955 1321 995 ducem
1353 969 1477 1009 quom
1509 956 1655 1004 habet,
1687 954 1897 995 interdum
1928 955 2068 995 lenior

291 1026 376 1069 est,
421 1034 547 1075 quam
586 1019 620 1060 si
659 1019 822 1059 nullum
856 1018 1042 1058 haberet.
1100 1018 1198 1057 Dux
1229 1018 1340 1057 enim
1371 1031 1446 1058 suo
1478 1031 1517 1058 se
1546 1017 1735 1072 periculo
1767 1017 1967 1071 progredi
1998 1031 2068 1058 co-

292 1086 415 1137 gitat,
454 1082 600 1137 populi
638 1082 819 1136 impetus
851 1081 1025 1134 periculi
1055 1081 1259 1120 rationem
1292 1080 1358 1120 sui
1389 1094 1474 1120 non
1505 1081 1645 1121 habet.
1696 1101 1746 1107 ——
1800 1077 1867 1119 24.
1907 1082 1961 1120 At
1991 1080 2068 1120 ali-

243 1152 279 1181 ¹15
296 1146 463 1201 quando
493 1144 744 1184 incenditur.
788 1165 838 1171 --
886 1144 937 1182 Et
976 1143 1149 1196 quidem
1187 1155 1314 1196 saepe
1346 1143 1529 1183 sedatur.
1590 1143 1714 1192 Quod
1747 1144 1857 1183 enim
1889 1148 1953 1183 est
1983 1148 2066 1182 tam

293 1210 558 1263 desperatum
602 1207 851 1259 collegium,
891 1206 933 1245 in
975 1218 1057 1259 quo
1098 1219 1221 1245 nemo
1265 1219 1287 1245 e
1329 1205 1475 1245 decem
1506 1219 1607 1246 sana
1638 1212 1777 1246 mente
1809 1206 1892 1245 sit?
1954 1204 2068 1252 Quin

291 1271 429 1325 ipsum
461 1270 525 1310 Ti.
550 1269 783 1310 Gracchum
814 1281 901 1307 non
933 1268 1069 1307 solum
1100 1268 1336 1315 neclectus,
1377 1268 1450 1307 sed
1490 1270 1613 1309 etiam
1646 1268 1835 1308 sublatus
1866 1267 2067 1307 interces-

292 1347 363 1374 sor
394 1333 554 1373 evertit.
600 1332 712 1380 Quid
745 1332 856 1371 enim
886 1330 1003 1370 illum
1035 1330 1151 1371 aliud
1184 1330 1364 1383 perculit
1394 1331 1473 1370 nisi
1507 1331 1623 1384 quod
1654 1335 1908 1384 potestatem
1939 1330 2068 1370 inter-

292 1396 458 1436 cedenti
499 1395 684 1447 collegae
727 1393 974 1446 abrogavit‘?
1036 1392 1117 1433 Sed
1145 1398 1200 1433 tu
1244 1392 1492 1445 sapientiam
1532 1393 1736 1433 maiorum
1775 1393 1819 1432 in
1851 1391 1924 1432 illo
1956 1391 2065 1431 vide.

248 1458 501 1498 20Concessa
541 1457 679 1510 plebei
728 1470 751 1496 a
790 1453 981 1508 patribus
1029 1455 1109 1495 ista
1157 1459 1365 1508 potestate
1407 1468 1521 1494 arma
1561 1454 1828 1502 ceciderunt,
1869 1454 2068 1494 restincta

292 1522 442 1563 seditio
473 1525 548 1566 est,
581 1520 797 1559 inventum
829 1523 892 1557 est
922 1519 1317 1570 temperamentum,
1349 1530 1433 1569 quo
1456 1518 1669 1557 tenuiores
1691 1530 1782 1556 cum
1805 1516 2064 1569 principibus

292 1584 464 1638 aequari
505 1596 549 1623 se
587 1587 808 1636 putarent,
850 1581 894 1620 in
936 1593 1021 1634 quo
1061 1593 1146 1619 uno
1186 1579 1266 1619 fuit
1296 1579 1475 1619 civitatis
1508 1579 1634 1619 salus.
1694 1580 1746 1618 At
1778 1578 1861 1618 duo
1894 1576 2067 1618 Gracchi

290 1646 473 1686 fuerunt.
533 1646 585 1684 Et
615 1651 781 1697 praeter
812 1657 884 1683 eos
917 1643 1108 1697 quamvis
1141 1655 1362 1682 enumeres
1393 1642 1545 1681 multos
1579 1641 1693 1688 licet,
1726 1654 1818 1680 cum
1851 1640 1947 1680 deni
1979 1652 2067 1680 cre-

293 1715 437 1756 entur,
468 1721 552 1748 non
582 1707 721 1746 nullos
752 1707 796 1746 in
829 1707 942 1745 omni
973 1705 1175 1745 memoria
1206 1704 1390 1758 reperies
1422 1703 1683 1757 perniciosos
1716 1703 1919 1750 tribunos,
1951 1699 2063 1742 leves

244 1772 415 1811 ssetiam
449 1783 574 1824 quam
605 1770 740 1809 bonos
772 1768 950 1808 fortasse
983 1768 1147 1821 plures:
1192 1767 1352 1806 invidia
1383 1767 1553 1820 quidem
1586 1779 1772 1805 summus
1805 1766 1908 1805 ordo
1941 1770 2066 1812 caret,

293 1834 437 1887 plebes
469 1831 520 1872 de
552 1846 626 1871 suo
659 1832 748 1871 iure
780 1831 1038 1884 periculosas
1071 1830 1364 1870 contentiones
1396 1829 1531 1869 nullas
1563 1828 1676 1868 facit.
1739 1826 1806 1867 ⁶25.
1845 1827 1983 1876 Quam
2014 1828 2066 1868 ob

292 1909 381 1935 rem
421 1900 494 1935 aut
533 1894 732 1947 exigendi
774 1907 895 1946 reges
935 1907 1022 1933 non
1061 1892 1233 1933 fuerunt
1272 1897 1344 1932 aut
1383 1891 1494 1945 plebi
1535 1905 1607 1938 re,
1654 1904 1735 1931 non
1767 1890 1895 1930 verbo
1928 1889 2066 1929 danda

292 1957 485 1998 libertas:
529 1970 639 2010 quae
680 1962 819 1996 tamen
859 1958 917 1996 sic
949 1956 1045 1995 data
1077 1961 1178 2002 est,
1202 1960 1247 1995 ut
1278 1954 1419 1994 multis
1451 1954 1481 2005 -Ι-
1512 1952 1849 2007 praeclarissimis
1881 1952 2063 1993 adduce-

291 2025 426 2068 retur,
458 2024 504 2059 ut
533 2019 772 2059 auctoritati
803 2019 1043 2072 principum
1076 2017 1259 2058 cederet.

381 2176 410 2206 l.
434 2177 592 2214 potestate
616 2174 639 2204 B
679 2191 713 2195 —
752 2174 864 2204 ausilii
889 2175 939 2209 Αἱ,
968 2174 1134 2205 ααατὶἰὶιωη
1159 2174 1235 2204 A2B
1273 2190 1307 2195 —
1344 2172 1515 2211 reliquerit
1538 2174 1565 2202 A
1590 2180 1668 2212 sup.
1687 2170 1744 2202 lin.
1775 2187 1809 2192 —
1836 2171 1868 2202 2.
1893 2171 1928 2201 in
1953 2171 2066 2202 celeris

294 2224 496 2262 Turnebus;
526 2227 559 2255 at
583 2233 615 2255 v,
642 2223 895 2263 Naegelsbach,
921 2223 1124 2254 Lateiniselie
1148 2222 1287 2253 Stilislilc
1311 2231 1343 2263 p.
1360 2222 1400 2252 35
1426 2221 1481 2253 ed.
1501 2222 1557 2252 lll.
1587 2239 1622 2242 —
1657 2221 1763 2260 ecfero
1786 2222 1813 2252 A
1839 2223 1884 2259 (ec
1908 2222 1941 2252 in
1966 2220 2064 2263 ras.):

294 2278 324 2306 et
339 2275 410 2315 fero
434 2275 471 2313 B,
497 2275 596 2314 effero
621 2275 645 2305 Ο
674 2290 707 2295 -
737 2274 766 2304 6,
787 2276 947 2304 accusant
969 2275 1013 2304 ‹la
1036 2274 1060 2304 Β
1089 2290 1124 2295 -
1151 2274 1181 2304 7.
1201 2273 1361 2304 scseleetio
1386 2272 1409 2302 B
1437 2289 1472 2292 —
1500 2271 1685 2310 vituperari
1703 2273 1809 2309 potest
1832 2270 2062 2311 Feldhuegel:

294 2352 467 2390 uitupetest
490 2351 535 2387 Β,
567 2349 737 2388 altapetra
748 2323 822 2380 1>ssle
847 2351 892 2378 est
915 2349 941 2379 A
975 2348 1135 2388 (antiqua
1166 2356 1272 2378 manu
1303 2344 1386 2377 nihil
1412 2346 1476 2377 nisi
1500 2345 1626 2384 uitupel
1645 2370 1651 2376 .
1672 2370 1679 2376 .
1704 2348 1775 2377 ,εει
1803 2345 1973 2385 scriptum
1999 2347 2065 2383 est,
2236 2332 2241 2377 f,

294 2400 429 2441 reliqua
453 2402 533 2432 sunt
559 2399 786 2436 receiitiora);
813 2398 1039 2437 vituperabilis
1063 2402 1107 2429 esc
1132 2399 1156 2429 Ο
1182 2415 1217 2420 -
1246 2398 1276 2429 9.
1302 2397 1401 2428 malis
1423 2396 1447 2426 B
1476 2412 1511 2417 —-
1546 2396 1598 2426 Μ.
1625 2395 1734 2426 seuior
1756 2394 1903 2434 multam
1926 2392 2068 2426 uerhlior

294 2451 339 2488 B;
364 2450 583 2481 vehementior
605 2448 772 2487 multoque
795 2448 924 2478 saevior
941 2448 965 2478 O
995 2463 1029 2468 -
1058 2449 1111 2479 42.
1129 2455 1236 2487 ‘quom
1254 2447 1396 2487 scripsi:
1425 2445 1512 2486 quod
1528 2445 1625 2476 ABO
1652 2461 1687 2466 —
1716 2445 1768 2476 43.
1797 2448 1842 2476 est
1865 2453 1966 2484 quam
1988 2445 2017 2475 si
2039 2446 2067 2476 A

294 2500 329 2531 in
347 2509 414 2531 ras.
433 2499 540 2530 habet
560 2517 593 2521 —
612 2498 739 2528 nullam
752 2498 823 2528 A¹B
847 2514 879 2518 »-
899 2506 930 2527 se
947 2497 1062 2528 Moser
1079 2499 1113 2528 et
1131 2498 1199 2528 duo
1213 2497 1455 2528 Ambrosiam:
1476 2504 1545 2526 om.
1562 2497 1587 2525 A
1600 2495 1622 2526 B
1639 2512 1673 2516 —
1692 2494 1743 2526 44.
1762 2495 2009 2534 aliquanloAB
2028 2511 2063 2517 ——

296 2550 347 2581 46.
363 2558 442 2580 sane
455 2550 478 2579 B
501 2566 533 2569 —
555 2549 605 2578 ⁴7.
625 2547 789 2587 neglectus
802 2546 992 2577 Manutius:
1014 2549 1124 2577 nectus
1137 2550 1161 2578 A
1175 2548 1210 2585 B,
1230 2549 1264 2578 in
1280 2555 1349 2587 quo
1365 2545 1495 2577 mendo
1514 2544 1597 2575 latet
1613 2546 1713 2576 setus
1731 2544 1841 2575 forma
1855 2543 2015 2575 necleclus
2031 2562 2065 2566 -—

296 2600 348 2632 48.
375 2600 491 2630 euertit
515 2596 668 2629 Vahlen:
701 2597 813 2635 suerat
836 2596 920 2631 A13;
951 2595 1097 2636 fregerat
1121 2595 1277 2635 Bentley,
1304 2599 1470 2627 straverat
1494 2596 1664 2633 Goerenz,
1696 2594 1819 2625 stravit
1842 2592 2065 2634 Feldhuegel,

295 2651 487 2680 servaverat
511 2648 536 2679 O
564 2664 597 2668 —
626 2646 705 2676 illud
729 2646 790 2676 AB
819 2663 853 2667 -
881 2646 1090 2676 intercedenti
1115 2645 1269 2684 Madvig:
1303 2646 1522 2677 intercedendi
1546 2644 1654 2675 ABO.
1703 2644 1799 2675 «Non
1823 2642 2067 2674 intercedendi

295 2699 510 2739 potestatem
535 2696 714 2727 Gracchus
740 2695 881 2725 Octavio
913 2694 1112 2735 abrogavit,
1149 2698 1184 2726 ut
1215 2694 1270 2727 illa
1301 2697 1443 2737 dempta
1469 2695 1630 2726 tribunus
1655 2694 1833 2731 maneret,
1869 2701 1936 2724 nec
1960 2692 2067 2724 abro-

296 2750 396 2787 gatur
421 2757 487 2778 una
512 2746 626 2786 aliqua
652 2747 769 2776 certae
796 2746 846 2775 rei
872 2746 1046 2785 potestas,
1079 2746 1143 2776 sed
1174 2747 1247 2786 ipse
1278 2747 1536 2787 magistratus.»
1578 2762 1612 2767 --
1657 2745 1708 2775 49.
1734 2744 1932 2783 sapientiam
1955 2745 2000 2781 Α,
2033 2752 2068 2774 m

296 2800 461 2838 punctata
490 2815 522 2818 ἡ
549 2797 716 2827 maiorum
740 2796 773 2826 in
797 2795 851 2825 illo
875 2795 1066 2827 Manutius:
1093 2797 1215 2826 maiori
1240 2797 1338 2827 nihilo
1362 2798 1426 2828 AB
1462 2812 1505 2819 —
1538 2795 1591 2826 ⁶20.
1618 2803 1763 2825 concesse
1787 2794 1810 2825 B
1839 2811 1875 2816 —
1905 2793 2009 2834 plebei
2045 2802 2068 2824 a

297 2847 438 2887 scripsi:
476 2846 630 2885 plebeista
655 2846 735 2882 AB,
772 2844 856 2883 plebi
880 2853 900 2875 α
926 2845 950 2875 Ο
984 2862 1018 2867 -
1053 2854 1074 2876 a
1104 2846 1257 2884 patribus
1280 2855 1349 2877 om.
1370 2848 1393 2877 Β
1423 2864 1457 2869 —-
1483 2847 1626 2884 poteslas
1649 2852 1748 2874 arma
1770 2844 1987 2875 caecederanl
2010 2852 2066 2874 re-

296 2898 396 2928 slinta
423 2898 443 2928 B
478 2914 512 2918 —
551 2897 603 2927 ⁶22.
628 2898 786 2934 putarent
810 2896 964 2926 Ernesti:
989 2896 1142 2933 putarint
1165 2897 1191 2925 A
1208 2896 1230 2925 B
1259 2913 1293 2917 —
1321 2896 1364 2926 ad
1387 2896 1464 2926 A²B
1492 2911 1525 2916 —
1553 2894 1669 2934 grachi
1693 2895 1717 2924 Α
1742 2909 1786 2915 -
1808 2893 1860 2924 23.
1880 2893 2066 2924 innumeres
2212 2888 2215 2918 '1

298 2947 322 2978 Β
350 2964 385 2969 -
413 2948 486 2977 dent
510 2948 533 2977 B
572 2963 606 2967 —
644 2948 796 2976 creentur
820 2944 904 2975 dett.
934 2945 1052 2985 pauci:
1091 2947 1248 2975 creantur
1272 2946 1331 2975 AB
1371 2962 1406 2966 —
1444 2944 1498 2976 24.
1525 2944 1697 2974 nonnullos
1722 2942 1930 2974 Lambinus:
1956 2943 2067 2973 nullus

298 2998 388 3033 A¹ss‚
414 2997 520 3025 nullos
543 2998 584 3026 ΛΞ
619 3011 653 3016 -
691 2994 855 3033 repperies
877 2995 903 3024 A
942 3011 976 3016 —
1015 2994 1067 3024 25.
1095 3002 1195 3032 quam
1219 2994 1360 3034 scripsi:
1397 3003 1462 3025 nonv
1486 2994 1549 3024 AB
1567 2993 1603 3027 Ο,
1631 2993 1664 3024 in
1690 3001 1756 3032 qua
1783 2991 1930 3023 lectione
1954 2991 2064 3022 verba

299 3045 349 3076 sic
375 3045 606 3083 distinguunt:
633 3043 791 3081 tribunos,
819 3044 912 3079 leves,
939 3043 1037 3074 eliam
1059 3052 1122 3073 mm
1149 3043 1246 3073 bonos
1270 3046 1335 3075 ete.
1366 3062 1400 3066 —
1428 3045 1480 3075 27.
1508 3052 1544 3074 re
1567 3046 1593 3074 A
1617 3043 1650 3074 in
1675 3051 1742 3073 ras.
1762 3041 1870 3073 habet
1893 3059 1935 3064 —
1959 3041 2065 3072 dande

298 3095 322 3126 B
347 3111 388 3116 --
414 3095 464 3125 28.
493 3095 572 3123 dala
597 3089 612 3123 ἒ
638 3096 663 3123 A
690 3093 721 3123 in
740 3101 806 3123 ras.
838 3109 871 3113 —
898 3093 1009 3123 mullis
1030 3093 1306 3131 praeclarissimis
1329 3094 1353 3124 A
1372 3094 1393 3124 B
1409 3093 1450 3124 O:
1478 3092 1596 3123 uinclis
1612 3091 1890 3131 praeclarissimis
1913 3089 2060 3130 Madvig,

296 3144 409 3174 multis
427 3143 614 3182 praeclaris
644 3143 800 3173 institutis
829 3142 920 3173 Bake
951 3143 984 3172 et
1018 3141 1244 3181 Feldluuegel,
1282 3142 1393 3173 mullis
1422 3143 1579 3174 institutis
1607 3140 1884 3181 praeclarissimis
1914 3138 2060 3177 Vahlen,

297 3194 408 3224 mallis
428 3193 702 3232 praeclarissimis
725 3192 847 3232 leyibus
870 3191 1073 3228 Lambinus,
1098 3192 1208 3222 mullis
1231 3191 1326 3222 rebus
1347 3191 1625 3230 praeclarissimis
1649 3191 1692 3222 M.
1709 3188 1858 3229 Seyffert
1882 3189 1915 3219 in
1937 3187 2062 3219 Scholis

298 3243 426 3274 Latinis
448 3243 473 3282 1,
494 3241 575 3279 4643
602 3242 675 3282 ipse
700 3241 819 3272 malim
842 3241 952 3272 mullis
970 3240 1159 3280 praeclaris
1181 3240 1298 3271 uinclis
1324 3257 1359 3263 —-
1397 3242 1604 3272 addiceretur
1627 3239 1691 3271 AB
1720 3255 1754 3261 --
1795 3237 1848 3269 29.
1873 3237 1997 3269 sederet
2021 3236 2057 3267 Β.
