2249 3624
319 124 399 165 ’170
697 126 767 166 DE
798 125 1004 166 FINIBUS
1034 126 1294 168 BONORUM
1320 128 1390 168 ET
1420 127 1685 169 MALORUM

318 243 358 277 et
378 237 604 285 excellere,
634 241 680 277 ut
701 236 827 276 nullis
849 250 926 277 nec
957 238 1172 291 suppliciis
1203 253 1281 278 nec
1310 240 1504 293 praemiis
1527 240 1735 280 demoveri
1767 241 1899 292 possit
1929 254 1982 280 ex
2003 255 2066 289 eo,

317 299 431 352 quod
460 304 618 339 rectum
651 312 742 338 esse
777 298 1026 347 decreverit,
1066 301 1311 354 omniaque,
1353 314 1459 354 quae
1491 302 1614 348 dura,
1656 300 1858 349 diflicilia,
1894 303 2067 343 adversa

315 362 555 408 videantur,
596 374 644 400 ea
684 361 905 400 virtutibus
943 361 1017 410 iis,
1067 363 1216 416 quibus
1256 377 1279 403 a
1317 370 1464 402 natura
1505 377 1690 403 essemus
1730 366 1888 411 ornati,
1937 366 2068 405 obteri

315 436 456 475 posse:
487 436 570 462 non
601 423 631 474 ·1-
660 422 803 462 faciles
832 423 924 463 illas
956 425 1125 478 quidem
1157 439 1233 464 nec
1264 425 1587 465 contemnendas
1613 447 1666 454 —
1687 425 1787 478 quid
1819 427 1928 466 enim
1961 433 2070 467 esset

282 486 356 525 sin
393 485 543 525 virtute
584 486 772 524 tautum?
807 506 860 513 -
894 487 968 525 sed
1006 491 1051 526 ut
1099 487 1177 527 hoc
1218 487 1517 534 indicaremus,
1559 501 1641 526 non
1685 501 1776 527 esse
1807 488 1850 527 in
1882 488 1945 528 his
1976 502 2070 541 par-

312 552 395 586 tem
435 548 655 587 maximam
696 549 871 600 positam
912 549 1032 588 beate
1067 554 1138 588 aut
1176 563 1295 589 secus
1337 550 1515 589 vivendi.
1575 548 1641 589 60.
1672 550 1734 589 Ad
1766 563 1968 590 summam
2000 564 2069 598 ea,

313 622 419 662 quae
459 611 569 649 Zeno
607 610 862 650 aestimanda
905 616 946 650 et
985 612 1186 651 sumenda
1227 617 1266 651 et
1295 617 1391 664 apta
1422 618 1595 651 naturae
1628 626 1718 652 esse
1751 612 1877 659 dixit,
1924 612 2070 652 eadem

311 671 372 710 illi
401 672 512 712 bona
541 672 773 726 appellant,
803 673 927 712 vitam
961 679 1100 713 autem
1129 674 1292 713 beatam
1324 674 1385 713 illi
1417 687 1527 721 eam,
1561 688 1668 727 quae
1701 680 1907 714 constaret
1937 688 1990 714 ex
2020 675 2069 714 iis

311 735 448 782 rebus,
481 748 583 788 quas
616 734 725 782 dixi,
756 740 826 775 aut
855 735 1044 788 plurimis
1075 741 1146 775 aut
1172 736 1439 788 gravissimis.
1480 738 1591 776 Zeno
1612 742 1771 783 autem,
1805 737 1915 789 quod
1938 750 2068 783 suam,

262 797 425 851 ioquod
465 798 674 850 propriam
716 798 898 850 speciem
938 797 1088 837 habeat
1127 811 1198 837 cur
1236 799 1516 850 appetendum
1556 799 1627 845 sit,
1667 799 1708 838 id
1747 799 1879 842 solum
1913 799 2069 838 bonum

311 859 513 912 appellat,
545 860 708 900 beatam
740 865 878 900 autem
915 860 1041 899 vitam
1078 873 1168 899 eam
1199 859 1351 907 solam,
1384 873 1489 913 quae
1522 874 1614 900 cum
1646 861 1796 900 virtute
1829 861 2012 913 degatur.

425 922 559 961 XXII.
591 923 634 962 Si
666 922 717 961 de
748 935 793 961 re
825 922 1046 974 disceptari
1075 926 1260 973 oportet,
1301 922 1416 961 nulla
1451 922 1552 961 mibi
1583 929 1740 969 tecum,
1782 923 1900 970 Cato,
1931 929 2070 975 potest

312 997 403 1024 esse
435 984 655 1024 dissensio.
705 984 816 1023 Nihil
848 989 909 1023 est
940 984 1049 1024 enim
1083 984 1132 1023 de
1165 998 1247 1037 quo
1279 984 1396 1024 aliter
1423 990 1466 1024 tu
1491 985 1644 1024 sentias
1665 991 1792 1038 atque
1815 998 1911 1037 ego,
1943 987 2068 1026 modo

312 1046 570 1086 commutatis
610 1046 746 1085 verbis
784 1047 895 1099 ipsas
937 1059 1002 1085 res
1044 1046 1317 1086 conferamus.
1376 1048 1460 1086 Nec
1502 1046 1580 1086 hoc
1611 1047 1681 1085 ille
1712 1060 1797 1086 non
1828 1048 1952 1094 vidit,
1997 1048 2069 1087 sed

263 1113 298 1142 ⁴5
312 1109 530 1148 verborum
567 1108 875 1161 magnificentia
916 1113 979 1148 est
1009 1113 1048 1147 et
1086 1108 1217 1160 gloria
1249 1108 1497 1147 delectatus:
1539 1109 1609 1160 qui
1642 1109 1674 1147 si
1707 1121 1775 1155 ea,
1818 1122 1925 1161 quae
1957 1110 2067 1157 dicit,

311 1171 367 1210 ita
410 1171 598 1218 sentiret,
638 1177 683 1211 ut
724 1171 852 1210 verba
896 1168 1152 1223 significant,
1190 1170 1290 1223 quid
1336 1171 1445 1210 inter
1490 1184 1582 1210 eum
1628 1177 1669 1211 et
1708 1171 1773 1211 vel
1813 1172 2071 1225 Pyrrhonem

310 1233 376 1272 vel
397 1234 632 1273 Aristonem
661 1233 909 1273 interesset?
943 1233 1015 1272 Sin
1046 1239 1185 1272 autem
1217 1247 1287 1273 eos
1313 1246 1395 1272 non
1417 1233 1634 1286 probabat,
1668 1233 1767 1286 quid
1790 1234 1956 1273 attinuit
1979 1248 2071 1273 cum

310 1295 374 1342 iis,
404 1295 652 1348 quibuscum
684 1309 727 1335 re
749 1295 1012 1342 concinebat,
1046 1296 1181 1335 verbis
1204 1295 1466 1348 discrepare?
1508 1292 1573 1333 61.
1608 1295 1732 1343 Quid,
1765 1297 1799 1336 si
1823 1297 2072 1337 reviviscant

312 1357 493 1397 Platonis
530 1357 590 1397 illi
629 1363 669 1398 et
707 1358 906 1410 deinceps
948 1358 1020 1411 qui
1059 1371 1202 1397 eorum
1242 1357 1453 1397 auditores
1483 1357 1653 1397 fuerunt
1686 1363 1726 1397 et
1758 1364 1894 1398 tecum
1925 1358 1981 1397 ita
2012 1358 2072 1398 lo-

261 1426 296 1454 ‘20
312 1422 521 1473 quantur?
571 1421 688 1460 «Nos
720 1434 813 1469 cum
844 1426 902 1467 te,
933 1421 987 1459 M.
1021 1420 1133 1466 Cato,
1166 1420 1519 1460 studiosissimum
1551 1421 1865 1473 philosophiae,
1896 1421 2072 1460 iustissi-

311 1495 420 1521 mum
454 1482 609 1530 virum,
641 1483 841 1536 optimum
872 1484 1081 1530 iudicem‚'
1114 1483 1474 1535 religiosissimum
1508 1488 1676 1530 testem,
1707 1483 1968 1529 audiremus,
2000 1483 2072 1522 ad-

311 1543 446 1584 mirati
488 1558 649 1591 sumus,
695 1545 794 1598 quid
837 1550 947 1584 esset
989 1559 1060 1585 cur
1098 1546 1217 1585 nobis
1260 1546 1422 1584 Stoicos
1464 1545 1716 1593 anteferres,
1762 1544 1915 1598 quide
1946 1545 2070 1584 rebus

311 1606 429 1645 honis
471 1611 512 1646 et
541 1607 662 1647 malis
703 1608 902 1646 sentirent
941 1621 1010 1654 ea,
1052 1621 1158 1661 quae
1199 1608 1248 1646 ab
1287 1607 1366 1646 hoc
1404 1608 1627 1647 Polemone
1659 1610 1769 1647 Zeno
1803 1613 2069 1659 cognoverat,

311 1669 547 1708 nominibus
579 1675 794 1709 uterentur
822 1669 894 1717 iis,
936 1684 1043 1722 quae
1074 1671 1205 1724 prima
1243 1671 1380 1723 specie
1412 1669 1749 1717 admirationem,
1789 1684 1832 1709 re
1865 1670 2070 1722 explicata

261 1737 298 1768 25
312 1730 438 1770 risum
468 1737 697 1771 moverent.
757 1733 818 1772 Tu
858 1737 1017 1779 autem,
1059 1733 1092 1771 si
1126 1733 1199 1772 tibi
1228 1732 1300 1771 illa
1330 1732 1635 1784 probabantur,
1676 1746 1746 1772 cur
1777 1746 1860 1771 non
1894 1732 2068 1785 propriis

311 1793 448 1832 verbis
478 1793 550 1833 illa
579 1795 780 1834 tenebas?
823 1795 887 1834 sin
922 1800 962 1834 te
993 1795 1217 1834 auctoritas
1249 1795 1555 1840 commovebat,
1594 1796 1772 1834 nobisne
1804 1795 1997 1834 omnibus
2030 1799 2070 1833 et

310 1855 472 1894 Platoni
503 1856 582 1908 ipsi
614 1857 753 1896 nescio
785 1871 909 1910 quem
940 1857 1058 1896 illum
1089 1856 1401 1908 anteponebas'?
1441 1858 1681 1907 praesertim
1715 1871 1806 1896 cum
1844 1858 1887 1895 in
1919 1871 1962 1897 re
1994 1871 2070 1909 pu-

309 1917 418 1957 blica
449 1919 642 1972 princeps
673 1932 764 1958 esse
796 1920 922 1959 velles
954 1920 1004 1958 ad
1038 1932 1210 1971 eamque
1243 1919 1438 1957 tuendam
1471 1932 1562 1957 cum
1596 1932 1756 1958 summa
1776 1925 1847 1958 tua
1870 1919 2070 1970 dignitate

312 1981 490 2019 maxime
521 1994 545 2019 a
574 1981 693 2020 nobis
724 1981 861 2020 ornari
891 1987 1017 2034 atque
1049 1981 1197 2019 instrui
1230 1995 1385 2032 posses.
1437 1982 1471 2020 A
1494 1981 1613 2020 nobis
1637 1981 1746 2020 enim
1769 1982 1846 2020 ista
1869 1981 2069 2033 quaesita,

261 2050 335 2082 30a
365 2042 487 2082 nobis
519 2043 743 2096 descripta,
775 2048 935 2090 notata,
967 2049 1189 2096 praecepta
1212 2049 1324 2090 sunt,
1358 2044 1627 2096 omniumque
1650 2057 1786 2082 rerum
1810 2043 2071 2095 publicarum

310 2105 505 2144 rectionis
537 2118 711 2158 genera,
753 2112 905 2152 status,
946 2106 1220 2151 mutationes,
1261 2105 1373 2157 leges
1410 2106 1532 2144 etiam
1567 2112 1607 2145 et
1637 2107 1824 2145 instituta
1856 2119 1901 2145 ac
1934 2118 2070 2144 mores

312 2167 523 2207 civitatum
553 2169 882 2220 perscripsimus.
932 2168 1208 2220 Eloquentiae
1240 2181 1354 2214 vero,
1388 2180 1495 2220 quae
1528 2175 1567 2207 et
1599 2169 1855 2221 principibus
1889 2169 2070 2207 maximo

312 2234 552 2269 ornamento
596 2235 657 2269 est
695 2236 736 2270 et
779 2243 860 2283 qua
903 2236 940 2269 te
983 2230 1176 2268 audimus
1209 2231 1343 2269 valere
1375 2230 1619 2282 plurimum,
1663 2237 1862 2283 quantum
1906 2231 1978 2269 tibi
2019 2243 2071 2269 ex

312 2293 590 2332 monumentis
622 2293 772 2332 nostris
803 2292 1058 2331 addidisses!
1078 2306 1094 2327 >³
1147 2294 1205 2331 Ea
1228 2307 1317 2332 cum
1343 2292 1570 2339 dixissent,
1606 2294 1706 2345 quid
1732 2293 1897 2332 tandem
1920 2293 2069 2331 talibus

262 2361 298 2389 35
312 2354 412 2394 viris
442 2355 749 2408 responderes?
795 2352 861 2393 62.
893 2355 1096 2406 Rogarem
1131 2361 1187 2402 te,
1220 2355 1375 2408 inquit,
1408 2362 1453 2394 ut
1485 2355 1642 2394 diceres
1675 2370 1748 2408 pro
1784 2369 1846 2394 ine
1873 2362 1915 2394 tu
1945 2355 2069 2401 idem,

315 2417 387 2470 qui
417 2417 499 2456 illis
532 2418 763 2457 orationem
795 2417 1059 2464 dictavisses,
1103 2418 1168 2457 vel
1210 2419 1345 2470 potius
1378 2418 1542 2470 paulum
1576 2418 1657 2456 loci
1689 2418 1812 2464 mibi,
1854 2422 1897 2456 ut
1928 2417 1977 2456 iis
2008 2431 2071 2457 re-

398 2598 428 2629 3.
454 2597 553 2628 obteri
578 2598 620 2628 C:
654 2597 765 2635 aptari
789 2598 830 2628 B:
858 2598 966 2635 optari
991 2596 1056 2627 alii.
1085 2597 1208 2628 Mcnda
1234 2600 1307 2627 orta
1333 2600 1411 2628 suut
1437 2606 1477 2628 ex
1502 2598 1672 2637 scriptura
1697 2598 1810 2635 opteri.
1839 2614 1871 2618 —
1902 2597 1931 2628 4.
1957 2597 2072 2635 facilia

310 2647 368 2678 illa
392 2648 520 2686 quidem
544 2656 600 2677 nec
623 2647 854 2677 contemnenda
880 2647 1003 2682 Sis-‘onii
1023 2647 1150 2678 codex:
1176 2647 1289 2685 smiles
1314 2648 1384 2677 illus
1409 2648 1536 2685 quidem
1561 2657 1610 2676 res-
1635 2656 1690 2677 nc(-
1714 2648 1964 2677 a‹⁷›n[<›1nn<2nd1.=s
1988 2649 2072 2679 Bre-

311 2698 414 2728 mius.
461 2696 685 2737 Corruptelae
716 2698 851 2735 signum
884 2696 1014 2726 addidit
1049 2696 1250 2734 Madx‘ifaius.
1286 2714 1318 2717 —
1360 2697 1389 2727 Τ.
1417 2701 1444 2726 es
1469 2697 1559 2734 alita*
1593 2700 1690 2734 atque
1713 2700 1790 2733 ιιμά
1819 2698 1839 2727 Β
1870 2699 1945 2727 'non
1971 2697 2004 2735 li)
2035 2716 2069 2719 —

311 2747 341 2777 8.
368 2748 424 2785 hys
447 2746 490 2783 133
521 2747 569 2776 his
594 2747 618 2777 O
646 2763 679 2768 -
716 2746 745 2777 9.
773 2750 830 2777 avc!
855 2746 1001 2776 omnibus
1025 2751 1081 2777 aur
1105 2748 1256 2785 plurimis
1280 2752 1308 2777 e!
1332 2747 1535 2785 [lsai-issimus
1560 2746 1790 2782 wesenberg.
1819 2746 1867 2777 tls.
1896 2746 1913 2785 Ξ
1939 2747 1989 2776 27.
2018 2747 2069 2778 34.

315 2813 349 2817 -
377 2797 461 2835 quod
492 2805 585 2826 suam
609 2798 777 2835 quemdam
802 2796 981 2835 proprium
1007 2796 1195 2836 Madvigius
1222 2798 1264 2835 ¹„i1l
1288 2797 1524 2833 adnotatione)
1563 2797 1629 2826 Sed
1656 2796 1732 2826 xidc
1759 2805 1800 2826 ne
1828 2796 1939 2836 potius
1964 2796 2070 2827 verba

313 2846 398 2884 quod
423 2846 599 2884 propriam
628 2845 774 2877 delenda
807 2847 886 2877 siut.
916 2864 950 2867 —
988 2847 1038 2876 116.
1065 2847 1109 2887 ut]
1140 2850 1167 2877 ef
1192 2847 1216 2877 E
1246 2864 1277 2868 „-
1306 2855 1378 2877 eum
1401 2847 1452 2876 uel
1476 2848 1558 2883 (oui.
1586 2849 1623 2879 el}
1652 2846 1674 2876 B
1704 2863 1736 2867 —-
1775 2846 1820 2876 17.
1848 2846 1898 2875 τιυὶ
1924 2848 2001 2879 {uon
2028 2849 2070 2885 nl)

313 2897 416 2928 etiam
443 2897 466 2927 E
488 2914 520 2918 —-
548 2906 619 2926 cum
645 2898 688 2935 is,
715 2906 787 2928 cum
813 2897 928 2938 quibus
952 2896 1213 2929 reconcinebat,
1242 2896 1328 2925 urhis
1347 2896 1534 2933 discrepare
1551 2896 1679 2926 Nonius
1698 2905 1727 2934 p.
1749 2895 1799 2926 43,
1820 2912 1862 2917 —-
1888 2895 1937 2925 ¹¹8.
1959 2895 2074 2932 quibus

313 2955 382 2977 om.
410 2947 433 2976 B
453 2963 487 2967 -
515 2947 694 2977 concinere!
718 2948 745 2977 D
765 2964 799 2968 —
828 2947 880 2977 εἶθ.
906 2946 965 2986 M]
992 2955 1103 2976 marco
1128 2947 1242 2977 1313—
1270 2947 1322 2976 ¹²2¹.
1349 2948 1469 2976 testem.
1496 2946 1684 2975 audiremus
1702 2944 1938 2983 Wesenberg:
1966 2948 2073 2975 testem

312 2997 501 3028 audiremus
517 2997 541 3026 O
561 3012 594 3018 —
623 2998 735 3027 mirati
761 3000 793 3028 et
811 2998 840 3031 Ι.
869 2997 886 3037 S
906 2998 943 3028 46
962 2998 1187 3028 aslmirarelw·
1211 2996 1302 3026 Bake
1322 2995 1364 3025 de
1383 2994 1604 3025 emendando
1624 2995 1801 3025 Ciceronis
1819 2995 1959 3024 Oratore
1979 3003 2011 3033 p.
2032 2994 2071 3024 37

314 3046 390 3078 coll.
421 3046 490 3077 Cic.
519 3046 561 3077 de
587 3047 678 3077 Orat.
706 3048 751 3082 11,
779 3047 796 3087 S
821 3048 874 3078 59.
904 3065 937 3069 —
974 3047 1023 3078 ²24.
1050 3046 1151 3084 specie
1176 3045 1207 3075 in
1232 3044 1500 3074 ministrae-ionem
1526 3044 1568 3075 13:
1600 3053 1646 3081 sp).
1676 3044 1705 3073 ιή
1731 3044 1834 3073 ιιηίιηὲ
1858 3044 2022 3073 racionem
2049 3043 2070 3072 E

316 3113 350 3118 —-
379 3095 430 3126 26.
456 3095 584 3126 ¹vobisne
608 3097 648 3131 Β;
681 3097 812 3127 nobisne
838 3097 860 3127 Ε
888 3115 922 3119 -
956 3098 1007 3128 29.
1035 3097 1057 3127 .-1
1084 3095 1173 3126 nohis
1199 3094 1402 3125 Lambinus:
1439 3094 1536 3123 Nebis
1561 3092 1662 3123 codd.
1692 3095 1725 3124 et
1750 3094 1785 3124 O.
1818 3093 1865 3123 Cf.
1895 3101 1964 3122 var.
1993 3091 2069 3122 lect.

316 3146 356 3187 §g
381 3144 433 3176 45.
460 3145 512 3176 73.
540 3146 592 3177 78.
614 3163 649 3168 -—
676 3146 728 3177 3¹.
755 3148 906 3177 rationis
928 3156 1049 3187 syenem
1075 3144 1262 3180 Madvigius
1290 3144 1331 3180 {in
1350 3143 1599 3174 adnotatione:
1628 3144 1794 3175 reostones„
1821 3150 1941 3181 Heriem
1966 3141 2068 3171 codd.

317 3197 431 3234 (etiam
456 3196 479 3226 B
495 3196 530 3233 C)
557 3197 592 3226 et
615 3196 684 3227 Mo
713 3212 746 3219 —
775 3196 826 3227 32.
852 3198 1000 3228 marimo
1024 3206 1095 3227 orn.
1122 3196 1168 3226 D:
1196 3194 1344 3224 marimo
1368 3202 1383 3223 c
1407 3203 1478 3223 orn.
1506 3194 1548 3230 133
1574 3194 1724 3224 ἰηαφ-ὶηιο
1746 3202 1836 3223 corn.
1857 3192 1897 3228 13;
1926 3192 2070 3222 innume

317 3255 388 3277 orn.
415 3246 523 3277 ceteri
547 3245 650 3277 codd.
681 3263 715 3268 —
743 3245 794 3277 34.
822 3246 909 3287 quid]
936 3247 1021 3286 quod
1045 3246 1107 3277 BE
1135 3262 1169 3266 —-
1197 3244 1248 3275 36.
1275 3244 1332 3281 hys
1356 3244 1397 3279 B3
1423 3244 1470 3274 his
1494 3244 1531 3274 O.
