2249 3624
248 121 329 162 520
911 119 980 158 DE
1013 116 1365 157 DIVINATIONE

247 235 315 277 ut,
351 243 442 270 cum
475 227 683 273 evenerit,
720 227 777 265 ita
809 224 951 271 cadat,
988 229 1034 263 ut
1064 223 1326 276 praedictum
1359 224 1431 269 sit,
1464 236 1602 276 neque
1634 223 1674 262 in
1709 237 1758 263 eo
1792 224 2016 278 quicquam

248 306 347 333 casu
389 297 429 330 et
468 290 637 330 fortuito
679 287 834 327 factum
876 300 968 326 esse
1007 291 1226 338 appareat,
1270 298 1360 324 esse
1402 291 1511 324 certe
1549 285 1849 326 divinationem
1889 287 2018 338 idque

248 368 340 394 esse
372 353 566 393 omnibus
599 349 898 390 confitendum.
967 348 1173 396 Quocirca
1206 348 1385 399 primum
1418 347 1515 386 mihi
1548 347 1729 395 videtur,
1769 354 1814 387 ut
1844 348 2019 388 Posido-

247 418 342 457 nius
372 416 492 461 facit,
540 427 562 453 a
604 413 706 459 deo,
751 411 802 451 de
844 424 926 464 quo
967 411 1067 449 satis
1100 409 1255 449 dictum
1288 415 1375 456 est,
1422 409 1571 449 deinde
1604 423 1626 449 a
1657 410 1764 457 sato,
1813 410 1964 450 deinde
1997 424 2019 450 a

214 486 394 518 anatum
431 478 493 516 vis
532 475 666 515 omnis
699 473 915 514 divinandi
946 472 1137 525 ratioque
1167 471 1408 525 repetenda.
1468 473 1575 512 Fieri
1608 472 1734 524 igitur
1765 473 1903 512 omnia
1935 472 2019 513 sato

247 541 352 581 ratio
384 540 494 592 cogit
524 537 656 578 fateri.
719 537 865 575 Fatum
898 540 1036 574 autem
1069 534 1109 573 id
1141 534 1324 586 appello,
1357 534 1469 587 quod
1493 535 1639 574 Graeci
1671 539 1944 589 εἱμαρμένην,
1976 535 2019 575 id

249 607 311 641 est
353 601 542 640 ordinem
584 600 820 651 seriemque
862 611 1102 642 causarum,
1141 610 1232 636 cum
1274 609 1423 636 causae
1462 610 1586 636 causa
1626 611 1735 637 nexa
1774 612 1858 638 rem
1891 612 1942 638 ex
1975 612 2019 638 se

249 664 402 716 gignat.
444 664 504 702 Ea
535 667 598 702 est
629 675 680 701 ex
712 660 824 700 omni
856 661 1101 699 aeternitate
1133 656 1264 697 fluens
1296 659 1446 698 veritas
1470 659 1737 712 sempiterna.
1780 659 1900 708 Quod
1925 674 2018 699 cum

249 726 305 765 ita
337 726 402 772 sit,
435 725 539 765 nihil
571 731 634 765 est
664 724 818 763 factum
850 722 960 774 quod
993 735 1078 761 non
1109 720 1295 760 futurum
1326 720 1463 767 fuerit,
1497 722 1729 775 eodemque
1761 722 1886 762 modo
1915 722 2019 761 nihil

199 799 234 828 ⁴0
250 794 313 828 est
349 788 561 833 futurum,
605 787 724 826 cuius
764 799 847 825 non
889 798 1036 824 causas
1077 784 1116 823 id
1158 784 1296 837 ipsum
1338 781 1566 823 efficientes
1606 790 1753 824 natura
1793 786 2019 824 contineat.

251 847 345 889 1126.
375 851 438 889 Ex
471 864 554 903 quo
586 848 868 900 intellegitur,
900 854 946 887 ut
976 847 1105 887 fatum
1138 848 1191 886 sit
1221 859 1305 885 non
1339 846 1405 893 id,
1445 846 1558 898 quod
1592 847 1904 900 superstitiose,
1946 846 2019 886 sed

248 913 312 959 id,
345 912 457 965 quod
489 912 661 965 physice
694 910 865 957 dicitur,
901 923 1027 950 causa
1059 915 1227 949 aeterna
1257 922 1418 955 rerum,
1451 922 1523 947 cur
1553 914 1594 948 et
1625 922 1673 948 ea
1705 922 1809 960 quae
1835 915 2020 962 praeter-

247 977 387 1016 ierunt
424 975 530 1014 facta
570 974 653 1014 sint
695 978 734 1012 et
775 985 882 1026 quae
914 973 1071 1012 instant
1102 969 1202 1010 fiant
1243 976 1283 1009 et
1322 984 1429 1024 quae
1471 977 1705 1024 sequuntur
1743 971 1882 1011 futura
1923 973 2020 1012 sint.

248 1040 309 1079 Ita
342 1037 385 1078 fit
416 1044 461 1078 ut
492 1043 531 1077 et
563 1036 850 1076 observatione
883 1035 1018 1074 notari
1051 1034 1183 1087 possit
1223 1046 1330 1085 quae
1372 1047 1435 1073 res
1478 1047 1686 1087 quamque
1727 1047 1895 1075 causam
1932 1035 2021 1088 ple-

200 1111 235 1138 45
249 1114 425 1153 rumque
459 1104 757 1153 consequatur,
790 1098 913 1137 etiam
946 1098 978 1136 si
1011 1110 1092 1136 nou
1126 1109 1290 1150 semper
1319 1119 1373 1123 —
1405 1109 1499 1135 nam
1530 1096 1570 1136 id
1604 1097 1773 1150 quidem
1804 1096 2022 1137 adfirmare

250 1162 420 1202 difficile
453 1169 515 1202 est
544 1184 600 1189 —
631 1160 885 1213 easdemque
918 1172 1064 1199 causas
1095 1159 1180 1198 veri
1216 1158 1350 1198 simile
1383 1164 1445 1197 est
1476 1173 1615 1198 rerum
1647 1157 1876 1200 futurarum
1909 1162 2022 1200 cerni

250 1227 300 1266 ab
332 1225 407 1271 iis,
440 1225 511 1278 qui
544 1230 614 1264 aut
644 1238 719 1276 per
748 1223 932 1262 furorem
965 1235 1034 1261 eas
1066 1227 1136 1261 aut
1167 1222 1207 1260 in
1242 1222 1382 1274 quiete
1413 1221 1597 1261 videant.

364 1289 466 1327 LVl.
507 1285 593 1326 1⁶27.
625 1288 844 1326 Praeterea
876 1299 968 1325 cum
1001 1284 1085 1324 fato
1118 1284 1258 1324 omnia
1289 1282 1401 1330 fiant,
1433 1284 1473 1323 id
1507 1284 1621 1337 quod
1653 1285 1735 1325 alio
1766 1286 1858 1325 loco
1881 1291 2023 1326 osten-

252 1351 385 1398 detur,
416 1351 449 1390 si
482 1351 576 1404 quis
609 1348 795 1388 mortalis
828 1349 959 1401 possit
989 1361 1094 1394 esse,
1127 1348 1198 1400 qui
1232 1347 1553 1399 conligationem
1585 1361 1800 1387 causarum
1835 1349 2021 1388 omnium

200 1422 237 1452 20
253 1412 477 1467 perspiciat
517 1412 679 1458 animo,
720 1410 823 1450 nihil
866 1424 960 1450 eum
1002 1409 1191 1463 profecto
1232 1409 1361 1449 fallat.
1423 1409 1505 1457 Qui
1549 1411 1657 1449 enim
1695 1416 1835 1451 teneat
1876 1425 2021 1451 causas

249 1490 386 1516 rerum
425 1475 689 1520 futurarum,
735 1472 845 1512 idem
889 1486 1060 1512 necesse
1110 1479 1172 1512 est
1212 1472 1353 1512 omnia
1390 1477 1556 1519 teneat,
1601 1485 1710 1525 quae
1750 1473 1887 1513 futura
1927 1475 2022 1514 sint.

252 1538 376 1587 Quod
416 1551 506 1578 cum
549 1550 671 1576 nemo
709 1535 846 1575 facere
884 1535 963 1575 nisi
1003 1535 1105 1574 deus
1136 1535 1288 1587 possit,
1330 1535 1658 1588 relinquendum
1692 1542 1755 1575 est
1786 1537 1946 1576 homini
1978 1543 2024 1577 ut

251 1602 379 1653 signis
424 1599 675 1654 quibusdam
717 1598 1019 1652 consequentia
1063 1597 1373 1636 declarantibus
1414 1596 1554 1636 futura
1594 1599 1864 1650 praesentiat.
1930 1600 2022 1638 Non

251 1664 363 1703 enim
394 1663 487 1709 illa,
534 1674 640 1715 quae
671 1661 806 1700 futura
838 1666 954 1707 sunt,
995 1660 1135 1700 subito
1177 1661 1406 1706 exsistunt,
1454 1660 1526 1699 sed
1571 1667 1633 1700 est
1675 1663 1794 1714 quasi
1836 1661 2022 1702 rudentis

199 1733 237 1764 25
252 1725 494 1779 explicatio,
535 1724 594 1763 sic
625 1724 829 1763 traductio
862 1723 1064 1776 temporis
1096 1722 1199 1762 nihil
1232 1722 1331 1761 novi
1364 1720 1584 1762 efficientis
1617 1729 1657 1763 et
1688 1725 1866 1776 primum
1901 1725 2023 1777 quid-

252 1802 333 1842 que
366 1787 620 1840 replicantis.
683 1785 803 1834 Quod
836 1791 875 1825 et
904 1786 932 1825 ii
963 1785 1131 1831 vident,
1171 1785 1323 1838 quibus
1355 1786 1557 1825 naturalis
1590 1787 1790 1827 divinatio
1823 1789 1915 1827 data
1948 1794 2022 1834 est,

251 1857 292 1890 et
323 1850 379 1897 ii,
427 1849 582 1903 quibus
624 1862 769 1888 cursus
811 1862 950 1887 rerum
988 1846 1251 1887 observando
1290 1853 1459 1887 notatus
1501 1854 1575 1888 est.
1638 1849 1719 1897 Qui
1760 1850 1836 1890 etsi
1877 1864 2023 1891 causas

249 1914 360 1966 ipsas
400 1926 485 1951 non
527 1917 724 1957 cernunt,
769 1912 886 1963 signa
924 1917 1063 1950 tamen
1105 1924 1320 1950 causarum
1364 1916 1403 1950 et
1434 1917 1552 1951 notas
1586 1918 1786 1951 cernunt:
1835 1913 1887 1953 ad
1920 1926 2023 1967 quas

250 1976 436 2015 adhibita
478 1974 675 2014 memoria
717 1980 757 2013 et
798 1973 1013 2027 diligentia
1056 1979 1096 2013 et
1135 1974 1414 2012 monumentis
1455 1974 1716 2026 superiorum
1760 1973 1937 2015 efficitur
1976 1988 2025 2016 ea

198 2047 236 2077 30
251 2038 469 2085 divinatio,
503 2050 609 2090 quae
642 2034 866 2075 artificiosa
899 2036 1064 2082 dicitur,
1097 2042 1304 2082 extorum,
1337 2036 1559 2088 fulgorum,
1593 2043 1852 2077 ostentorum
1886 2039 2023 2091 signo-

250 2114 428 2154 rumque
462 2099 717 2139 caelestium.
770 2095 862 2137 Υ128.
894 2100 985 2137 Non
1018 2105 1080 2138 est
1110 2099 1238 2151 igitur
1270 2105 1313 2139 ut
1346 2099 1578 2139 mirandum
1610 2101 1664 2139 sit
1696 2114 1743 2140 ea
1774 2101 2023 2153 praesentiri

250 2177 272 2203 a
304 2163 608 2208 divinantibus,
641 2174 748 2214 quae
780 2174 989 2214 nusquam
1021 2162 1130 2208 sint3
1163 2168 1260 2201 sunt
1291 2163 1399 2202 enim
1435 2163 1595 2209 omnia,
1627 2163 1698 2202 sed
1732 2169 1920 2216 tempore
1952 2164 2023 2203 ab-

249 2231 359 2265 sunt.
420 2227 556 2278 Atque
588 2229 634 2262 ut
664 2224 707 2262 in
739 2224 969 2263 seminibus
1000 2224 1062 2263 vis
1096 2225 1203 2263 inest
1235 2238 1376 2264 earum
1409 2239 1569 2271 rerum,
1612 2239 1717 2278 quae
1757 2240 1808 2266 ex
1846 2227 1896 2266 iis
1929 2241 2022 2280 pro-

250 2289 486 2340 gignuntm,
519 2287 577 2326 sic
608 2287 648 2325 in
682 2287 819 2325 causis
851 2286 1045 2326 conditae
1077 2293 1172 2326 suut
1203 2301 1268 2326 res
1300 2287 1486 2334 futurae,
1520 2301 1623 2340 quas
1652 2302 1743 2328 esse
1766 2289 1927 2329 futuras
1950 2296 2023 2330 aut

198 2366 235 2396 35
251 2352 457 2390 concitata
498 2363 615 2389 mens
660 2355 730 2388 aut
769 2349 904 2388 soluta
946 2362 1093 2388 somno
1128 2350 1260 2389 cernit
1291 2356 1361 2389 aut
1393 2350 1496 2389 ratio
1528 2356 1599 2390 aut
1631 2352 1873 2391 coniectura
1904 2365 2023 2406 prae-

249 2413 388 2453 sentit.
448 2413 584 2465 Atque
617 2416 663 2451 ut
693 2412 743 2456 ii,
787 2412 857 2465 qui
898 2412 998 2451 solis
1042 2417 1083 2451 et
1120 2412 1243 2451 lunae
1287 2412 1626 2465 reliquorumque
1667 2413 1851 2453 siderum
1891 2420 2022 2462 ortus,

249 2475 387 2515 obitus
419 2480 639 2527 motusque
673 2480 930 2526 cognorunt,
972 2488 1054 2528 quo
1099 2474 1287 2528 quidque
1328 2480 1515 2528 tempore
1557 2489 1701 2515 eorum
1741 2475 1927 2516 futurum
1969 2478 2023 2517 sit

248 2537 380 2576 multo
411 2542 508 2577 ante
539 2536 801 2589 praedicunt,
834 2537 893 2577 sic
925 2539 997 2590 qui
1029 2550 1195 2577 cursum
1226 2551 1364 2576 rerum
1397 2543 1727 2592 eventorumque
1760 2552 2023 2594 consequen-

334 2705 365 2735 ⁶2.
391 2705 533 2744 fortuitu
557 2705 584 2736 H
611 2722 646 2726 ——
679 2704 709 2735 3.
737 2705 887 2735 omnibus
911 2714 980 2736 orn.
1003 2706 1029 2735 ll
1059 2724 1091 2728 —
1121 2706 1151 2736 6.
1178 2709 1286 2735 autem
1312 2714 1380 2736 om.
1402 2706 1428 2736 ll
1458 2723 1491 2728 —
1520 2706 1745 2736 himarmem‘n
1771 2707 1795 2737 C
1825 2725 1858 2729 —
1887 2708 1918 2737 7.
1939 2717 2022 2738 cau-

246 2763 302 2785 sae
325 2763 427 2785 causa
451 2755 602 2794 (causam
616 2755 665 2790 Ψ)
693 2757 737 2786 C:
764 2764 865 2785 causa
891 2764 1011 2786 causae
1029 2756 1053 2786 O
1080 2773 1113 2777 —
1144 2764 1310 2786 nemu-mn
1328 2756 1353 2785 V
1382 2774 1415 2778 ——
1445 2757 1496 2787 44.
1522 2757 1649 2796 fuctum
1674 2757 1736 2787 BH
1765 2774 1797 2778 —
1833 2758 1879 2787 ¹2.
1905 2767 1966 2788 cur
1985 2767 2022 2789 ea

246 2805 274 2836 H
307 2821 341 2826 —
380 2806 431 2836 43.
460 2814 525 2845 qua
550 2806 675 2837 instant
700 2803 739 2834 Ψ
770 2823 804 2827 —-
838 2809 866 2837 e!
890 2814 967 2846 sup.
995 2804 1052 2836 lin.
1078 2806 1101 2836 B
1138 2822 1171 2826 -
1206 2810 1361 2837 secuntur
1385 2807 1464 2843 ΒΗ,
1502 2810 1679 2845 sequentur
1703 2807 1863 2838 Daxisius
1898 2825 1930 2828 —
1969 2808 2019 2840 it.

246 2858 276 2884 et
300 2863 368 2885 om.
388 2855 417 2884 V
450 2872 484 2877 —
521 2864 761 2895 quamcumque
786 2856 813 2886 V
843 2874 885 2878 ——
912 2856 1114 2895 plurimique
1139 2853 1179 2884 V¹
1208 2872 1242 2877 —-
1283 2856 1318 2885 16
1359 2856 1463 2887 simile
1487 2860 1530 2887 est
1555 2857 1744 2888 Manutius:
1772 2858 1893 2888 similes
1918 2858 1941 2888 C
1970 2858 2020 2897 (in

245 2906 269 2936 B
295 2906 470 2945 posterius
494 2914 508 2936 s
532 2914 572 2936 ex
599 2906 704 2943 corr.)
745 2923 777 2927 —
822 2906 874 2936 47.
900 2906 927 2936 is
950 2904 1000 2942 B¹,
1038 2906 1085 2935 his
1111 2903 1147 2936 13²
1184 2923 1218 2927 —
1267 2906 1317 2937 ⁴8.
1344 2907 1521 2944 Propterea
1553 2905 1670 2937 malim
1708 2923 1742 2927 —
1788 2907 1822 2936 id
1846 2908 1932 2944 quod
1955 2907 2022 2938 alio

245 2954 314 2985 loco
339 2956 525 2985 ostendetur
548 2956 731 2994 Hottinger
755 2956 787 2986 in
816 2956 1053 2996 suspicionem
1079 2957 1217 2987 vocavit
1245 2974 1278 2978 —
1313 2957 1496 2987 ostenderes
1520 2957 1546 2987 H
1578 2974 1608 2978 —-
1644 2956 1698 2987 20.
1725 2957 1850 2996 animo]
1876 2957 1969 2987 initio
1994 2957 2021 2987 H

249 3021 283 3026 —
310 3004 397 3042 f'allit
424 3005 462 3041 Η,
488 3006 578 3043 fallet
605 3006 628 3035 V
655 3015 696 3036 ex
721 3014 811 3036 corr.
838 3024 881 3028 —
916 3007 969 3037 24.
995 3011 1040 3037 est
1065 3014 1134 3036 oni.
1157 3007 1181 3036 Η
1223 3024 1254 3029 -
1294 3005 1346 3038 424.
1375 3008 1460 3037 enim
1485 3015 1554 3037 om.
1576 3007 1603 3037 H
1644 3024 1676 3029 —
1714 3015 1746 3037 se
1770 3010 1814 3036 est
1838 3005 1877 3037 ΑΙ
1904 3024 1938 3029 -
1966 3007 2018 3037 25.

245 3055 394 3085 tradutio
418 3056 443 3084 Α
471 3071 504 3076 -
545 3056 729 3095 efficientis,
755 3057 809 3087 sed
834 3056 919 3086 Rath
947 3073 981 3077 —
1021 3056 1158 3095 quicque
1182 3057 1208 3086 A
1219 3056 1245 3085 V
1273 3074 1307 3078 —
1346 3057 1398 3086 ³26.
1425 3056 1625 3095 explicantis
1648 3055 1886 3095 wyttenbneh
1920 3072 1954 3078 —
1989 3055 2022 3086 hi

245 3105 269 3134 Α
286 3103 308 3133 Β
326 3103 367 3140 V,
399 3103 445 3133 hii
470 3104 516 3143 H,
553 3107 585 3135 et
611 3106 659 3135 sic
685 3106 768 3136 item
794 3104 897 3145 paulo
923 3107 1001 3145 post
1031 3123 1072 3128 —
1107 3106 1159 3136 28.
1187 3109 1325 3136 cernant
1348 3105 1386 3136 B¹
1422 3124 1454 3128 -
1495 3107 1538 3136 ad
1563 3107 1634 3145 quis
1664 3106 1691 3136 H
1725 3124 1760 3128 —
1799 3106 1851 3137 29.
1878 3109 1908 3137 et
1932 3114 2018 3136 mon..

244 3153 372 3184 ABH:
401 3162 444 3184 esc
466 3163 554 3184 mon.
575 3155 690 3193 VfflO
719 3173 752 3177 —-
781 3155 832 3185 30.
860 3155 938 3186 fort.
965 3159 1134 3188 castorum.
1162 3156 1296 3191 auium,
1321 3156 1402 3195 [αῖς.
1435 3174 1468 3178 -
1494 3156 1667 3196 fulgurum
1692 3156 1716 3186 O
1745 3173 1778 3178 -—
1806 3155 1858 3186 32.
1887 3155 2021 3186 divina—

242 3203 383 3234 tionibus
411 3203 434 3233 ΙΙ
471 3220 505 3225 —
544 3213 709 3242 nusquam
734 3206 768 3235 Ρ.
790 3205 981 3237 Victorius:
1016 3214 1197 3244 numquam.
1222 3206 1246 3235 C
1283 3224 1318 3228 —
1357 3206 1407 3238 33.
1436 3207 1484 3237 his
1509 3207 1533 3237 (Σ
1569 3223 1603 3228 -—
1637 3206 1688 3237 36.
1716 3209 1751 3236 ut
1776 3214 1845 3237 om.
1866 3206 1892 3237 H
1922 3222 1954 3227 —
1988 3203 2020 3234 hi

241 3254 305 3285 AB
322 3253 360 3292 V,
386 3254 432 3284 hii
458 3254 483 3285 Η
513 3272 547 3276 -
575 3254 628 3285 37.
656 3259 844 3286 connorunt
868 3257 895 3287 A
922 3273 956 3278 -—
986 3260 1170 3296 temporum
1196 3256 1234 3286 ll.
