2249 3624
236 188 282 231 84
293 189 318 230 6
912 192 982 232 DE
1013 192 1081 232 RE
1111 191 1339 233 PUBLICA

813 368 1048 415 LIBER
1078 369 1443 417 TERTIUS.

502 465 881 518 Argumentum
913 467 1217 519 Augustini.
1259 464 1329 519 (De
1350 468 1459 507 civit.
1483 468 1545 507 dei
1574 468 1632 516 II,
1655 465 1736 520 Ξ1.)

350 547 470 588 Cuius
498 546 739 599 quaestionis
768 547 984 598 eaeplicatio
1015 561 1104 587 cum
1134 548 1176 587 in
1206 548 1308 587 diem
1338 555 1631 601 consequentem
1661 550 1787 589 dilata
1817 556 1933 596 esset,
1965 551 2008 590 in

234 611 351 651 tertio
381 610 481 649 libro
512 621 657 660 maqna
687 610 931 661 conflictione
961 623 1024 649 res
1051 617 1141 649 acta
1162 617 1229 650 est.
1268 611 1448 662 Suscepit
1468 613 1572 651 enim
1592 611 1734 652 Philus
1761 613 1843 664 ipse
1872 613 2007 664 dispu-

234 673 422 713 tationem
451 684 611 719 eorum,
653 673 721 724 qui
750 673 939 711 sentirent
970 674 1052 712 sine
1082 674 1284 712 iniustitia
1313 674 1397 725 qeri
1432 686 1511 713 non
1535 688 1651 726 posse
1681 687 1765 714 rem
1786 674 2005 726 publicam,

230 748 410 788 purqans
436 735 665 786 praecipue,
705 747 752 775 ne
782 735 854 773 hoc
884 735 965 786 ipse
995 736 1139 775 sentire
1169 736 1414 775 crederetur:
1455 737 1606 789 eqitque
1635 737 1767 776 sedulo
1790 749 1870 788 pro
1901 737 2009 776 iniu-

202 800 346 839 5stitia
375 804 513 838 contra
542 797 750 843 iustitiam,
782 803 825 836 ut
854 798 956 836 hanc
987 811 1064 837 esse
1096 799 1231 838 utilem
1259 799 1319 838 rei
1344 799 1546 851 publicae,
1576 800 1688 839 illam
1713 811 1802 839 vero
1829 799 2009 838 inutilem

232 862 315 901 veri
344 860 540 900 similibus
570 861 793 899 rationibus
824 866 858 899 et
887 862 1079 912 exemplis
1108 862 1210 901 velut
1240 868 1453 901 conaretur
1473 863 1683 902 ostendere.
1728 862 1827 901 Tum
1848 862 2010 901 Laelius

231 924 464 977 roqantibus
497 923 678 963 omnibus
716 923 913 962 iustitiam
949 923 1147 975 defendere
1187 924 1398 976 adqressus
1438 931 1492 963 est
1531 924 1783 977 adseruitque
1818 931 2010 977 quantum

224 987 369 1039 potuit,
399 986 502 1025 nihil
531 992 613 1026 tam
642 987 850 1025 inimicum
880 999 999 1038 quam
1029 987 1270 1026 iniustitiam
1302 987 1454 1026 civitati
1483 999 1552 1026 nec
1581 988 1742 1026 omnino
1763 988 1843 1027 nisi
1863 1000 2009 1040 maqna

231 1050 386 1090 iustitia
421 1049 508 1102 qeri
544 1055 612 1088 aut
649 1055 754 1088 stare
779 1062 894 1101 posse
925 1061 1007 1088 rem
1032 1049 1246 1100 publicam.
1312 1049 1401 1098 Qua
1432 1050 1658 1101 quaestione
1687 1057 1879 1102 quantum
1908 1051 2009 1090 satis

182 1119 218 1148 ⁴0
234 1113 360 1152 cisum
389 1118 443 1152 est
470 1118 717 1164 pertractata
747 1112 881 1164 Scipio
919 1112 970 1151 ad
1006 1112 1232 1151 intermissa
1262 1113 1477 1151 revertitur
1507 1112 1718 1164 recolitque
1748 1126 1862 1153 suam
1892 1120 2007 1165 atque

230 1175 471 1216 commendat
500 1175 652 1215 brevem
681 1176 740 1214 rei
764 1176 945 1227 publicae
963 1176 1236 1227 definitionem,
1259 1189 1337 1227 qua
1357 1176 1519 1214 dixerat
1542 1189 1628 1214 eam
1649 1189 1728 1215 esse
1749 1188 1833 1215 rem
1848 1176 2003 1228 populi,

226 1239 416 1292 populum
452 1244 581 1277 autem
610 1251 688 1277 non
719 1251 870 1277 omnem
901 1245 1050 1277 coetum
1080 1238 1368 1283 multitudinis,
1410 1238 1475 1277 sed
1505 1244 1654 1277 coetum
1683 1239 1789 1278 iuris
1818 1251 2008 1278 consensu

231 1309 266 1342 et
294 1301 481 1341 utilitatis
517 1301 788 1340 communione
818 1301 1011 1340 sociatum
1043 1314 1122 1340 esse
1153 1301 1402 1340 determinat.
1462 1301 1583 1339 Docet
1612 1301 1748 1340 deinde
1777 1306 1926 1353 quanta
1954 1301 2007 1340 sit

229 1366 273 1405 in
309 1363 545 1416 disputando
580 1363 820 1415 definitionis
854 1363 1008 1402 utilitas
1026 1392 1037 1411 ,
1080 1369 1196 1415 atque
1227 1376 1278 1402 ea:
1308 1364 1391 1402 illis
1421 1365 1505 1403 suis
1535 1364 1826 1415 definitionibus
1856 1364 2007 1415 colliqit

179 1432 322 1468 ⁴5tunc
351 1440 430 1467 esse
461 1438 545 1466 rem
571 1426 792 1478 publicam,
833 1425 874 1464 id
904 1431 959 1464 est
990 1438 1073 1465 rem
1095 1426 1254 1477 populi,
1297 1439 1386 1465 cum
1416 1427 1505 1465 bene
1535 1439 1582 1466 ac
1612 1426 1714 1465 iuste
1742 1427 1898 1478 qeritur
1926 1427 2007 1466 sive

229 1491 276 1530 ab
305 1503 383 1529 uno
413 1501 501 1541 reqe
531 1489 610 1528 sice
641 1501 666 1528 a
690 1489 834 1540 paucis
864 1488 1118 1540 optimatibus
1156 1489 1236 1527 sii-e
1272 1490 1318 1528 ab
1349 1490 1533 1530 universo
1563 1491 1720 1542 populo.
1782 1491 1885 1530 Cum
1913 1502 2006 1529 vero

228 1554 402 1594 iniustus
431 1557 486 1591 est
515 1563 616 1598 rex,
649 1564 762 1602 quem
792 1557 1007 1603 tyrannum
1037 1563 1145 1589 more
1179 1551 1331 1591 Graeco
1362 1553 1598 1604 appellavit,
1633 1559 1703 1591 aut
1733 1553 1875 1591 iniusti
1904 1552 2006 1604 opti-

229 1623 364 1665 males,
394 1627 563 1668 quorum
592 1626 822 1652 consensum
851 1613 959 1653 dixit
989 1627 1068 1653 esse
1093 1613 1319 1665 factionem,
1352 1621 1422 1654 aut
1442 1616 1615 1655 iniustus
1635 1616 1717 1666 ipse
1732 1615 1916 1667 populus,
1940 1614 2007 1653 cui

228 1693 368 1720 nomen
396 1679 588 1718 usitatum
618 1689 697 1716 non
727 1677 871 1728 reperit
901 1677 981 1715 nisi
1010 1683 1052 1715 ut
1083 1677 1202 1715 ctiam
1232 1677 1361 1729 ipsum
1383 1684 1597 1732 tyrannum
1621 1683 1799 1724 vocaret,
1822 1690 1901 1716 non
1921 1677 2005 1717 iam

178 1745 214 1775 20
227 1743 424 1788 vitiosam,
455 1741 557 1779 sicut
580 1740 713 1791 pridie
738 1741 873 1791 fuerat
902 1740 1158 1791 disputatum,
1185 1739 1262 1785 scd,
1286 1741 1388 1780 sicut
1413 1742 1518 1780 ratio
1540 1754 1590 1780 ex
1613 1741 1695 1780 illis
1714 1740 2004 1793 definitionibus

227 1818 380 1845 conexa
409 1804 614 1849 docuisset,
646 1803 806 1841 omnino
835 1803 988 1841 nullam
1017 1815 1096 1841 csse
1128 1815 1209 1841 rem
1234 1803 1455 1853 publicam,
1488 1803 1675 1855 quoniam
1705 1815 1784 1842 non
1813 1809 1909 1842 esset
1940 1815 2003 1841 res

223 1869 377 1921 populi,
410 1879 498 1906 cum
529 1873 725 1919 tyrannus
755 1879 840 1905 cam
866 1866 1035 1917 factiose
1066 1871 1299 1918 capesseret,
1333 1878 1402 1904 nec
1431 1866 1512 1917 ipse
1535 1865 1708 1916 populus
1733 1865 1816 1903 iam
1829 1864 2003 1916 populus

227 1938 341 1977 esset,
373 1931 409 1970 si
439 1934 535 1969 esset
564 1929 749 1977 iniustus,
780 1928 967 1979 quoniam
997 1940 1076 1966 non
1106 1933 1203 1967 esset
1233 1927 1442 1966 multitudo
1474 1928 1577 1966 iuris
1607 1940 1797 1967 consensu
1827 1933 1862 1967 et
1892 1927 2003 1966 utili-

227 1994 322 2033 tatis
350 1992 622 2033 communione
651 1992 827 2039 sociata,
861 1991 963 2030 sicut
987 1990 1158 2042 populus
1184 1991 1319 2042 fuerat
1348 1991 1541 2043 definitus.

1106 2134 1127 2154 η(

910 2164 932 2185 *k
1299 2166 1320 2185 *k

176 2221 213 2252 25
340 2206 371 2245 Ι.
418 2202 456 2248 l,
501 2205 551 2244 In
587 2204 689 2244 libro
726 2203 842 2242 tertio
880 2203 925 2242 de
963 2215 1006 2242 re
1040 2203 1200 2255 publica
1234 2204 1388 2243 Tullius
1424 2203 1620 2242 hominem
1659 2203 1755 2243 dicit
1790 2216 1870 2243 non
1904 2209 1948 2243 ut
1977 2216 2003 2243 a

227 2275 377 2316 matre,
415 2268 480 2307 sed
508 2274 550 2306 ut
581 2281 606 2307 a
636 2279 803 2306 noverca
832 2273 982 2305 natura
1013 2267 1157 2305 editum
1187 2267 1230 2305 in
1258 2267 1404 2312 vitam,
1447 2279 1610 2318 corpore
1639 2266 1767 2314 nuda,
1796 2266 1940 2318 fraqili
1968 2271 2004 2304 et

226 2333 401 2385 infirmO,
434 2331 569 2369 animo
599 2336 729 2368 autem
759 2330 886 2367 arzxto
917 2329 969 2367 ad
1000 2329 1211 2375 molestias,
1245 2329 1389 2368 humili
1418 2329 1470 2369 ad
1490 2330 1666 2375 timores,
1693 2329 1802 2368 molli
1823 2329 1874 2368 ad
1894 2328 2002 2367 labo-

226 2408 302 2440 res,
327 2406 458 2446 prono
489 2393 540 2432 ad
571 2392 764 2440 libidines,
797 2392 838 2430 in
870 2404 944 2443 quo
976 2396 1106 2430 tamen
1135 2392 1275 2431 inesset
1306 2398 1508 2443 tamquam
1538 2392 1700 2431 obrutus
1720 2391 1881 2443 quidam
1900 2391 2003 2430 divi-

226 2470 302 2497 nus
331 2456 438 2508 iqnis
467 2455 619 2507 inqenii
649 2460 683 2493 et
712 2455 865 2493 mentis.
913 2451 1247 2505 (Augustinus
1278 2461 1418 2493 contra
1438 2455 1642 2493 Iulianum
1666 2454 1795 2505 Pelaq.
1826 2454 1896 2500 IV,
1918 2450 2000 2505 42.)

176 2532 214 2562 30
341 2516 379 2557 ‘'2.
412 2518 542 2556 Homo
572 2530 662 2556 cum
686 2516 851 2567 sraqilis
880 2515 1158 2567 imbecillisque
1187 2522 1389 2562 nascatur,
1421 2522 1552 2555 tamen
1583 2522 1616 2555 et
1638 2529 1663 2554 a
1683 2515 1803 2555 mutis
1822 2515 2001 2554 omnibus

226 2588 334 2623 tutus
364 2588 431 2627 est,
463 2586 497 2621 et
526 2594 572 2620 ea
601 2580 751 2626 omnia,
783 2592 881 2631 quae
907 2579 1094 2630 firmiora
1124 2585 1359 2626 nascuntur,
1394 2579 1511 2619 etiam
1542 2579 1578 2618 si
1606 2578 1687 2617 vim
1715 2577 1815 2617 caeli
1839 2578 2002 2630 sortiter

313 2731 346 2763 2.
372 2729 577 2770 conflictione
607 2727 685 2759 cod.
713 2726 938 2759 Corbeiensis
971 2727 1005 2758 et
1034 2725 1192 2767 plerique
1218 2725 1362 2767 reliqui:
1402 2727 1642 2767 conflictatione
1674 2726 1781 2758 Paris.
1807 2726 1891 2757 ‘2050
1917 2727 1952 2757 et.
1975 2725 2001 2757 O

230 2798 264 2804 —
292 2779 322 2812 3.
348 2780 419 2820 qeri
443 2779 548 2811 Corb.
576 2780 611 2810 et
634 2777 710 2808 alii:
736 2778 807 2817 reqi
831 2777 855 2808 O
884 2795 917 2798 —
946 2775 976 2807 4.
1001 2785 1153 2816 purgans
1169 2785 1200 2807 se
1226 2777 1330 2807 Paris.
1350 2777 1434 2808 ‘2050
1461 2776 1535 2816 (sed
1554 2785 1591 2826 se
1615 2776 1768 2814 erasum)
1795 2774 2000 2807 ed.Bened.

227 2831 252 2862 O
292 2847 326 2852 —
363 2830 416 2861 20.
440 2829 570 2868 pridem
594 2827 700 2859 Corb.
736 2845 778 2851 —
816 2826 869 2857 26.
895 2829 1020 2857 natura
1050 2827 1189 2857 Osanno
1222 2826 1335 2865 glossa
1368 2826 1519 2858 videtur.
1568 2827 1642 2857 Huc
1666 2825 1832 2857 Lactantii
1858 2832 2000 2865 quoque

225 2879 323 2912 locus
348 2880 386 2910 de
408 2879 538 2919 opificio
560 2878 610 2909 dei
634 2886 663 2908 c..
680 2877 698 2908 3
723 2876 863 2907 videtur
887 2876 1082 2916 pertinere:
1111 2878 1302 2915 Queruntur
1321 2878 1481 2908 hominem
1506 2877 1604 2908 nimis
1629 2875 1780 2916 (maqis‘l)
1807 2873 2002 2905 imbecillum

226 2932 256 2960 et
277 2928 433 2969 srayilem
456 2929 547 2959 nasci
572 2936 672 2967 quam
696 2930 804 2958 celera
828 2926 993 2956 animalia
1017 2930 1219 2963 nascuntur,·
1251 2935 1338 2967 quae
1366 2931 1401 2957 ut
1429 2930 1504 2957 sunt
1527 2927 1615 2957 edita
1639 2935 1682 2957 ω
1705 2929 1817 2963 utero,
1848 2924 2002 2963 protinus

225 2979 259 3009 in
279 2978 376 3017 pedes
398 2986 472 3007 suos
494 2978 578 3017 eriqi
602 2980 632 3008 et
655 2978 773 3017 qeslire
797 2975 998 3006 discursibus
1022 2975 1196 3014 statimque
1221 2977 1295 3006 acri
1319 2976 1489 3006 tolerando
1512 2976 1632 3007 idonea
1647 2983 1725 3013 csse,
1744 2975 1832 3015 quod
1846 2975 1880 3004 in
1897 2973 2001 3005 lucem

224 3027 435 3058 naturalibus
462 3027 659 3058 indumentis
686 3026 815 3057 munita
834 3028 1074 3064 processerant:
1109 3025 1269 3056 hominem
1300 3030 1417 3057 contra
1447 3026 1572 3056 nudum
1595 3028 1626 3057 et
1647 3026 1806 3056 inermem
1829 3027 2000 3063 tamquam

226 3086 269 3108 ex
290 3077 471 3116 naufraqio
494 3077 527 3107 in
551 3077 646 3107 huius
668 3077 755 3107 vitae
779 3076 931 3106 miserias
950 3075 1057 3115 proici
1083 3078 1112 3106 et
1136 3075 1267 3114 camelli,
1294 3077 1349 3115 qui
1373 3085 1476 3116 neque
1498 3085 1630 3107 movere
1652 3084 1684 3107 se
1708 3075 1790 3114 loco,
1807 3074 1862 3105 ubi
1879 3074 2001 3113 effusus

226 3130 291 3164 est,
311 3126 415 3165 possit
438 3135 495 3156 nec
520 3125 711 3157 alimentum
734 3126 828 3156 lactis
851 3126 1003 3164 adpetere
1026 3133 1083 3155 nec
1106 3125 1267 3155 iniuriam
1291 3127 1446 3164 temporis
1468 3126 1566 3165 ferre.
1614 3125 1728 3164 Itaque
1750 3127 1910 3155 naturam
1932 3132 1999 3154 non

225 3179 369 3207 matrem
391 3183 456 3205 esse
478 3175 612 3205 humani
635 3175 775 3215 qcncris,
801 3175 855 3206 sed
878 3183 1053 3205 novercam
1078 3182 1162 3213 quae
1185 3183 1259 3205 cum
1283 3177 1382 3206 mulis
1397 3180 1466 3206 tam
1482 3174 1662 3206 liberaliter
1677 3175 1812 3214 qesserit
1830 3173 1995 3214 (egerim),

224 3225 388 3256 hominem
410 3232 487 3254 vero
510 3224 555 3254 sic
578 3225 744 3263 effuderit,
778 3227 814 3254 ut
842 3225 938 3263 inops
967 3227 996 3255 el
1020 3225 1170 3262 infirmus
1193 3228 1222 3254 cl
1247 3225 1334 3255 ouini
1359 3225 1488 3255 aucilio
1511 3225 1660 3264 indigens
1682 3224 1763 3254 nihil
1785 3224 1878 3254 aliud
1896 3223 1997 3262 possit

226 3283 327 3313 quam
347 3274 544 3313 fragilitatis
565 3282 644 3304 suae
667 3274 889 3305 condicionem
909 3274 1046 3313 ploratu
1069 3282 1109 3304 ac
1130 3274 1258 3314 fletibus
1282 3274 1439 3314 ominari,
1464 3274 1596 3313 scilicet,
1623 3273 1705 3306 «Cui
1728 3277 1858 3306 tantum
1876 3274 1909 3304 in
1924 3273 1994 3304 vita

226 3327 323 3357 restet
345 3324 490 3356 transire
511 3323 710 3354 malorum.»
749 3324 896 3363 (Lucret.
923 3323 964 3363 V,
982 3323 1073 3364 227.)
