2249 3624
290 239 397 285 4034-
1027 249 1309 291 CICERONIS

290 350 537 402 Oenopionis
565 365 691 392 avens
719 353 863 404 epulas
888 366 1033 392 ornare
1067 354 1247 392 nitentis.
1942 363 2039 400 425

286 414 338 450 At
364 425 479 463 vero,
506 414 683 465 pedibus
712 415 846 454 subito
875 428 1073 467 percussa
1099 416 1272 460 Dianae,

285 474 424 515 Insula
452 477 643 517 discessit
669 479 923 530 disiectaque
954 491 1053 518 saxa
1082 479 1287 518 revellens
1971 487 2042 526 675

286 538 463 578 Perculit
488 545 527 579 et
555 553 698 580 caecas
725 541 912 581 lustravit
942 540 1033 580 luce
1066 541 1254 580 lacunas:

284 599 315 637 E
346 601 495 651 quibus
523 603 675 652 ingenti
707 604 844 643 existit
869 616 961 642 cum
991 616 1162 655 corpore
1190 617 1290 655 prae
1321 617 1365 643 se

286 663 477 715 Scorpios
508 665 678 705 infestus
706 672 976 718 praeportans
1002 666 1138 705 flebile
1170 680 1354 706 acumen.
1378 664 1381 665 ⁷
1947 677 2044 712 43⁰

284 726 355 764 Hic
386 726 520 766 valido
556 727 703 780 cupide
734 735 950 768 venantem
980 729 1155 781 perculit
1181 731 1285 780 ictu,

283 788 526 828 Mortiferum
555 791 594 828 in
620 803 747 830 venas
774 790 950 830 fundens
978 804 1054 843 per
1080 790 1250 832 vulnera
1278 794 1411 832 virus:
1974 801 2046 838 680

282 850 355 888 Ille
378 853 488 901 gravi
517 853 693 893 moriens
721 855 944 894 constravit
969 867 1141 906 corpore
1168 861 1334 896 terram.

284 914 419 959 Quare
449 928 541 954 cum
573 917 730 966 magnis
763 928 855 955 5656
887 918 999 968 Nepa
1035 917 1197 956 lucibus
1235 919 1371 968 eflert,

285 975 409 1015 Orion
438 977 594 1028 fugiens
622 980 882 1018 commendat
911 992 1082 1031 corpora
1110 982 1242 1019 terris.
1947 990 2043 1027 435

285 1040 383 1077 Tum
412 1052 508 1079 vero
539 1042 637 1092 fugit
667 1042 932 1082 Andromeda
958 1049 997 1081 et
1023 1044 1224 1094 Neptunia
1253 1045 1399 1083 Pistrix

284 1103 381 1141 Tota
408 1102 525 1142 latet:
558 1104 666 1143 cedit
694 1118 893 1145 converso
925 1118 1096 1157 corpore
1131 1107 1345 1158 Cepheus,
1970 1114 2042 1153 685

281 1166 495 1206 Extremas
524 1167 656 1206 medio
684 1170 925 1219 contingens
951 1182 1121 1220 corpore
1154 1176 1297 1209 terras.

282 1229 352 1267 Hic
380 1235 502 1281 caput
532 1235 571 1268 et
598 1243 771 1282 superas
800 1232 905 1283 potis
934 1238 997 1270 est
1030 1232 1271 1282 demergere
1304 1238 1459 1283 partes:

283 1291 412 1331 Inlera
442 1291 672 1332 lumborum
703 1307 926 1346 numquam
955 1297 1183 1334 convestiet
1215 1296 1374 1335 umbra.
1946 1302 2046 1338 440

281 1355 380 1393 Nam
409 1356 586 1394 retinent
611 1358 783 1407 Arctoe,
817 1357 1040 1397 lustrantes
1069 1357 1220 1397 lumine
1253 1371 1384 1397 suras.

281 1417 447 1456 Labitur
471 1417 538 1458 illa
567 1419 707 1468 simul,
736 1426 901 1470 gnatam
935 1421 1151 1460 lacrimosa
1184 1422 1423 1472 requirens,
1974 1426 2046 1464 690

283 1480 516 1532 Cassiepia,
548 1493 683 1532 neque
713 1494 763 1520 ex
796 1482 909 1521 caelo
944 1481 1117 1534 depulsa
1151 1483 1300 1521 decore

280 1543 440 1581 Fertur:
472 1556 565 1583 nam
597 1556 716 1583 verso
744 1546 984 1595 contingens
1014 1547 1167 1584 vertice
1197 1547 1372 1597 primum

281 1606 448 1654 Terras,
478 1611 571 1657 post
604 1607 754 1645 umeris
783 1620 928 1647 eversa
956 1607 1056 1646 sede
1089 1609 1275 1647 refertur.
1945 1615 2043 1651 445

280 1668 391 1706 Hanc
418 1667 472 1706 illi
502 1668 685 1708 tribuunt
711 1682 886 1720 poenam
919 1670 1116 1709 Nereides
1143 1670 1302 1720 almae,

282 1730 383 1769 Cum
409 1730 578 1781 quibus,
608 1737 651 1770 ut
680 1732 915 1782 perhibent,
947 1746 1044 1772 ausa
1074 1739 1137 1772 est
1164 1733 1413 1772 contendere
1442 1735 1582 1773 forma.
1968 1740 2040 1778 695

279 1792 388 1831 Haec
416 1792 500 1831 obit
526 1793 737 1833 inclinata:
770 1801 810 1834 at
834 1808 929 1847 pars
957 1802 1097 1835 exorta
1130 1797 1315 1835 Coronae
1345 1803 1406 1835 est

279 1855 441 1906 Altera,
473 1869 563 1895 cum
598 1858 812 1909 caudaque
844 1860 974 1898 omnis
999 1860 1077 1898 iam
1105 1860 1296 1911 panditur
1321 1860 1468 1911 Hydra.

279 1920 331 1957 At
358 1925 479 1970 caput
507 1925 546 1958 et
577 1926 704 1959 totum
737 1933 829 1960 sese
863 1923 1094 1962 Centaurus
1128 1923 1266 1974 opacis
1942 1929 2043 1965 450

278 1981 407 2032 Eripit
435 1995 455 2020 e
483 1983 686 2033 tenebris,
725 1983 916 2035 linquens
950 1986 1119 2035 vestigia
1150 1998 1277 2038 parva

279 2045 539 2095 Antepedum
567 2051 775 2090 contecta,
811 2047 927 2086 simul
957 2059 1046 2086 cum
1077 2047 1229 2085 lumine
1261 2047 1406 2098 pandit
1970 2052 2044 2089 700

278 2108 373 2157 lpse
401 2107 526 2146 feram
556 2107 699 2147 dextra
726 2109 932 2158 retinens,
961 2113 1021 2147 sed
1056 2117 1172 2147 celera
1205 2113 1330 2158 magni

280 2171 497 2217 Eoespectant
524 2172 636 2208 Arcus
664 2179 791 2209 orcum.
848 2172 1075 2211 Prolabitur
1100 2171 1196 2210 inde

279 2233 558 2281 Anguitenens
586 2234 718 2285 capite
747 2240 787 2272 et
812 2235 1019 2274 manibus:
1051 2236 1203 2285 profert
1233 2234 1351 2272 simul
1379 2236 1532 2285 Anguis

280 2296 362 2333 lam
392 2302 514 2347 caput
549 2301 587 2334 et
616 2308 818 2335 summum
852 2297 958 2335 flexo
987 2297 1038 2335 de
1070 2309 1241 2348 corpore
1274 2297 1424 2335 lumen.
1944 2303 2042 2339 455

380 2370 449 2407 Hic
481 2369 547 2407 ille
574 2372 756 2409 exoritur
787 2384 986 2410 converso
1017 2384 1188 2422 corpore
1220 2373 1371 2421 Nixus,
1968 2376 2042 2414 705

279 2431 443 2481 Alvum,
482 2445 619 2482 crura,
659 2446 845 2480 umeros,
886 2434 1005 2472 simul
1035 2439 1074 2472 et
1101 2434 1341 2484 praecordia
1374 2435 1575 2485 lustrans,

279 2494 328 2531 Et
356 2494 499 2533 dextra
526 2496 661 2534 radios
690 2495 795 2535 laeto
824 2509 915 2535 cum
944 2496 1095 2534 lumine
1129 2497 1298 2534 iactans.

280 2556 380 2593 Inde
409 2558 805 2608 Sagittipotens
834 2571 1008 2610 superas
1042 2571 1132 2597 cum
1161 2559 1294 2596 visere
1324 2558 1437 2597 luces

280 2619 447 2668 Institit,
478 2621 648 2670 emergit
675 2621 762 2659 Nixi
792 2626 938 2671 caput,
971 2627 1010 2659 et
1039 2620 1157 2659 simul
1188 2621 1302 2659 ell'ert
1807 2627 1809 2629 ’
1942 2628 2042 2662 460

281 2681 382 2718 Sese
411 2680 519 2720 clara
547 2681 667 2721 Fides
697 2688 736 2721 et
763 2684 911 2734 promit
938 2689 1106 2733 pectore
1136 2684 1342 2734 Cepheus,
1902 2692 1904 2694 ’
1968 2688 2044 2725 ’710

366 2870 439 2902 425.
467 2872 578 2910 epulas
601 2881 738 2903 coenare
764 2874 786 2903 P
812 2889 847 2895 —
874 2873 1011 2904 nitentes
1034 2874 1059 2903 0
1086 2890 1118 2894 —
1148 2873 1223 2905 4¹26.
1246 2883 1404 2913 pereussa
1429 2873 1635 2905 Lambinus:
1671 2883 1811 2912 pereusa
1835 2875 1939 2913 HCS,
1962 2884 2040 2914 per-

279 2921 368 2951 culsa
393 2923 415 2951 P
442 2937 474 2941 —
504 2920 577 2952 427.
603 2922 756 2953 reuellins
780 2923 805 2952 Η
836 2940 868 2943 -
896 2922 969 2953 429.
998 2931 1072 2952 cum
1096 2930 1164 2953 om.
1194 2924 1218 2954 Η
1248 2942 1281 2945 -
1310 2924 1384 2955 430.
1412 2924 1530 2963 infesta
1555 2924 1694 2954 HCSP.
1715 2924 1803 2954 Fort.
1830 2924 1956 2963 infesto.
1980 2924 2038 2955 On.

281 2970 354 3001 432.
379 2971 515 3010 fundens
540 2972 612 3002 (ISz
649 2971 742 3010 fuens
766 2971 807 3009 11,
832 2971 958 3011 fulyens
983 2973 1017 3008 P,
1042 2972 1144 3011 fissens
1176 2973 1201 3002 O
1240 2991 1272 2995 —
1306 2975 1397 3005 uiros
1422 2974 1462 3009 11,
1496 2982 1566 3005 om.
1600 2974 1623 3004 C
1662 2989 1696 2994 —
1735 2973 1810 3004 436.
1846 2973 1909 3012 fuit
1940 2974 1965 3005 H
2003 2991 2036 2996 —

280 3018 354 3050 440.
379 3020 514 3050 umbras
539 3020 563 3050 ll
593 3037 625 3040 ——
654 3020 730 3055 444,
754 3023 865 3051 arctoe
892 3021 915 3051 Η
943 3021 1039 3057 ((}S]:
1067 3024 1160 3051 arelo
1184 3023 1208 3052 P
1237 3040 1269 3043 —
1297 3032 1395 3053 suras
1418 3023 1608 3054 Victorius:
1645 3032 1771 3053 summo
1796 3023 1905 3061 Hcs,
1932 3032 1990 3054 suo
2016 3025 2039 3054 P

285 3085 318 3090 —
345 3067 419 3100 443.
446 3069 612 3108 Cassiepia
635 3070 744 3102 llus:
772 3070 930 3109 Casiopea
956 3072 988 3107 Ρ,
1016 3070 1183 3109 Cassiopea
1208 3072 1232 3101 Ο
1266 3089 1291 3093 —
1322 3071 1395 3104 tlt-si.
1421 3082 1517 3104 uerso
1533 3073 1725 3105 Victorius:
1749 3081 1829 3104 uero
1853 3073 1977 3105 HCSP
2001 3090 2035 3095 -

282 3116 354 3149 445.
381 3118 501 3148 umeris
526 3119 549 3148 ll
578 3121 674 3157 ((JS):
701 3121 849 3151 humeros
874 3122 909 3158 P,
934 3121 1076 3151 humeris
1100 3121 1124 3150 O
1164 3138 1194 3142 ω
1234 3120 1308 3153 417,
1337 3124 1443 3161 Quam
1467 3131 1557 3153 corr.
1584 3123 1617 3153 in
1642 3124 1726 3162 Qum
1750 3120 1789 3153 11¹
1827 3140 1861 3145 —
1899 3126 1945 3154 est
1967 3131 2036 3154 om.

284 3167 307 3196 ll
338 3183 369 3188 —-
403 3165 476 3197 4418.
502 3167 571 3198 Hae
596 3168 621 3198 ll
657 3185 689 3190 —
725 3178 848 3199 corona
873 3169 998 3200 11081)
1038 3187 1071 3191 —-
1110 3169 1184 3201 45¹.
1211 3179 1227 3201 e
1253 3172 1292 3202 P:
1320 3175 1349 3202 et
1380 3172 1474 3203 llCS
1512 3188 1546 3194 -
1586 3171 1659 3203 453.
1696 3173 1838 3203 retinens
1871 3171 2034 3203 Orellius:

281 3216 395 3246 retinet
428 3216 453 3246 11
467 3216 554 3246 CSP
596 3233 629 3238 -
673 3217 747 3250 455
781 3220 870 3258 capit
896 3219 919 3248 ll
961 3236 994 3240 —
1037 3218 1110 3249 4557.
1147 3227 1276 3250 umeros
1306 3220 1329 3249 ΙΙ
1358 3220 1393 3258 (0
1406 3221 1455 3259 S):
1482 3221 1695 3259 humerosque
1717 3223 1753 3259 P,
1778 3221 1927 3252 humeros
1950 3222 1975 3252 O
2001 3238 2035 3243 -

282 3263 355 3298 458..
381 3265 517 3295 (lacerae
541 3265 566 3295 11
583 3266 670 3297 CSP
698 3285 732 3290 —
758 3267 833 3299 459.
859 3276 932 3298 cum
943 3269 1047 3299 visere
1064 3267 1242 3301 Mei-elius:
1268 3270 1435 3301 conuisere
1452 3270 1578 3302 llCSP
1607 3287 1639 3292 -—
1667 3269 1741 3302 460.
1768 3271 1904 3311 emerqit
1926 3270 2039 3302 More-

282 3312 365 3346 lius:
391 3317 420 3345 et
443 3315 561 3355 mergyit
586 3315 712 3347 llCSP
737 3333 777 3338 —-
801 3315 876 3349 464.
898 3317 1011 3356 prodit
1038 3316 1159 3349 Bulilc.
