2249 3624
765 685 821 744 M.
858 683 1047 744 TULLII
1084 681 1387 743 CICERONIS

546 799 1584 917 FRAGMENTA

386 973 414 1014 I.
447 972 490 1015 C.
524 972 777 1015 ORELLII
809 971 1117 1015 SECUNDIS
1149 969 1337 1013 CURIS
1368 968 1747 1011 RECOGNITA.

644 1194 701 1253 A.
755 1192 1113 1254 FRAGMENTA
1151 1191 1494 1253 ORATIONEM

486 1284 779 1328 MAGNAM
825 1284 1099 1327 PARTEM
1146 1280 1652 1327 SUPERSTITUM.

547 1411 576 1452 Ι.
607 1410 799 1452 FRAGM.
831 1409 1116 1452 ORATIONlS
1149 1409 1253 1451 PRO
1285 1409 1328 1450 P.
1361 1408 1624 1459 QUINCTIO.

294 1478 376 1516 Hoc
413 1477 681 1528 fragmentum
718 1476 770 1516 ad
801 1483 904 1515 extr.
934 1477 1125 1515 orationis
1156 1488 1244 1526 cap.
1276 1476 1335 1514 27.
1366 1475 1504 1514 referri
1535 1474 1659 1522 solet,
1690 1472 1757 1511 ubi
1787 1472 1942 1517 Cicero,

196 1540 293 1592 quid
321 1541 372 1579 sit
396 1540 577 1589 latitare,
613 1541 775 1580 videtur
801 1541 984 1592 potuisse
1021 1539 1171 1578 dicere.
1234 1538 1427 1589 Ulpianus
1464 1538 1593 1584 enim,
1633 1537 1692 1574 cui
1732 1536 1805 1573 hoc
1842 1536 1978 1570 ‹bno-5

196 1605 455 1654 σπασμάτιον
483 1602 707 1653 debemus,
739 1602 820 1653 (lib.
850 1605 912 1643 59.
943 1601 995 1642 ad
1021 1601 1165 1652 Edict.)
1196 1601 1270 1639 hoc
1297 1600 1436 1639 modo:
1483 1600 1656 1638 Latitare
1686 1604 1765 1647 est,
1803 1597 1945 1646 inquit,

196 1677 298 1715 non,
328 1671 373 1704 ut
397 1665 539 1705 Cicero
569 1664 730 1704 definit:

294 1728 440 1780 Turpis
469 1728 682 1767 occultatio
711 1728 796 1778 sui;
825 1729 886 1778 (L.
907 1730 944 1768 ’7.
969 1728 1003 1779 ξ.
1028 1729 1064 1767 4.
1085 1728 1132 1769 D.
1157 1726 1307 1778 quibus
1335 1739 1386 1765 ex
1415 1725 1548 1765 causis
1576 1725 1616 1762 in
1642 1722 1947 1774 possessionem

199 1795 314 1830 eatur
342 1813 386 1819 -
414 1791 481 1841 42,
509 1792 545 1830 4.
579 1794 645 1841 -)

435 1868 483 1909 Il.
529 1866 720 1910 FRAGM.
753 1867 1037 1910 ORATIONIS
1068 1867 1173 1909 PRO
1205 1865 1404 1908 ROSCIO
1439 1863 1716 1906 COMOEDO.
1968 1868 2001 1895 io

300 1934 331 1973 1.
375 1937 453 1972 Hoc
479 1938 549 1972 sibi
576 1939 726 1983 quisque
752 1943 944 1983 proponat,
976 1948 1045 1983 quo
1074 1939 1192 1971 *minus
1218 1937 1351 1980 fucatis
1379 1936 1546 1980 capiatur
1573 1934 1714 1977 officiis.

298 1997 333 2036 2.
376 2000 475 2034 Rara
502 2012 557 2035 res
585 2006 634 2036 εει
662 2003 839 2036 amicitia.

300 2061 334 2099 3.
380 2062 477 2106 Quid
507 2066 602 2100 enim
639 2070 713 2100 tam
749 2066 904 2110 simplex
943 2069 1174 2109 apertumque
1211 2065 1288 2099 est?
1349 2061 1459 2106 Atqui
1492 2072 1559 2095 non
1597 2064 1667 2094 [(ιηι
1697 2059 1731 2091 ‘in
1770 2057 1842 2091 alto
1870 2056 1953 2089 latet

201 2136 331 2161 aurum
358 2133 628 2173 arqentumque.

299 2187 336 2225 4.
378 2190 495 2226 Hasce
533 2202 593 2226 ore
630 2192 780 2226 adverso
812 2192 913 2225 inuri
955 2191 1137 2225 cicatrices
1174 2200 1215 2224 ac
1250 2193 1354 2223 nolas
1389 2187 1532 2222 virtutis
1563 2184 1748 2228 ancipilis,
1792 2193 1833 2214 me
1860 2180 1954 2224 quod
1973 2193 2004 2219 15

203 2253 359 2297 accipiat
385 2254 487 2296 sama
513 2254 629 2288 voltus
655 2254 912 2299 perhorrescit,
947 2263 1049 2297 quem
1080 2262 1266 2296 nunquam
1292 2251 1496 2285 incursione
1532 2248 1683 2281 hostium
1722 2254 1950 2279 commorere.

301 2313 335 2351 5.
381 2315 472 2350 Erat
500 2327 634 2351 mecum
667 2320 784 2350 aulem
811 2317 942 2360 ubique
969 2316 1125 2349 int-eniri
1150 2316 1225 2348 sine
1256 2314 1328 2347 ullo
1362 2313 1505 2353 labore,
1543 2312 1617 2343 sim·
1651 2308 1727 2341 ulla
1762 2307 1954 2349 iiii-esliyri-

204 2376 311 2412 tione.
367 2375 494 2423 (Haec
523 2376 657 2414 omnia
684 2388 706 2414 e
734 2374 841 2414 cod.
872 2376 952 2413 Ms.
982 2375 1158 2421 Vatic.)

661 2587 710 2645 B.
760 2584 1119 2646 FRAGMENTA
1157 2580 1499 2643 ORATIONUM

801 2672 1362 2718 DEPERDITARUM.
1974 2684 2009 2711 w

828 2794 856 2834 Ι.
901 2794 1005 2835 PRO
1038 2793 1080 2834 L.
1114 2791 1336 2833 VARENO.

308 2862 404 2899 Ano.
435 2862 541 2900 Haec
569 2862 695 2901 oratio
723 2862 936 2909 incertum,
968 2860 1146 2911 quando,
1178 2859 1256 2906 vel,
1286 2864 1329 2895 ut
1356 2856 1567 2895 Sch‘utzius
1596 2865 1685 2890 cuin
1710 2851 1891 2889 Fabi-irio
1922 2851 1957 2887 in

209 2921 323 2961 Vita
365 2923 630 2962 Ciceronis
672 2923 903 2972 arbitratur,
935 2923 1040 2961 dicta
1069 2927 1131 2960 est
1159 2934 1264 2959 anno
1294 2920 1336 2957 U.
1368 2919 1451 2956 034.
1486 2917 1594 2954 Varr.
1627 2914 1783 2952 Auliilio
1813 2916 1958 2950 ‹ji-osio

212 2989 252 3021 et
277 2984 443 3023 Lentulo
479 2987 594 3025 Coss.
625 2998 698 3037 pro
732 2987 773 3024 L.
804 2986 982 3034 Vareno,
1020 2998 1088 3022 reo
1128 2985 1233 3021 inter
1270 2982 1459 3026 sicarios,
1502 2978 1608 3029 quod
1652 2980 1724 3014 (311.
1758 2977 1957 3013 Varenum

211 3045 481 3096 vulnerasset,
504 3048 548 3087 C.
563 3049 766 3087 Varenum
796 3048 1026 3087 occidisset.
1080 3048 1302 3085 Damnatus
1323 3050 1385 3081 est
1403 3049 1536 3080 autem
1560 3041 1718 3078 Lucius.
1739 3064 1780 3067 —
1799 3037 1955 3076 Noblw.
1975 3059 2013 3085 27,

314 3109 346 3147 1.
388 3110 515 3147 Amici
543 3109 750 3158 deficiunt,
779 3111 936 3159 cognati
966 3110 1174 3147 deserunt.
1231 3104 1507 3154 (Severiani
1538 3104 1759 3153 Syntomat.
1797 3100 1955 3138 Rlictor.

214 3180 250 3207 c.
279 3169 331 3208 de
357 3171 569 3211 affectibus
599 3184 638 3222 p.
669 3172 751 3211 345.
784 3170 850 3209 ed.
881 3171 1133 3222 Capperon.)

283 3307 334 3339 10.
361 3308 409 3340 De
434 3308 486 3340 his
504 3310 717 3349 Fragmentis
741 3309 885 3340 minime
903 3308 1076 3343 Tullianis,
1104 3308 1134 3338 in
1154 3306 1281 3346 quibus
1305 3306 1420 3335 tamen
1439 3312 1456 3333 a
1480 3303 1631 3334 caetano
1658 3300 1795 3332 Meliore
1822 3300 1960 3339 ‹loifvpti

221 3357 302 3390 sunt
322 3357 474 3389 editores
499 3358 578 3390 inde
603 3358 647 3390 ab
671 3358 842 3397 Emestio,
869 3357 912 3390 cf.
939 3357 1093 3389 Niebuhr
1115 3357 1280 3396 Fraymm.
1308 3354 1414 3385 Oratt.
1440 3361 1473 3394 p.
1500 3352 1540 3383 79
1565 3354 1598 3382 ct
1623 3352 1696 3381 ⁴102.

327 3422 445 3453 cinnae
471 3423 505 3452 T.
525 3424 576 3454 tv.
1511 3418 1564 3460 59
