2249 3624
397 144 486 184 Lm.
516 142 567 183 ΙΙ.
608 142 706 184 ΟΑΡ.
737 139 1204 182 XXXVII—XXXIX.
1241 137 1300 194 §§
1332 136 1578 181 448-422.
1812 134 1866 176 45

114 270 313 312 umquam
356 257 578 305 mundum,
620 255 733 310 quod
773 255 885 296 nulla
922 254 1047 295 fuerit
1076 267 1185 294 novo
1217 253 1390 294 consilio
1420 254 1524 296 inito
1555 260 1638 295 tam
1667 252 1870 306 praeclari

115 322 254 375 operis
301 322 502 374 inceptio,
545 326 585 360 et
626 320 681 359 ita
723 332 814 359 esse
852 332 945 358 eum
984 317 1173 370 undique
1215 323 1379 370 aptum,
1424 322 1469 357 ut
1498 317 1612 357 nulla
1643 319 1702 359 vis
1734 325 1868 359 tantos

115 389 240 438 queat
271 389 405 423 motus
438 383 792 436 mutationemque
825 382 983 428 moliri,
1026 380 1141 420 nulla
1178 386 1371 420 senectus
1410 380 1681 422 diuturnitate
1713 388 1872 436 tempo-

115 461 205 487 rum
237 447 457 492 exsistere,
489 451 534 484 ut
564 444 632 483 hic
665 450 832 483 ornatus
864 456 1060 496 umquam
1084 442 1269 496 dilapsus
1300 442 1475 483 occidat.
1525 444 1618 483 Tibi
1650 444 1728 485 hoc
1749 459 1872 498 repu-

116 510 251 555 diare,
285 507 388 547 illud
421 513 558 546 autem
590 507 797 559 superiuS,
834 508 941 546 sicut
972 511 1097 558 caput
1128 511 1169 545 ct
1199 505 1347 546 samam
1380 512 1512 554 tuam,
1544 506 1769 548 defendere
1801 509 1904 548 ne—5

116 584 230 610 cesse
272 570 369 609 erit:
410 569 510 608 mibi
548 582 599 607 ne
632 574 674 607 ut
705 568 888 607 dubitem
922 569 1090 621 quidem
1123 568 1418 622 relinquatur?
1478 566 1572 610 4⁶20,
1605 570 1656 610 Ut
1686 571 1873 610 omittam

113 633 323 672 levitatem
355 638 509 670 temere
540 629 885 677 adsentientium,
918 630 1062 682 quanti
1095 630 1263 670 libertas
1288 632 1379 684 ipsa
1399 631 1656 674 aestimanda
1677 640 1757 682 est,
1788 646 1873 674 non

114 694 213 734 mihi
253 706 425 734 necesse
457 706 570 739 esse,
615 692 728 745 quod
768 692 843 731 tibi
874 698 959 739 est,
998 693 1245 743 respondere,
1287 706 1361 733 cur
1391 694 1515 743 deus,
1562 697 1702 737 omnia
1732 702 1875 737 nostra

112 769 235 796 causa
277 769 369 796 cum
400 754 556 794 faceret
585 776 640 781 —
671 754 730 794 sic
760 754 870 794 enim
902 754 1025 793 vultis
1057 777 1132 801 —‚
1176 760 1329 795 tantam
1363 758 1445 797 vim
1477 759 1682 800 natricum
1713 760 1874 814 vipera-

113 832 288 872 rumque
320 818 497 857 fecerit‘?
530 830 601 856 cur
632 821 713 856 tam
746 815 873 855 multa
904 815 1103 869 pestifera
1135 822 1243 857 terra
1273 820 1462 872 marique
1488 821 1763 874 disperserit?
1795 823 1924 861 Ne*O

111 880 214 932 gatis
245 880 347 920 haec
380 887 460 921 tam
492 880 621 933 polite
654 886 820 933 tamque
851 879 1060 920 subtiliter
1093 878 1200 919 effici
1232 882 1422 933 potuisse
1453 884 1542 923 sine
1564 884 1704 924 divina
1733 885 1876 938 aliqua

111 942 308 982 sollertia.
370 944 494 983 Cuius
527 942 694 995 quidem
725 955 799 982 vos
842 943 1098 982 maiestatem
1130 941 1336 983 deducitis
1373 958 1506 998 usque
1536 946 1589 985 ad
1620 947 1760 1000 apium
1791 947 1876 987 for-

111 1005 397 1059 micarumque
439 1004 758 1058 perfectionem,
796 1010 840 1044 ut
871 1004 997 1044 etiam
1028 1005 1137 1044 inter
1167 1004 1268 1045 deos
1300 1006 1576 1060 Myrmecides
1607 1009 1758 1063 aliqui,
1799 1010 1876 1049 mi-

113 1073 308 1108 nutorum
341 1068 639 1121 opusculorum
669 1066 915 1114 fabricator,
957 1066 1086 1107 fuisse
1119 1067 1322 1107 videatur.
1382 1066 1476 1109 ¹l2l.
1509 1072 1644 1123 Negas
1674 1073 1764 1112 sine
1795 1072 1874 1112 deo

111 1143 236 1182 posse
277 1131 516 1184 quicquam.
576 1131 682 1170 Ecce
721 1129 795 1170 tibi
836 1143 857 1169 e
890 1134 1127 1170 transverso
1158 1130 1468 1183 Lampsacenus
1501 1132 1661 1181 Strato,
1701 1135 1776 1188 qui
1807 1135 1924 1174 det⁴5

111 1193 179 1232 isti
212 1192 290 1232 deo
322 1193 610 1232 inmunitatem
641 1193 778 1244 magni
809 1191 979 1245 quidem
1010 1193 1194 1232 muneris
1225 1215 1279 1222 —
1310 1198 1351 1233 et
1380 1208 1475 1235 cum
1505 1195 1745 1237 sacerdotes
1776 1196 1875 1237 deo-

113 1268 203 1295 rum
227 1255 488 1295 vacationem
518 1254 720 1302 habeant,
752 1259 909 1308 quanto
932 1258 995 1294 est
1016 1255 1191 1307 aequius
1212 1255 1367 1297 habere
1388 1258 1502 1310 ipsos
1525 1258 1648 1299 deosl
1673 1281 1722 1287 —
1751 1263 1876 1311 negat

113 1330 240 1370 opera
272 1317 447 1357 deorum
479 1330 522 1357 se
554 1318 615 1357 uti
646 1317 697 1358 ad
722 1316 1010 1357 fabricandum
1032 1317 1248 1357 mundum.
1297 1319 1597 1374 Quaecumque
1619 1322 1722 1369 sint,
1755 1321 1877 1362 docet

112 1381 251 1420 omnia
283 1380 429 1420 effecta
459 1393 550 1420 esse
582 1384 750 1427 natura,
782 1393 883 1427 nec,
915 1385 959 1420 ut
988 1380 1078 1429 ille,
1112 1381 1185 1434 qui
1207 1383 1368 1434 asperis
1390 1388 1431 1423 et
1455 1383 1617 1424 levibus
1637 1389 1679 1424 et
1697 1384 1875 1424 hamatis

111 1442 406 1497 uncinatisque
438 1442 684 1495 corporibus
707 1448 902 1482 concreta
921 1442 1025 1483 haec
1047 1456 1139 1483 esse
1164 1443 1276 1484 dicat
1295 1444 1516 1485 interiecto
1538 1446 1666 1486 inani.
1705 1446 1876 1486 Somnia
1890 1449 1926 1478 20

113 1510 255 1545 censet
283 1504 386 1544 haec
418 1519 510 1545 esse
541 1505 784 1553 Democriti,
815 1518 900 1545 non
931 1505 1141 1553 docentis,
1173 1507 1247 1546 sed
1279 1508 1474 1561 optantis.
1516 1509 1611 1562 Ipse
1631 1514 1770 1549 autem
1792 1508 1877 1549 sin-

112 1567 228 1620 gulas
271 1568 415 1607 mundi
458 1573 595 1621 partes
636 1581 916 1621 persequens,
963 1568 1170 1622 quidquid
1200 1574 1273 1609 aut
1302 1570 1356 1610 sit
1384 1576 1456 1611 aut
1483 1568 1575 1619 fiat,
1618 1571 1876 1612 naturalibus

111 1630 201 1670 fieri
247 1635 318 1670 aut
355 1629 510 1670 factum
557 1643 648 1670 esse
689 1631 809 1671 docet
848 1630 1106 1684 ponderibus
1148 1638 1189 1671 et
1224 1633 1419 1673 motibus.
1478 1634 1539 1674 Ne
1577 1634 1650 1674 ille
1680 1638 1721 1674 et
1751 1634 1875 1673 deum

112 1706 239 1746 opere
279 1705 430 1745 magno
471 1693 620 1733 liberat
655 1698 695 1732 et
732 1707 797 1733 me
836 1694 997 1737 timore.
1057 1693 1162 1742 Quis
1199 1694 1311 1733 enim
1346 1700 1500 1749 potest,
1541 1709 1634 1736 cum
1665 1696 1877 1736 existimet

113 1756 248 1795 curari
279 1769 323 1795 se
354 1767 378 1794 a
409 1754 511 1802 deo,
554 1768 639 1795 non
671 1760 711 1796 et
741 1755 830 1796 dies
862 1760 903 1795 et
932 1760 1075 1796 noctes
1107 1756 1294 1796 divinum
1323 1770 1477 1797 numen
1507 1758 1706 1798 horrere?
1746 1763 1808 1806 et,
1840 1757 1875 1798 si
1890 1763 1926 1792 Ξῖ»

114 1817 217 1871 quid
253 1817 418 1858 adversi
458 1817 657 1857 acciderit
685 1839 739 1846 —
770 1817 886 1871 quod
926 1818 993 1858 cui
1027 1831 1111 1858 non
1142 1818 1326 1859 accidit?
1357 1841 1410 1849 —
1448 1821 1719 1861 extimescere
1749 1833 1802 1860 ne
1832 1819 1875 1859 id

112 1881 203 1920 iure
235 1880 449 1920 evenerit?
496 1881 580 1920 Nec
612 1880 796 1920 Stratoni
828 1885 966 1920 tamen
997 1881 1233 1930 adsentior,
1264 1895 1342 1922 nec
1367 1895 1465 1923 vero
1495 1883 1593 1924 tibi:
1624 1883 1751 1923 modo
1781 1882 1876 1930 hoc,

114 1941 238 1982 modo
268 1941 372 1982 illud
404 1942 662 1996 probabilius
692 1943 868 1983 videtur.

224 2004 420 2044 XXXIX.
453 2001 546 2045 42⁴2.
586 2005 733 2046 Latent
769 2005 848 2046 ista
879 2006 1036 2054 omnia,
1076 2007 1270 2055 Luculle,
1309 2008 1459 2048 crassis
1491 2008 1696 2049 occultata
1727 2014 1768 2049 et
1798 2009 1877 2048 cir—

115 2066 299 2108 cumfusa
339 2066 541 2116 tenebris,
581 2072 628 2108 ut
664 2067 779 2108 nulla
817 2068 928 2109 acies
964 2068 1140 2109 humani
1169 2069 1329 2123 ingenii
1360 2074 1474 2111 tanta
1504 2071 1577 2119 sit,
1609 2084 1718 2125 quae
1748 2084 1876 2125 pene·
1890 2073 1926 2102 30

202 2271 231 2302 4.
258 2270 338 2301 inito
362 2271 400 2302 P.
424 2270 617 2302 victorius:
643 2270 739 2302 initio
763 2271 867 2304 codd.
890 2290 924 2295 —
952 2273 982 2306 Ξ.
999 2276 1113 2313 aptum
1137 2283 1171 2305 r:
1197 2278 1350 2314 apertum
1372 2275 1474 2307 ABE
1490 2276 1515 2307 G
1535 2293 1569 2298 —
1596 2276 1626 2308 3.
1651 2277 1769 2309 moleri
1783 2275 1821 2309 B¹
1840 2295 1874 2300 —-

114 2320 354 2352 diuturnitasve
376 2321 503 2353 Davies
526 2339 570 2344 —
600 2321 631 2353 4.
657 2322 797 2353 &cistere
819 2323 864 2360 A,
898 2322 1024 2363 efficere
1046 2322 1190 2355 W'alker
1212 2326 1328 2363 recte,
1361 2326 1399 2355 ut
1422 2324 1560 2356 videtur
1586 2343 1621 2349 —-
1646 2327 1697 2358 he'c
1719 2331 1817 2359 natus
1838 2331 1879 2359 A¹

115 2388 149 2394 —-
177 2373 207 2403 5.
235 2374 316 2412 aput
338 2370 377 2402 13¹
395 2389 429 2393 —
455 2371 583 2410 famam
607 2372 680 2402 Gr:
704 2372 877 2412 flammam
899 2372 924 2403 A
940 2372 963 2403 B
983 2389 1018 2394 —
1046 2372 1077 2404 6.
1105 2374 1236 2412 quidem
1252 2374 1296 2406 E:
1324 2374 1404 2415 quid
1427 2375 1490 2406 AB
1505 2376 1594 2406 Grv
1614 2393 1648 2398 -
1672 2376 1879 2417 relinquetur

114 2422 285 2453 Manutius
308 2438 351 2444 ——
381 2421 412 2452 7.
439 2420 503 2452 isla
526 2422 551 2451 G
579 2439 612 2443 —
645 2421 677 2452 8.
702 2422 897 2460 respondere
927 2430 991 2454 nos
1015 2421 1233 2456 addidimus:
1271 2432 1341 2455 om.
1368 2424 1470 2455 codd.
1498 2427 1532 2456 01
1556 2425 1593 2456 O.
1636 2425 1686 2457 Cf.
1712 2426 1879 2458 Lactantii

115 2472 192 2503 inst.
220 2471 288 2502 div.
307 2471 383 2507 VII,
409 2469 446 2508 4,
474 2471 532 2501 44;
557 2471 825 2510 Respondendum
849 2475 894 2503 est
915 2472 973 2503 hoc
997 2472 1066 2503 loco
1086 2473 1283 2513 philosophis
1305 2474 1517 2514 maoeimeque
1539 2474 1703 2515 Ciceroni,
1729 2476 1787 2517 qui
1810 2476 1878 2507 ait.-

116 2521 182 2553 Cur
205 2522 281 2553 deus
296 2537 344 2543 --
360 2519 559 2558 disperserit.
593 2518 703 2560 Vulgo
728 2520 949 2561 distinguitur
973 2521 1006 2552 111
1032 2522 1102 2553 Cic.
1128 2521 1225 2555 loco:
1252 2524 1339 2563 quod
1354 2523 1411 2554 tibi
1426 2527 1482 2555 031.
1509 2523 1576 2556 Cur
1591 2525 1701 2557 deus—
1716 2544 1736 2550 -
1752 2526 1880 2566 disper-

114 2573 232 2611 seris),
258 2573 293 2603 in
317 2579 385 2612 qua
410 2570 574 2601 orationis
598 2569 709 2601 forma
735 2571 944 2602 coniunctivi
967 2571 1080 2603 xitiosi
1103 2574 1195 2604 sunt.
1225 2590 1251 2594 —
1285 2572 1390 2604 nostri
1412 2573 1478 2604 EG
1503 2574 1537 2604 et
1560 2573 1691 2614 aliquot
1713 2577 1880 2609 Lactantii

116 2622 218 2654 codd.
248 2638 282 2644 —
309 2620 339 2651 9.
366 2619 411 2650 sic
434 2619 713 2673 emm--fecerec
735 2620 835 2651 affert
859 2621 990 2652 Nonius
1013 2630 1047 2661 p
1075 2621 1126 2652 65.
1156 2640 1191 2644 —
1216 2621 1384 2652 natricum
1409 2622 1501 2654 Lact.
1529 2624 1562 2654 et
1585 2624 1733 2656 Nonius.
1759 2626 1881 2657 matri-

115 2680 188 2702 cum
211 2672 237 2703 A
251 2671 275 2702 B
289 2670 353 2701 EG
378 2685 413 2689 —
441 2652 504 2699 40.
520 2671 589 2699 tam
611 2668 716 2699 mulla
734 2669 893 2708 pestifera
909 2671 1126 2703 lactantius:
1155 2672 1329 2712 mortifera
1352 2675 1423 2702 tam
1444 2672 1550 2704 multa
1569 2674 1758 2713 perniciosa
1777 2675 1879 2708 codd

117 2721 202 2758 Cic.‚
227 2719 401 2758 mortifera
423 2721 491 2749 tam
513 2718 636 2753 multa,
663 2722 732 2750 tam
754 2720 859 2751 mulla
880 2729 1006 2760 pertzio.
1025 2721 1163 2761 Lamb„
1189 2722 1363 2761 mortifera
1382 2725 1450 2753 tam
1464 2723 1571 2754 multa
1588 2723 1666 2764 (del.
1682 2726 1880 2765 pernictosa)

117 2745 260 2806 Davie53
286 2767 363 2799 sort.
390 2770 457 2798 tam
480 2768 587 2799 multa
609 2768 801 2808 mortifera,
827 2773 896 2801 tam
919 2771 1024 2802 multa
1042 2780 1138 2810 pern.
1168 2789 1203 2793 -
1232 2771 1282 2802 42.
1308 2771 1442 2802 solet-'ua
1465 2772 1529 2803 AB
1557 2791 1592 2796 —
1619 2773 1671 2805 43.
1697 2775 1879 2816 aliquidB,

117 2818 239 2859 aliquis
260 2817 339 2849 A2O
367 2833 399 2840 —-
435 2818 488 2848 45.
515 2818 693 2857 quicquam
717 2827 781 2850 esse
804 2819 931 2852 Davies
959 2838 993 2844 —
1027 2821 1078 2852 46.
1105 2824 1134 2852 et
1158 2823 1333 2852 Goerenz:
1363 2822 1418 2853 sed
1442 2821 1545 2854 codd.
1573 2824 1609 2854 01
1631 2823 1657 2854 Ο
1683 2841 1718 2846 -
1748 2825 1799 2856 49.
1824 2833 1882 2856 nec

116 2871 152 2899 ut
167 2885 216 2890 --
232 2876 295 2900 esse
319 2867 407 2898 dicat
430 2866 539 2898 habet
562 2867 692 2899 Nonius
715 2877 750 2908 p.
779 2868 852 2900 489.
880 2887 915 2892 -
942 2870 1088 2902 laevibus
1110 2871 1135 2902 O
1163 2888 1198 2893 -
1225 2871 1349 2902 amatis
1370 2872 1434 2903 AB
1456 2889 1490 2895 ——
1516 2872 1569 2904 20.
1595 2874 1796 2912 corpusculis
1811 2875 1882 2906 No-

119 2917 194 2948 nius
220 2934 255 2939 —
281 2917 334 2948 2⁴.
361 2916 526 2956 opinantis
549 2916 606 2948 ed.
632 2917 752 2956 Herv.,
779 2919 813 2949 at
837 2918 929 2951 bene
955 2919 1067 2951 attulit
1090 2920 1215 2951 Davies
1240 2919 1443 2959 Tuscul.11‚
1471 2921 1566 2962 §302
1593 2926 1710 2961 optare
1731 2924 1790 2955 hoc
1806 2924 1882 2965 qui*-

118 2967 190 2998 dem
212 2970 276 3006 est,
308 2975 373 2998 non
396 2967 520 2998 docere.
553 2984 588 2989 -
625 2967 678 2998 2¹2.
704 2968 890 2999 naturabus
912 2967 950 2999 B¹
978 2986 1012 2992 -
1050 2969 1103 3000 23.
1128 2969 1200 3000 Nae
1224 2970 1265 3007 O,
1295 2969 1341 3000 sic
1363 2970 1404 3002 A·—’
1415 2967 1455 3002 B‘-'
1477 2988 1520 2993 —
1554 2970 1607 3002 24.
1633 2981 1735 3012 opera
1756 2982 1882 3014 ‘magna

118 3015 254 3055 Lamh.y
285 3025 380 3048 onere
407 3025 529 3056 mayno
559 3017 800 3056 Hermannus;
834 3020 868 3049 at
896 3018 1060 3050 stabilivit
1090 3027 1170 3058 opus
1193 3018 1237 3049 de
1261 3027 1300 3050 re
1324 3028 1474 3060 operosa
1498 3022 1533 3052 et
1555 3023 1672 3062 magni
1695 3022 1881 3055 moliminis

119 3067 250 3098 dictum
269 3067 511 3099 Lachmannus
529 3067 573 3099 ad
590 3068 796 3108 Lucret.V[‚
811 3069 874 3100 755
890 3077 925 3109 p.
938 3068 1018 3106 390;
1045 3069 1125 3100 add.
1144 3071 1244 3100 Auct.
1263 3069 1307 3100 ad
1324 3070 1405 3101 Her.
1423 3071 1479 3109 IV,
1498 3079 1529 3101 0.
1549 3071 1589 3102 42
1607 3072 1692 3103 extr.
1711 3090 1753 3095 —
1776 3073 1829 3104 25.
1849 3080 1882 3104 se

118 3117 235 3148 curari
258 3117 283 3148 O
316 3116 447 3156 (curari
475 3125 507 3148 30
536 3116 644 3149 habet
668 3119 772 3150 etiam
796 3119 821 3150 E
836 3120 880 3156 G}
913 3119 1032 3150 tamen
1061 3120 1228 3150 mentitus
1252 3121 1305 3151 est
1328 3121 1485 3152 Goerenz
1510 3121 1543 3151 in
1567 3121 1639 3152 suis
1663 3121 1826 3154 omnibus
1849 3130 1881 3153 se

119 3166 236 3198 curari
258 3165 334 3206 legi)
363 3184 397 3188 -—
423 3175 539 3198 nomen
562 3167 600 3198 Β1
625 3184 659 3189 -
686 3168 740 3199 27.
766 3177 870 3208 neque
885 3185 934 3191 --
950 3176 1054 3209 neque
1078 3169 1103 3198 G
1124 3186 1157 3191 -
1184 3168 1237 3200 29.
1263 3169 1443 3201 Latent--
1459 3170 1598 3202 tenebris
1620 3170 1721 3202 affert
1740 3171 1880 3203 Martia-

120 3223 186 3297 plgs
218 3214 357 3297 Cgpella
382 3215 426 3255 V⁷
457 3215 476 3256 g
500 3217 562 3248 547
593 3225 628 3258 p.
654 3215 717 3249 444
748 3217 803 3250 ed.
838 3218 946 3259 Kopp.
975 3235 1008 3242 —
1047 3216 1178 3259 magnis
1207 3217 1382 3251 obscurata
1411 3217 1571 3261 Capella;
1610 3218 1653 3251 01.
1679 3219 1724 3251 ad
1752 3218 1876 3259 fragm.

135 3265 140 3270 '
171 3265 235 3297 ril
269 3290 277 3297 .
