2249 3624
581 163 669 202 Lm.
699 162 770 202 111.
810 162 908 203 CAP.
941 163 1203 204 XllI—XV.
1234 162 1294 216 §§
1316 161 1507 205 3i—38.
1848 161 1929 203 459

155 272 235 313 alia
282 270 478 310 medium.
544 269 655 308 Haec
701 270 752 308 ad
801 270 1011 322 quoddam
1057 275 1220 323 tempus
1259 270 1484 310 cohaerere
1524 276 1721 324 possunt,
1767 284 1930 324 semper

154 339 290 374 autem
328 330 440 371 nullo
481 331 605 371 modo
648 339 854 384 possunt;
902 345 1072 371 noi-esse
1104 339 1165 371 est
1199 333 1307 371 enini
1342 333 1381 371 in
1415 346 1534 372 sunni
1569 346 1760 386 quaeque
1792 333 1927 372 locum

154 402 299 435 natura
330 394 539 447 rapiatur:
572 393 732 432 nullum
765 395 891 445 igitur
922 394 1074 433 aninial
1108 401 1169 433 est
1201 395 1516 446 sempiternum.
1575 394 1642 434 2353.
1676 395 1756 434 Sed
1789 395 1930 434 omnia

154 458 296 503 vestri,
329 454 478 502 Balbe,
510 456 645 495 solent
677 456 728 494 ad
762 457 925 508 igneam
960 457 1039 495 vini
1074 457 1246 502 referre,
1280 458 1560 503 llerarlituin,
1594 464 1636 497 ut
1667 458 1832 509 opinor,
1865 470 1929 496 se-

154 524 351 572 quentes,
385 532 508 570 quein
545 519 680 570 ipsum
714 532 797 557 non
822 533 966 557 omnes
1000 520 1326 572 interpretantur
1349 534 1429 558 uno
1451 521 1594 566 niodo,
1629 521 1698 573 qui
1726 520 1956 573 quoniam5

153 580 254 635 quid
287 579 444 620 diceret
477 581 662 631 intellegi
695 581 852 626 noluit,
894 582 1156 627 omittamus,
1198 596 1270 620 ios
1302 588 1439 621 autem
1475 584 1529 621 ita
1562 582 1719 628 ‹lii-itis,
1762 595 1927 620 omnem

152 645 232 684 vim
266 656 358 683 esse
390 644 575 695 igneam,
611 643 750 695 itaque
784 648 820 681 et
854 644 1093 689 animantis,
1127 658 1218 682 runi
1254 645 1367 683 calor
1390 645 1610 690 defi-serit,
1644 651 1728 683 tuin
1758 644 1928 682 interire

151 712 192 746 et
223 706 264 745 in
298 706 409 745 omni
443 712 590 744 natura
623 718 759 743 rernm
793 705 832 743 id
868 705 1026 750 vixere,
1062 705 1100 743 id
1136 707 1300 757 vigere,
1334 707 1447 759 qnod
1481 708 1625 746 caleat.
1674 708 1759 758 ligo
1791 712 1926 745 antem

150 782 232 813 non
265 768 483 820 intellego,
516 780 600 820 quo
634 766 757 806 inodo
791 767 928 806 calore
953 767 1138 805 extincto
1163 782 1336 820 corpora
1361 769 1586 815 intereant,
1621 784 1702 808 non
1727 770 1930 808 intereant

150 843 294 870 umore
326 836 397 869 aut
428 830 577 882 spiritu
610 830 784 875 amisso,
819 830 1061 880 praesertim
1096 842 1186 868 cuni
1222 830 1425 869 intereant
1458 833 1581 870 otiam
1617 833 1743 871 niinio
1776 831 1980 871 calore.40

149 890 215 932 36.
250 892 384 940 Quam
417 892 468 931 ob
503 905 586 931 rein
620 892 659 930 id
694 890 862 944 quidem
897 906 1117 929 coniinune
1152 898 1213 930 est
1246 892 1296 930 de
1329 894 1488 937 calido:
1529 908 1669 932 verum
1704 900 1840 933 tamen
1874 894 1929 933 vi-

150 956 322 995 deamus
363 955 536 994 exitum.
599 955 655 993 lta
699 954 839 999 voltis,
886 954 1056 1005 opinor,
1105 954 1207 993 niliil
1250 968 1340 993 esso
1382 957 1561 995 animale
1603 956 1849 996 intrinsecus
1889 957 1926 996 in

150 1024 296 1058 natura
338 1023 466 1070 atque
506 1016 662 1055 mundo
704 1022 870 1069 praeter
902 1017 1052 1068 ignem.
1101 1016 1181 1064 Qui
1215 1017 1348 1067 inagis
1382 1031 1506 1070 quain
1541 1025 1703 1072 praeter
1734 1020 1928 1065 animam,

149 1080 263 1120 unde
296 1080 568 1119 animantium
604 1092 775 1132 quoque
809 1085 973 1117 constet
1003 1079 1187 1125 animus,
1225 1093 1275 1118 ex
1309 1094 1392 1132 quo
1424 1082 1577 1120 animal
1610 1082 1786 1120 divitur?
1835 1082 1928 1128 Quo

148 1142 275 1183 modo
299 1148 436 1181 autem
461 1141 539 1180 hoc
568 1142 688 1195 qnasi
714 1140 969 1180 coni-edatur
992 1142 1176 1188 sumitis,
1208 1141 1311 1180 nihil
1337 1156 1428 1181 esse
1451 1144 1633 1182 animuin
1660 1144 1736 1183 nisi
1762 1144 1978 1195 igiieni‘?t5

149 1204 407 1258 probabilius
441 1204 549 1242 enim
585 1203 750 1243 videtur
782 1203 864 1242 tale
897 1203 1095 1256 quiddam
1129 1217 1220 1243 esse
1243 1204 1447 1251 animum,
1483 1211 1525 1244 ut
1547 1206 1599 1244 sit
1622 1220 1672 1244 ex
1696 1206 1778 1258 igni
1801 1211 1928 1258 atque

147 1268 284 1307 anima
316 1272 606 1318 temperatum.
655 1266 776 1314 Quod
809 1266 841 1304 si
876 1267 983 1318 ignis
1016 1279 1068 1305 ex
1099 1279 1191 1305 sese
1224 1267 1314 1319 ipse
1346 1268 1499 1306 animal
1534 1274 1595 1307 est
1628 1269 1740 1308 nulla
1773 1282 1816 1308 se
1847 1269 1927 1307 alia

147 1330 403 1370 admiscente
437 1334 602 1375 natura,
644 1329 842 1381 quoniam
876 1329 928 1376 is,
971 1342 1063 1367 cuni
1099 1329 1209 1367 inest
1240 1330 1280 1367 in
1314 1330 1558 1382 corporibus
1591 1332 1770 1378 nostris,
1802 1331 1929 1371 eflicit

149 1398 195 1432 ut
225 1393 475 1437 sentiamus,
508 1405 590 1431 non
624 1396 761 1445 potest
792 1392 879 1444 ipse
913 1404 1003 1430 esse
1036 1391 1126 1430 sine
1158 1405 1298 1431 sensu.
1363 1396 1506 1432 {ursus
1539 1393 1684 1433 eadem
1718 1395 1799 1434 dici
1831 1407 1927 1447 pos-

146 1460 269 1494 sunt:
303 1452 511 1507 quidquid
545 1460 608 1493 est
641 1454 775 1500 enim,
808 1452 919 1507 quod
953 1454 1120 1492 seiisum
1153 1453 1324 1502 habeat,
1357 1455 1398 1494 id
1431 1469 1603 1495 necesse
1628 1462 1689 1496 est
1711 1457 1864 1496 sentiat
1887 1462 1978 1496 et20

145 1516 403 1569 voluptatem
435 1522 475 1555 et
508 1515 724 1561 dolorem3
752 1514 801 1555 ad
835 1530 959 1567 quem
992 1522 1129 1555 autem
1164 1516 1286 1556 dolor
1318 1518 1475 1565 veniat,
1509 1518 1559 1557 ad
1593 1519 1770 1558 eundem
1805 1520 1926 1558 etiam

145 1579 359 1618 interitum
393 1579 561 1616 venire:
601 1579 656 1618 ita
688 1578 734 1618 tit
766 1585 809 1617 ut
841 1592 891 1617 ne
926 1579 1064 1630 ignem
1097 1579 1266 1631 quidem
1301 1579 1464 1619 eslii-ere
1498 1581 1666 1633 possitis
1698 1588 1926 1622 aeternum.

146 1639 213 1680 37.
247 1642 359 1689 Quid
392 1641 538 1680 enim?
572 1655 654 1679 non
688 1642 846 1680 eisdem
880 1641 996 1680 vobis
1030 1641 1164 1694 plaret
1194 1656 1358 1681 omnen]
1392 1643 1529 1695 ignem
1563 1650 1706 1696 pastus
1739 1644 1927 1695 indigere

145 1717 223 1744 nec
262 1717 507 1757 permanere
549 1704 633 1743 ullo
673 1705 798 1743 modo
841 1718 988 1757 posse,
1033 1704 1110 1743 nisi
1144 1704 1301 1751 alatur,
1334 1705 1387 1744 ali
1420 1713 1557 1746 autem
1590 1707 1740 1753 solem,
1773 1707 1926 1753 lunam,

146 1765 309 1819 reliqua
340 1772 448 1804 astra
481 1767 620 1819 aquis,
652 1767 734 1806 alia
767 1766 980 1813 dulcibus,
1013 1767 1091 1805 alia
1124 1767 1329 1806 marinis?
1363 1768 1552 1822 Eamque
1585 1782 1752 1808 causam
1780 1769 1926 1807 ‹jiean-
1942 1777 1976 1805 25

146 1828 238 1868 thes
284 1828 419 1868 adfert
457 1842 530 1868 cnr
574 1843 617 1868 se
657 1830 719 1868 sol
762 1828 913 1868 rel'erat
951 1842 1026 1868 nec
1068 1830 1233 1881 longius
1266 1832 1558 1882 progrediatur
1591 1831 1800 1871 solstitiali
1835 1831 1925 1874 orbi

146 1892 330 1944 itemque
363 1891 562 1938 brumali,
596 1906 647 1931 ne
680 1892 846 1943 longius
880 1891 1069 1930 discedat
1100 1906 1121 1931 a
1155 1892 1261 1931 cibo.
1315 1893 1403 1931 lloc
1427 1899 1556 1932 totum
1583 1894 1706 1946 quale
1729 1895 1781 1933 sit
1803 1906 1926 1939 mox3

149 1968 259 1994 nune
290 1959 427 1993 autem
461 1955 734 1994 concludatur
756 1954 880 2001 illud,
914 1954 1024 2007 quod
1050 1954 1218 1993 interire
1242 1956 1396 2006 possit,
1429 1955 1470 1994 id
1493 1962 1707 1996 aeteruum
1730 1970 1813 1996 non
1837 1969 1927 1995 esse

148 2022 319 2062 natura;
362 2016 501 2068 ignem
536 2023 673 2056 autem
708 2017 973 2057 interiturum
1008 2030 1120 2064 esse,
1153 2018 1231 2056 nisi
1264 2018 1421 2058 alatur:
1462 2032 1543 2058 nou
1576 2032 1667 2058 esse
1701 2020 1826 2072 igitur
1856 2031 1927 2058 na-

150 2084 243 2119 tura
273 2079 410 2130 ignem
444 2080 756 2131 sempiternum.
1054 2096 1061 2102 ’
1940 2088 1977 2117 3ο

266 2141 354 2179 XV.
388 2139 453 2180 38.
489 2141 663 2189 Qualem
695 2148 832 2181 autem
857 2142 980 2181 deum
1013 2142 1258 2195 intellegere
1291 2158 1366 2183 nos
1392 2158 1615 2198 possumus
1637 2146 1751 2185 nulla
1776 2145 1925 2184 virtute

149 2203 421 2255 praeditum?
464 2204 574 2252 Quid
608 2206 753 2244 enim?
792 2205 1111 2257 prudentiamne
1143 2206 1222 2245 deo
1259 2207 1508 2254 tribuemus,
1543 2221 1650 2261 quae
1683 2212 1844 2246 constat
1875 2219 1926 2245 ex

151 2266 325 2306 scientia
357 2280 495 2306 rerum
528 2267 732 2307 bonarum
766 2275 807 2307 et
837 2268 1037 2308 malarum
1072 2275 1112 2307 et
1142 2283 1218 2308 nec
1249 2269 1452 2309 bonarum
1485 2284 1561 2310 nec
1584 2271 1816 2309 malarum?
1850 2268 1926 2308 Cui

147 2328 244 2368 mali
277 2328 379 2368 nibil
413 2336 475 2368 est
517 2343 593 2369 nec
637 2344 727 2369 esse
769 2337 926 2382 potest,
968 2331 1069 2384 quid
1104 2330 1196 2371 hui(-
1229 2345 1335 2384 opus
1368 2338 1429 2371 est
1462 2332 1614 2372 dilectu
1649 2333 1853 2372 bonorum
1885 2336 1927 2369 et

147 2391 380 2430 malorum?
413 2393 513 2445 quid
536 2399 673 2432 autem
697 2394 857 2432 ratione
873 2395 888 2431 '2
923 2394 1023 2446 quid
1047 2394 1366 2446 intellegentia?
1402 2395 1553 2448 quibus
1579 2395 1736 2434 utimur
1758 2395 1810 2434 ad
1833 2406 1923 2433 eam
1939 2400 1976 2428 35

234 2591 263 2622 l.
284 2590 485 2629 quohaerere
502 2592 526 2621 ,t
549 2608 581 2612 -
603 2591 633 2621 ὃ,
662 2591 718 2629 qui
744 2590 810 2629 ΣΤΥ)
830 2601 835 2620 .·
865 2600 933 2622 om.
955 2593 978 2622 Α
997 2592 1018 2622 Β
1036 2593 1058 2623 (Ι
1076 2592 1099 2622 Ε
1116 2594 1137 2622 P
1159 2609 1192 2613 —
1220 2593 1250 2623 6.
1272 2593 1350 2631 quid
1375 2601 1466 2623 corr.
1488 2602 1531 2624 m.
1558 2602 1629 2624 see.
1651 2594 1681 2624 in
1708 2595 1764 2632 qui
1786 2596 1821 2626 id
1839 2597 1862 2626 Α
1885 2613 1918 2618 —

145 2641 265 2672 diceret
281 2641 366 2679 quod
384 2640 524 2679 intellegi
542 2637 569 2671 Ἦ
590 2641 632 2674 (in
652 2640 677 2668 V
697 2641 783 2679 quod
800 2643 1015 2681 expunctum
1031 2644 1094 2679 est„¹
1109 2659 1142 2662 —
1160 2643 1305 2672 omnium
1322 2652 1371 2681 Rex
1388 2643 1620 2680 correctione)
1638 2652 1703 2674 esse
1717 2645 1792 2684 Vlin
1811 2654 1920 2685 marg.

147 2692 197 2722 est
215 2699 342 2721 onmem
366 2690 443 2727 uim)
465 2707 497 2710 —
527 2690 557 2719 7,
580 2690 709 2729 igneam
728 2691 970 2721 lleindortius:
1001 2692 1106 2730 {wiern
1132 2689 1158 2722 Ἦ
1174 2697 1210 2721 υ.
1240 2692 1289 2722 (Lt'.
1311 2700 1342 2722 v.
1359 2691 1377 2722 >i
1403 2695 1434 2722 et
1462 2696 1478 2731 5⁴
1503 2692 1550 2723 18.
1574 2711 1608 2715 —
1636 2694 1667 2724 8.
1694 2695 1728 2724 id
1754 2696 1864 2734 uigere
1889 2696 1922 2726 in

145 2749 267 2772 rasura
287 2740 310 2769 V
340 2756 374 2760 —
401 2739 514 2779 uigere
538 2747 617 2769 corr
656 2748 697 2770 ex
722 2740 827 2770 uisere
852 2740 874 2770 B
906 2758 936 2762 —
971 2742 1017 2772 tt).
1044 2750 1158 2771 umore
1182 2742 1256 2772 AV:
1283 2742 1457 2773 humor-et)
1479 2760 1513 2764 —
1540 2743 1591 2772 212.
1619 2744 1764 2774 animale
1788 2744 1925 2775 Lambi-

146 2799 231 2821 nus:
260 2788 387 2819 animal
411 2786 438 2819 ⁵21
455 2788 479 2819 O
507 2805 540 2809 —
571 2789 764 2819 intrinsecus
788 2789 962 2820 Bouhier:
990 2793 1195 2822 extrinsecus
1219 2790 1268 2823 ³21:
1297 2797 1324 2822 el
1350 2794 1487 2822 seruiens
1505 2792 1812 2831 wyttenbachius,
1839 2794 1864 2824 O
1885 2810 1919 2815 —

146 2839 199 2871 44.
226 2840 429 2869 animantem
453 2838 492 2869 Α1
518 2855 551 2858 -
580 2839 708 2868 animal
735 2838 1020 2879 Lescaloperius:
1050 2841 1166 2871 anima
1192 2845 1215 2872 A
1233 2843 1255 2872 Β
1274 2844 1296 2872 (j
1316 2844 1335 2872 Ρ
1352 2842 1400 2873 V:
1435 2843 1546 2872 onmia
1574 2843 1596 2873 E
1626 2860 1658 2865 —
1688 2844 1739 2874 215.
1767 2843 1806 2874 1ιο
1831 2852 1921 2875 corr.

147 2897 193 2920 m.
220 2897 290 2921 sec.
319 2890 351 2920 in
376 2889 434 2919 hoc
458 2891 482 2919 Α
498 2888 525 2917 V
554 2906 586 2909 —
615 2889 676 2918 nisi
702 2889 809 2927 iynem
826 2906 872 2910 -—
892 2898 958 2920 esse
981 2891 1130 2921 animum
1155 2900 1224 2922 oin.
1247 2892 1285 2920 Ψ
1306 2910 1339 2913 ——
1369 2892 1419 2922 116.
1447 2892 1542 2932 enim]
1569 2896 1678 2922 aulem
1705 2893 1726 2922 P
1754 2910 1788 2914 —
1816 2894 1923 2932 quod-

146 2939 223 2970 dam
249 2939 272 2969 C
303 2956 334 2960 —
363 2947 405 2969 ea)
429 2938 503 2978 ique
527 2938 550 2968 E
579 2955 613 2959 —
644 2939 694 2969 17.
722 2939 848 2969 ariimal
873 2948 961 2971 corr.
990 2949 1030 2971 ex
1057 2942 1170 2970 anima
1199 2942 1221 2972 Β
1251 2959 1284 2964 —
1316 2942 1366 2973 ⁴8.
1393 2942 1419 2972 is
1444 2951 1534 2972 corr.
1555 2951 1595 2973 ex
1620 2943 1669 2973 his
1693 2943 1742 2978 V;
1768 2943 1816 2973 his
1839 2944 1863 2974 B
1885 2961 1918 2965 —

148 2989 200 3020 49.
228 2990 369 3019 Rursum
394 2989 418 3019 C
449 3005 481 3010 —
512 2990 561 3020 22.
589 2989 720 3026 quidem
745 2998 813 3019 om.
835 2989 858 3019 B
887 3007 920 3011 —
951 2990 1000 3020 23.
1022 2996 1123 3028 pastu
1150 2992 1259 3028 [erasa
1286 2994 1363 3030 post
1382 2990 1543 3030 ulittera)
1565 2992 1587 3023 C
1609 3009 1643 3014 —
1672 2993 1723 3023 26.
1751 3002 1838 3032 quur
1854 2996 1879 3024 Α
1897 2994 1920 3023 C

147 3056 189 3061 -—-
212 3039 389 3069 solisciciali
413 3042 438 3070 Α
453 3039 503 3070 V¹.
531 3039 726 3069 Solissitium
751 3041 783 3069 et
808 3039 1002 3070 solisliliula's
1029 3040 1170 3071 exhibet
1197 3043 1301 3072 etiam
1328 3042 1564 3081 fragmentum
1583 3042 1715 3073 codicis
1732 3041 1922 3073 bibliothe-

148 3096 209 3119 cae
237 3088 512 3120 Caroliruliensis
533 3097 627 3119 saec.
649 3088 688 3118 Vl
719 3090 806 3119 teste
826 3088 899 3119 (jul.
923 3090 1120 3121 Froehnero
1146 3091 1177 3121 in
1204 3090 1323 3122 Philol.
1344 3091 1559 3122 Sclmeidew.
1579 3092 1651 3123 thl
1679 3102 1711 3132 p.
1733 3093 1794 3123 1302
1811 3095 1919 3132 sqq.),

148 3138 300 3168 solistitia
325 3137 394 3168 duo
420 3138 523 3169 codd.
552 3136 835 3177 Bambergenses
860 3140 1094 3180 antiquissimi
1122 3143 1224 3179 (saec.
1250 3140 1319 3170 Vlll
1348 3143 1382 3171 et
1407 3141 1463 3178 IX)
1489 3141 1608 3172 Isidori
1635 3142 1762 3182 Hispal.
1790 3142 1833 3172 de
1859 3151 1922 3173 na-

149 3189 224 3218 tura
250 3196 369 3218 rerum
395 3197 426 3227 p.
449 3188 500 3225 -20,
521 3189 571 3219 45.
592 3188 644 3225 21,
667 3189 677 3218 ’1
703 3190 735 3218 et
753 3188 770 3218 3
789 3188 844 3218 ed.
865 3190 959 3221 Gust.
980 3191 1124 3221 Becker.
1145 3208 1186 3212 -
1212 3190 1282 3221 orbi
1306 3192 1331 3221 A
1347 3191 1370 3220 (ἶ
1386 3192 1408 3222 P
1426 3190 1473 3220 V:
1501 3191 1576 3222 orbe
1594 3192 1616 3222 B
1633 3192 1655 3222 E
1671 3192 1695 3222 O
1716 3207 1751 3213 —
1779 3192 1830 3223 ³28.
1850 3193 1921 3222 illut

150 3238 175 3267 A
197 3254 230 3259 —-
257 3238 308 3269 34,
335 3236 403 3277 nos]
428 3247 493 3268 non
519 3239 545 3268 V
569 3255 601 3259 -—
629 3238 681 3269 33.
708 3241 737 3268 et
761 3247 818 3269 nec
843 3238 1005 3271 bonarum
1029 3250 1087 3271 nec
1102 3241 1271 3271 malarum
1289 3248 1357 3270 oni.
1379 3240 1402 3271 E
1424 3258 1454 3261 —
1477 3240 1529 3272 34.
1548 3242 1629 3272 nihil
1652 3250 1717 3273 esse
1740 3250 1796 3272 nec
1813 3251 1877 3272 esse
1894 3242 1919 3272 V

153 3303 186 3308 —
208 3286 326 3318 dilectu
349 3289 375 3319 A
389 3287 413 3318 B
429 3287 453 3318 E
468 3288 513 3319 P:
540 3289 663 3320 delectu
687 3288 710 3320 C
727 3288 753 3318 V
767 3288 791 3319 Ο
812 3306 847 3311 -
874 3288 926 3320 35.
952 3290 1031 3328 quid
1054 3294 1163 3321 autem
1188 3289 1409 3330 intelleyeiilia
1434 3290 1531 3331 (voce
1548 3295 1659 3323 aulem
1675 3293 1860 3333 expuncta)
1877 3293 1915 3323 A.
