2249 3624
383 195 465 238 356
819 195 1248 238 TUSCULANARUM
1278 195 1719 237 DISPUTATIONUM

383 305 535 354 amori,
566 309 610 346 ut
629 303 861 352 ambitioni,
890 308 937 345 ut
957 303 1181 344 cotidianis
1204 302 1440 356 sumptibus
1466 302 1608 356 copiae
1632 306 1874 356 suppetant,
1894 315 1988 343 cum
2008 305 2153 356 procul

383 370 434 410 ab
473 369 538 409 his
578 367 773 408 omnibus
812 364 937 407 rebus
979 366 1108 414 absit,
1150 379 1223 405 cur
1251 365 1475 418 pecuniam
1505 378 1656 417 magno
1688 378 1814 418 opere
1847 364 2058 407 desideret
2086 368 2153 408 vel

380 432 523 485 potius
554 444 628 470 cur
657 434 774 470 curet
804 429 1007 469 omnino?
1057 426 1124 467 90.
1155 429 1218 467 An
1252 427 1426 480 Scythes
1457 427 1709 467 Anacharsis
1747 427 1887 481 potuit
1915 442 1991 482 pro
2022 430 2153 470 nihilo

380 493 601 547 pecuniam
633 492 808 540 ducere,
838 497 1044 531 nostrates
1075 490 1318 543 philosophi
1348 488 1485 530 facere
1515 503 1600 529 non
1630 492 1892 542 potuerunt?
1923 491 2036 532 Illius
2069 492 2156 545 epi-

348 556 488 596 5stula
517 553 648 596 fertur
675 554 742 595 his
771 554 935 595 verbis:
980 551 1258 592 «Anacharsis
1289 551 1486 592 Hannoni
1518 551 1709 593 salutem.
1758 551 1861 592 Mihi
1892 554 2063 595 amictui
2095 560 2157 595 est

380 618 620 673 Scythicum
658 618 860 671 tegimen,
901 615 1216 656 calciamentum
1247 615 1432 655 solorum
1465 614 1638 663 callum,
1679 614 1817 655 cubile
1848 621 1971 664 terra,
2009 616 2156 672 pulpa-

378 686 566 722 mentum
603 679 762 728 fames;
801 679 926 725 lacte,
969 691 1105 724 caseo,
1137 690 1261 717 carne
1293 691 1453 718 vescor.
1513 676 1607 725 Qua
1635 690 1680 717 re
1711 682 1758 717 ut
1787 677 1839 718 ad
1872 679 2058 732 quietum
2089 694 2156 721 me

376 744 477 785 licet
509 744 673 791 venias3
715 754 890 782 munera
921 745 1060 780 autem
1090 739 1192 787 ista,
1226 740 1379 794 quibus
1412 753 1456 780 es
1489 740 1743 788 delectatus,
1783 740 1852 781 vel
1883 742 2042 783 civibus
2074 744 2156 784 tuis

375 807 443 847 vel
474 806 537 846 dis
570 804 875 845 immortalibus
907 803 1054 843 donam
1107 802 1261 842 Omnes
1293 803 1379 843 fere
1419 801 1663 857 philosophi
1696 803 1883 843 omnium
1916 804 2157 858 disciplina-

327 877 490 916 torum,
530 868 613 908 nisi
652 880 757 920 quos
798 879 822 906 a
860 870 974 906 recta
1012 865 1177 905 ratione
1217 871 1368 906 natura
1399 865 1548 905 vitiosa
1585 864 1850 913 detorsisset,
1893 868 2043 908 eodem
2074 868 2155 909 hoc

376 933 514 973 animo
547 944 639 971 esse
670 933 911 983 potuerunt.
961 924 1028 967 91.
1061 928 1274 976 Socrates,
1311 929 1353 967 in
1384 941 1537 982 pompa
1568 941 1662 967 cum
1693 941 1844 981 magna
1875 929 1938 970 vis
1969 931 2060 970 auri
2092 944 2156 971 ar-

376 994 575 1049 gentique
606 992 798 1039 ferretur,
834 991 996 1040 «Quam
1028 991 1158 1031 multa
1181 1005 1268 1030 non
1291 991 1545 1030 desiderol»
1581 990 1733 1043 inquit.
1766 992 2039 1041 Xenocrates,
2062 1006 2156 1033 cum

374 1058 500 1111 legati
532 1057 583 1097 ab
604 1055 842 1095 Alexandro
867 1054 1175 1108 quinquaginta
1197 1054 1235 1093 ei
1263 1053 1419 1093 talenta
1440 1053 1700 1101 attulissent,
1734 1067 1843 1107 quae
1867 1059 1956 1095 erat
1975 1055 2157 1108 pecunia

373 1119 635 1174 temporibus
665 1117 767 1165 illis,
800 1117 975 1157 Athenis
1006 1117 1274 1170 praesertim,
1307 1128 1524 1163 maxuma,
1555 1115 1733 1156 abduxit
1753 1116 1913 1169 legatos
1936 1117 1989 1157 ad
2011 1130 2156 1158 cenam

326 1183 419 1223 l5in
450 1181 742 1223 Academiam:
785 1179 837 1220 iis
877 1179 1079 1233 apposuit
1109 1184 1294 1226 tantum,
1338 1178 1452 1231 quod
1485 1177 1584 1218 satis
1617 1184 1749 1225 esset,
1789 1179 1907 1219 nullo
1940 1185 2156 1234 apparatu.

377 1246 480 1286 Cum
500 1243 704 1299 postridie
726 1247 922 1296 rogarent
944 1255 1053 1289 eum,
1081 1241 1147 1281 cui
1170 1240 1379 1281 numerari
1402 1240 1585 1288 iuberet,
1621 1240 1790 1288 «Quid‘l
1821 1255 1897 1282 vos
1918 1242 2154 1290 hesternam

373 1308 536 1362 inquit,
580 1305 757 1347 «cenula
795 1318 881 1344 non
922 1304 1193 1345 intellexistis
1233 1318 1298 1343 me
1339 1303 1520 1357 pecunia
1561 1316 1646 1343 non
1679 1305 1862 1358 egere‘l»
1913 1304 2031 1353 Quos
2064 1317 2157 1344 cum

461 1483 494 1514 2.
519 1488 718 1522 magnopere
743 1480 767 1511 C
794 1495 829 1501 —
857 1479 889 1510 3.
915 1478 1023 1517 cythes
1047 1477 1242 1509 anacahrsis
1259 1478 1285 1508 G
1305 1494 1339 1499 -—
1367 1476 1400 1508 4.
1424 1480 1579 1516 poterunt
1596 1477 1632 1508 O.
1662 1478 1863 1509 «Potuerunt
1887 1479 1920 1509 et
1945 1477 2078 1509 maiore
2096 1486 2159 1509 co-

375 1531 495 1565 dicum
519 1532 725 1563 auctoritate
751 1528 982 1560 confirmatur
1007 1530 1039 1559 et
1064 1537 1128 1568 per
1153 1536 1191 1559 se
1218 1528 1332 1568 ipsum
1359 1527 1473 1568 aptius
1499 1528 1563 1557 est.
1602 1525 1740 1558 Scilicet
1757 1527 1796 1566 ii,
1824 1528 1884 1567 qui
1901 1530 2059 1567 poterunt
2083 1527 2160 1559 edi-

375 1583 522 1620 derunt,
561 1582 633 1614 fere
666 1582 830 1611 nostrates
859 1579 906 1610 ita
936 1577 1151 1609 intellexisse
1177 1576 1352 1615 videntur,
1384 1578 1422 1607 ut
1447 1578 1543 1607 esset
1578 1577 1766 1615 Romani,
1805 1577 1863 1615 qui
1896 1585 2006 1608 nunc
2041 1581 2156 1608 sunt:

376 1640 611 1674 quamquam,
640 1629 778 1662 etiamsi
802 1630 942 1660 Romani
966 1627 1180 1667 intelligendi
1207 1629 1343 1665 essent,
1374 1625 1457 1657 nihil
1483 1635 1611 1658 causae
1637 1629 1729 1663 erat,
1757 1635 1820 1658 cur
1844 1635 1914 1659 non
1941 1627 1980 1665 ii,
2007 1628 2066 1668 qui
2090 1628 2159 1659 iam

374 1683 511 1724 fuissent
535 1681 589 1723 (cf.
610 1681 652 1712 IV
677 1689 707 1711 c.
727 1680 771 1717 3),
799 1678 1077 1718 intelligerentur
1098 1676 1389 1716 scribereturque
1405 1680 1597 1717 potuerunt.
1624 1677 1693 1709 Sed
1710 1678 1876 1717 quoniam
1896 1678 2019 1710 Cicero
2044 1687 2061 1709 3
2080 1678 2099 1719 5
2118 1678 2158 1710 88

376 1731 587 1774 (Ordiamur)
613 1730 657 1761 ad
681 1730 699 1770 g
725 1729 787 1760 448
812 1727 1009 1769 (relinquas)
1043 1726 1124 1757 illud
1153 1726 1321 1767 disputat,
1355 1726 1410 1758 vel
1436 1728 1620 1766 Epicurum
1652 1728 1837 1759 «animum
1862 1727 2156 1765 condocefacere,

376 1785 414 1815 ut
439 1791 497 1820 ea,
530 1789 620 1822 quae
646 1780 737 1811 bona
766 1777 902 1810 malave
927 1777 1124 1815 videantur,
1158 1778 1268 1817 possit
1302 1779 1550 1809 contemnere»
1578 1779 1654 1819 487),
1686 1779 1805 1818 itaque
1837 1780 1912 1810 eius
1937 1787 2079 1819 quoque
2104 1778 2159 1810 di-

377 1832 544 1874 sciplinae
576 1830 766 1862 convenire
796 1827 1019 1869 praeclaram
1045 1826 1138 1857 illam
1163 1827 1394 1862 sententiam,
1425 1828 1623 1867 sapientem
1647 1836 1792 1868 semper
1816 1836 1895 1859 esse
1919 1827 2067 1860 beatum
2092 1827 2156 1868 (84.

377 1883 464 1923 ⁴49),
491 1889 640 1914 necesse
666 1881 721 1911 est
744 1879 922 1917 Scythae
945 1876 1174 1909 Anacliarsidi
1203 1877 1241 1915 (i.
1263 1885 1293 1908 e.
1313 1876 1457 1907 barbaro
1482 1876 1706 1918 philosopho)
1731 1877 1861 1918 opponi
1878 1887 1947 1909 non
1966 1879 2155 1917 Romanos,

377 1935 437 1976 qui
461 1931 641 1965 Ciceronis
665 1932 826 1970 tempore
853 1930 969 1967 erant,
996 1927 1244 1969 philosophos,
1280 1927 1340 1958 sed
1369 1928 1564 1967 Graecos,
1591 1929 1648 1968 qui
1671 1928 1740 1959 iam
1762 1928 1914 1967 fuerant,
1944 1928 2157 1969 «Epicurum

378 1986 414 2016 et
435 1982 626 2024 reliquos»,
653 1981 711 2021 qui
736 1979 754 2020 g
779 1979 820 2011 89
845 1981 1091 2020 paupertatem
1117 1987 1186 2009 non
1212 1978 1433 2014 extimuisse,
1464 1977 1525 2009 sed
1552 1978 1595 2009 ad
1623 1987 1702 2009 eam
1728 1978 1810 2009 satis
1835 1979 1947 2019 parati
1972 1979 2079 2011 fuisse
2105 1978 2160 2010 di-

378 2035 517 2067 cuntur.
555 2033 669 2070 Quare
693 2038 819 2061 verum
845 2032 897 2061 est
919 2032 1115 2068 potuerunt,
1143 2028 1238 2068 quod
1255 2027 1311 2059 vel
1336 2037 1379 2059 ex
1404 2029 1443 2060 iis
1468 2028 1610 2068 intelligi
1635 2029 1763 2069 potuit,
1791 2028 1921 2068 quibus
1945 2030 2025 2068 post
2048 2029 2162 2060 inter-

377 2085 506 2117 iectam
538 2080 787 2115 Anacharsidis
820 2078 1005 2121 epistolam
1037 2078 1164 2110 eadem
1196 2079 1370 2109 sententia
1400 2078 1588 2119 repetitur:
1629 2078 1766 2110 Omnes
1799 2078 1884 2117 fere
1914 2078 2162 2119 philosophi

378 2136 554 2168 omnium
585 2130 915 2171 disciplinarum
946 2130 1160 2168 («Socrates.
1186 2128 1414 2167 Xenocrates,
1442 2128 1648 2168 Diogenes»)
1673 2146 1722 2151 --
1738 2128 1850 2159 eodem
1875 2128 1934 2159 hoc
1958 2129 2070 2160 animo
2093 2137 2160 2160 esse

374 2187 624 2228 potuerunt:
658 2190 774 2221 neque
800 2188 885 2211 vero
911 2179 1046 2216 obstat,
1081 2177 1175 2218 quod
1201 2178 1401 2218 praecedit,
1436 2186 1510 2208 cum
1537 2178 1729 2218 (Epicurus)
1748 2196 1796 2201 -—
1813 2178 1943 2217 absit,
1977 2187 2039 2209 cur
2055 2187 2161 2219 pecu-

376 2239 472 2269 niam
486 2254 504 2259 -
517 2253 535 2259 -
551 2236 665 2266 curet
688 2231 863 2266 onmino?;
891 2229 974 2260 absit
991 2247 1009 2252 -
1021 2246 1039 2251 -
1056 2230 1148 2259 curet
1172 2228 1265 2258 enim
1291 2227 1419 2258 eodem
1445 2227 1551 2258 modo
1568 2236 1632 2268 pro
1650 2227 1773 2258 abesset
1788 2245 1806 2250 -
1818 2245 1836 2250 -
1852 2232 1989 2260 curaret
2003 2229 2157 2269 positum

379 2290 452 2325 est,
478 2294 548 2325 quo
573 2291 677 2324 supra
704 2284 760 2312 est
783 2280 1103 2318 contentus—:fuit
1127 2280 1295 2309 contentus
1321 2277 1374 2317 (cs.
1401 2277 1538 2316 Madvig
1564 2276 1582 2316 S
1607 2275 1681 2308 334.
1709 2276 1807 2307 ovid.
1833 2277 1974 2309 Metam.
2001 2278 2026 2317 1,
2045 2278 2108 2309 6⁴7
2126 2279 2162 2310 et

376 2337 424 2376 ΙΙ,
453 2336 514 2368 487
541 2333 626 2374 Quid
648 2330 778 2371 faciat?
793 2345 832 2359 z
850 2330 936 2369 Quid
956 2328 1130 2369 faceretP).
1159 2328 1259 2367 Quod
1283 2331 1445 2359 nostrates
1469 2327 1503 2358 h.
1531 2326 1551 2359 l.
1580 2329 1634 2359 est
1657 2328 1678 2359 i.
1699 2336 1732 2368 q.
1753 2327 1892 2368 Graeci,
1919 2328 2070 2361 conferri
2093 2338 2160 2370 po-

377 2388 447 2419 test
472 2385 490 2426 S
516 2384 578 2416 403
602 2384 744 2414 noster
766 2380 1006 2412 Demosthenes.
1046 2380 1223 2421 Suspicari
1255 2378 1337 2411 licet
1368 2379 1577 2410 Ciceronem
1609 2378 1643 2409 in
1666 2378 1733 2410 hac
1757 2377 1801 2410 de
1825 2379 1976 2420 Epicuro
2000 2378 2161 2420 disputa-

377 2438 472 2469 tione
496 2434 593 2466 idem
615 2432 754 2470 fecisse,
781 2430 876 2471 quod
900 2430 1126 2461 Petersenius
1152 2430 1197 2468 (in
1221 2428 1291 2460 ind.
1311 2427 1515 2460 scholarum
1532 2436 1652 2468 gymn.
1673 2428 1864 2469 Hamburg.
1884 2428 1980 2468 4833)
2005 2429 2040 2460 in
2064 2428 2160 2460 libris

379 2487 424 2519 de
454 2486 530 2517 Nat.
557 2485 725 2518 Deorum,
750 2480 945 2520 Madvigius
969 2481 1022 2520 (p.
1049 2479 1161 2511 LXIV.
1188 2488 1222 2519 p.
1249 2478 1302 2510 35.
1330 2478 1412 2510 Exc.
1438 2478 1479 2509 V.
1506 2478 1581 2517 VII)
1612 2478 1646 2509 in
1677 2476 1774 2510 libris
1805 2478 1849 2510 de
1879 2478 2021 2511 Finibus
2045 2477 2090 2510 ab
2116 2487 2159 2510 eo

376 2536 509 2568 sactum
534 2532 807 2569 demonstravit,
834 2532 872 2561 ut
895 2539 1003 2571 saepe
1028 2531 1150 2567 tacite,
1177 2537 1285 2569 quem
1304 2529 1476 2559 Graecum
1493 2528 1704 2568 scriptorem
1722 2527 1888 2568 elegisset
1904 2537 2012 2569 quem
2028 2537 2161 2569 seque-

377 2588 487 2624 retur,
513 2585 589 2616 eius
613 2591 682 2614 non
707 2580 821 2613 solum
841 2580 1034 2612 sententias
1051 2581 1214 2620 totasque
1232 2579 1487 2620 disputationes
1505 2580 1725 2620 excerperet,
1752 2579 1817 2611 sed
1833 2580 1940 2611 etiarn
1957 2578 2068 2611 verba
2084 2579 2159 2621 ipsa

378 2635 584 2677 simpliciter
605 2632 772 2664 verteret.
812 2630 924 2668 Quem
948 2630 1161 2671 Epicureum
1192 2630 1225 2660 in
1255 2629 1322 2661 hac
1350 2631 1450 2670 parte
1476 2631 1621 2661 secutus
1644 2629 1688 2660 sit
1713 2628 1781 2670 [ita,
1807 2631 1846 2661 ut
1868 2630 1944 2670 ipse
1968 2627 2069 2671 plura
2093 2629 2160 2661 ad-

379 2687 498 2724 deret,
531 2684 684 2716 maxime
715 2679 875 2721 exempla
907 2688 949 2711 ex
978 2680 1129 2711 Romana
1157 2680 1301 2711 historia
1334 2682 1486 2722 sumpta.
1525 2679 1543 2720 S
1569 2680 1631 2711 ⁴05
1663 2678 1767 2720 (malo
1796 2680 1883 2711 enim
1907 2679 2161 2711 Graecorum

378 2745 479 2776 quam
501 2737 646 2766 nostra
666 2730 831 2772 proferre)
850 2731 912 2769 sic,
931 2730 1067 2770 opinor,
1094 2728 1286 2770 intelligere
1307 2728 1406 2761 licet:
1433 2730 1554 2761 scilicet
1571 2730 1651 2769 quia
1673 2729 1752 2760 illa
1767 2729 1837 2760 iam
1852 2732 1929 2760 sunt
1945 2738 1968 2761 a
1985 2729 2157 2769 Graeco,

379 2795 474 2826 quem
503 2792 633 2824 sequor,
665 2781 876 2820 scriptore
904 2779 1084 2821 collecta.],
1117 2780 1272 2811 eundem
1304 2778 1401 2810 illum
1425 2778 1645 2818 Phaedrum,
1680 2786 1789 2819 quem
1813 2779 1847 2810 in
1870 2779 1986 2819 primo
2010 2778 2054 2811 de
2078 2779 2156 2811 Nat.

376 2836 481 2867 Deor.
509 2835 543 2865 et
574 2833 648 2864 sine
674 2830 781 2862 dubio
807 2830 912 2861 etiam
936 2829 969 2860 in
993 2829 1107 2870 primo
1132 2829 1175 2861 de
1201 2829 1310 2860 Finib.
1339 2829 1560 2869 compilavit,
1591 2837 1635 2860 an
1665 2828 1846 2860 Zenonem
1870 2828 1928 2869 (cf.
1954 2829 2010 2867 111,
2036 2827 2088 2867 38)
2113 2837 2158 2860 an

377 2883 484 2915 alium
515 2882 687 2923 aliquem,
720 2881 851 2912 nescio.
895 2879 995 2918 Quod
1026 2888 1109 2911 vero
1134 2879 1291 2911 Handius
1316 2879 1372 2918 (ad
1396 2880 1521 2920 Wopk.
1550 2888 1585 2920 p.
1611 2879 1641 2919 Ξ)
1673 2880 1709 2910 in
1736 2879 1806 2910 hoc
1828 2887 1894 2919 per
1916 2877 2158 2910 bimembrem

376 2933 687 2973 interrogationem
712 2928 947 2961 concludendi
970 2937 1101 2969 genere
1128 2928 1182 2968 (de
1209 2937 1277 2969 quo
1304 2928 1346 2960 cf.
1372 2928 1511 2969 Madvig
1534 2928 1707 2960 Emendd.
1735 2929 1769 2959 in
1793 2927 1902 2960 libros
1926 2927 1970 2959 de
1996 2928 2100 2968 Legg.
2122 2928 2158 2959 et

375 2982 484 3015 Acad.
506 2990 540 3022 p.
560 2981 600 3013 39
618 2981 709 3021 sqq.)
735 2981 840 3020 negat
864 2979 928 3010 duo
946 2979 1133 3018 praeterita
1157 2986 1327 3018 umquam
1352 2978 1451 3018 poni,
1479 2978 1542 3011 sed
1567 2987 1712 3020 semper
1728 2979 1763 3010 in
1780 2978 1976 3019 posteriore
1992 2976 2156 3009 membro

375 3035 436 3065 aut
457 3033 609 3073 futurum
633 3031 693 3061 aut
710 3038 890 3071 praesens,
922 3030 1005 3061 satis
1035 3028 1152 3060 habeo
1181 3027 1341 3059 conferre
1366 3035 1400 3067 p.
1427 3027 1535 3060 Balbo
1560 3028 1578 3069 ἓ
1603 3028 1664 3061 54:
1697 3028 1748 3060 An
1770 3028 1888 3068 linqua
1910 3030 1941 3059 et
1962 3027 2157 3068 ingenio-—

371 3082 525 3123 potuit,
555 3089 659 3112 manu
681 3083 711 3111 et
732 3081 856 3111 virtute
878 3088 945 3111 non
965 3079 1137 3119 potuit?
1169 3086 1255 3109 anne
1280 3078 1318 3109 de
1352 3076 1444 3108 nobis
1460 3095 1510 3101 --
1526 3077 1702 3117 licebat,
1736 3077 1775 3109 de
1796 3076 1940 3109 hostibus
1961 3085 2029 3108 non
2051 3075 2149 3108 lice-

374 3130 474 3163 bat?
498 3130 541 3162 de
566 3131 636 3161 Fin.
663 3130 688 3168 1,
714 3130 774 3160 72:
800 3130 916 3161 An--
933 3138 989 3161 eas
1011 3132 1101 3160 artes
1122 3130 1466 3168 persequeretur,
1500 3129 1632 3160 vivendi
1664 3131 1773 3159 artem
1795 3126 2086 3165 relinqueret?
2109 3124 2153 3156 de

375 3181 482 3214 domo
507 3188 569 3212 sua
595 3180 613 3220 g
638 3180 697 3211 26:
722 3180 773 3210 An
788 3179 981 3211 --licuit
1004 3179 1061 3211 tibi
1082 3179 1170 3219 ferre
1187 3178 1549 3218 --privileyium—-:
1574 3178 1654 3209 mihi
1669 3185 1801 3208 --non
1824 3176 1944 3208 licuit
1960 3191 2009 3198 -—
2024 3177 2154 3206 senten-

373 3231 457 3263 tiam
479 3230 635 3262 dicereP»
653 3229 709 3260 W.
730 3245 765 3250 —
794 3229 824 3260 6.
847 3230 1100 3269 palpamentum
1118 3229 1178 3260 GR
1199 3242 1233 3249 —
1254 3228 1285 3258 7.
1305 3228 1349 3258 ad
1372 3235 1548 3268 superscr.
1568 3227 1602 3259 in
1620 3228 1647 3259 G
1667 3244 1703 3249 —
1729 3226 1759 3258 9.
1781 3225 1844 3257 diis
1868 3225 1893 3257 C
1911 3242 1946 3248 ·-
1973 3225 2026 3256 ⁴2.
2044 3224 2152 3265 ferre-

373 3284 430 3313 tur
453 3288 524 3312 om.
544 3281 584 3312 G¹
603 3297 638 3302 —
666 3277 718 3310 44.
744 3287 861 3324 cenam
884 3279 967 3319 RB,
992 3287 1127 3310 coenam
1143 3277 1168 3308 O
1189 3292 1224 3300 -
1253 3278 1306 3308 45.
1332 3275 1559 3310 achademiam
1583 3276 1648 3308 GR
1674 3294 1710 3301 —
1737 3275 1790 3308 47.
1809 3274 1926 3307 cenula
1942 3275 1984 3307 G:
2011 3272 2151 3306 coenula

374 3331 401 3364 R
414 3330 453 3371 B,
477 3329 615 3362 coenula
638 3329 664 3361 O
684 3345 720 3352 —
746 3329 935 3361 intellexisti
953 3330 1141 3370 (superscr.
1161 3328 1198 3360 in
1221 3327 1291 3360 fine
1315 3327 1342 3369 s)
1361 3328 1388 3360 R
1415 3344 1449 3351 --
1476 3327 1564 3367 quod
1586 3334 1662 3358 cum
1679 3326 1706 3358 G
1723 3326 1758 3358 et
1775 3325 1807 3366 (d
1823 3332 1915 3358 corr.
1932 3324 1968 3356 in
1981 3324 2006 3364 s)
2024 3323 2063 3355 R.
