2249 3624
482 184 571 223 Lm.
602 184 654 223 11.
695 183 791 225 Cn».
823 182 1178 223 anl—xmv.
1217 181 1276 236 §§
1310 180 1382 222 444
1403 180 1559 223 -444.
1829 180 1909 223 433

142 292 268 332 Cuius
298 294 469 344 propter
498 289 662 330 laevum
695 304 803 343 genu

476 353 750 405 Vergilias
782 354 935 393 tenui
970 368 1077 393 cnm
1111 353 1227 392 luce
1259 353 1488 392 videbis.

279 415 406 456 Inde
438 415 592 455 Fides
626 415 822 455 leviter
853 417 1032 468 posita
1065 422 1111 454 et
1144 429 1381 455 con-vexa
1414 416 1644 454 videtur.

276 478 402 518 lnde
435 484 512 517 est
545 478 655 517 ales
687 478 810 516 Avis
843 478 950 517 lato
982 479 1076 517 suh
1111 479 1334 529 tegmine
1368 478 1520 517 caeli.

139 540 270 594 Capiti
298 546 436 580 autem
459 540 564 592 Equi
592 540 781 592 proxima
803 546 865 579 est
886 541 1055 593 Aquarii
1080 540 1223 579 dextra
1246 547 1444 593 totusque
1467 540 1662 591 deinceps
1686 539 1906 591 Aquarius.
1939 543 1958 571 5

277 604 401 642 Tum
433 602 665 655 gelidum
698 602 886 641 valido
921 603 976 641 de
1009 608 1225 654 pectore
1258 602 1430 654 frigus
1462 602 1723 641 anhelans

277 665 512 718 Corpore
546 665 803 705 semifero
837 677 1021 716 magno
1056 664 1412 716 Capricornus
1446 666 1494 703 in
1528 665 1674 711 orbe,

277 727 433 775 Quem
467 742 576 767 cum
609 733 870 780 perpetuo
903 726 1119 765 vestivit
1152 726 1346 765 lumine
1379 727 1553 773 Titan,

205 821 211 836 ,
274 790 502 829 Brumali
534 790 761 829 flectens
793 794 1114 839 contorquet
1146 794 1378 841 tempore
1411 803 1622 828 currum.

135 850 229 892 ¹ll3,
260 852 369 892 Hinc
400 858 539 892 autem
572 852 793 905 aspicitur,
1922 857 1957 885 40

277 915 336 954 Ut
367 929 485 955 sese
518 913 814 954 ostendens
847 913 1076 965 emergit
1109 914 1368 966 Scorpios
1401 916 1512 954 alte

272 978 590 1018 Posteriore
623 976 842 1017 trahens
875 975 1081 1028 plexum
1116 976 1158 1015 vi
1193 978 1439 1028 corporis
1471 991 1669 1025 arcum,

274 1040 432 1088 Quem
464 1045 689 1093 propter
720 1040 904 1078 nitens
937 1038 1116 1090 pinnis
1149 1039 1483 1079 convolvitur
1514 1040 1650 1080 Ales.

271 1104 332 1142 At
363 1109 572 1157 propter
603 1116 653 1142 se
685 1101 873 1155 Aquila
903 1100 1119 1140 ardenti
1152 1115 1261 1141 cum
1294 1115 1519 1154 corpore
1552 1109 1749 1156 portat.

132 1165 293 1205 Deinde
324 1165 583 1218 Delphinus,
1922 1169 1957 1197 45

271 1228 479 1268 Exinde
511 1228 672 1267 Orion
705 1227 926 1281 obliquo
959 1239 1177 1280 corpore
1210 1227 1403 1274 nitens,

132 1286 227 1329 444.
258 1303 381 1344 quem
414 1291 674 1344 subsequens

272 1353 527 1393 Fervidus
558 1353 651 1393 ille
685 1354 835 1393 Canis
868 1353 1144 1394 stellarum
1184 1352 1295 1392 luce
1327 1352 1566 1406 refulget.

131 1415 227 1455 Post
256 1415 395 1468 Lepus
427 1416 699 1469 subsequitur

274 1477 608 1518 Curriculum
639 1492 915 1532 numquam
949 1479 1166 1519 defesso
1197 1491 1415 1531 corpore
1447 1478 1647 1518 sedans.
1919 1483 1955 1512 20

270 1541 332 1580 At
364 1540 516 1581 Canis
548 1541 608 1581 ad
641 1542 855 1582 caudam
888 1554 1103 1595 serpens
1136 1540 1449 1594 prolabitur
1479 1543 1632 1594 Argo.
1663 1564 1717 1569 —
1747 1565 1801 1572 —

272 1602 414 1643 Hanc
444 1604 596 1643 Aries
630 1605 768 1657 tegit
798 1610 848 1644 et
878 1617 1158 1658 squamoso
1191 1617 1416 1656 corpore
1448 1605 1656 1652 Pisces,

271 1666 536 1706 Fluminis
568 1666 791 1706 inlustri
824 1672 1132 1720 tangentem
1165 1680 1393 1720 corpore
1425 1667 1587 1720 ripas.

132 1729 265 1778 Quem
298 1730 421 1783 longe
453 1735 690 1783 serpentem
723 1735 764 1770 et
794 1735 1031 1770 manantem
1063 1730 1240 1783 aspicies

750 1806 1176 1846 —proceraque
1208 1792 1404 1833 Vincla
1435 1793 1674 1841 videbis,
1917 1797 1954 1826 25

272 1855 411 1904 Quae
442 1855 682 1896 retinent
712 1857 899 1896 Pisces
931 1855 1207 1897 caudarum
1238 1868 1261 1894 a
1291 1861 1443 1908 parte
1474 1855 1657 1896 locata.
1681 1879 1809 1886 ———

273 1919 398 1958 Inde
428 1919 604 1972 Nepae
636 1932 823 1959 cernes
855 1925 1077 1972 propter
1106 1918 1380 1970 fulgentis
1411 1931 1625 1958 acumen

271 1982 441 2029 Aram,
475 1994 619 2034 quam
649 1981 791 2021 flatu
821 1981 1117 2036 permulcet
1147 1981 1378 2034 spiritus
1409 1981 1591 2020 austri.

132 2044 393 2098 Propterque
427 2043 658 2085 Centaurus

271 2106 423 2147 Cedit
452 2107 583 2161 Equi
615 2108 782 2160 partis
813 2100 1109 2162 properans
1143 2106 1470 2160 subiungere
1502 2107 1680 2147 chelis.
1915 2109 1950 2137 30

217 2312 246 2344 4.
272 2311 567 2343 cuius--videbis
591 2320 660 2343 om.
683 2314 706 2344 P
735 2329 768 2333 fl
796 2313 890 2343 cuias
910 2315 1047 2351 propter
1071 2312 1202 2343 laeuum
1225 2320 1312 2351 yenu
1337 2312 1438 2352 (corr.
1466 2311 1543 2343 ead.
1571 2320 1616 2343 m.
1646 2322 1685 2344 ex
1711 2314 1820 2345 laeum
1842 2324 1901 2355 ye-

128 2370 208 2392 num
232 2361 269 2400 V)
293 2362 453 2401 ueryilias
472 2362 495 2393 C
510 2362 560 2391 V:
587 2363 680 2393 cuius
701 2366 838 2401 propter
861 2362 969 2393 laeum
990 2371 1109 2402 qenum
1132 2362 1293 2402 uergihas
1310 2363 1352 2397 A;
1380 2365 1415 2392 αι
1430 2360 1476 2401 (in
1495 2370 1634 2402 rasura,
1661 2365 1900 2406 superscripto

130 2413 164 2443 et
186 2420 309 2442 rursus
333 2411 448 2443 deleto
473 2412 579 2449 cuius)
608 2415 745 2451 propter
774 2412 907 2444 laeuum
929 2422 1031 2453 genus
1055 2413 1143 2443 omni
1167 2420 1209 2443 eas
1230 2415 1328 2451 parte
1351 2412 1478 2443 locatas
1504 2421 1635 2452 paruas
1656 2414 1814 2453 vergilias
1839 2416 1902 2453 (tas

124 2469 254 2500 paruas
277 2470 337 2492 uer
360 2462 392 2492 in
407 2462 577 2501 margine)
602 2463 648 2493 B:
675 2464 768 2493 cuius
787 2466 924 2502 propter·
946 2463 1055 2493 leuton
1078 2471 1162 2502 yeny
1187 2463 1274 2493 omni
1299 2471 1342 2492 ea:
1363 2466 1461 2501 parte
1484 2463 1611 2494 locatas
1629 2472 1761 2502 paruas
1782 2473 1901 2505 uerge—

129 2511 191 2542 lias
219 2511 256 2542 E.
282 2511 482 2552 Interpolati
513 2514 593 2543 sunt
624 2512 647 2543 B
663 2513 686 2543 E
713 2521 752 2543 ex
778 2514 913 2543 Arateis
937 2522 969 2544 v.
991 2513 1044 2544 27.
1075 2530 1109 2535 -
1136 2514 1167 2544 2.
1195 2513 1284 2543 tenui
1307 2522 1382 2543 cum
1406 2522 1496 2544 corr.
1525 2522 1566 2543 ex
1591 2513 1692 2543 lenuit
1716 2516 1783 2543 tum
1808 2513 1835 2542 V
1860 2531 1895 2535 —

129 2561 160 2593 3.
186 2562 300 2593 leviter
321 2563 429 2601 posita
451 2565 481 2594 et
503 2563 629 2593 Aratea
656 2562 704 2602 (v.
721 2562 791 2600 42>2
817 2563 925 2602 posita
949 2562 1065 2593 leuiter
1087 2565 1116 2593 et
1140 2560 1169 2593 ⁶21
1196 2563 1239 2595 (in
1257 2564 1281 2592 A
1300 2565 1329 2592 et
1347 2563 1563 2602 expunctum
1588 2564 1657 2597 θεὶς
1685 2563 1717 2593 in
1743 2564 1766 2593 B
1792 2563 1898 2603 signis

130 2610 256 2643 additis
285 2612 402 2643 leuiter
432 2614 511 2643 ante
540 2613 650 2651 posita
682 2612 951 2653 transponitur);
987 2613 1096 2651 posita
1127 2615 1155 2643 et
1185 2612 1301 2643 leviter
1330 2612 1373 2645 O:
1412 2612 1525 2642 leviter
1544 2612 1655 2650 positu
1685 2611 1830 2644 Orellius
1855 2613 1899 2644 ad

129 2663 273 2697 Aratea;
296 2662 406 2701 positu
423 2662 538 2694 leviter
561 2662 840 2694 Schoemannus.
873 2662 922 2693 Cf.
949 2663 992 2693 M.
1014 2662 1127 2702 Haupt
1153 2661 1196 2692 ad
1221 2661 1317 2692 Ovid.
1346 2660 1492 2692 lialieut.
1521 2670 1553 2701 p.
1573 2661 1656 2692 XIX.
1687 2679 1721 2683 -—
1748 2671 1900 2694 connexa

129 2711 311 2743 ABCPV:
338 2719 488 2744 connexa
505 2713 549 2745 E:
575 2721 733 2743 conversa
750 2713 912 2743 Bouhier.
941 2728 976 2733 —
1005 2712 1035 2742 5.
1055 2713 1153 2750 aequi
1178 2712 1203 2742 A
1233 2728 1267 2732 ψ
1290 2711 1451 2750 proxima
1469 2713 1515 2741 est
1533 2709 1700 2741 Klotzius:
1723 2712 1899 2750 prosc-imae

129 2758 176 2798 Qh
200 2760 360 2800 proxima
373 2762 398 2792 O
418 2778 452 2783 —
471 2763 595 2801 aquari
608 2763 666 2793 ΑΒ
679 2763 703 2793 C
725 2780 759 2784 —
779 2763 810 2793 7.
828 2762 1029 2801 (torpore--
1043 2762 1119 2792 orbe
1137 2762 1335 2793 Priscianus
1350 2761 1402 2797 VI,
1420 2760 1450 2797 li,
1466 2760 1519 2791 20.
1539 2777 1574 2782 --
1600 2760 1651 2791 40.
1671 2760 1722 2791 hic
1735 2761 1758 2791 B
1771 2762 1794 2793 C
1807 2762 1899 2792 EPV

131 2827 166 2832 —
186 2814 296 2843 autem
311 2812 471 2850 aspicitur
486 2813 519 2844 in
538 2813 561 2843 B
580 2820 679 2844 erasa
698 2814 791 2844 sunt.
811 2830 845 2835 —
873 2812 926 2842 44.
946 2814 981 2842 ut
996 2819 1065 2843 om.
1082 2810 1122 2843 ³21.
1143 2810 1193 2842 Cf.
1209 2812 1334 2841 Aratea
1354 2818 1386 2840 v,
1404 2810 1455 2840 77.
1477 2826 1511 2831 ——
1539 2811 1684 2849 scorpios
1698 2809 1785 2841 AV¹2
1812 2820 1900 2842 scor-

126 2860 220 2901 phios
235 2860 278 2896 B:
296 2862 442 2901 scorpius
460 2862 567 2894 CEV²
583 2881 616 2885 —
645 2863 849 2902 42.ple.12um
869 2861 1014 2901 (litterae
1029 2870 1052 2900 p
1070 2869 1117 2892 m.
1138 2869 1210 2892 sec.
1231 2869 1407 2901 superscr.
1423 2860 1452 2898 f)
1471 2860 1531 2890 AB
1554 2878 1589 2882 —
1616 2860 1667 2890 43.
1682 2861 1799 2899 pennis
1815 2862 1839 2893 O
1863 2879 1894 2884 —

130 2910 182 2942 44.
200 2913 237 2942 at
253 2919 430 2952 superscr.
449 2913 482 2943 in
500 2913 524 2943 B
545 2930 579 2934 —
599 2912 749 2952 aquilam
764 2912 792 2942 V
815 2928 846 2934 —
876 2912 927 2943 46.
948 2912 1049 2942 oblico
1067 2911 1091 2942 C
1120 2928 1155 2932 —
1183 2911 1235 2942 48.
1254 2910 1318 2951 ille]
1338 2910 1409 2940 inde
1426 2909 1449 2940 B
1478 2926 1512 2931 —
1544 2910 1596 2940 49.
1622 2909 1831 2949 subsequitur
1847 2909 1896 2943 ⁵21:

129 2961 317 3001 sequituro
343 2978 378 2983 —-
410 2962 463 2993 ⁶20.
489 2963 576 2993 Ante
601 2963 695 2993 hunc
718 2970 862 2993 versum
888 2961 1059 2993 excidisse
1085 2959 1260 3001 quaedam
1279 2959 1459 2991 videntur.
1488 2959 1619 2989 cumin
1637 2959 1771 2991 Arateis
1789 2960 1898 2992 verba

130 3011 397 3042 curriculum„
413 3012 528 3043 sedans
552 3020 621 3043 non
645 3012 689 3043 ad
714 3012 904 3053 Leporem,
936 3011 1000 3043 sed
1024 3010 1067 3042 ad
1093 3012 1245 3046 Canem,
1273 3009 1330 3049 qui
1358 3010 1529 3048 Leporem
1554 3008 1760 3048 insequitur,
1791 3010 1900 3049 perti-

132 3062 249 3091 neant.
278 3078 312 3083 -
339 3060 391 3092 24.
417 3060 468 3101 At]
493 3062 538 3092 ad
561 3063 609 3098 A;
643 3070 684 3092 ac
707 3062 731 3092 E
760 3079 793 3084 —
821 3063 915 3092 Inter
937 3069 993 3092 vv.
1013 3061 1048 3091 24
1079 3062 1114 3091 et
1137 3060 1177 3090 Ἡ
1203 3060 1332 3090 omissa
1359 3059 1439 3089 sunt
1463 3066 1552 3097 quae
1579 3057 1622 3088 de
1648 3057 1790 3089 Pistrice
1816 3058 1900 3090 dixit

133 3110 277 3149 Aratus,
303 3109 347 3141 ad
372 3119 478 3151 quam
501 3110 652 3142 refertur
675 3119 871 3152 pronomen
895 3111 990 3142 hanc.
1012 3128 1047 3134 -
1074 3110 1127 3141 ⁶22.
1150 3110 1250 3149 piscis
1274 3110 1296 3140 P
1317 3125 1351 3130 -
1375 3108 1428 3138 Q3.
1456 3110 1641 3147 tanqentem
1664 3115 1754 3139 corr.
1773 3109 1806 3139 in
1823 3112 1901 3139 tan-

133 3162 260 3198 yentes,
292 3161 366 3191 tum
398 3169 519 3192 rursus
550 3162 584 3192 in
613 3157 765 3201 tangente
794 3161 817 3191 B
847 3178 879 3183 -—-
914 3168 1052 3200 corpore
1075 3159 1125 3191 Qt:
1153 3163 1285 3198 pectore
1309 3158 1333 3188 O
1362 3175 1396 3179 —-
1429 3156 1482 3188 24.
1509 3165 1609 3196 quam
1633 3157 1756 3196 (erasis
1782 3157 1899 3189 verbis

134 3212 311 3247 serpentem
339 3213 368 3240 et
397 3210 602 3251 manantem)
627 3211 762 3250 aspicies
786 3211 808 3241 B
837 3227 871 3232 —-
903 3210 956 3241 ΞΠ.
982 3218 1062 3248 nepe
1092 3210 1118 3239 Α
1133 3210 1156 3239 C
1186 3225 1220 3230 —
1249 3207 1403 3247 fulgentis
1433 3214 1523 3237 corr.
1551 3215 1593 3237 ex
1621 3206 1786 3246 fulmentis
1807 3208 1834 3237 A
1862 3223 1896 3228 —

136 3256 188 3288 29.
208 3261 347 3298 propter
370 3267 455 3299 quae
477 3261 502 3291 B
529 3277 563 3282 —
591 3260 644 3292 30.
669 3260 864 3299 εαὸίαηρθνε
885 3267 975 3290 corr.
995 3267 1038 3290 ex
1061 3258 1231 3298 subingerc
1254 3259 1299 3294 A3
1333 3255 1541 3296 submeryere
1563 3258 1587 3288 P
1607 3272 1643 3278 -
1661 3256 1757 3287 chelis
1781 3256 1899 3296 (supra

137 3308 289 3346 versum)
314 3308 362 3339 B:
391 3310 469 3340 cetis
490 3309 655 3347 AEPV3
681 3308 758 3354 cetis
782 3308 819 3339 C.

197 3365 316 3397 cicsno
344 3367 376 3398 T.
398 3367 450 3401 lV.
1504 3367 1558 3410 28
