2249 3624
251 186 333 230 922
973 190 1044 231 DE
1074 189 1299 231 LEGIBUS

249 296 420 337 honoris
458 296 666 350 cupiditas
706 297 937 350 ignominia
976 297 1197 336 sanciatur.
1254 296 1478 336 Extremae
1508 296 1622 349 leges
1654 301 1752 337 sunt
1782 294 1902 337 nobis
1933 310 2020 337 non

249 359 447 406 usitatae,
487 359 547 399 rei
587 359 779 411 publicae
818 358 1096 399 necessariae.
1155 358 1313 411 Legum
1351 358 1584 398 custodiam
1616 359 1772 399 nullam
1802 358 2019 408 habemus,

249 422 394 474 itaque
425 434 499 461 eae
530 421 644 474 leges
676 426 793 469 sunt,
835 434 938 475 quas
969 420 1229 475 adparitores
1271 421 1403 460 nostri
1435 421 1605 460 volunt:
1650 435 1674 461 a
1703 422 1884 462 librariis
1915 424 2020 476 peti-

249 495 355 529 mus,
387 482 567 535 publicis
598 483 749 523 litteris
780 484 1065 537 consignatam
1098 483 1344 523 memoriam
1375 483 1584 535 publicam
1617 484 1774 524 nullam
1799 485 2019 525 habemus.

218 543 399 584 5Graeci
428 544 510 585 hoc
540 545 807 599 diligentius,
839 546 951 599 apud
984 559 1090 599 quos
1122 544 1424 598 νομοφύλακες
1456 551 1673 594 creantur3
1717 560 1795 586 nec
1824 547 1854 586 ii
1884 546 2019 587 solum

248 605 410 646 litteras
454 629 509 637 —
551 621 647 648 nam
688 608 729 647 id
770 608 941 662 quidem
981 609 1104 648 etiam
1145 607 1256 660 apud
1289 607 1468 647 maiores
1499 613 1667 648 nostros
1700 614 1788 649 erat
1824 630 1901 657 —,
1946 608 2019 648 sed

251 668 375 709 etiam
416 669 525 710 facta
562 671 777 711 hominum
817 671 1094 711 observabant
1135 672 1187 711 ad
1227 671 1428 723 legesque
1460 671 1726 711 revocabant.
1797 668 1864 709 47.
1907 671 2021 711 Haec

251 732 373 772 detur
411 746 509 773 cura
550 733 816 780 censoribus,
855 733 1024 787 quando
1057 734 1226 787 quidem
1259 746 1332 772 eos
1363 733 1406 772 in
1436 746 1482 772 re
1514 733 1681 785 publica
1712 746 1876 787 semper
1906 733 2022 774 volu-

249 808 342 834 mus
374 808 477 836 esse.
537 796 660 848 Apud
693 795 887 842 eosdem,
930 797 1002 849 qui
1043 796 1286 848 magistratu
1327 796 1527 843 abierint,
1567 795 1693 835 edant
1723 801 1763 835 et
1795 801 2021 848 exponant,

200 867 236 895 ἰο
250 857 352 911 quid
382 859 425 898 in
456 859 698 911 magistratu
730 859 959 910 gesserint,
1002 859 1140 912 deque
1182 859 1233 898 iis
1275 871 1468 898 censores
1501 858 1799 912 praeiudicent.
1858 859 1947 898 Hoc
1979 858 2022 898 in

250 920 422 960 Graecia
451 920 498 960 fit
529 921 697 974 publice
729 922 966 961 constitutis
997 922 1326 968 accusatoribus,
1362 921 1434 974 qui
1458 921 1626 973 quidem
1651 934 1796 973 graves
1825 934 1916 961 esse
1937 934 2022 960 non

249 989 448 1035 possunt,
488 983 568 1023 nisi
601 989 698 1023 sunt
729 983 966 1023 voluntarii.
1030 984 1236 1032 Quocirca
1269 984 1416 1023 melius
1449 990 1505 1022 cst
1535 984 1719 1023 rationes
1750 983 1895 1023 referri
1926 997 2023 1024 cau-

249 1058 424 1099 samque
457 1047 613 1099 exponi
646 1046 912 1093 censoribus,
953 1046 1157 1099 integram
1199 1052 1337 1085 tamen
1371 1046 1473 1097 legi,
1515 1047 1748 1085 accusatori
1779 1046 2023 1099 iudicioque

250 1109 420 1148 servari.
481 1109 564 1149 Sed
594 1109 695 1148 satis
728 1109 809 1148 iam
842 1107 1100 1161 disputatum
1133 1114 1195 1147 est
1227 1108 1277 1147 de
1310 1108 1640 1160 magistratibus,
1672 1109 1750 1148 nisi
1780 1108 1888 1148 forte
1920 1108 2023 1163 quid

202 1171 513 1211 ¹t5desideratis.
587 1175 667 1212 All.
715 1171 854 1220 Quid?
902 1171 934 1211 si
980 1185 1056 1210 nos
1098 1177 1308 1216 tacemuS,
1355 1170 1472 1209 locus
1503 1171 1593 1222 ipse
1626 1176 1665 1209 te
1697 1184 1779 1210 non
1811 1172 2022 1219 admonet,

252 1233 353 1287 quid
385 1234 459 1274 tibi
492 1236 545 1275 sit
575 1234 729 1275 deinde
761 1234 1015 1274 dicendum?
1075 1235 1133 1273 JI.
1168 1232 1352 1272 Mihine?
1394 1232 1443 1271 de
1475 1232 1643 1272 iudiciis
1675 1234 1872 1281 arbitror,
1903 1235 2023 1274 Pom-

250 1297 373 1350 poni;
406 1297 447 1335 id
479 1304 541 1338 est
572 1298 681 1337 enim
710 1298 898 1337 iunctum
921 1296 1243 1348 magistratibus.
1305 1293 1371 1334 48.
1403 1296 1482 1334 Aa.
1518 1295 1658 1343 Quid?
1692 1297 1742 1335 de
1764 1297 1855 1336 iure
1879 1297 2022 1350 populi

251 1359 447 1406 Romani,
491 1373 615 1412 quem
645 1359 697 1399 ad
730 1359 899 1398 modum
932 1358 1169 1404 instituisti,
1211 1358 1434 1397 dicendum
1466 1358 1570 1397 nibil
1603 1360 1756 1411 putas?
1815 1360 1869 1399 M.
1911 1359 2023 1408 Quid

252 1421 418 1463 tandem
449 1422 530 1461 hoc
561 1423 654 1462 loco
688 1428 750 1461 est
782 1421 896 1474 quod
929 1422 1150 1474 requiras?
1197 1422 1278 1462 Ate.
1310 1421 1484 1473 Egone?
1518 1421 1628 1473 quod
1662 1420 1843 1472 ignorari
1875 1421 1926 1460 ab
1959 1423 2023 1471 iis,

202 1485 324 1539 aoqui
366 1485 408 1524 in
449 1498 492 1524 re
536 1483 702 1538 publica
744 1490 988 1530 versantur,
1036 1483 1321 1535 turpissimum
1365 1489 1480 1536 puto.
1556 1485 1657 1522 Nam
1697 1489 1743 1523 ut
1774 1484 1898 1524 modo
1930 1499 1953 1524 a
1983 1491 2024 1525 te

253 1547 410 1587 dictum
452 1552 516 1586 est
553 1547 668 1598 leges
708 1561 731 1586 a
767 1546 946 1585 librariis
989 1546 1097 1598 peti,
1140 1546 1198 1584 sic
1240 1546 1527 1585 animadverto
1560 1546 1787 1598 plerosque
1819 1546 1863 1585 in
1894 1549 2023 1600 magi-

250 1609 449 1650 stratibus
482 1610 744 1662 ignoratione
774 1610 877 1648 iuris
910 1610 973 1647 sui
1001 1615 1159 1648 tantum
1184 1621 1343 1660 sapere,
1368 1615 1569 1661 quantum
1594 1608 1852 1661 adparitores
1875 1610 2020 1650 velint.

253 1672 386 1720 Quam
420 1672 472 1711 ob
504 1686 615 1719 rem,
648 1673 682 1711 si
715 1672 765 1711 de
798 1685 1010 1711 sacrorum
1043 1671 1297 1710 alienatione
1330 1670 1556 1710 dicendum
1589 1670 1770 1723 putasti,
1813 1684 1938 1723 quom
1972 1671 2023 1711 de

250 1735 456 1786 religione
495 1735 608 1787 leges
646 1747 950 1787 proposueras,
992 1733 1230 1773 faciendum
1270 1733 1341 1773 tibi
1384 1739 1447 1772 est
1477 1740 1544 1780 ut,
1586 1733 1898 1784 magistratibus
1931 1735 2023 1787 lege

202 1797 512 1844 -2500ns1itutis,
553 1799 602 1837 de
646 1803 900 1850 potestatum
938 1797 1028 1836 iure
1068 1796 1271 1848 disputes.
1342 1794 1408 1834 49.
1451 1797 1506 1835 M.
1551 1796 1713 1835 Faciam
1745 1793 1949 1844 breviter,
1991 1798 2025 1837 si

254 1862 456 1913 consequi
497 1867 701 1914 potuer03
758 1873 852 1899 nam
892 1859 1083 1911 pluribus
1123 1859 1259 1897 verbis
1301 1859 1466 1912 scripsit
1508 1859 1558 1898 ad
1602 1865 1759 1911 patrem
1806 1864 1924 1898 tuum
1969 1860 2022 1899 M.

252 1923 396 1963 Iunius
427 1924 605 1970 sodalis,
638 1924 769 1976 perite
802 1935 893 1961 meo
927 1922 1097 1974 quidem
1129 1919 1286 1959 iudicio
1320 1928 1361 1960 et
1392 1922 1625 1973 diligenter.
1687 1922 1772 1960 Nos
1803 1927 1939 1960 autem
1973 1921 2024 1960 de

253 1985 342 2025 iure
382 1992 555 2026 naturae
596 1986 779 2039 cogitare
820 2000 895 2038 per
934 1998 1011 2024 nos
1051 1991 1179 2037 atque
1221 1983 1358 2023 dicere
1401 1983 1626 2030 debemus,
1671 1982 1722 2022 de
1753 1983 1844 2023 iure
1876 1983 2024 2037 populi

254 2049 429 2089 Romani
472 2063 578 2103 quae
621 2050 766 2089 relicta
809 2054 906 2087 sunt
947 2054 987 2087 et
1026 2047 1189 2086 tradita.
1262 2046 1342 2086 Act.
1390 2046 1456 2086 Sic
1500 2059 1671 2100 prosum
1714 2058 1866 2085 censeo
1909 2052 1949 2086 et
1979 2045 2021 2084 id

203 2114 413 2166 30ipsum,
447 2113 560 2165 quod
592 2112 719 2159 dicis,
753 2117 968 2164 exspecto.

343 2242 372 2272 4.
399 2242 527 2280 cupilas
551 2239 626 2272 A¹B
654 2242 685 2279 (a
709 2243 736 2272 A
759 2241 792 2271 in
819 2240 901 2279 ras)
940 2258 974 2263 —
1013 2241 1183 2270 santiamr
1207 2243 1244 2274 Α,
1271 2239 1438 2269 senciatur
1462 2238 1485 2268 B
1526 2254 1560 2259 —
1599 2238 1629 2268 ³2.
1657 2238 1752 2268 silale
1777 2238 1799 2268 B
1840 2255 1874 2260 —
1912 2238 1942 2269 3.
1969 2247 2028 2269 eae

254 2291 338 2331 leges
362 2293 404 2322 A:
433 2300 471 2322 ea
495 2292 562 2329 leqe
585 2292 621 2328 Β,
649 2292 709 2322 hae
732 2292 815 2330 leyes
838 2291 862 2320 O
890 2307 926 2312 —
954 2289 984 2321 4.
1011 2291 1205 2329 consignata
1233 2290 1255 2319 B
1285 2306 1317 2309 —
1346 2289 1376 2319 5.
1404 2287 1653 2326 nomophylaces
1678 2288 1737 2318 AB
1766 2305 1799 2309 —
1827 2287 2028 2319 creabantur

256 2340 346 2371 Bake
372 2339 600 2380 probabiliter
634 2357 667 2361 —
706 2348 763 2371 nec
787 2341 809 2370 ii
834 2339 915 2370 edd.
936 2342 1032 2370 vett:
1061 2340 1112 2370 nei
1135 2342 1160 2370 A
1173 2340 1209 2375 Β,
1236 2347 1293 2369 uec
1317 2339 1348 2368 hi
1374 2339 1410 2370 O,
1439 2347 1495 2368 nec
1520 2337 1574 2368 alii
1614 2355 1648 2359 —
1687 2338 1718 2368 8.
1745 2339 2028 2368 curaccessorz'bus

255 2390 279 2421 B
307 2407 341 2411 —
381 2391 411 2421 9.
439 2390 479 2421 ab
504 2392 629 2422 eosdem
653 2391 709 2431 qui
732 2390 922 2430 magi-strati
946 2390 969 2420 B
997 2406 1030 2410 —
1059 2394 1203 2428 exponat
1227 2389 1250 2419 B
1278 2405 1312 2410 -
1342 2390 1394 2419 40.
1421 2389 1499 2427 deth·
1524 2389 1558 2418 in
1582 2396 1714 2419 censore
1736 2388 1760 2418 B
1790 2405 1824 2409 —
1853 2388 2028 2427 4·1.9ιάαε

257 2440 280 2471 B
310 2457 343 2462 —-
382 2440 434 2470 42.
462 2441 494 2470 ni
518 2442 557 2472 A¹
591 2459 634 2463 —
667 2445 742 2472 sunt
766 2441 845 2471 AB:
873 2441 937 2470 sint
960 2439 984 2469 O
1018 2456 1052 2460 —
1091 2439 1291 2470 uoluntariis
1315 2440 1337 2470 B
1367 2454 1402 2460 —
1429 2441 1476 2469 est
1500 2447 1569 2469 om.
1588 2439 1648 2469 AB
1676 2455 1710 2460 —
1737 2439 1878 2469 rationis
1899 2439 1961 2469 AB
1989 2456 2025 2461 ——

256 2491 380 2529 referre
403 2499 570 2531 causaque
593 2493 620 2522 A
659 2507 693 2511 —-
733 2490 784 2521 43.
811 2490 977 2528 intem-um
1001 2490 1025 2519 B
1058 2507 1092 2511 —
1130 2490 1192 2528 lessi
1217 2489 1294 2520 AB:
1321 2489 1422 2528 leyem
1452 2488 1477 2519 Ο
1499 2496 1578 2519 curn
1605 2488 1704 2525 dett.,
1732 2496 1822 2528 quae
1847 2489 1902 2518 est
1924 2486 2026 2518 lectio

257 2540 359 2581 plane
384 2548 570 2581 perversa,
604 2539 729 2571 melius
755 2538 944 2570 Lambinus
974 2547 1066 2574 γονης
1104 2538 1166 2569 sed
1193 2538 1277 2578 qnid
1303 2540 1355 2569 est
1388 2538 1481 2578 quod
1508 2537 1661 2568 offendat
1686 2538 1719 2568 in
1744 2538 1810 2568 hac
1834 2538 2023 2568 sententia:

256 2591 421 2629 integram
449 2598 585 2621 causam
615 2591 677 2630 legi
705 2589 863 2620 servari?
921 2590 1080 2619 Graviter
1109 2591 1226 2619 autem
1257 2588 1362 2619 falsus
1393 2591 1445 2618 est
1477 2586 1686 2627 Feldhuegel
1720 2589 1867 2627 opinans
1898 2595 1959 2626 que
1993 2587 2027 2617 in

259 2640 362 2670 tertio
388 2640 562 2677 membro,
590 2648 669 2670 cuni
695 2638 787 2670 absit
811 2637 934 2678 copula
960 2638 1049 2668 inter
1074 2639 1225 2677 primum
1252 2640 1285 2668 et
1310 2638 1518 2674 secundum,
1538 2637 1653 2668 locun]
1671 2637 1804 2668 habere
1823 2645 1891 2668 non
1910 2645 2024 2677 posse.

263 2705 297 2711 -
327 2689 378 2720 Η.
405 2690 483 2729 iam]
508 2691 608 2720 etium
643 2690 702 2720 ΑΒ
738 2707 780 2711 —-
817 2690 867 2718 45.
895 2689 921 2717 si
945 2687 1012 2727 nos]
1038 2688 1065 2717 si
1090 2685 1109 2717 ἦ
1139 2688 1276 2725 ζῐηοη)
1302 2691 1340 2723 A,
1367 2689 1416 2718 sin
1442 2688 1465 2718 B
1495 2705 1538 2710 —-
1574 2690 1603 2718 te
1626 2688 1706 2718 AB:
1747 2695 1816 2718 om.
1837 2687 1862 2718 O
1899 2704 1934 2709 —
1973 2687 2025 2718 46.

259 2741 430 2771 dicendum
454 2743 478 2771 A
505 2748 609 2770 corr.:
636 2741 726 2770 dicen
750 2737 801 2771 Αἱ,
829 2739 931 2768 dicem
957 2738 978 2767 B
1019 2754 1051 2758 —-
1094 2737 1144 2766 Π.
1172 2737 1349 2775 ριιοάεὶιι.νσ
1374 2738 1396 2768 Β
1430 2755 1472 2759 -
1508 2738 1559 2769 49.
1587 2741 1631 2768 εει
1656 2737 1734 2775 quid
1758 2737 1818 2768 AB
1847 2754 1881 2758 —
1917 2736 1957 2766 ab
1981 2736 2029 2767 his

260 2792 321 2822 AB
347 2808 381 2812 -
409 2791 460 2821 21.
487 2790 570 2830 leges
595 2793 631 2826 A,
658 2789 721 2820 sed
746 2797 761 2819 s
785 2789 816 2818 in
842 2796 924 2822 ras„
962 2787 1083 2827 legibus
1107 2787 1130 2817 B
1169 2803 1203 2808 —-
1241 2788 1307 2825 peti
1332 2788 1523 2818 Manutius:
1561 2788 1630 2827 lego
1654 2787 1750 2817 ABO
1788 2803 1823 2808 —
1856 2786 2029 2825 plerosque

262 2840 475 2880 Stephanus:
507 2848 625 2879 rosque
649 2840 686 2878 B,
718 2846 861 2878 quosque
885 2837 946 2868 AO
986 2855 1019 2858 —
1061 2837 1110 2867 22,
1137 2837 1325 2874 apat-{tores
1348 2838 1461 2868 uellent
1484 2838 1508 2868 B
1549 2854 1583 2859 —
1622 2836 1674 2867 023.
1701 2845 1774 2867 cum
1799 2836 1883 2868 dett.
1910 2836 2026 2869 multi:

263 2889 317 2942 {7st
341 2903 434 2933 ΑΒΟ
461 2903 627 2941 (quoniam
653 2911 714 2942 pro
740 2902 849 2941 quom)
875 2918 909 2922 —
939 2901 976 2931 de
1000 2898 1165 2939 religyione]
1194 2899 1225 2929 in
1253 2898 1304 2929 liis
1329 2898 1446 2930 verbis
1473 2898 1589 2929 deficit
1615 2899 1637 2929 Β
1666 2916 1700 2919 -
1728 2899 1780 2933 ⁶25.
1807 2898 2030 2929 obconstitutis

263 2955 288 2983 Α
317 2969 350 2974 -—
374 2954 600 2991 potestalelum
624 2954 668 2986 A;
696 2952 734 2982 de
753 2954 914 2990 potestate
936 2958 1050 2980 eorum
1075 2954 1102 2979 ct
1126 2950 1198 2979 iure
1223 2949 1312 2979 coni.
1333 2949 1423 2980 Bake
1452 2965 1485 2970 —
1512 2949 1632 2988 faciem
1655 2947 1694 2979 A¹
1722 2965 1755 2970 —-
1784 2948 1836 2979 QG.
1856 2949 1945 2989 nam]
1963 2956 2029 2978 non

264 3004 288 3034 A
317 3017 351 3022 —
387 3002 438 3031 27.
464 3002 587 3032 sodalie
608 3002 751 3040 peritum
774 3010 843 3032 meo
868 3001 997 3040 quidem
1021 2999 1136 3029 iuditio
1161 3002 1189 3028 el
1213 2998 1345 3037 diligent
1378 3002 1401 3029 A
1442 3015 1477 3021 -
1517 3007 1573 3028 nos
1597 3002 1706 3028 aulem
1738 2997 1844 3028 Bake:
1882 3006 1940 3028 nos
1963 3001 2026 3028 acze

266 3052 287 3090 (t
312 3059 354 3081 ex
379 3054 481 3088 corr.)
506 3054 544 3088 A,
571 3036 609 3081 Ᾰι
634 3052 658 3081 O
685 3068 718 3072 —
746 3050 799 3081 28.
827 3054 968 3080 naturae
991 3049 1138 3087 (Ὑψίωνι)
1161 3047 1363 3079 Turnebus:
1393 3052 1466 3079 nate
1490 3049 1632 3088 coyitari
1654 3050 1681 3079 A
1709 3064 1743 3069 —
1771 3051 1870 3087 alque
1893 3047 2028 3078 Turne-

266 3100 350 3132 bus:
378 3104 406 3131 et
431 3109 513 3138 quae
538 3104 561 3131 A
591 3118 624 3122 —
653 3100 704 3130 29.
733 3102 776 3131 sic
798 3108 933 3139 prosum
958 3099 1184 3139 scripsimus:
1211 3098 1256 3127 sic
1276 3107 1415 3136 procum
1440 3101 1480 3130 A:
1517 3099 1562 3128 sic
1584 3098 1728 3136 profecto
1754 3096 1833 3128 edd.
1861 3095 1964 3133 nulla,
1990 3097 2028 3127 ut

267 3150 416 3186 ridetur,
443 3149 603 3180 codicum
628 3150 832 3180 auctoritate
861 3166 896 3171 —-
934 3148 986 3179 30.
1013 3156 1075 3192 quq
1099 3148 1178 3178 dicis
1200 3151 1305 3186 specle
1330 3151 1353 3178 A
1391 3166 1423 3170 -
1457 3146 1492 3179 51.
1511 3156 1602 3178 Tum
1626 3154 1796 3179 CICERONIS
1820 3153 1866 3176 DE
1885 3152 2027 3177 mamus

264 3210 362 3234 L1BER
384 3209 435 3232 111.
460 3209 625 3232 EXPLICIT.
649 3203 688 3232 A.
