2249 3624
299 156 382 198 438
887 154 957 195 DE
987 152 1213 194 DEORUM
1241 153 1459 193 NATURA

300 264 416 304 alvos
446 263 536 303 ibes
556 261 790 315 Aegyptiae
821 265 1028 300 curantur.
1077 258 1276 298 Auditum
1308 263 1373 297 est
1400 257 1646 310 pantheras,
1679 271 1787 311 quae
1814 258 1858 298 in
1878 257 2071 300 barbaria

299 332 504 367 venenata
536 338 661 365 carne
693 328 964 376 caperentur,
996 320 1228 360 remedium
1261 319 1474 373 quoddam
1496 319 1673 368 habere,
1705 333 1790 373 quo
1814 335 1908 360 cum
1930 326 2070 361 essent

298 402 424 436 usae,
456 402 540 428 non
570 391 854 432 morerentur,
887 396 1031 437 capras
1061 388 1202 422 autem
1232 382 1274 421 in
1299 381 1422 421 Creta
1441 381 1571 429 feras,
1602 395 1696 422 cum
1718 389 1860 423 essent
1879 383 2070 423 confixae

297 452 514 492 venenatis
555 449 736 502 sagittis,
778 446 945 487 herbam
988 457 1214 498 quaerere,
1253 456 1358 496 quae
1398 443 1632 483 dictamnus
1662 449 1902 492 vocaretur,
1946 457 2072 497 quam

265 520 393 553 5cum
426 512 725 565 gustavissent,
758 509 929 561 sagittas
961 507 1156 546 excidere
1190 502 1365 559 [dicunt]
1400 519 1421 545 e
1455 519 1644 559 corpore.
1702 504 1795 546 427.
1830 507 2072 560 Cervaeque

297 575 425 628 paulo
457 580 553 614 ante
585 579 746 625 partum
779 575 1038 624 perpurgant
1073 582 1116 607 se
1148 567 1328 621 quadam
1360 568 1557 615 herbula,
1590 582 1698 622 quae
1730 568 1876 609 seselis
1907 568 2072 609 dicitur.

296 637 384 676 Iam
415 637 487 675 illa
518 636 749 681 cernimus,
787 638 833 672 ut
873 637 1018 671 contra
1048 631 1131 669 vim
1164 635 1205 669 et
1235 636 1391 670 metum
1424 631 1510 670 suis
1544 643 1587 669 se
1619 632 1742 671 armis
1774 644 1968 685 quaeque
2001 631 2072 670 de-

295 699 463 739 fendat:
496 697 694 737 cornibus
725 695 856 741 tauri,
888 695 978 746 apri
1010 693 1225 740 dentibus,
1258 706 1400 732 morsu
1421 693 1590 740 leones,
1622 693 1728 733 aliae
1750 693 1847 746 fuga
1869 708 1931 742 se,
1964 694 2071 735 aliae

297 761 575 801 occultatione
617 764 827 804 tutantur3
876 756 1098 795 atramenti
1135 755 1343 794 effusione
1384 755 1549 807 sepiae,
1598 762 1769 808 torpore
1806 756 2072 810 torpedines,

247 834 283 862 ⁴0
297 823 450 863 multae
483 822 605 860 etiam
636 819 879 860 insectantis
911 818 1053 857 odoris
1084 818 1339 857 intolerabili
1369 817 1569 857 foeditate
1602 818 1831 870 depellunt.

408 884 476 923 LI.
511 883 561 922 Ut
592 895 691 922 vero
723 886 950 934 perpetuus
982 880 1128 920 mundi
1156 886 1266 919 esset
1287 886 1478 926 ornatuS,
1511 893 1660 931 magna
1682 879 1867 920 adhibita
1889 894 1988 920 cura
2011 887 2074 921 est

295 960 318 987 a
349 945 614 999 providentia
646 943 840 991 deorum,
871 949 917 983 ut
949 956 1116 996 semper
1145 948 1285 981 essent
1316 948 1357 981 et
1387 942 1611 981 bestiarum
1640 955 1795 994 genera
1815 949 1856 983 et
1880 944 2074 984 arborum

296 1009 569 1061 omniumque
602 1019 764 1052 rerum,
797 1019 904 1058 quae
935 1019 959 1045 a
990 1012 1100 1045 terra
1132 1004 1330 1057 stirpibus
1369 1005 1699 1045 continerentur.
1751 1004 1869 1052 Quae
1901 1006 2072 1060 quidem

296 1071 436 1110 omnia
467 1083 556 1109 eam
590 1069 674 1108 vim
706 1069 877 1108 seminis
909 1068 1064 1108 habent
1094 1067 1135 1107 in
1159 1081 1222 1113 se,
1254 1073 1300 1105 ut
1322 1080 1374 1105 ex
1396 1079 1480 1105 uno
1503 1066 1624 1119 plura
1646 1073 1912 1119 generentur,
1943 1068 2072 1122 idque

246 1145 438 1174 ⁴5semen
478 1132 687 1171 inclusum
729 1137 792 1170 est
828 1132 871 1170 in
911 1131 1070 1170 intuma
1106 1136 1222 1182 parte
1255 1142 1398 1168 earum
1428 1129 1648 1176 bacarum,
1680 1143 1787 1182 quae
1820 1143 1870 1170 ex
1903 1143 2072 1184 quaque

295 1196 424 1249 stirpe
463 1194 715 1241 funduntur,
753 1193 975 1246 isdemque
1013 1192 1242 1232 seminibus
1275 1198 1315 1231 et
1345 1191 1539 1231 homines
1571 1191 1741 1231 adfatim
1773 1198 2001 1232 vescuntur
2032 1199 2074 1233 et

294 1263 431 1298 terrae
455 1256 642 1296 eiusdem
665 1256 829 1309 generis
853 1256 1041 1308 stirpium
1067 1254 1340 1294 renovatione
1364 1254 1626 1306 conplentur.
1659 1252 1753 1294 1¹28.
1776 1254 1888 1303 Quid
1910 1254 2073 1309 loquar,

295 1326 451 1373 quanta
481 1320 587 1359 ratio
618 1319 660 1359 in
692 1319 833 1358 bestiis
864 1318 915 1358 ad
952 1324 1196 1370 perpetuam
1230 1317 1597 1356 conservationem
1630 1329 1772 1356 earum
1805 1318 1970 1369 generis
2001 1331 2074 1370 ap-

294 1384 467 1436 pareat?
500 1383 601 1421 Nam
634 1382 815 1434 primum
846 1380 952 1420 aliae
975 1393 1128 1426 mares,
1160 1379 1266 1418 aliae
1292 1378 1472 1418 feminae
1495 1384 1609 1426 sunt,
1642 1379 1757 1432 quod
1779 1380 2072 1433 perpetuitatis

243 1457 280 1487 20
295 1458 420 1486 causa
463 1444 701 1483 machinata
742 1449 887 1483 natura
920 1449 998 1489 est,
1041 1441 1194 1481 deinde
1226 1446 1366 1493 partes
1398 1441 1584 1493 corporis
1616 1447 1656 1480 et
1686 1442 1737 1480 ad
1768 1441 2073 1494 procreandum

294 1514 336 1547 et
365 1507 416 1546 ad
448 1505 774 1558 concipiendum
806 1505 1048 1558 aptissimae
1081 1510 1121 1543 et
1151 1504 1193 1543 in
1225 1504 1326 1543 mari
1350 1510 1390 1543 et
1422 1504 1464 1542 in
1491 1503 1646 1543 semina
1668 1505 2072 1544 commiscendorum

294 1583 515 1623 corporum
548 1567 676 1607 mirae
708 1568 915 1608 libidines.
971 1566 1071 1607 Cum
1103 1572 1243 1605 autem
1275 1568 1319 1605 in
1352 1566 1456 1605 locis
1479 1579 1621 1605 semen
1644 1566 1824 1613 insedit,
1855 1567 1963 1620 rapit
1984 1580 2073 1606 om-

293 1646 389 1672 nem
422 1632 509 1671 fere
542 1629 679 1670 cibum
711 1631 763 1670 ad
786 1644 877 1670 sese
900 1643 1037 1683 eoque
1060 1635 1249 1682 saeptum
1274 1626 1391 1680 fingit
1411 1628 1587 1675 animal,
1621 1628 1733 1682 quod
1758 1642 1850 1668 curn
1877 1642 1928 1668 ex
1950 1635 2070 1669 utero

295 1695 484 1747 elapsum
517 1694 693 1740 excidit,
724 1694 766 1732 in
799 1693 849 1732 iis
872 1692 1175 1738 animantibus,
1208 1704 1316 1744 quae
1339 1691 1444 1730 lacte
1467 1691 1649 1738 aluntur,
1683 1692 1818 1731 omnis
1841 1691 1928 1731 fere
1952 1692 2070 1731 cibus

242 1770 280 1800 25
294 1763 470 1796 matrum
505 1757 730 1795 lactescere
761 1756 930 1808 incipit,
973 1768 1126 1807 eaque,
1159 1767 1267 1807 quae
1301 1753 1424 1806 paulo
1456 1760 1552 1792 ante
1583 1761 1681 1793 nata
1712 1761 1829 1802 sunt,
1861 1755 1950 1794 sine
1982 1767 2068 1794 ma-

292 1820 420 1873 gistro
454 1819 558 1857 duce
590 1825 737 1858 natura
771 1830 969 1857 mammas
1001 1822 1203 1870 appetunt
1234 1829 1463 1869 earumque
1496 1816 1684 1856 ubertate
1708 1823 1960 1857 saturantur.
2002 1818 2074 1856 At-

293 1895 376 1935 que
408 1887 452 1920 ut
482 1880 774 1932 intellegamus
806 1880 911 1919 nihil
943 1881 1088 1919 horum
1122 1893 1212 1919 esse
1243 1878 1461 1917 fortuitum
1485 1879 1649 1918 ethaeo
1672 1880 1812 1919 omnia
1832 1893 1923 1919 esse
1946 1893 2072 1932 opera

292 1943 493 1998 providae
526 1943 794 1995 sollertisque
825 1948 1020 1988 naturae,
1053 1955 1160 1994 quae
1194 1941 1447 1994 multiplices
1479 1941 1586 1980 fetus
1618 1947 1860 1994 procreant,
1893 1949 1938 1982 ut
1961 1956 2070 1989 sues,

293 2013 339 2046 ut
370 2020 516 2052 canes,
549 2007 599 2045 iis
632 2018 902 2044 mammarum
933 2005 1030 2044 data
1060 2011 1122 2044 est
1145 2004 1388 2049 multitudo,
1421 2017 1524 2057 quas
1548 2004 1715 2043 easdem
1738 2018 1891 2058 paucas
1913 2005 2070 2045 habent

242 2085 279 2114 30
295 2083 367 2109 eae
399 2069 579 2115 hestiae,
621 2081 727 2121 quae
760 2081 893 2120 pauca
925 2068 1112 2120 gignunt.
1175 2064 1267 2105 1129.
1301 2066 1412 2114 Quid
1446 2067 1602 2112 dicam,
1637 2073 1819 2119 quantus
1851 2080 1969 2107 amor
1999 2068 2070 2107 be-

294 2132 465 2172 stiarum
498 2131 549 2170 sit
580 2130 622 2169 in
656 2129 882 2169 educandis
915 2129 1290 2181 custodiendisque
1323 2129 1391 2174 iis,
1424 2142 1529 2181 quae
1553 2135 1899 2181 procreaverunt,
1933 2143 2070 2183 usque

293 2194 344 2234 ad
378 2208 472 2233 eum
505 2191 627 2232 tinem
660 2191 756 2231 dum
791 2193 950 2245 possint
982 2205 1025 2230 se
1056 2192 1144 2243 ipsa
1178 2190 1434 2230 defendere?
1467 2191 1543 2229 etsi
1576 2190 1731 2243 pisces,
1764 2196 1809 2230 ut
1833 2191 1963 2238 aiunt,
1995 2205 2071 2231 ova

294 2271 386 2296 cum
420 2261 679 2307 genuerunt,
712 2255 978 2307 relinquunt;
1013 2253 1133 2292 facile
1167 2254 1275 2293 enim
1308 2254 1380 2292 illa
1402 2266 1512 2306 aqua
1534 2259 1572 2292 et
1598 2254 1860 2293 sustinentur
1881 2259 1922 2294 et
1942 2254 2070 2294 fetum

292 2319 487 2358 fundunt.
549 2318 633 2356 LlI.
665 2316 914 2356 Testudines
947 2322 1086 2356 autem
1119 2322 1159 2355 et
1190 2315 1424 2355 crocodilos
1457 2316 1620 2361 dicunt,
1657 2329 1749 2355 cum
1782 2316 1823 2355 in
1847 2322 1954 2356 terra
1976 2329 2071 2369 par-

244 2398 279 2427 35
294 2388 381 2421 tum
404 2380 624 2427 ediderint,
657 2379 834 2418 obruere
858 2392 949 2425 ova,
982 2378 1135 2418 deinde
1158 2378 1399 2418 discedere:
1432 2378 1489 2418 ita
1510 2384 1550 2417 et
1572 2383 1801 2418 nascuntur
1822 2384 1862 2418 et
1890 2378 2071 2418 educan-

295 2536 369 2566 ΡΟ,
406 2534 579 2564 «Variavit
603 2532 697 2572 quod
728 2534 867 2573 poterat
891 2533 941 2563 sic
967 2533 1071 2563 etiam
1098 2532 1187 2563 dici:
1222 2533 1398 2563 vomitione
1421 2540 1534 2567 canes,
1557 2533 1760 2572 purgatione
1783 2535 1894 2563 autem
1918 2533 2070 2563 alvorum

294 2586 359 2617 ibes
382 2589 557 2615 curamur.
590 2583 677 2614 Malo
701 2587 865 2613 curamur·
889 2583 995 2613 scribi
1021 2591 1125 2623 quain
1159 2584 1248 2621 [cuni
1272 2582 1356 2621 aliis)
1382 2591 1413 2614 se
1438 2583 1577 2613 inseri.»
1599 2600 1633 2605 —
1662 2584 1692 2613 4.
1720 2583 1797 2613 aluo
1821 2582 1897 2613 Sibis
1919 2583 1965 2618 A3
1993 2583 2070 2613 aluo

295 2636 355 2666 sibi
378 2636 426 2670 133
454 2636 547 2665 aluos
570 2633 629 2663 ibis
655 2634 677 2664 C
695 2633 740 2667 1·];
775 2633 871 2663 aluos
894 2633 975 2663 hibts
1002 2636 1102 2669 (corr.
1132 2633 1163 2663 in
1190 2634 1261 2670 ibes)
1289 2633 1315 2663 V
1344 2652 1378 2656 —
1414 2634 1443 2664 ⁴2.
1471 2637 1688 2672 carperentur
1711 2636 1736 2664 A
1753 2633 1777 2664 E
1794 2633 1820 2662 V
1848 2634 1893 2670 (in
1918 2634 1945 2664 A
1970 2634 2070 2664 tertia

296 2684 359 2716 litt.
386 2685 578 2724 expuncta)
615 2701 650 2705 —
688 2683 718 2714 3.
746 2692 867 2722 capras
901 2685 1094 2723 (supersi-r.
1121 2684 1249 2721 coplas)
1278 2683 1304 2711 V
1338 2700 1372 2704 —-
1411 2684 1446 2714 in
1470 2687 1560 2713 creta
1594 2692 1686 2713 corr.
1714 2692 1755 2713 ex
1780 2684 1812 2713 in
1838 2687 1952 2714 creata
1976 2683 2002 2712 V
2030 2699 2065 2704 —

298 2734 329 2766 4.
349 2735 530 2764 dictamnos
548 2734 570 2764 B
588 2742 593 2765 :
614 2734 775 2764 dictamus
793 2735 844 2772 (ex
863 2735 1025 2771 correct.)
1043 2733 1066 2763 C
1084 2750 1118 2754 ——
1147 2734 1175 2763 ’ὁ
1194 2742 1267 2763 cum
1285 2741 1354 2763 om.
1374 2735 1397 2764 P
1426 2751 1459 2755 —
1487 2734 1599 2763 dicum
1622 2732 1690 2764 del.
1718 2733 1821 2769 Bake,
1842 2741 1906 2772 ego
1929 2731 2068 2763 seclusi.

302 2802 336 2806 —
356 2784 387 2814 7.
407 2784 582 2822 defendunt
608 2785 629 2814 P
646 2784 670 2813 V
684 2784 721 2814 O.
741 2783 826 2823 Ctg
848 2783 915 2814 12¹.
940 2800 974 2804 —
1001 2783 1031 2813 8.
1049 2792 1147 2813 cursu
1164 2785 1189 2813 A
1204 2784 1228 2813 B
1244 2784 1267 2814 C
1284 2783 1306 2812 E
1323 2782 1348 2811 V
1373 2783 1417 2818 (in
1434 2783 1462 2812 V
1480 2791 1657 2821 superscr.
1678 2783 1800 2821 morsu)
1822 2799 1856 2804 —
1886 2782 1915 2812 9.
1935 2782 2066 2821 saepiae

299 2834 380 2870 AB,
408 2834 514 2871 Sat'pl'e
539 2833 562 2864 C
592 2849 626 2854 -—
661 2833 711 2864 40.
737 2833 870 2872 feditate
893 2835 919 2863 A
939 2833 962 2863 C
979 2833 1001 2863 E
1017 2833 1043 2862 V
1070 2849 1104 2855 —
1143 2832 1192 2863 43.
1221 2842 1306 2871 quae
1331 2842 1350 2863 a
1375 2836 1467 2863 terra
1490 2833 1646 2871 stirpibus
1670 2835 1864 2873 (superscr.
1891 2835 1950 2862 aul
1973 2831 2068 2861 radi-

299 2883 387 2914 cibus
411 2884 480 2920 aur)
506 2883 551 2915 Vz
578 2891 664 2920 quae
687 2884 795 2915 altera
814 2884 1001 2923 (superscr.
1021 2884 1088 2919 aiil)
1106 2881 1273 2912 radicibus
1296 2886 1354 2912 aul
1377 2882 1532 2920 stirpibus
1550 2882 1642 2913 idem
1661 2883 1693 2913 in
1712 2883 1881 2922 margine.
1910 2882 1959 2914 Cf.
1979 2882 1997 2923 ἓ
2014 2881 2067 2913 83.

303 2950 337 2955 -
365 2934 474 2962 terrae
499 2932 560 2962 CP
590 2950 622 2954 -
657 2934 707 2963 45.
738 2934 769 2963 in
794 2941 864 2963 orn.
891 2933 914 2962 P
943 2949 976 2952 —
1012 2932 1062 2962 47.
1090 2931 1251 2970 complent
1274 2930 1315 2960 V¹
1344 2949 1375 2953 -
1404 2932 1482 2969 quid
1507 2940 1595 2962 corr.
1625 2941 1666 2962 ex
1692 2933 1778 2970 quod
1802 2934 1827 2963 A
1856 2950 1890 2954 —
1920 2932 1971 2962 ⁴9.
1996 2932 2068 2971 fae-

300 2981 411 3012 mina&
435 2983 459 3011 A
489 2998 522 3002 -
552 2982 602 3012 20.
630 2986 658 3012 el
684 2984 727 3013 ad
748 2983 992 3021 procreandum
1018 2990 1087 3012 om.
1108 2984 1130 3013 P
1151 2999 1184 3003 —-
1213 2982 1265 3012 2¹.
1292 2983 1539 3020 concipiendum
1563 2991 1652 3013 corr.
1674 2991 1713 3013 ex
1739 2982 1998 3021 concupiendum
2020 2983 2066 3018 A:

301 3031 455 3072 priorem
480 3031 490 3060 i
516 3032 546 3061 in
573 3040 693 3063 rasura
719 3032 826 3063 habet
851 3032 877 3060 V
904 3048 938 3053 —-
966 3032 1132 3070 aptissime
1155 3033 1182 3061 A
1196 3030 1235 3060 Υ·
1255 3049 1287 3052 -
1309 3033 1396 3062 mari
1422 3034 1445 3063 A
1463 3032 1486 3063 C
1502 3032 1550 3062 V:
1578 3041 1672 3063 mure
1697 3033 1718 3063 B
1735 3032 1835 3063 EPO
1863 3049 1897 3054 —
1923 3032 2070 3071 faemina

302 3083 329 3112 A
357 3097 391 3102 —-
425 3080 476 3110 2⁴2.
509 3082 615 3111 mirac
645 3090 733 3112 corr.
770 3091 810 3112 ex
844 3082 925 3112 mire
955 3081 982 3111 V
1017 3100 1047 3103 —
1087 3089 1215 3111 sacmen
1250 3082 1273 3111 A
1308 3098 1341 3102 —
1382 3081 1432 3112 23.
1460 3085 1607 3119 saeptum
1638 3090 1727 3112 corr.
1756 3090 1797 3112 ex
1828 3084 1953 3121 septum
1978 3081 2004 3111 V
2030 3097 2065 3102 —

303 3130 356 3162 24.
384 3130 531 3169 elapsum
557 3139 646 3161 corr.
674 3140 713 3161 ex
740 3135 768 3161 cl
791 3132 922 3170 lapsum
946 3133 971 3162 A
1001 3149 1034 3153 ——
1069 3131 1101 3161 in
1125 3131 1173 3160 his
1199 3131 1219 3160 Β
1238 3131 1259 3161 Ε
1289 3149 1319 3153 -
1350 3131 1402 3163 ΞΤ.
1428 3132 1569 3170 fortuilu
1594 3132 1616 3161 B
1647 3149 1680 3153 —
1706 3131 1758 3162 ⁶28.
1782 3134 1955 3169 procreem
1978 3131 2002 3161 Β
2030 3147 2065 3152 —-

303 3180 355 3212 29.
382 3181 422 3211 iis
446 3182 469 3211 A
484 3180 596 3211 CPV:
624 3181 672 3211 liis
698 3182 754 3212 EO
782 3200 816 3203 —
844 3181 895 3212 30.
923 3182 1105 3221 9iqnuntur
1129 3181 1154 3210 A
1171 3179 1245 3211 CV¹
1266 3197 1300 3202 —
1329 3180 1380 3211 31.
1408 3181 1455 3211 his
1479 3182 1504 3211 A
1520 3182 1543 3212 C
1560 3181 1583 3211 E
1600 3182 1620 3211 P
1636 3181 1663 3210 V
1682 3197 1715 3201 —
1745 3180 1796 3211 32.
1824 3180 1917 3210 alunt
1941 3177 1968 3211 Ἦ
1993 3177 2067 3218 (sed

305 3238 396 3261 corr.
420 3230 452 3260 in
476 3230 569 3259 aium
594 3230 628 3267 V)
658 3248 692 3253 —
721 3231 772 3262 34..
799 3232 999 3261 lesliludines
1024 3232 1045 3261 P
1072 3247 1105 3251 —
1133 3231 1312 3261 crocodilos
1336 3231 1358 3261 B
1374 3231 1420 3262 C:
1448 3231 1652 3262 concordilos
1674 3232 1700 3261 A
1715 3228 1775 3268 V¹;
1802 3228 1995 3261 cocodrillus
2018 3227 2064 3265 E3

304 3279 516 3312 corcodrillos
539 3277 628 3311 ΡΨ.
656 3280 705 3312 Cf.
732 3280 750 3320 S
777 3280 850 3313 424.
879 3298 913 3303 -
941 3281 993 3312 35.
1021 3280 1180 3312 ediderint
1204 3288 1293 3311 corr.
1321 3289 1363 3311 ex
1386 3281 1556 3312 ediderunt
1579 3281 1616 3312 Β.
