2249 3624
333 153 413 196 264
763 155 1191 196 TUSCULANARUM
1221 153 1659 194 DISPUTATIONUM

337 265 512 318 possint.
559 263 700 311 Quid?
732 261 975 301 exercitatio
1008 260 1243 313 legionum,
1276 259 1407 313 quid?
1438 259 1509 298 ille
1541 271 1705 304 cursuS,
1738 271 1982 305 concursus,
2014 259 2095 300 cla-

335 339 426 366 mor
457 325 602 378 quanti
632 323 785 364 laboris
818 323 903 362 esti
954 335 1006 362 ex
1047 322 1128 362 hoc
1158 322 1230 361 ille
1261 322 1422 362 animus
1454 321 1497 360 in
1527 319 1699 373 proeliis
1730 324 1896 372 paratus
1927 320 1977 359 ad
2010 321 2096 360 vol-

335 401 447 428 nera.
493 386 639 426 Adduc
661 385 751 438 pari
772 386 910 425 animo
931 384 1250 424 inexercitatum
1274 383 1474 423 militem:
1506 381 1655 421 mulier
1674 381 1894 421 videbitur.
1925 379 1991 421 38.
2015 382 2097 422 Cur

335 455 494 490 tantum
525 449 695 488 interest
725 447 834 486 inter
864 460 1017 487 novum
1050 452 1090 486 et
1112 451 1291 485 veterem
1324 445 1571 490 exercitum,
1605 448 1805 496 quantum
1837 444 1999 496 experti
2029 458 2097 483 su—

299 521 316 549 5
336 513 456 552 mus?
505 512 630 550 Aetas
661 510 844 549 tironum
876 508 1124 561 plerumque
1155 508 1326 555 melior,
1359 507 1431 547 sed
1463 506 1571 545 ferre
1597 506 1800 553 laborem,
1833 511 2096 545 contemnere

335 574 483 614 volnus
526 571 783 613 consuetudo
827 570 961 610 docet.
1024 570 1137 618 Quin
1180 571 1302 610 etiam
1343 569 1533 609 videmus
1575 581 1627 607 ex
1669 569 1755 608 acie
1795 568 1930 607 efferri
1974 581 2097 621 saepe

336 636 521 683 saucios,
553 640 593 674 et
624 633 793 687 quidem
826 632 970 672 rudem
1002 632 1119 672 illum
1151 638 1192 672 et
1221 632 1539 671 inexercitatum
1564 630 1752 683 quamvis
1784 630 1863 670 levi
1894 629 1976 670 ictu
2008 630 2098 683 plo-

334 704 448 739 ratus
479 697 738 750 turpissimos
771 695 918 734 edere:
950 700 992 734 at
1022 708 1119 734 vero
1151 695 1219 734 ille
1249 694 1500 734 exercitatus
1531 698 1709 733 etvetus
1731 693 1782 732 ob
1805 705 1982 746 eamque
2012 706 2098 732 rem

333 761 499 808 fortior,
532 759 737 799 medicum
771 757 894 797 modo
925 757 1143 810 requirens
1174 771 1196 797 a
1227 770 1309 810 quo
1342 756 1571 808 obligetur,

286 835 322 863 ⁴0
390 824 442 863 E.
482 823 515 863 O
553 819 866 867 Patricoles,
909 819 1068 873 inquit,
1108 819 1165 859 ad
1204 833 1290 859 vos
1331 817 1620 858 adveniens
1661 816 1912 857 auxilium
1945 822 1991 857 et
2022 830 2100 857 ve-

1008 886 1144 921 stras
1176 895 1356 921 manus

477 948 619 993 Peto,
657 945 795 999 prius
835 957 982 998 quam
1015 949 1203 997 oppeto
1235 943 1414 983 malam
1456 946 1657 995 pestem
1688 942 1984 982 mandatam
2015 942 2100 982 ho·

1011 1006 1121 1046 stili
1154 1019 1328 1053 manu,

472 1073 647 1124 Neque
678 1069 894 1122 sanguis
925 1068 1033 1108 ullo
1065 1069 1204 1121 potis
1235 1073 1308 1107 est
1338 1072 1484 1121 pacto
1516 1065 1778 1120 profluens
1801 1069 2098 1118 consistere,

475 1134 527 1174 Si
560 1133 651 1187 qui
684 1131 960 1185 sapientia
991 1132 1162 1184 magis
1194 1135 1368 1170 vestra
1398 1143 1536 1169 mors
1569 1128 1800 1169 devitari
1832 1136 2023 1183 potest.

474 1197 698 1250 Namque
729 1194 1006 1247 Aesculapi
1039 1194 1329 1233 liberorum
1361 1191 1526 1232 saucii
1557 1191 1778 1244 opplent
1808 1193 2067 1245 porticus:

284 1271 319 1300 ⁴5
473 1259 583 1298 Non
626 1262 805 1312 potest
847 1256 1042 1296 accedi.
1102 1257 1146 1295 P.
1185 1255 1337 1295 Certe
1380 1253 1697 1307 Eurypylus
1739 1254 1821 1294 hic
1869 1255 2097 1308 quidem.

1006 1318 1270 1358 Hominem
1309 1316 1632 1357 exercitum!

444 1384 574 1423 XVII.
607 1380 672 1421 39.
705 1382 781 1422 Ubi
823 1387 981 1422 tantum
1021 1381 1158 1420 luctus
1199 1380 1476 1426 continuatur,
1509 1379 1604 1418 vide
1637 1392 1758 1433 quam
1792 1393 1877 1419 non
1909 1380 2101 1421 flebiliter

334 1445 608 1500 respondeat,
639 1445 842 1485 rationem
875 1444 997 1484 etiam
1030 1442 1190 1483 adferat
1220 1456 1294 1482 cur
1324 1455 1460 1495 aequo
1493 1442 1630 1482 animo
1663 1442 1742 1481 sibi
1773 1442 1990 1482 ferendum
2024 1443 2098 1483 sit:

1117 1507 1168 1545 E.
1203 1505 1301 1554 Qui
1334 1504 1499 1544 alteri
1533 1504 1767 1544 exitium
1799 1510 1971 1557 parat,

473 1572 592 1611 Eum
637 1570 774 1610 scire
817 1574 1032 1622 oportet
1076 1568 1174 1608 sibi
1219 1573 1454 1621 paratum
1494 1571 1692 1619 pestem
1724 1572 1775 1607 ut
1814 1568 2099 1623 participet

1005 1644 1194 1684 parem.

284 1709 321 1738 20
335 1697 522 1738 Abducet
551 1695 794 1742 Patricoles,
828 1694 973 1741 credo,
1015 1699 1059 1733 ut
1090 1693 1280 1733 conlocet
1320 1693 1362 1731 in
1395 1691 1543 1738 cubili,
1586 1696 1631 1730 ut
1663 1692 1809 1730 volnus
1842 1692 2007 1745 obliget.
2055 1694 2095 1734 Si

335 1759 503 1813 quidem
536 1758 659 1798 hoino
692 1762 820 1804 esset,
853 1756 923 1797 sed
957 1756 1063 1795 nihil
1095 1755 1179 1795 vidi
1211 1755 1361 1794 minus.
1404 1753 1576 1801 Quaerit
1602 1753 1711 1792 enim
1735 1754 1836 1806 quid
1859 1761 1995 1794 actum
2019 1756 2094 1795 sit:

388 1822 432 1860 P.
475 1820 759 1873 Eloquere,
794 1819 1079 1872 eloquere,
1111 1831 1192 1857 res
1213 1816 1460 1867 Argivum
1482 1815 1684 1868 proelio
1706 1821 1759 1855 ut
1781 1830 1830 1856 se
1854 1817 2094 1857 sustinet.

389 1884 440 1922 E.
476 1884 581 1921 Non
619 1886 799 1935 potest
837 1880 996 1921 ecfari
1038 1885 1241 1921 tantum
1281 1878 1464 1926 dictis,
1508 1882 1754 1931 quantum
1793 1878 1953 1919 factis
1985 1893 2095 1934 sup-

1007 1943 1146 1996 petit

475 2006 708 2048 Laboris.

281 2085 317 2115 25
334 2073 515 2121 Quiesce
554 2070 680 2123 igitur
711 2074 750 2109 et
779 2069 929 2109 volnus
961 2068 1125 2121 adligat
1159 2068 1291 2107 Etiam
1325 2067 1358 2107 si
1385 2066 1623 2121 Eurypylus
1651 2073 1808 2120 posset,
1840 2081 1924 2107 non
1956 2075 2099 2121 posset

332 2137 540 2188 Aesopus.

389 2198 441 2237 E.
479 2195 569 2236 Ubi
599 2194 819 2234 fortuna
846 2193 1092 2233 Hectoris
1124 2198 1345 2232 nostram
1367 2206 1534 2233 acrem
1557 2193 1713 2233 aciem
1737 2193 2096 2234 inclinatam...

334 2265 375 2300 et
405 2264 543 2299 cetera
573 2257 754 2310 explicat
785 2256 826 2295 in
859 2256 1019 2295 dolore.
1074 2255 1140 2294 Sic
1172 2261 1234 2295 est
1265 2256 1374 2295 enim
1407 2256 1690 2308 intemperans
1723 2255 1911 2297 militaris
1933 2258 1976 2297 in
1999 2258 2095 2298 forti

333 2323 422 2362 viro
454 2321 597 2374 gloria.
643 2321 752 2372 Ergo
785 2319 888 2358 haec
909 2324 1128 2358 veteranus
1151 2318 1269 2358 miles
1292 2317 1428 2358 facere
1451 2318 1626 2372 poterit,
1658 2317 1806 2358 doctus
1830 2319 1891 2358 vir
1911 2320 2097 2372 sapiens-

283 2398 416 2439 aoque
449 2398 531 2423 non
562 2383 742 2437 poterit?
780 2381 854 2421 Ille
886 2394 984 2421 vero
1017 2381 1163 2420 melius
1195 2394 1240 2421 ac
1272 2395 1354 2421 non
1387 2381 1512 2434 paulo
1541 2380 1723 2435 quidem.
1768 2378 1832 2419 [ιὈ.
1857 2381 1939 2421 Sed
1961 2382 2096 2422 adhuc

335 2447 386 2487 de
418 2445 721 2487 consuetudine
754 2443 1069 2484 exercitationis
1101 2443 1271 2497 loquor,
1314 2443 1499 2484 nondum
1533 2444 1582 2483 de
1613 2444 1775 2483 ratione
1808 2449 1848 2484 et
1879 2445 2095 2498 sapientia.

421 2636 450 2666 ὕ.
478 2638 632 2673 tyronum
656 2636 680 2665 G
697 2635 719 2665 R
752 2651 787 2655 —
822 2636 1046 2672 contempnere
1077 2633 1101 2662 G
1132 2650 1171 2654 —-
1205 2632 1255 2662 ⁴0.
1284 2632 1321 2663 E.
1349 2633 1383 2662 et
1407 2632 1440 2662 P.
1467 2630 1597 2671 ubique
1623 2639 1692 2661 om.
1721 2632 1783 2662 GR
1811 2648 1844 2652 —
1872 2632 2035 2663 Patrocles
2059 2634 2095 2664 Ο.

337 2683 385 2716 Cf.
412 2685 522 2724 Bergk
548 2684 620 2715 lnd.
647 2683 740 2715 lectt.
768 2684 889 2715 aestiv.
917 2682 1090 2721 Marburg.
1121 2680 1202 2713 ⁴844
1227 2690 1260 2721 p.
1282 2681 1334 2711 lX.
1359 2699 1392 2703 —
1421 2682 1471 2712 ⁴⁴.
1499 2683 1610 2720 oppeto
1629 2681 1673 2712 C:
1700 2683 1849 2720 oppetam
1873 2680 1938 2713 alii.
1967 2682 2036 2714 «Cf.
2057 2684 2098 2714 lV

336 2734 354 2774 ἓ
379 2733 429 2766 48.
457 2735 592 2765 Terent.
621 2734 725 2765 Andr.
754 2735 793 2772 ll,
821 2734 850 2770 ⁴,
878 2733 952 2763 ⁴⁴.»
978 2732 1033 2762 W.
1066 2750 1098 2755 —
1126 2731 1321 2761 mandatam
1342 2732 1388 2763 C:
1416 2732 1528 2762 datam
1553 2730 1709 2770 Bentley,
1737 2732 1761 2762 O
1782 2749 1816 2753 —
1846 2731 1895 2763 ⁴4.
1923 2733 2099 2772 aesculapii

337 2784 361 2815 C
391 2801 424 2805 -
453 2784 503 2814 ⁴5.
528 2784 613 2823 potis
636 2784 757 2815 Bothe.
778 2800 812 2804 —
841 2783 970 2823 quidem
1008 2782 1177 2812 Hominem
1193 2781 1396 2812 Tisclierus:
1424 2781 1554 2819 quidem
1578 2784 1623 2811 est
1645 2781 1806 2811 hominem
1824 2782 1868 2817 C;
1895 2782 2024 2819 quidem
2041 2786 2096 2813 est.

335 2833 503 2865 Hominem
528 2835 551 2864 O
582 2851 611 2856 —
649 2834 699 2865 ⁴6.
726 2833 839 2865 Verba
867 2833 1087 2864 distinximus
1113 2839 1192 2861 cum
1219 2829 1391 2862 Bentleio:
1422 2830 1476 2861 ubi
1501 2833 1628 2861 tantum
1653 2831 1673 2861 l.
1701 2831 1924 2862 continuatur.
1955 2831 2029 2862 Vide
2052 2832 2096 2868 0;

335 2883 503 2914 Hominem
528 2884 721 2922 exercitum,
747 2883 800 2914 ubi
825 2887 846 2914 l.
867 2882 887 2913 l.
907 2882 1132 2919 continuatur,
1157 2881 1230 2911 vide
1246 2879 1397 2911 Klotzius
1424 2879 1541 2919 (verba
1567 2880 1727 2911 hominem
1744 2881 1924 2912 exercitum
1942 2881 2099 2912 Ciceroni

335 2931 516 2970 tribuens).
547 2950 580 2954 —
615 2933 737 2963 luctum
772 2933 982 2964 continuatus
1006 2931 1029 2962 C
1059 2948 1092 2952 —
1128 2931 1178 2961 ⁴7.
1206 2932 1302 2970 affert
1328 2931 1351 2961 O
1381 2948 1414 2952 —-
1450 2939 1537 2969 quur
1561 2932 1584 2961 G
1612 2947 1645 2951 —
1678 2930 1729 2962 ⁴9.
1753 2935 1912 2969 paratum
1934 2930 2096 2970 Bentley:

332 2984 491 3021 paratam
516 2982 540 3012 C
568 2999 601 3003 —-
637 2982 688 3013 20.
714 2982 877 3013 Patrocles
900 2981 924 3012 Ο
961 2999 995 3003 -
1026 2980 1165 3011 cubiculi
1190 2982 1251 3011 GR
1282 2998 1314 3002 —
1347 2981 1399 3011 2⁴.
1433 2983 1513 3011 esset
1542 2982 1586 3012 C:
1619 2983 1666 3011 est
1696 2980 1894 3018 Ernestius,
1921 2981 1945 3011 O
2034 2981 2100 3011 vidi

334 3031 442 3061 minus
465 3031 655 3063 Victorius:
683 3032 827 3063 uidimus
850 3032 874 3063 C
905 3049 937 3053 -
966 3031 1018 3062 22.
1046 3030 1205 3069 Eloquere
1229 3031 1379 3070 eloquere
1400 3030 1423 3061 C
1452 3029 1525 3069 (sed
1551 3030 1582 3060 in
1610 3031 1633 3061 R
1659 3028 1804 3061 alterum
1830 3031 1979 3070 eloquere
2002 3030 2099 3062 dele-

336 3081 443 3119 tum):
477 3080 636 3118 Eloquere
659 3080 792 3120 (semel)
818 3082 842 3113 Ο
870 3098 904 3103 -
939 3081 991 3112 23.
1014 3080 1129 3120 polest]
1160 3081 1244 3119 potis
1268 3079 1438 3116 Davisius,
1466 3080 1502 3110 O.
1540 3079 1589 3111 Cf.
1616 3088 1649 3110 V.
1679 3080 1729 3110 ⁴5.
1761 3097 1794 3101 —
1821 3080 1924 3119 ecfari
1948 3081 1990 3111 B:
2022 3081 2099 3111 haec

334 3131 403 3171 fari
427 3131 451 3161 G
466 3132 502 3161 R.
529 3130 612 3162 Vide
631 3131 673 3162 ad
691 3132 710 3171 §
727 3132 779 3162 20.
801 3148 835 3153 —
863 3131 1013 3170 suppetit.
1041 3131 1074 3161 Ρ.
1101 3130 1254 3161 Laberis:
1280 3131 1406 3169 quiesce
1430 3130 1532 3169 iyitur
1549 3133 1577 3160 et
1599 3129 1713 3160 volnus
1730 3129 1852 3169 altiqa:
1878 3131 1968 3160 tace!
1993 3129 2098 3160 Bent-

334 3179 411 3220 ley;
439 3181 571 3219 Quiesce
587 3198 633 3203 -—
651 3181 754 3222 alliya
778 3183 900 3222 poetae
926 3180 1044 3212 tribuit
1069 3181 1173 3212 etiam
1192 3181 1215 3210 O
1239 3198 1271 3202 —
1298 3179 1350 3211 27.
1371 3180 1565 3211 inclinatam
1591 3179 1697 3220 [dedit]
1716 3179 1826 3219 Bergk
1843 3178 1863 3210 l.
1884 3178 1892 3210 l
1927 3196 1960 3201 ——
1990 3179 2041 3210 3⁴.
2061 3179 2100 3210 de

335 3230 563 3261 consuetudine
592 3230 696 3261 adhuc
726 3231 751 3262 Ο
784 3248 815 3254 -
851 3231 1160 3263 exercitationis--
1178 3230 1308 3260 ratione
1337 3229 1370 3260 in
1401 3231 1565 3261 contextu
1590 3230 1718 3261 omissa
1748 3229 1781 3260 in
1806 3237 1917 3269 marg.
1944 3227 2021 3259 ead.
2048 3237 2095 3260 m.

335 3278 495 3323 suppleta
519 3278 624 3313 habet
650 3281 687 3312 G.
