2249 3624
620 137 719 177 cip.
751 137 1071 177 xvr--xvnr
1113 135 1172 189 §§
1204 135 1397 176 36-41,
1807 136 1887 177 579

124 246 193 300 qui
226 246 364 298 potest
395 255 478 281 non
511 255 653 281 verum
687 245 806 282 esse?
845 244 1071 283 Tenebitur
1101 245 1226 294 iqitur
1256 242 1317 288 id,
1350 242 1463 295 quod
1496 256 1518 282 a
1551 242 1785 296 Chrysippo
1819 243 1889 282 de-

121 308 332 348 fenditur:
374 318 538 345 omnem
573 306 903 345 enuntiationem
943 312 1014 345 aut
1047 320 1183 345 veram
1225 311 1294 344 aut
1325 305 1469 344 salsam
1502 318 1621 351 esse3
1665 306 1767 344 ratio
1800 306 1889 357 ipsa

122 375 240 422 coget
270 373 312 408 et
343 381 395 408 ex
426 369 671 407 aeternitate
704 368 909 420 quaedam
943 383 1034 407 esse
1067 381 1183 414 vera,
1223 374 1263 407 et
1296 381 1342 406 ea
1375 381 1457 407 non
1490 381 1581 407 esse
1615 380 1722 406 nexa
1754 369 1889 407 causis

121 431 299 473 aeternis
335 436 376 469 et
407 443 428 469 a
460 429 531 469 fati
565 431 813 469 necessitate
846 444 937 469 csse
970 431 1111 469 libera.

234 493 362 532 xvlt.
407 490 473 530 39.
516 496 571 531 Ac
610 493 709 532 mibi
752 493 922 545 quidem
963 494 1145 540 videtur,
1189 507 1281 532 cum
1315 493 1421 531 (luae
1453 493 1683 531 sentcntiae
1715 493 1924 532 fuissentts

120 561 305 597 veterum
339 554 710 608 philosophorum,
744 569 824 594 uua
857 568 1025 600 eorum,
1060 556 1131 607 qui
1164 561 1381 594 censerent
1412 555 1549 593 omnia
1584 556 1637 594 ita
1670 555 1753 595 sato
1785 556 1888 602 lieri,

119 624 164 659 ut
193 618 234 657 id
266 617 393 657 fatum
425 617 506 656 vim
540 618 800 656 necessitatis
830 616 1030 660 adferret,
1056 618 1095 655 in
1120 631 1201 670 qua
1224 618 1430 656 sententia
1455 618 1737 664 Democritus,
1762 618 1890 657 Hera-

120 681 259 726 clitus,
285 679 578 731 Empedocles,
601 679 846 717 Aristoteles
875 679 964 725 suit,
996 680 1125 718 altera
1157 694 1314 726 eorum,
1347 680 1499 732 quibus
1532 679 1774 719 viderentur
1800 681 1889 720 sine

119 743 203 783 ullo
235 741 319 781 sato
351 754 442 780 esse
475 742 711 780 animorum
745 747 882 779 motus
917 741 1167 787 voluntarii,
1208 742 1485 794 Chrysippus,
1528 747 1740 795 tamquam
1783 743 1891 782 arbi-

119 812 182 846 ter
212 805 479 850 honorarius,
520 804 702 842 medium
736 802 859 841 ferire
893 803 1101 848 voluisse,
1151 804 1222 842 sed
1257 805 1437 856 adplicat
1469 818 1512 843 se
1552 804 1601 843 ad
1636 818 1708 844 cos
1743 807 1941 858 potamio

120 868 192 922 qui
233 867 483 906 necessitate
527 872 663 905 motus
702 866 932 904 animorum
976 866 1174 905 liberatos
1217 866 1374 905 volunt.
1443 868 1548 906 Dum
1581 875 1718 907 autem
1754 869 1890 908 verbis

119 931 249 970 utitur
280 929 390 974 suis,
433 928 640 968 delabitur
672 928 711 967 in
746 941 815 966 eas
848 926 1134 974 difficultates,
1169 935 1213 967 ut
1244 928 1536 967 necessitatem
1569 929 1638 968 sati
1673 928 1890 970 confirmet

118 993 288 1033 invitus.
349 988 414 1029 40.
446 994 583 1043 Atque
616 990 708 1036 hoc,
741 991 773 1029 si
810 990 962 1042 placet,
996 991 1119 1042 quale
1152 991 1201 1030 sit
1234 991 1450 1029 videamus
1485 992 1523 1030 in
1552 991 1889 1040 adsensionibus,

120 1069 223 1109 quas
257 1055 389 1108 prima
421 1054 609 1092 oratione
643 1053 829 1091 tractavi.
895 1054 973 1091 Eas
1006 1053 1114 1091 enim
1149 1059 1309 1092 veteres
1342 1053 1416 1099 illi,
1449 1054 1603 1106 quibus
1636 1056 1773 1094 omnia
1806 1056 1890 1095 sato

118 1115 205 1157 fieri
240 1117 499 1161 videbantur,
532 1116 569 1154 vi
603 1113 708 1153 eslici
743 1120 783 1153 et
815 1115 1064 1154 necessitate
1097 1115 1303 1154 dicebant.
1357 1116 1437 1163 Qui
1472 1122 1610 1155 autem
1643 1118 1692 1155 ab
1726 1119 1775 1156 iis
1808 1118 1940 1157 dis-⁴5

119 1180 374 1225 sentiebant,
415 1177 500 1216 sato
541 1176 815 1216 adsensiones
860 1177 1091 1216 liberabant
1127 1178 1418 1230 negabantque
1451 1177 1534 1217 fato
1566 1178 1889 1219 adsensionibus

118 1242 307 1282 adhibito
341 1240 628 1279 necessitatem
662 1239 712 1278 ab
746 1239 808 1278 his
840 1253 963 1292 posse
996 1240 1228 1286 removeri,
1276 1241 1389 1293 iique
1422 1241 1476 1279 ita
1510 1240 1798 1282 disserebant:
1847 1243 1889 1281 Si

120 1305 259 1345 omnia
297 1303 380 1343 sato
420 1301 544 1348 liunt,
586 1302 724 1341 omnia
767 1302 870 1341 liunt
911 1315 1035 1341 causa
1075 1302 1370 1350 antecedente,
1411 1309 1451 1342 ct
1483 1303 1516 1342 si
1548 1303 1778 1356 adpetitus,
1821 1305 1891 1343 illa

119 1368 242 1407 etiam
285 1379 391 1419 quae
435 1364 666 1417 adpetitum
711 1370 936 1411 secuntur,
983 1378 1080 1416 ergo
1121 1366 1244 1404 etiam
1287 1365 1583 1404 adsensiones:
1630 1372 1671 1405 at
1701 1366 1734 1405 si
1767 1379 1891 1406 causa

119 1430 326 1483 adpetitus
359 1441 444 1467 non
476 1433 538 1465 est
569 1427 648 1466 sita
680 1427 721 1465 iii
754 1426 895 1472 uobis,
936 1440 987 1466 ne
1020 1428 1109 1479 ipse
1142 1427 1311 1479 quidem
1344 1428 1556 1479 adpetitus
1588 1435 1650 1468 est
1680 1429 1719 1467 in
1752 1435 1942 1468 nostraffo

119 1496 343 1545 potestate;
376 1489 486 1543 quod
520 1490 552 1529 si
584 1490 638 1528 ita
671 1495 747 1534 est,
780 1502 830 1527 ne
862 1489 932 1528 illa
965 1489 1155 1542 quidem,
1180 1502 1287 1542 quae
1309 1489 1496 1542 adpetitu
1518 1488 1773 1538 efficiuntur,
1798 1496 1894 1530 sunt

121 1555 200 1594 sita
231 1554 273 1593 in
305 1553 454 1592 nobis:
488 1565 571 1590 non
596 1557 693 1590 sunt
714 1552 839 1603 igitur
860 1565 997 1603 neque
1019 1553 1294 1591 adsensiones
1317 1565 1455 1605 neque
1477 1552 1664 1592 actiones
1687 1554 1728 1592 in
1753 1559 1892 1593 nostra

119 1621 339 1671 potestate.
401 1615 465 1654 Ex
497 1628 579 1666 quo
611 1612 790 1652 eflicitur
821 1619 866 1652 ut
897 1626 972 1652 nec
1005 1613 1269 1653 laudationes
1301 1615 1434 1654 iustae
1463 1615 1543 1653 sint
1575 1628 1651 1655 nec
1685 1617 1893 1667 vitupera-

120 1678 255 1719 tiones
288 1691 364 1717 nec
394 1676 578 1716 honores
611 1690 687 1716 nec
719 1676 941 1728 supplicia.
1003 1676 1125 1723 Quod
1159 1690 1252 1715 cum
1287 1676 1483 1716 vitiosum
1516 1677 1591 1725 sit,
1624 1678 1894 1731 probabiliter

123 1739 317 1781 concludi
351 1745 498 1792 putant
530 1752 611 1778 nou
644 1740 783 1778 omnia
814 1738 897 1778 sato
929 1736 1017 1778 fieri
1050 1752 1341 1793 quaecumque
1374 1738 1485 1779 liant.
1907 1748 1943 1778 25

235 1802 384 1842 XVllI.
433 1799 498 1840 41.
553 1801 811 1854 Chrysippus
853 1807 992 1841 autem
1035 1815 1126 1841 cum
1169 1808 1208 1841 et
1246 1802 1537 1841 necessitatem
1574 1803 1817 1856 inprobaret
1853 1808 1895 1842 et

120 1865 222 1905 nihil
255 1864 380 1905 vellet
410 1864 500 1903 sine
533 1864 783 1916 praepositis
816 1864 953 1903 causis
986 1864 1179 1910 evenire,
1221 1877 1441 1904 causarum
1473 1878 1626 1917 genera
1659 1865 1893 1918 distinguit,

121 1934 164 1968 ut
203 1933 244 1967 et
280 1927 573 1967 necessitatem
615 1926 785 1977 effugiat
825 1932 865 1966 et
895 1926 1073 1965 retineat
1102 1926 1246 1966 fatum.
1307 1927 1534 1966 Causarum
1567 1928 1700 1975 enim,
1743 1928 1894 1981 inquit,

122 1990 228 2030 aliae
260 1995 356 2029 sunt
387 1987 596 2041 perfectae
629 1994 669 2027 et
700 1988 964 2041 principales,
994 1989 1102 2028 aliae
1134 1989 1380 2029 adiuvantes
1413 1994 1454 2029 et
1484 1990 1716 2042 proximae.
1759 1990 1893 2038 Quam

122 2052 175 2093 ob
214 2065 300 2092 rem
339 2065 431 2091 cum
471 2051 649 2090 dicimus
692 2051 832 2090 omnia
871 2051 955 2090 fato
995 2049 1085 2091 lieri
1125 2052 1260 2091 causis
1292 2052 1658 2099 antecedentibus,
1698 2066 1783 2091 non
1814 2052 1944 2092 hocso

122 2115 311 2167 intellegi
344 2113 559 2160 volumus,
591 2113 724 2153 causis
756 2113 956 2166 perfectis
988 2120 1027 2153 et
1058 2114 1384 2167 principalibus,
1423 2114 1496 2153 sed
1528 2115 1663 2154 causis
1694 2114 1896 2154 adiuvan-

122 2177 233 2217 tibus
266 2172 642 2230 [antecedentibus]
675 2181 715 2215 et
743 2177 960 2228 proximis.
1011 2177 1156 2229 Itaque
1188 2177 1249 2216 illi
1281 2176 1452 2223 rationi,
1485 2189 1610 2229 quam
1643 2176 1767 2229 paulo
1799 2183 1895 2217 ante

123 2239 324 2285 conclusi,
357 2238 415 2277 sic
447 2238 649 2278 occurrit:
683 2238 725 2277 Si
758 2239 899 2278 omnia
929 2238 1013 2278 fato
1046 2237 1163 2285 liant,
1196 2239 1318 2292 sequi
1352 2239 1453 2278 illud
1477 2238 1669 2292 quidem,
1692 2244 1736 2278 ut
1758 2239 1896 2278 omnia

123 2302 257 2342 causis
288 2301 390 2340 fiant
421 2301 683 2353 antepositis,
715 2314 859 2340 verum
893 2314 977 2340 non
1010 2301 1309 2353 principalibus
1342 2301 1479 2340 causis
1512 2306 1552 2340 et
1580 2300 1790 2354 perfectis,
1822 2300 1894 2341 sed

124 2364 415 2404 adiuvantibus
457 2369 498 2402 et
535 2364 755 2416 proximis,
815 2364 933 2411 Quae
971 2363 1005 2402 si
1043 2364 1158 2417 ipsae
1196 2376 1280 2403 non
1311 2363 1396 2402 sint
1426 2364 1468 2402 in
1500 2369 1644 2403 nostra
1676 2369 1893 2416 potestate,
1908 2370 1946 2399 35

124 2519 257 2552 adiecta
287 2520 345 2550 aut
377 2527 394 2549 a
422 2519 592 2550 Cicerone
624 2527 748 2559 parum
781 2520 883 2550 acute
915 2518 1031 2549 addita
1059 2527 1137 2550 esse
1163 2518 1342 2550 censenda
1368 2519 1466 2554 sunt,
1500 2526 1580 2549 cum
1607 2517 1688 2549 nihil
1714 2528 1783 2559 quo
1809 2520 1897 2551 haec

124 2568 301 2601 conclusio
325 2570 405 2609 apte
432 2569 604 2599 reseratur
628 2567 826 2600 antecedat.
853 2586 887 2590 —
916 2570 945 2600 11.
973 2569 1133 2599 tenebitur
1155 2570 1261 2609 igilur·
1284 2568 1420 2609 scripsi,
1449 2576 1528 2599 cum
1556 2567 1635 2599 illud
1662 2569 1776 2608 igitur,
1802 2570 1897 2610 quod

124 2619 158 2651 in
182 2618 284 2651 codd.
312 2619 439 2649 nostris
472 2618 636 2649 omnibus
668 2618 906 2655 desideratur,
933 2619 1031 2650 facile
1056 2620 1224 2660 proximis
1256 2618 1378 2649 litteris
1403 2618 1534 2648 hauriri
1560 2621 1701 2658 posset:
1739 2620 1900 2651 tenebitur

123 2677 200 2710 erqo
225 2678 265 2701 ex
290 2670 379 2706 suis,
407 2670 442 2698 ut
468 2669 529 2702 ait.
558 2668 662 2699 codd.
692 2669 850 2700 Davisius
877 2669 901 2700 O
930 2687 962 2691 —-
998 2669 1028 2700 3.
1056 2669 1253 2700 efflei-nitate
1282 2669 1305 2698 V
1333 2686 1365 2690 —
1397 2669 1426 2698 5.
1454 2668 1516 2699 hac
1540 2667 1576 2698 Β1
1606 2686 1638 2690 -
1667 2667 1698 2699 6.
1724 2677 1899 2701 concense-

123 2719 191 2749 rint
213 2718 241 2749 V
264 2736 307 2741 ——
341 2718 371 2749 9.
398 2718 468 2748 ulla
493 2718 529 2749 Β1
556 2735 590 2739 -
631 2719 681 2749 40.
709 2718 907 2749 honerat-ius
933 2719 957 2747 V
988 2736 1020 2740 —-
1056 2719 1168 2759 ferire]
1187 2719 1275 2757 ser-re
1301 2716 1435 2756 Erlang.
1468 2735 1503 2739 —
1540 2726 1573 2748 se
1597 2726 1690 2749 man.
1718 2727 1789 2750 sec.
1818 2728 1895 2761 sup.

124 2766 181 2799 lin.
207 2769 231 2799 B
256 2786 298 2791 —-
323 2769 375 2799 Μ.
402 2769 592 2799 animorum
616 2768 798 2799 Davisius:
827 2769 955 2798 animos
980 2769 1004 2799 C
1034 2786 1067 2790 —
1097 2767 1147 2799 ili.
1175 2769 1333 2798 tractavit
1357 2776 1406 2799 sc.
1428 2767 1627 2806 Chrysippus
1651 2769 1739 2799 coni.
1759 2769 1896 2807 Bremi;

126 2818 160 2848 at
182 2817 261 2848 vide
287 2826 376 2857 quae
403 2826 466 2849 nos
491 2817 532 2848 ad
560 2817 615 2857 54
641 2817 896 2858 disputavimus
929 2835 962 2839 —
1004 2819 1054 2849 45.
1082 2818 1123 2848 ab
1147 2819 1188 2848 iis
1211 2818 1243 2848 in
1263 2826 1330 2848 ras.
1353 2820 1391 2855 A,
1418 2817 1459 2847 ab
1482 2818 1530 2848 his
1556 2818 1614 2848 VO
1641 2835 1675 2839 —
1705 2819 1756 2850 47.
1775 2822 1899 2852 remora·

126 2865 166 2897 B¹
183 2883 219 2889 —
245 2867 340 2906 hique
356 2868 413 2898 AV
442 2884 475 2888 —
505 2868 556 2898 49.
576 2871 675 2907 atpet.
696 2865 734 2896 Ψ
762 2884 797 2889 —-
822 2868 1025 2907 sequnturv
1053 2885 1086 2888 —
1120 2867 1171 2898 23.
1198 2866 1478 2903 iustae,„*sint,
1505 2865 1568 2897 sed
1594 2876 1632 2898 ae
1657 2868 1688 2899 in
1715 2877 1782 2901 ras.
1810 2870 1833 2901 B
1862 2888 1897 2893 -

126 2923 166 2947 ne
189 2915 227 2947 13¹
252 2933 286 2938 —
319 2916 371 2948 ⁹24.
398 2916 712 2956 subpl1·cia„qu0d
735 2917 761 2947 A
796 2934 829 2938 -
867 2917 915 2949 28.
945 2918 1081 2957 effugiat
1113 2917 1145 2947 in
1172 2925 1239 2947 ras.
1267 2919 1313 2953 Α,
1346 2917 1488 2955 effugent
1514 2915 1549 2947 Βι
1586 2933 1621 2939 ·—
1654 2918 1771 2957 inquid
1794 2919 1834 2949 V!
1860 2937 1895 2941 —

129 2964 180 2996 30.
205 2974 279 2996 cum
303 2964 384 3004 ciffis,
410 2966 473 2998 sed
498 2968 518 2997 d
543 2968 660 2998 iuras.
681 2967 704 2997 B
733 2984 766 2987 —
795 2967 846 2997 3⁴.
871 2967 1076 3005 perfectivas
1101 2967 1123 2997 B
1153 2984 1187 2989 -
1218 2966 1270 2996 3¹2.
1298 2966 1561 2997 antecedentibus
1584 2967 1794 2999 eiiciendum
1822 2978 1900 3001 esse

128 3016 262 3046 monuit
286 3016 466 3053 Datisius;
503 3018 539 3048 O.
561 3017 670 3048 Heine
697 3017 914 3047 «Stoicorum
940 3016 983 3047 de
1009 3016 1078 3048 fato
1103 3016 1281 3046 doctrina-²
1310 3025 1341 3056 p.
1358 3014 1399 3046 42
1424 3015 1528 3046 codd.
1555 3015 1741 3049 lectionem
1767 3019 1811 3050 ita
1837 3018 1902 3049 de-

128 3061 254 3102 fendit,
281 3067 318 3096 ut
342 3065 428 3097 duas
453 3066 591 3105 species
615 3066 857 3096 adiuvantium
883 3074 1070 3097 causarum
1097 3066 1305 3097 Ciceronem
1331 3064 1547 3103 significasse
1572 3065 1726 3103 dicerer,
1752 3067 1846 3107 quod
1873 3069 1901 3099 si

130 3113 330 3152 statuimus,
363 3117 398 3145 et
426 3124 552 3155 parum
584 3114 637 3145 ille
670 3114 735 3145 sibi
768 3115 966 3146 constitisse
1001 3117 1033 3146 et
1065 3116 1179 3146 minus
1211 3114 1381 3145 concinne
1413 3113 1572 3146 clocutus
1604 3125 1683 3147 esse
1715 3117 1898 3155 iudicatur,

130 3161 157 3192 si
189 3163 274 3194 intra
303 3165 375 3196 tam
406 3163 514 3195 breve
546 3165 697 3204 spatium
729 3164 1011 3196 «antecedentes
1037 3173 1187 3196 causas»
1220 3164 1458 3195 diversissima
1489 3165 1521 3194 vi
1551 3173 1743 3206 usurpasse
1773 3170 1807 3198 et
1831 3166 1897 3197 dua

130 3210 298 3243 adiectiva
323 3213 439 3253 priore
465 3214 498 3244 in
522 3216 637 3254 parte,
663 3215 725 3244 tria
752 3215 783 3245 in
809 3213 917 3245 altera
943 3223 1024 3245 eum
1049 3214 1209 3254 posuisse
1236 3213 1396 3245 dicimus.
1425 3230 1459 3236 —
1488 3214 1540 3246 34.
1568 3216 1605 3245 od
1625 3216 1779 3256 perfectis
1802 3215 1839 3247 13¹
1861 3233 1898 3239 —

131 3257 182 3291 35.
200 3261 262 3300 ipsi
284 3262 336 3301 V¹‚
360 3262 433 3301 ipsa
449 3263 490 3294 V2
515 3280 550 3286 —-
577 3265 637 3295 aut
659 3266 735 3295 sunt
758 3265 818 3294 aut
839 3264 930 3303 sequi
953 3263 1183 3296 scribendum
1209 3271 1288 3295 esse
1314 3263 1464 3303 videtur,
1490 3264 1556 3296 nisi
1579 3263 1720 3296 levitate
1745 3264 1900 3305 quadam
