<?xml version="1.0" encoding="UTF-8"?>
<!DOCTYPE html PUBLIC "-//W3C//DTD XHTML 1.0 Transitional//EN"
    "http://www.w3.org/TR/xhtml1/DTD/xhtml1-transitional.dtd">
<html xmlns="http://www.w3.org/1999/xhtml" xml:lang="en" lang="en">
 <head>
  <title>
</title>
<meta http-equiv="Content-Type" content="text/html;charset=utf-8" />
  <meta name='ocr-system' content='tesseract 3.04.00' />
  <meta name='ocr-capabilities' content='ocr_page ocr_carea ocr_par ocr_line ocrx_word'/>
</head>
<body>
  <div class='ocr_page' id='page_1' title='image "./operaquaesupersu04ciceuoft_0763.png"; bbox 0 0 2249 3624; ppageno 0'>
   <div class='ocr_carea' id='block_1_1' title="bbox 716 139 1956 196">
    <p class='ocr_par' dir='ltr' id='par_1_1' title="bbox 716 139 1956 196">
     <span class='ocr_line' id='line_1_1' title="bbox 716 139 1956 196; baseline -0.001 -15"><span class='ocrx_word' id='word_1_1' title='bbox 716 143 804 182; x_wconf 75' lang='lat' dir='ltr'><strong>Lm.</strong></span> <span class='ocrx_word' id='word_1_2' title='bbox 828 143 878 182; x_wconf 93' lang='grc'><strong>11.</strong></span> <span class='ocrx_word' id='word_1_3' title='bbox 917 143 1014 183; x_wconf 70' lang='lat' dir='ltr'><strong>ou».</strong></span> <span class='ocrx_word' id='word_1_4' title='bbox 1037 142 1147 183; x_wconf 83' lang='lat' dir='ltr'><strong>vm.</strong></span> <span class='ocrx_word' id='word_1_5' title='bbox 1183 141 1243 196; x_wconf 77' lang='lat'><strong>§§</strong></span> <span class='ocrx_word' id='word_1_6' title='bbox 1265 139 1463 182; x_wconf 65' lang='lat'><strong>95-34.</strong></span> <span class='ocrx_word' id='word_1_7' title='bbox 1882 139 1956 181; x_wconf 76' lang='grc'><strong>691</strong></span> 
     </span>
    </p>
   </div>
   <div class='ocr_carea' id='block_1_2' title="bbox 192 246 2021 2235">
    <p class='ocr_par' dir='ltr' id='par_1_2' title="bbox 192 246 2021 2235">
     <span class='ocr_line' id='line_1_2' title="bbox 199 246 1962 305; baseline -0.003 -13"><span class='ocrx_word' id='word_1_8' title='bbox 199 256 261 292; x_wconf 88' lang='lat' dir='ltr'><strong>est</strong></span> <span class='ocrx_word' id='word_1_9' title='bbox 291 251 361 305; x_wconf 87' lang='lat' dir='ltr'><strong>qui</strong></span> <span class='ocrx_word' id='word_1_10' title='bbox 392 249 435 289; x_wconf 91' lang='lat' dir='ltr'><strong>in</strong></span> <span class='ocrx_word' id='word_1_11' title='bbox 468 261 591 288; x_wconf 86' lang='lat' dir='ltr'><strong>causa</strong></span> <span class='ocrx_word' id='word_1_12' title='bbox 624 248 768 302; x_wconf 89' lang='lat' dir='ltr'><strong>impia,</strong></span> <span class='ocrx_word' id='word_1_13' title='bbox 811 250 981 289; x_wconf 82' lang='lat' dir='ltr'><strong>victoria</strong></span> <span class='ocrx_word' id='word_1_14' title='bbox 1013 250 1135 289; x_wconf 85' lang='lat' dir='ltr'><strong>etiam</strong></span> <span class='ocrx_word' id='word_1_15' title='bbox 1167 248 1354 289; x_wconf 87' lang='lat' dir='ltr'><strong>foediore</strong></span> <span class='ocrx_word' id='word_1_16' title='bbox 1394 262 1478 288; x_wconf 92' lang='lat' dir='ltr'><strong>non</strong></span> <span class='ocrx_word' id='word_1_17' title='bbox 1518 246 1778 300; x_wconf 89' lang='lat' dir='ltr'><strong>singulorum</strong></span> <span class='ocrx_word' id='word_1_18' title='bbox 1810 246 1962 287; x_wconf 87' lang='lat' dir='ltr'><strong>civium</strong></span> 
     </span>
     <span class='ocr_line' id='line_1_3' title="bbox 196 310 1963 366; baseline -0.003 -13"><span class='ocrx_word' id='word_1_19' title='bbox 196 314 305 354; x_wconf 89' lang='lat' dir='ltr'><strong>bona</strong></span> <span class='ocrx_word' id='word_1_20' title='bbox 336 311 587 366; x_wconf 88' lang='lat' dir='ltr'><strong>publicaret,</strong></span> <span class='ocrx_word' id='word_1_21' title='bbox 630 310 704 350; x_wconf 87' lang='lat' dir='ltr'><strong>sed</strong></span> <span class='ocrx_word' id='word_1_22' title='bbox 745 312 962 351; x_wconf 80' lang='lat' dir='ltr'><strong>universas</strong></span> <span class='ocrx_word' id='word_1_23' title='bbox 1002 312 1239 364; x_wconf 82' lang='lat' dir='ltr'><strong>provincias</strong></span> <span class='ocrx_word' id='word_1_24' title='bbox 1278 312 1557 364; x_wconf 81' lang='lat' dir='ltr'><strong>regionesque</strong></span> <span class='ocrx_word' id='word_1_25' title='bbox 1596 324 1678 350; x_wconf 92' lang='lat' dir='ltr'><strong>uno</strong></span> <span class='ocrx_word' id='word_1_26' title='bbox 1716 310 1963 349; x_wconf 78' lang='lat' dir='ltr'>calamitatis</span> 
     </span>
     <span class='ocr_line' id='line_1_4' title="bbox 196 372 1963 427; baseline -0.003 -12"><span class='ocrx_word' id='word_1_27' title='bbox 196 376 284 415; x_wconf 92' lang='lat' dir='ltr'><strong>iure</strong></span> <span class='ocrx_word' id='word_1_28' title='bbox 316 372 706 426; x_wconf 73' lang='lat' dir='ltr'>comprehenderet.</span> <span class='ocrx_word' id='word_1_29' title='bbox 765 372 832 413; x_wconf 73' lang='lat'><strong>⁶28.</strong></span> <span class='ocrx_word' id='word_1_30' title='bbox 874 375 1021 427; x_wconf 90' lang='lat' dir='ltr'><strong>Itaque</strong></span> <span class='ocrx_word' id='word_1_31' title='bbox 1054 375 1213 414; x_wconf 87' lang='lat' dir='ltr'><strong>vexatis</strong></span> <span class='ocrx_word' id='word_1_32' title='bbox 1244 387 1291 413; x_wconf 92' lang='lat' dir='ltr'><strong>ac</strong></span> <span class='ocrx_word' id='word_1_33' title='bbox 1324 373 1500 426; x_wconf 90' lang='lat' dir='ltr'><strong>perditis</strong></span> <span class='ocrx_word' id='word_1_34' title='bbox 1532 373 1686 412; x_wconf 82' lang='lat' dir='ltr'><strong>exteris</strong></span> <span class='ocrx_word' id='word_1_35' title='bbox 1718 372 1963 411; x_wconf 88' lang='lat' dir='ltr'><strong>nationibus</strong></span> 
     </span>
     <span class='ocr_line' id='line_1_5' title="bbox 195 433 1963 489; baseline -0.003 -12"><span class='ocrx_word' id='word_1_36' title='bbox 195 437 245 477; x_wconf 94' lang='lat' dir='ltr'><strong>ad</strong></span> <span class='ocrx_word' id='word_1_37' title='bbox 277 436 514 489; x_wconf 85' lang='lat' dir='ltr'><strong>exemplum</strong></span> <span class='ocrx_word' id='word_1_38' title='bbox 553 436 696 475; x_wconf 90' lang='lat' dir='ltr'><strong>amissi</strong></span> <span class='ocrx_word' id='word_1_39' title='bbox 738 437 899 489; x_wconf 90' lang='lat' dir='ltr'><strong>imperii</strong></span> <span class='ocrx_word' id='word_1_40' title='bbox 943 438 1098 488; x_wconf 87' lang='lat' dir='ltr'><strong>portari</strong></span> <span class='ocrx_word' id='word_1_41' title='bbox 1136 437 1177 475; x_wconf 95' lang='lat' dir='ltr'><strong>in</strong></span> <span class='ocrx_word' id='word_1_42' title='bbox 1212 436 1420 489; x_wconf 87' lang='lat' dir='ltr'><strong>triumpho</strong></span> <span class='ocrx_word' id='word_1_43' title='bbox 1452 435 1679 475; x_wconf 84' lang='lat' dir='ltr'>Massiliam</span> <span class='ocrx_word' id='word_1_44' title='bbox 1713 433 1891 474; x_wconf 92' lang='lat' dir='ltr'><strong>vidimus</strong></span> <span class='ocrx_word' id='word_1_45' title='bbox 1923 438 1963 472; x_wconf 91' lang='lat' dir='ltr'><strong>et</strong></span> 
     </span>
     <span class='ocr_line' id='line_1_6' title="bbox 195 498 1994 552; baseline -0.003 -14"><span class='ocrx_word' id='word_1_46' title='bbox 195 511 247 538; x_wconf 87' lang='lat' dir='ltr'><strong>ex</strong></span> <span class='ocrx_word' id='word_1_47' title='bbox 277 511 325 538; x_wconf 89' lang='lat' dir='ltr'><strong>ea</strong></span> <span class='ocrx_word' id='word_1_48' title='bbox 355 498 456 538; x_wconf 87' lang='lat' dir='ltr'><strong>urbe</strong></span> <span class='ocrx_word' id='word_1_49' title='bbox 487 498 750 550; x_wconf 89' lang='lat' dir='ltr'><strong>triumphari,</strong></span> <span class='ocrx_word' id='word_1_50' title='bbox 782 499 873 538; x_wconf 88' lang='lat' dir='ltr'><strong>sine</strong></span> <span class='ocrx_word' id='word_1_51' title='bbox 905 512 989 552; x_wconf 89' lang='lat' dir='ltr'><strong>qua</strong></span> <span class='ocrx_word' id='word_1_52' title='bbox 1020 511 1250 551; x_wconf 87' lang='lat' dir='ltr'>numquam</span> <span class='ocrx_word' id='word_1_53' title='bbox 1282 498 1413 538; x_wconf 84' lang='lat' dir='ltr'>nostri</span> <span class='ocrx_word' id='word_1_54' title='bbox 1443 499 1714 550; x_wconf 90' lang='lat' dir='ltr'><strong>imperatores</strong></span> <span class='ocrx_word' id='word_1_55' title='bbox 1746 509 1799 535; x_wconf 84' lang='lat' dir='ltr'><strong>ex</strong></span> <span class='ocrx_word' id='word_1_56' title='bbox 1830 500 1994 536; x_wconf 83' lang='lat' dir='ltr'><strong>trans-5</strong></span> 
     </span>
     <span class='ocr_line' id='line_1_7' title="bbox 193 558 1962 614; baseline -0.001 -15"><span class='ocrx_word' id='word_1_57' title='bbox 193 561 343 614; x_wconf 84' lang='lat' dir='ltr'>alpinis</span> <span class='ocrx_word' id='word_1_58' title='bbox 375 560 495 600; x_wconf 88' lang='lat' dir='ltr'><strong>bellis</strong></span> <span class='ocrx_word' id='word_1_59' title='bbox 526 560 850 613; x_wconf 86' lang='lat' dir='ltr'><strong>triumpharunt.</strong></span> <span class='ocrx_word' id='word_1_60' title='bbox 919 561 1050 600; x_wconf 87' lang='lat' dir='ltr'><strong>Multa</strong></span> <span class='ocrx_word' id='word_1_61' title='bbox 1081 566 1297 613; x_wconf 88' lang='lat' dir='ltr'><strong>praetcrea</strong></span> <span class='ocrx_word' id='word_1_62' title='bbox 1329 572 1699 599; x_wconf 84' lang='lat' dir='ltr'>commemorarem</span> <span class='ocrx_word' id='word_1_63' title='bbox 1731 558 1890 599; x_wconf 86' lang='lat' dir='ltr'><strong>nefaria</strong></span> <span class='ocrx_word' id='word_1_64' title='bbox 1920 558 1962 597; x_wconf 91' lang='lat' dir='ltr'><strong>in</strong></span> 
     </span>
     <span class='ocr_line' id='line_1_8' title="bbox 194 621 1964 676; baseline -0.001 -14"><span class='ocrx_word' id='word_1_65' title='bbox 194 623 349 669; x_wconf 84' lang='lat' dir='ltr'><strong>socios,</strong></span> <span class='ocrx_word' id='word_1_66' title='bbox 387 622 420 661; x_wconf 93' lang='lat' dir='ltr'><strong>si</strong></span> <span class='ocrx_word' id='word_1_67' title='bbox 451 622 531 662; x_wconf 90' lang='lat' dir='ltr'><strong>hoc</strong></span> <span class='ocrx_word' id='word_1_68' title='bbox 561 636 645 662; x_wconf 89' lang='lat' dir='ltr'><strong>uno</strong></span> <span class='ocrx_word' id='word_1_69' title='bbox 679 624 907 676; x_wconf 74' lang='lat' dir='ltr'><strong>quicquam</strong></span> <span class='ocrx_word' id='word_1_70' title='bbox 940 623 1003 662; x_wconf 80' lang='lat' dir='ltr'><strong>sol</strong></span> <span class='ocrx_word' id='word_1_71' title='bbox 1034 622 1209 663; x_wconf 83' lang='lat' dir='ltr'><strong>vidisset</strong></span> <span class='ocrx_word' id='word_1_72' title='bbox 1248 622 1474 674; x_wconf 83' lang='lat' dir='ltr'><strong>indignius.</strong></span> <span class='ocrx_word' id='word_1_73' title='bbox 1535 623 1628 662; x_wconf 89' lang='lat' dir='ltr'><strong>lure</strong></span> <span class='ocrx_word' id='word_1_74' title='bbox 1660 622 1787 675; x_wconf 89' lang='lat' dir='ltr'><strong>igitur</strong></span> <span class='ocrx_word' id='word_1_75' title='bbox 1819 621 1964 674; x_wconf 89' lang='lat' dir='ltr'><strong>plecti-</strong></span> 
     </span>
     <span class='ocr_line' id='line_1_9' title="bbox 194 682 1963 738; baseline -0.001 -15"><span class='ocrx_word' id='word_1_76' title='bbox 194 698 295 724; x_wconf 87' lang='lat' dir='ltr'>mur.</span> <span class='ocrx_word' id='word_1_77' title='bbox 361 684 448 723; x_wconf 86' lang='lat' dir='ltr'><strong>Nisi</strong></span> <span class='ocrx_word' id='word_1_78' title='bbox 489 685 599 724; x_wconf 90' lang='lat' dir='ltr'><strong>enim</strong></span> <span class='ocrx_word' id='word_1_79' title='bbox 643 685 865 725; x_wconf 91' lang='lat' dir='ltr'><strong>multorum</strong></span> <span class='ocrx_word' id='word_1_80' title='bbox 909 685 1097 738; x_wconf 84' lang='lat' dir='ltr'><strong>inpunita</strong></span> <span class='ocrx_word' id='word_1_81' title='bbox 1140 685 1299 725; x_wconf 88' lang='lat' dir='ltr'><strong>scelera</strong></span> <span class='ocrx_word' id='word_1_82' title='bbox 1339 685 1602 731; x_wconf 87' lang='lat' dir='ltr'><strong>tulissemus,</strong></span> <span class='ocrx_word' id='word_1_83' title='bbox 1645 697 1870 736; x_wconf 88' lang='lat' dir='ltr'><strong>numquam</strong></span> <span class='ocrx_word' id='word_1_84' title='bbox 1911 682 1963 722; x_wconf 92' lang='lat' dir='ltr'><strong>ad</strong></span> 
     </span>
     <span class='ocr_line' id='line_1_10' title="bbox 192 746 1963 800; baseline -0.001 -14"><span class='ocrx_word' id='word_1_85' title='bbox 192 761 320 787; x_wconf 91' lang='lat' dir='ltr'><strong>unum</strong></span> <span class='ocrx_word' id='word_1_86' title='bbox 352 752 466 786; x_wconf 88' lang='lat' dir='ltr'><strong>tanta</strong></span> <span class='ocrx_word' id='word_1_87' title='bbox 498 747 759 799; x_wconf 85' lang='lat' dir='ltr'><strong>pervenisset</strong></span> <span class='ocrx_word' id='word_1_88' title='bbox 791 747 985 787; x_wconf 77' lang='lat' dir='ltr'><strong>lieentia:</strong></span> <span class='ocrx_word' id='word_1_89' title='bbox 1017 760 1039 787; x_wconf 89' lang='lat' dir='ltr'><strong>a</strong></span> <span class='ocrx_word' id='word_1_90' title='bbox 1075 761 1159 800; x_wconf 91' lang='lat' dir='ltr'><strong>quo</strong></span> <span class='ocrx_word' id='word_1_91' title='bbox 1193 747 1362 800; x_wconf 90' lang='lat' dir='ltr'><strong>quidem</strong></span> <span class='ocrx_word' id='word_1_92' title='bbox 1395 748 1454 786; x_wconf 90' lang='lat' dir='ltr'><strong>rei</strong></span> <span class='ocrx_word' id='word_1_93' title='bbox 1483 746 1699 786; x_wconf 88' lang='lat' dir='ltr'><strong>familiaris</strong></span> <span class='ocrx_word' id='word_1_94' title='bbox 1721 746 1771 786; x_wconf 91' lang='lat' dir='ltr'><strong>ad</strong></span> <span class='ocrx_word' id='word_1_95' title='bbox 1794 758 1963 799; x_wconf 77' lang='lat' dir='ltr'><strong>pau008‚</strong></span> 
     </span>
     <span class='ocr_line' id='line_1_11' title="bbox 194 808 2017 863; baseline -0.002 -15"><span class='ocrx_word' id='word_1_96' title='bbox 194 808 463 862; x_wconf 74' lang='lat' dir='ltr'><strong>cupiditatum</strong></span> <span class='ocrx_word' id='word_1_97' title='bbox 495 809 547 849; x_wconf 91' lang='lat' dir='ltr'><strong>ad</strong></span> <span class='ocrx_word' id='word_1_98' title='bbox 580 809 734 849; x_wconf 90' lang='lat' dir='ltr'><strong>multos</strong></span> <span class='ocrx_word' id='word_1_99' title='bbox 767 810 967 863; x_wconf 86' lang='lat' dir='ltr'><strong>inprobos</strong></span> <span class='ocrx_word' id='word_1_100' title='bbox 1000 811 1116 850; x_wconf 88' lang='lat' dir='ltr'><strong>venit</strong></span> <span class='ocrx_word' id='word_1_101' title='bbox 1144 810 1370 849; x_wconf 79' lang='lat' dir='ltr'><strong>hereditas.</strong></span> <span class='ocrx_word' id='word_1_102' title='bbox 1430 808 1496 847; x_wconf 68' lang='lat'><strong>⁶29.</strong></span> <span class='ocrx_word' id='word_1_103' title='bbox 1529 811 1612 849; x_wconf 85' lang='lat' dir='ltr'><strong>Nec</strong></span> <span class='ocrx_word' id='word_1_104' title='bbox 1639 822 1736 849; x_wconf 91' lang='lat' dir='ltr'><strong>vero</strong></span> <span class='ocrx_word' id='word_1_105' title='bbox 1766 821 1961 861; x_wconf 89' lang='lat' dir='ltr'><strong>umquam</strong></span> <span class='ocrx_word' id='word_1_106' title='bbox 1978 814 2017 845; x_wconf 78' lang='grc'><strong>40</strong></span> 
     </span>
     <span class='ocr_line' id='line_1_12' title="bbox 192 871 1963 924; baseline -0.001 -12"><span class='ocrx_word' id='word_1_107' title='bbox 192 872 395 912; x_wconf 92' lang='lat' dir='ltr'><strong>bellorum</strong></span> <span class='ocrx_word' id='word_1_108' title='bbox 428 872 615 912; x_wconf 84' lang='lat' dir='ltr'><strong>civilium</strong></span> <span class='ocrx_word' id='word_1_109' title='bbox 648 885 789 911; x_wconf 91' lang='lat' dir='ltr'><strong>semen</strong></span> <span class='ocrx_word' id='word_1_110' title='bbox 825 877 865 912; x_wconf 91' lang='lat' dir='ltr'><strong>et</strong></span> <span class='ocrx_word' id='word_1_111' title='bbox 897 885 1020 912; x_wconf 91' lang='lat' dir='ltr'><strong>causa</strong></span> <span class='ocrx_word' id='word_1_112' title='bbox 1054 872 1208 919; x_wconf 90' lang='lat' dir='ltr'><strong>deerit,</strong></span> <span class='ocrx_word' id='word_1_113' title='bbox 1251 872 1347 911; x_wconf 91' lang='lat' dir='ltr'><strong>dum</strong></span> <span class='ocrx_word' id='word_1_114' title='bbox 1389 871 1581 911; x_wconf 91' lang='lat' dir='ltr'><strong>homines</strong></span> <span class='ocrx_word' id='word_1_115' title='bbox 1621 871 1771 924; x_wconf 90' lang='lat' dir='ltr'><strong>perditi</strong></span> <span class='ocrx_word' id='word_1_116' title='bbox 1801 871 1963 910; x_wconf 88' lang='lat' dir='ltr'><strong>hastam</strong></span> 
     </span>
     <span class='ocr_line' id='line_1_13' title="bbox 192 932 1965 987; baseline -0.002 -13"><span class='ocrx_word' id='word_1_117' title='bbox 192 935 306 974; x_wconf 88' lang='lat' dir='ltr'><strong>illam</strong></span> <span class='ocrx_word' id='word_1_118' title='bbox 339 940 553 975; x_wconf 85' lang='lat' dir='ltr'><strong>cruentam</strong></span> <span class='ocrx_word' id='word_1_119' title='bbox 587 940 627 974; x_wconf 88' lang='lat' dir='ltr'><strong>et</strong></span> <span class='ocrx_word' id='word_1_120' title='bbox 660 935 927 974; x_wconf 87' lang='lat' dir='ltr'><strong>meminerint</strong></span> <span class='ocrx_word' id='word_1_121' title='bbox 957 940 998 974; x_wconf 84' lang='lat' dir='ltr'><strong>et</strong></span> <span class='ocrx_word' id='word_1_122' title='bbox 1028 934 1281 987; x_wconf 84' lang='lat' dir='ltr'><strong>sperabunt,</strong></span> <span class='ocrx_word' id='word_1_123' title='bbox 1313 947 1439 987; x_wconf 89' lang='lat' dir='ltr'><strong>quam</strong></span> <span class='ocrx_word' id='word_1_124' title='bbox 1472 935 1513 972; x_wconf 89' lang='lat' dir='ltr'><strong>P.</strong></span> <span class='ocrx_word' id='word_1_125' title='bbox 1538 934 1652 973; x_wconf 90' lang='lat' dir='ltr'><strong>Sulla</strong></span> <span class='ocrx_word' id='word_1_126' title='bbox 1683 947 1777 973; x_wconf 92' lang='lat' dir='ltr'><strong>cum</strong></span> <span class='ocrx_word' id='word_1_127' title='bbox 1808 932 1965 972; x_wconf 90' lang='lat' dir='ltr'><strong>vibras-</strong></span> 
     </span>
     <span class='ocr_line' id='line_1_14' title="bbox 193 994 1965 1050; baseline -0.001 -15"><span class='ocrx_word' id='word_1_128' title='bbox 193 1002 256 1036; x_wconf 88' lang='lat' dir='ltr'><strong>set</strong></span> <span class='ocrx_word' id='word_1_129' title='bbox 286 996 486 1036; x_wconf 84' lang='lat' dir='ltr'><strong>dictatore</strong></span> <span class='ocrx_word' id='word_1_130' title='bbox 518 997 757 1050; x_wconf 91' lang='lat' dir='ltr'><strong>propinquo</strong></span> <span class='ocrx_word' id='word_1_131' title='bbox 791 1010 890 1044; x_wconf 89' lang='lat' dir='ltr'><strong>suo,</strong></span> <span class='ocrx_word' id='word_1_132' title='bbox 930 996 1040 1036; x_wconf 92' lang='lat' dir='ltr'><strong>idem</strong></span> <span class='ocrx_word' id='word_1_133' title='bbox 1073 1002 1193 1037; x_wconf 86' lang='lat' dir='ltr'><strong>sexto</strong></span> <span class='ocrx_word' id='word_1_134' title='bbox 1225 996 1465 1036; x_wconf 88' lang='lat' dir='ltr'><strong>tricensimo</strong></span> <span class='ocrx_word' id='word_1_135' title='bbox 1496 1009 1605 1036; x_wconf 92' lang='lat' dir='ltr'><strong>anno</strong></span> <span class='ocrx_word' id='word_1_136' title='bbox 1646 1001 1742 1049; x_wconf 87' lang='lat' dir='ltr'><strong>post</strong></span> <span class='ocrx_word' id='word_1_137' title='bbox 1781 1009 1804 1035; x_wconf 90' lang='lat' dir='ltr'><strong>a</strong></span> <span class='ocrx_word' id='word_1_138' title='bbox 1835 994 1965 1035; x_wconf 88' lang='lat' dir='ltr'><strong>scele-</strong></span> 
     </span>
     <span class='ocr_line' id='line_1_15' title="bbox 193 1057 1964 1113; baseline -0.001 -15"><span class='ocrx_word' id='word_1_139' title='bbox 193 1058 347 1099; x_wconf 89' lang='lat' dir='ltr'><strong>ratiore</strong></span> <span class='ocrx_word' id='word_1_140' title='bbox 378 1059 496 1099; x_wconf 89' lang='lat' dir='ltr'><strong>hasta</strong></span> <span class='ocrx_word' id='word_1_141' title='bbox 527 1073 610 1099; x_wconf 89' lang='lat' dir='ltr'><strong>non</strong></span> <span class='ocrx_word' id='word_1_142' title='bbox 643 1061 830 1106; x_wconf 86' lang='lat' dir='ltr'><strong>recessit,</strong></span> <span class='ocrx_word' id='word_1_143' title='bbox 862 1059 967 1099; x_wconf 88' lang='lat' dir='ltr'><strong>alter</strong></span> <span class='ocrx_word' id='word_1_144' title='bbox 997 1065 1155 1103; x_wconf 90' lang='lat' dir='ltr'><strong>autem,</strong></span> <span class='ocrx_word' id='word_1_145' title='bbox 1182 1061 1254 1113; x_wconf 92' lang='lat' dir='ltr'><strong>qui</strong></span> <span class='ocrx_word' id='word_1_146' title='bbox 1275 1060 1315 1099; x_wconf 92' lang='lat' dir='ltr'><strong>in</strong></span> <span class='ocrx_word' id='word_1_147' title='bbox 1339 1059 1411 1098; x_wconf 92' lang='lat' dir='ltr'><strong>illa</strong></span> <span class='ocrx_word' id='word_1_148' title='bbox 1435 1058 1637 1099; x_wconf 90' lang='lat' dir='ltr'><strong>dictatura</strong></span> <span class='ocrx_word' id='word_1_149' title='bbox 1659 1058 1794 1098; x_wconf 89' lang='lat' dir='ltr'><strong>scriba</strong></span> <span class='ocrx_word' id='word_1_150' title='bbox 1815 1057 1964 1104; x_wconf 88' lang='lat' dir='ltr'><strong>fuerat,</strong></span> 
     </span>
     <span class='ocr_line' id='line_1_16' title="bbox 194 1119 2016 1175; baseline -0.002 -14"><span class='ocrx_word' id='word_1_151' title='bbox 194 1123 238 1161; x_wconf 92' lang='lat' dir='ltr'><strong>in</strong></span> <span class='ocrx_word' id='word_1_152' title='bbox 277 1120 354 1160; x_wconf 90' lang='lat' dir='ltr'><strong>hac</strong></span> <span class='ocrx_word' id='word_1_153' title='bbox 391 1120 470 1160; x_wconf 86' lang='lat' dir='ltr'><strong>fuit</strong></span> <span class='ocrx_word' id='word_1_154' title='bbox 509 1127 709 1174; x_wconf 89' lang='lat' dir='ltr'><strong>quaestor</strong></span> <span class='ocrx_word' id='word_1_155' title='bbox 745 1122 943 1162; x_wconf 90' lang='lat' dir='ltr'><strong>urbanus.</strong></span> <span class='ocrx_word' id='word_1_156' title='bbox 1005 1120 1066 1161; x_wconf 79' lang='lat' dir='ltr'><strong>Ex</strong></span> <span class='ocrx_word' id='word_1_157' title='bbox 1098 1135 1183 1175; x_wconf 92' lang='lat' dir='ltr'><strong>quo</strong></span> <span class='ocrx_word' id='word_1_158' title='bbox 1215 1121 1340 1161; x_wconf 88' lang='lat' dir='ltr'><strong>debet</strong></span> <span class='ocrx_word' id='word_1_159' title='bbox 1369 1121 1557 1173; x_wconf 89' lang='lat' dir='ltr'><strong>intellegi</strong></span> <span class='ocrx_word' id='word_1_160' title='bbox 1590 1120 1739 1160; x_wconf 86' lang='lat' dir='ltr'><strong>talibus</strong></span> <span class='ocrx_word' id='word_1_161' title='bbox 1770 1119 1964 1173; x_wconf 91' lang='lat' dir='ltr'><strong>praemiis</strong></span> <span class='ocrx_word' id='word_1_162' title='bbox 1980 1128 2016 1157; x_wconf 73' lang='grc'><strong>15</strong></span> 
     </span>
     <span class='ocr_line' id='line_1_17' title="bbox 195 1182 1965 1237; baseline -0.001 -15"><span class='ocrx_word' id='word_1_163' title='bbox 195 1184 426 1237; x_wconf 88' lang='lat' dir='ltr'><strong>propositis</strong></span> <span class='ocrx_word' id='word_1_164' title='bbox 460 1197 688 1237; x_wconf 91' lang='lat' dir='ltr'><strong>numquam</strong></span> <span class='ocrx_word' id='word_1_165' title='bbox 721 1183 913 1224; x_wconf 91' lang='lat' dir='ltr'><strong>defutura</strong></span> <span class='ocrx_word' id='word_1_166' title='bbox 943 1183 1054 1224; x_wconf 90' lang='lat' dir='ltr'><strong>bella</strong></span> <span class='ocrx_word' id='word_1_167' title='bbox 1085 1184 1236 1224; x_wconf 91' lang='lat' dir='ltr'><strong>civilia.</strong></span> <span class='ocrx_word' id='word_1_168' title='bbox 1305 1184 1452 1237; x_wconf 87' lang='lat' dir='ltr'><strong>Itaque</strong></span> <span class='ocrx_word' id='word_1_169' title='bbox 1483 1183 1663 1235; x_wconf 89' lang='lat' dir='ltr'><strong>parietes</strong></span> <span class='ocrx_word' id='word_1_170' title='bbox 1695 1182 1819 1222; x_wconf 92' lang='lat' dir='ltr'><strong>modo</strong></span> <span class='ocrx_word' id='word_1_171' title='bbox 1851 1182 1965 1222; x_wconf 90' lang='lat' dir='ltr'><strong>urbis</strong></span> 
     </span>
     <span class='ocr_line' id='line_1_18' title="bbox 195 1246 1966 1300; baseline -0.001 -16"><span class='ocrx_word' id='word_1_172' title='bbox 195 1250 304 1285; x_wconf 90' lang='lat' dir='ltr'><strong>stant</strong></span> <span class='ocrx_word' id='word_1_173' title='bbox 344 1251 385 1285; x_wconf 89' lang='lat' dir='ltr'><strong>et</strong></span> <span class='ocrx_word' id='word_1_174' title='bbox 425 1252 619 1293; x_wconf 89' lang='lat' dir='ltr'><strong>manent,</strong></span> <span class='ocrx_word' id='word_1_175' title='bbox 660 1247 775 1300; x_wconf 88' lang='lat' dir='ltr'><strong>iique</strong></span> <span class='ocrx_word' id='word_1_176' title='bbox 814 1247 894 1299; x_wconf 87' lang='lat' dir='ltr'><strong>ipsi</strong></span> <span class='ocrx_word' id='word_1_177' title='bbox 925 1246 1007 1286; x_wconf 90' lang='lat' dir='ltr'><strong>iam</strong></span> <span class='ocrx_word' id='word_1_178' title='bbox 1040 1252 1228 1286; x_wconf 84' lang='lat' dir='ltr'><strong>extrema</strong></span> <span class='ocrx_word' id='word_1_179' title='bbox 1259 1246 1418 1286; x_wconf 89' lang='lat' dir='ltr'><strong>scelera</strong></span> <span class='ocrx_word' id='word_1_180' title='bbox 1449 1250 1708 1291; x_wconf 87' lang='lat' dir='ltr'><strong>metuentes,</strong></span> <span class='ocrx_word' id='word_1_181' title='bbox 1748 1257 1836 1283; x_wconf 90' lang='lat' dir='ltr'><strong>rem</strong></span> <span class='ocrx_word' id='word_1_182' title='bbox 1867 1257 1966 1284; x_wconf 90' lang='lat' dir='ltr'><strong>vero</strong></span> 
     </span>
     <span class='ocr_line' id='line_1_19' title="bbox 195 1307 1966 1362; baseline 0 -16"><span class='ocrx_word' id='word_1_183' title='bbox 195 1307 405 1360; x_wconf 90' lang='lat' dir='ltr'><strong>publicam</strong></span> <span class='ocrx_word' id='word_1_184' title='bbox 438 1309 604 1361; x_wconf 90' lang='lat' dir='ltr'><strong>penitus</strong></span> <span class='ocrx_word' id='word_1_185' title='bbox 636 1309 868 1348; x_wconf 85' lang='lat' dir='ltr'><strong>amisimus.</strong></span> <span class='ocrx_word' id='word_1_186' title='bbox 927 1310 1065 1362; x_wconf 87' lang='lat' dir='ltr'><strong>Atque</strong></span> <span class='ocrx_word' id='word_1_187' title='bbox 1096 1308 1137 1348; x_wconf 89' lang='lat' dir='ltr'><strong>in</strong></span> <span class='ocrx_word' id='word_1_188' title='bbox 1168 1308 1243 1349; x_wconf 90' lang='lat' dir='ltr'><strong>has</strong></span> <span class='ocrx_word' id='word_1_189' title='bbox 1276 1307 1415 1348; x_wconf 90' lang='lat' dir='ltr'><strong>clades</strong></span> <span class='ocrx_word' id='word_1_190' title='bbox 1447 1307 1672 1347; x_wconf 89' lang='lat' dir='ltr'><strong>incidimus</strong></span> <span class='ocrx_word' id='word_1_191' title='bbox 1704 1330 1757 1337; x_wconf 88' lang='lat'>—</span> <span class='ocrx_word' id='word_1_192' title='bbox 1787 1307 1966 1347; x_wconf 84' lang='lat' dir='ltr'><strong>redeun-</strong></span> 
     </span>
     <span class='ocr_line' id='line_1_20' title="bbox 195 1368 1967 1424; baseline 0.001 -16"><span class='ocrx_word' id='word_1_193' title='bbox 195 1369 291 1409; x_wconf 92' lang='lat' dir='ltr'><strong>dum</strong></span> <span class='ocrx_word' id='word_1_194' title='bbox 332 1374 395 1409; x_wconf 88' lang='lat' dir='ltr'><strong>est</strong></span> <span class='ocrx_word' id='word_1_195' title='bbox 433 1372 544 1410; x_wconf 88' lang='lat' dir='ltr'><strong>enim</strong></span> <span class='ocrx_word' id='word_1_196' title='bbox 584 1371 636 1410; x_wconf 90' lang='lat' dir='ltr'><strong>ad</strong></span> <span class='ocrx_word' id='word_1_197' title='bbox 676 1371 941 1424; x_wconf 92' lang='lat' dir='ltr'><strong>propositum</strong></span> <span class='ocrx_word' id='word_1_198' title='bbox 974 1394 1047 1418; x_wconf 86' lang='lat'><strong>-—,</strong></span> <span class='ocrx_word' id='word_1_199' title='bbox 1088 1370 1184 1411; x_wconf 94' lang='lat' dir='ltr'><strong>dum</strong></span> <span class='ocrx_word' id='word_1_200' title='bbox 1219 1370 1347 1410; x_wconf 88' lang='lat' dir='ltr'><strong>metui</strong></span> <span class='ocrx_word' id='word_1_201' title='bbox 1383 1382 1508 1423; x_wconf 90' lang='lat' dir='ltr'><strong>quam</strong></span> <span class='ocrx_word' id='word_1_202' title='bbox 1540 1368 1622 1409; x_wconf 91' lang='lat' dir='ltr'><strong>cari</strong></span> <span class='ocrx_word' id='word_1_203' title='bbox 1655 1383 1746 1409; x_wconf 88' lang='lat' dir='ltr'><strong>esse</strong></span> <span class='ocrx_word' id='word_1_204' title='bbox 1777 1375 1818 1410; x_wconf 87' lang='lat' dir='ltr'><strong>et</strong></span> <span class='ocrx_word' id='word_1_205' title='bbox 1849 1369 1967 1421; x_wconf 82' lang='lat' dir='ltr'><strong>diligi</strong></span> 
     </span>
     <span class='ocr_line' id='line_1_21' title="bbox 196 1431 2017 1487; baseline 0 -17"><span class='ocrx_word' id='word_1_206' title='bbox 196 1431 435 1471; x_wconf 90' lang='lat' dir='ltr'><strong>maluimus.</strong></span> <span class='ocrx_word' id='word_1_207' title='bbox 496 1432 614 1480; x_wconf 85' lang='lat' dir='ltr'><strong>Quae</strong></span> <span class='ocrx_word' id='word_1_208' title='bbox 656 1434 690 1473; x_wconf 92' lang='lat' dir='ltr'><strong>si</strong></span> <span class='ocrx_word' id='word_1_209' title='bbox 732 1433 888 1487; x_wconf 91' lang='lat' dir='ltr'><strong>populo</strong></span> <span class='ocrx_word' id='word_1_210' title='bbox 920 1434 1108 1473; x_wconf 91' lang='lat' dir='ltr'><strong>Romano</strong></span> <span class='ocrx_word' id='word_1_211' title='bbox 1146 1434 1299 1473; x_wconf 89' lang='lat' dir='ltr'><strong>iniuste</strong></span> <span class='ocrx_word' id='word_1_212' title='bbox 1336 1432 1558 1486; x_wconf 84' lang='lat' dir='ltr'><strong>imperanti</strong></span> <span class='ocrx_word' id='word_1_213' title='bbox 1597 1432 1788 1472; x_wconf 90' lang='lat' dir='ltr'><strong>accidere</strong></span> <span class='ocrx_word' id='word_1_214' title='bbox 1820 1436 2017 1484; x_wconf 81' lang='lat' dir='ltr'><strong>potue-20</strong></span> 
     </span>
     <span class='ocr_line' id='line_1_22' title="bbox 194 1493 1968 1548; baseline 0 -16"><span class='ocrx_word' id='word_1_215' title='bbox 194 1498 311 1540; x_wconf 90' lang='lat' dir='ltr'><strong>runt,</strong></span> <span class='ocrx_word' id='word_1_216' title='bbox 353 1493 454 1546; x_wconf 90' lang='lat' dir='ltr'><strong>quid</strong></span> <span class='ocrx_word' id='word_1_217' title='bbox 497 1494 651 1535; x_wconf 88' lang='lat' dir='ltr'><strong>debent</strong></span> <span class='ocrx_word' id='word_1_218' title='bbox 689 1501 837 1548; x_wconf 88' lang='lat' dir='ltr'><strong>putare</strong></span> <span class='ocrx_word' id='word_1_219' title='bbox 877 1496 1059 1548; x_wconf 72' lang='lat' dir='ltr'><strong>singuli?</strong></span> <span class='ocrx_word' id='word_1_220' title='bbox 1121 1495 1248 1544; x_wconf 89' lang='lat' dir='ltr'><strong>Quod</strong></span> <span class='ocrx_word' id='word_1_221' title='bbox 1279 1508 1371 1535; x_wconf 90' lang='lat' dir='ltr'><strong>cum</strong></span> <span class='ocrx_word' id='word_1_222' title='bbox 1402 1494 1672 1547; x_wconf 90' lang='lat' dir='ltr'><strong>perspicuum</strong></span> <span class='ocrx_word' id='word_1_223' title='bbox 1703 1494 1755 1533; x_wconf 91' lang='lat' dir='ltr'><strong>sit</strong></span> <span class='ocrx_word' id='word_1_224' title='bbox 1784 1493 1968 1533; x_wconf 88' lang='lat' dir='ltr'><strong>benevo-</strong></span> 
     </span>
     <span class='ocr_line' id='line_1_23' title="bbox 195 1554 1966 1610; baseline 0.001 -16"><span class='ocrx_word' id='word_1_225' title='bbox 195 1554 347 1595; x_wconf 88' lang='lat' dir='ltr'><strong>lentiae</strong></span> <span class='ocrx_word' id='word_1_226' title='bbox 388 1556 470 1596; x_wconf 89' lang='lat' dir='ltr'><strong>vim</strong></span> <span class='ocrx_word' id='word_1_227' title='bbox 514 1571 607 1598; x_wconf 87' lang='lat' dir='ltr'><strong>esse</strong></span> <span class='ocrx_word' id='word_1_228' title='bbox 648 1571 864 1610; x_wconf 88' lang='lat' dir='ltr'><strong>magnam,</strong></span> <span class='ocrx_word' id='word_1_229' title='bbox 911 1564 1045 1598; x_wconf 87' lang='lat' dir='ltr'><strong>metus</strong></span> <span class='ocrx_word' id='word_1_230' title='bbox 1086 1556 1346 1604; x_wconf 86' lang='lat' dir='ltr'><strong>inbecillam,</strong></span> <span class='ocrx_word' id='word_1_231' title='bbox 1387 1557 1576 1609; x_wconf 86' lang='lat' dir='ltr'><strong>sequitur</strong></span> <span class='ocrx_word' id='word_1_232' title='bbox 1615 1561 1660 1595; x_wconf 86' lang='lat' dir='ltr'><strong>ut</strong></span> <span class='ocrx_word' id='word_1_233' title='bbox 1699 1555 1966 1603; x_wconf 88' lang='lat' dir='ltr'><strong>disseramus,</strong></span> 
     </span>
     <span class='ocr_line' id='line_1_24' title="bbox 198 1617 1968 1674; baseline 0.001 -17"><span class='ocrx_word' id='word_1_234' title='bbox 198 1618 349 1671; x_wconf 91' lang='lat' dir='ltr'><strong>quibus</strong></span> <span class='ocrx_word' id='word_1_235' title='bbox 381 1619 505 1659; x_wconf 91' lang='lat' dir='ltr'><strong>rebus</strong></span> <span class='ocrx_word' id='word_1_236' title='bbox 536 1619 735 1659; x_wconf 85' lang='lat' dir='ltr'><strong>facillime</strong></span> <span class='ocrx_word' id='word_1_237' title='bbox 768 1621 978 1673; x_wconf 89' lang='lat' dir='ltr'><strong>possimus</strong></span> <span class='ocrx_word' id='word_1_238' title='bbox 1010 1633 1121 1668; x_wconf 92' lang='lat' dir='ltr'><strong>eam,</strong></span> <span class='ocrx_word' id='word_1_239' title='bbox 1163 1633 1287 1674; x_wconf 88' lang='lat' dir='ltr'><strong>quam</strong></span> <span class='ocrx_word' id='word_1_240' title='bbox 1319 1619 1531 1666; x_wconf 89' lang='lat' dir='ltr'><strong>volumus,</strong></span> <span class='ocrx_word' id='word_1_241' title='bbox 1563 1617 1738 1672; x_wconf 89' lang='lat' dir='ltr'><strong>adipisci</strong></span> <span class='ocrx_word' id='word_1_242' title='bbox 1769 1632 1861 1658; x_wconf 92' lang='lat' dir='ltr'><strong>cum</strong></span> <span class='ocrx_word' id='word_1_243' title='bbox 1893 1618 1968 1658; x_wconf 91' lang='lat' dir='ltr'><strong>ho-</strong></span> 
     </span>
     <span class='ocr_line' id='line_1_25' title="bbox 196 1680 1967 1735; baseline -0.001 -15"><span class='ocrx_word' id='word_1_244' title='bbox 196 1694 301 1720; x_wconf 89' lang='lat' dir='ltr'><strong>nore</strong></span> <span class='ocrx_word' id='word_1_245' title='bbox 347 1687 387 1721; x_wconf 90' lang='lat' dir='ltr'><strong>et</strong></span> <span class='ocrx_word' id='word_1_246' title='bbox 428 1680 509 1721; x_wconf 85' lang='lat' dir='ltr'><strong>fide</strong></span> <span class='ocrx_word' id='word_1_247' title='bbox 551 1683 778 1722; x_wconf 85' lang='lat' dir='ltr'><strong>caritatem.</strong></span> <span class='ocrx_word' id='word_1_248' title='bbox 848 1681 915 1722; x_wconf 88' lang='grc'><strong>30.</strong></span> <span class='ocrx_word' id='word_1_249' title='bbox 959 1682 1040 1723; x_wconf 88' lang='lat' dir='ltr'><strong>Sed</strong></span> <span class='ocrx_word' id='word_1_250' title='bbox 1080 1696 1129 1723; x_wconf 90' lang='lat' dir='ltr'><strong>ea</strong></span> <span class='ocrx_word' id='word_1_251' title='bbox 1160 1696 1242 1722; x_wconf 92' lang='lat' dir='ltr'><strong>non</strong></span> <span class='ocrx_word' id='word_1_252' title='bbox 1275 1683 1432 1735; x_wconf 87' lang='lat' dir='ltr'><strong>pariter</strong></span> <span class='ocrx_word' id='word_1_253' title='bbox 1462 1695 1607 1722; x_wconf 90' lang='lat' dir='ltr'><strong>omnes</strong></span> <span class='ocrx_word' id='word_1_254' title='bbox 1639 1694 1831 1733; x_wconf 87' lang='lat' dir='ltr'><strong>egemus;</strong></span> <span class='ocrx_word' id='word_1_255' title='bbox 1872 1694 1967 1720; x_wconf 91' lang='lat' dir='ltr'><strong>nam</strong></span> 
     </span>
     <span class='ocr_line' id='line_1_26' title="bbox 197 1743 2019 1797; baseline -0.001 -15"><span class='ocrx_word' id='word_1_256' title='bbox 197 1743 248 1782; x_wconf 91' lang='lat' dir='ltr'><strong>ad</strong></span> <span class='ocrx_word' id='word_1_257' title='bbox 279 1744 484 1797; x_wconf 91' lang='lat' dir='ltr'><strong>cuiusque</strong></span> <span class='ocrx_word' id='word_1_258' title='bbox 517 1745 642 1785; x_wconf 88' lang='lat' dir='ltr'><strong>vitam</strong></span> <span class='ocrx_word' id='word_1_259' title='bbox 674 1746 908 1784; x_wconf 85' lang='lat' dir='ltr'><strong>institutam</strong></span> <span class='ocrx_word' id='word_1_260' title='bbox 941 1744 1343 1785; x_wconf 87' lang='lat' dir='ltr'><strong>accommodandum</strong></span> <span class='ocrx_word' id='word_1_261' title='bbox 1375 1750 1458 1791; x_wconf 90' lang='lat' dir='ltr'><strong>est,</strong></span> <span class='ocrx_word' id='word_1_262' title='bbox 1495 1757 1519 1784; x_wconf 93' lang='lat' dir='ltr'><strong>a</strong></span> <span class='ocrx_word' id='word_1_263' title='bbox 1550 1743 1744 1783; x_wconf 88' lang='lat' dir='ltr'><strong>multisne</strong></span> <span class='ocrx_word' id='word_1_264' title='bbox 1778 1756 1885 1796; x_wconf 91' lang='lat' dir='ltr'><strong>opus</strong></span> <span class='ocrx_word' id='word_1_265' title='bbox 1917 1743 2019 1782; x_wconf 74' lang='lat' dir='ltr'><strong>sit25</strong></span> 
     </span>
     <span class='ocr_line' id='line_1_27' title="bbox 197 1805 1971 1860; baseline -0.001 -15"><span class='ocrx_word' id='word_1_266' title='bbox 197 1818 250 1845; x_wconf 90' lang='lat' dir='ltr'><strong>an</strong></span> <span class='ocrx_word' id='word_1_267' title='bbox 281 1806 380 1846; x_wconf 89' lang='lat' dir='ltr'><strong>satis</strong></span> <span class='ocrx_word' id='word_1_268' title='bbox 412 1807 466 1846; x_wconf 91' lang='lat' dir='ltr'><strong>sit</strong></span> <span class='ocrx_word' id='word_1_269' title='bbox 495 1820 517 1846; x_wconf 91' lang='lat' dir='ltr'><strong>a</strong></span> <span class='ocrx_word' id='word_1_270' title='bbox 550 1808 692 1859; x_wconf 91' lang='lat' dir='ltr'><strong>paucis</strong></span> <span class='ocrx_word' id='word_1_271' title='bbox 725 1807 854 1860; x_wconf 88' lang='lat' dir='ltr'><strong>diligi.</strong></span> <span class='ocrx_word' id='word_1_272' title='bbox 916 1807 1082 1847; x_wconf 90' lang='lat' dir='ltr'><strong>Certum</strong></span> <span class='ocrx_word' id='word_1_273' title='bbox 1114 1807 1243 1860; x_wconf 89' lang='lat' dir='ltr'><strong>igitur</strong></span> <span class='ocrx_word' id='word_1_274' title='bbox 1271 1806 1351 1846; x_wconf 90' lang='lat' dir='ltr'><strong>hoc</strong></span> <span class='ocrx_word' id='word_1_275' title='bbox 1383 1807 1454 1854; x_wconf 90' lang='lat' dir='ltr'><strong>sit,</strong></span> <span class='ocrx_word' id='word_1_276' title='bbox 1485 1805 1615 1859; x_wconf 88' lang='lat' dir='ltr'><strong>idque</strong></span> <span class='ocrx_word' id='word_1_277' title='bbox 1647 1811 1689 1845; x_wconf 87' lang='lat' dir='ltr'><strong>et</strong></span> <span class='ocrx_word' id='word_1_278' title='bbox 1717 1805 1898 1859; x_wconf 91' lang='lat' dir='ltr'><strong>primum</strong></span> <span class='ocrx_word' id='word_1_279' title='bbox 1930 1810 1971 1845; x_wconf 91' lang='lat' dir='ltr'><strong>et</strong></span> 
     </span>
     <span class='ocr_line' id='line_1_28' title="bbox 198 1867 1971 1917; baseline 0 -10"><span class='ocrx_word' id='word_1_280' title='bbox 198 1881 395 1908; x_wconf 82' lang='lat' dir='ltr'><strong>maxume</strong></span> <span class='ocrx_word' id='word_1_281' title='bbox 427 1869 724 1917; x_wconf 88' lang='lat' dir='ltr'><strong>necessarium,</strong></span> <span class='ocrx_word' id='word_1_282' title='bbox 755 1869 1060 1909; x_wconf 83' lang='lat' dir='ltr'><strong>familiaritates</strong></span> <span class='ocrx_word' id='word_1_283' title='bbox 1090 1869 1247 1909; x_wconf 88' lang='lat' dir='ltr'><strong>habere</strong></span> <span class='ocrx_word' id='word_1_284' title='bbox 1269 1867 1371 1909; x_wconf 82' lang='lat' dir='ltr'><strong>fidas</strong></span> <span class='ocrx_word' id='word_1_285' title='bbox 1393 1869 1623 1909; x_wconf 90' lang='lat' dir='ltr'><strong>amantium</strong></span> <span class='ocrx_word' id='word_1_286' title='bbox 1646 1882 1721 1909; x_wconf 92' lang='lat' dir='ltr'><strong>nos</strong></span> <span class='ocrx_word' id='word_1_287' title='bbox 1744 1868 1971 1908; x_wconf 88' lang='lat' dir='ltr'><strong>amicorum</strong></span> 
     </span>
     <span class='ocr_line' id='line_1_29' title="bbox 198 1930 1972 1985; baseline -0.001 -15"><span class='ocrx_word' id='word_1_288' title='bbox 198 1935 239 1970; x_wconf 90' lang='lat' dir='ltr'><strong>et</strong></span> <span class='ocrx_word' id='word_1_289' title='bbox 268 1937 411 1971; x_wconf 85' lang='lat' dir='ltr'><strong>nostra</strong></span> <span class='ocrx_word' id='word_1_290' title='bbox 443 1931 705 1971; x_wconf 83' lang='lat' dir='ltr'><strong>mirantium:</strong></span> <span class='ocrx_word' id='word_1_291' title='bbox 745 1933 847 1971; x_wconf 90' lang='lat' dir='ltr'><strong>haec</strong></span> <span class='ocrx_word' id='word_1_292' title='bbox 879 1932 990 1972; x_wconf 92' lang='lat' dir='ltr'><strong>enim</strong></span> <span class='ocrx_word' id='word_1_293' title='bbox 1022 1945 1105 1972; x_wconf 91' lang='lat' dir='ltr'><strong>una</strong></span> <span class='ocrx_word' id='word_1_294' title='bbox 1137 1945 1202 1971; x_wconf 90' lang='lat' dir='ltr'><strong>res</strong></span> <span class='ocrx_word' id='word_1_295' title='bbox 1234 1945 1424 1985; x_wconf 87' lang='lat' dir='ltr'><strong>prorsus,</strong></span> <span class='ocrx_word' id='word_1_296' title='bbox 1455 1936 1501 1971; x_wconf 86' lang='lat' dir='ltr'><strong>ut</strong></span> <span class='ocrx_word' id='word_1_297' title='bbox 1531 1944 1616 1970; x_wconf 92' lang='lat' dir='ltr'><strong>non</strong></span> <span class='ocrx_word' id='word_1_298' title='bbox 1649 1930 1823 1971; x_wconf 92' lang='lat' dir='ltr'><strong>multum</strong></span> <span class='ocrx_word' id='word_1_299' title='bbox 1855 1930 1972 1970; x_wconf 83' lang='lat' dir='ltr'><strong>diffe-</strong></span> 
     </span>
     <span class='ocr_line' id='line_1_30' title="bbox 197 1992 1971 2047; baseline -0.001 -15"><span class='ocrx_word' id='word_1_300' title='bbox 197 1998 260 2032; x_wconf 88' lang='lat' dir='ltr'><strong>rat</strong></span> <span class='ocrx_word' id='word_1_301' title='bbox 290 1993 399 2032; x_wconf 88' lang='lat' dir='ltr'><strong>inter</strong></span> <span class='ocrx_word' id='word_1_302' title='bbox 430 2007 614 2034; x_wconf 91' lang='lat' dir='ltr'><strong>summos</strong></span> <span class='ocrx_word' id='word_1_303' title='bbox 647 2000 686 2033; x_wconf 86' lang='lat' dir='ltr'><strong>et</strong></span> <span class='ocrx_word' id='word_1_304' title='bbox 716 1994 943 2034; x_wconf 90' lang='lat' dir='ltr'><strong>mediocris</strong></span> <span class='ocrx_word' id='word_1_305' title='bbox 974 1995 1110 2042; x_wconf 91' lang='lat' dir='ltr'><strong>viros,</strong></span> <span class='ocrx_word' id='word_1_306' title='bbox 1150 2006 1285 2047; x_wconf 90' lang='lat' dir='ltr'><strong>aeque</strong></span> <span class='ocrx_word' id='word_1_307' title='bbox 1316 1994 1509 2047; x_wconf 83' lang='lat' dir='ltr'><strong>utrisque</strong></span> <span class='ocrx_word' id='word_1_308' title='bbox 1541 1998 1604 2033; x_wconf 86' lang='lat' dir='ltr'><strong>est</strong></span> <span class='ocrx_word' id='word_1_309' title='bbox 1643 2005 1771 2047; x_wconf 90' lang='lat' dir='ltr'><strong>prope</strong></span> <span class='ocrx_word' id='word_1_310' title='bbox 1802 1992 1971 2032; x_wconf 90' lang='lat' dir='ltr'><strong>modum</strong></span> 
     </span>
     <span class='ocr_line' id='line_1_31' title="bbox 199 2054 2021 2109; baseline -0.002 -15"><span class='ocrx_word' id='word_1_311' title='bbox 199 2056 493 2108; x_wconf 89' lang='lat' dir='ltr'><strong>comparanda.</strong></span> <span class='ocrx_word' id='word_1_312' title='bbox 553 2054 619 2096; x_wconf 83' lang='grc'><strong>31.</strong></span> <span class='ocrx_word' id='word_1_313' title='bbox 659 2057 831 2096; x_wconf 88' lang='lat' dir='ltr'><strong>Honore</strong></span> <span class='ocrx_word' id='word_1_314' title='bbox 863 2063 903 2097; x_wconf 88' lang='lat' dir='ltr'><strong>et</strong></span> <span class='ocrx_word' id='word_1_315' title='bbox 933 2056 1066 2109; x_wconf 87' lang='lat' dir='ltr'><strong>gloria</strong></span> <span class='ocrx_word' id='word_1_316' title='bbox 1096 2062 1136 2096; x_wconf 91' lang='lat' dir='ltr'><strong>et</strong></span> <span class='ocrx_word' id='word_1_317' title='bbox 1166 2056 1465 2096; x_wconf 86' lang='lat' dir='ltr'><strong>benevolentia</strong></span> <span class='ocrx_word' id='word_1_318' title='bbox 1496 2056 1649 2096; x_wconf 87' lang='lat' dir='ltr'><strong>civium</strong></span> <span class='ocrx_word' id='word_1_319' title='bbox 1679 2055 1856 2095; x_wconf 87' lang='lat' dir='ltr'><strong>fortasse</strong></span> <span class='ocrx_word' id='word_1_320' title='bbox 1888 2060 2021 2094; x_wconf 84' lang='grc'><strong>1101130</strong></span> 
     </span>
     <span class='ocr_line' id='line_1_32' title="bbox 198 2117 1972 2172; baseline 0 -16"><span class='ocrx_word' id='word_1_321' title='bbox 198 2130 332 2170; x_wconf 87' lang='lat' dir='ltr'><strong>aeque</strong></span> <span class='ocrx_word' id='word_1_322' title='bbox 364 2131 509 2158; x_wconf 90' lang='lat' dir='ltr'><strong>omnes</strong></span> <span class='ocrx_word' id='word_1_323' title='bbox 541 2124 676 2171; x_wconf 88' lang='lat' dir='ltr'><strong>egent,</strong></span> <span class='ocrx_word' id='word_1_324' title='bbox 709 2119 782 2158; x_wconf 87' lang='lat' dir='ltr'><strong>sed</strong></span> <span class='ocrx_word' id='word_1_325' title='bbox 814 2125 967 2165; x_wconf 85' lang='lat' dir='ltr'><strong>tamen,</strong></span> <span class='ocrx_word' id='word_1_326' title='bbox 1000 2119 1034 2158; x_wconf 91' lang='lat' dir='ltr'><strong>si</strong></span> <span class='ocrx_word' id='word_1_327' title='bbox 1067 2119 1132 2159; x_wconf 93' lang='lat' dir='ltr'><strong>cui</strong></span> <span class='ocrx_word' id='word_1_328' title='bbox 1164 2120 1266 2158; x_wconf 88' lang='lat' dir='ltr'><strong>haec</strong></span> <span class='ocrx_word' id='word_1_329' title='bbox 1289 2123 1536 2172; x_wconf 86' lang='lat' dir='ltr'><strong>suppetunt,</strong></span> <span class='ocrx_word' id='word_1_330' title='bbox 1558 2117 1760 2158; x_wconf 91' lang='lat' dir='ltr'><strong>adiuvant</strong></span> <span class='ocrx_word' id='word_1_331' title='bbox 1781 2117 1972 2170; x_wconf 89' lang='lat' dir='ltr'><strong>aliquan-</strong></span> 
     </span>
     <span class='ocr_line' id='line_1_33' title="bbox 199 2180 1469 2235; baseline 0.001 -16"><span class='ocrx_word' id='word_1_332' title='bbox 199 2184 284 2219; x_wconf 90' lang='lat' dir='ltr'><strong>tum</strong></span> <span class='ocrx_word' id='word_1_333' title='bbox 317 2193 410 2220; x_wconf 91' lang='lat' dir='ltr'><strong>cum</strong></span> <span class='ocrx_word' id='word_1_334' title='bbox 441 2180 493 2221; x_wconf 90' lang='lat' dir='ltr'><strong>ad</strong></span> <span class='ocrx_word' id='word_1_335' title='bbox 524 2187 674 2229; x_wconf 88' lang='lat' dir='ltr'><strong>cetera,</strong></span> <span class='ocrx_word' id='word_1_336' title='bbox 705 2186 792 2221; x_wconf 88' lang='lat' dir='ltr'><strong>tum</strong></span> <span class='ocrx_word' id='word_1_337' title='bbox 824 2182 877 2221; x_wconf 89' lang='lat' dir='ltr'><strong>ad</strong></span> <span class='ocrx_word' id='word_1_338' title='bbox 911 2181 1117 2221; x_wconf 86' lang='lat' dir='ltr'><strong>amicitias</strong></span> <span class='ocrx_word' id='word_1_339' title='bbox 1151 2181 1469 2235; x_wconf 85' lang='lat' dir='ltr'><strong>comparandas.</strong></span> 
     </span>
    </p>
   </div>
   <div class='ocr_carea' id='block_1_3' title="bbox 201 2415 1977 3202">
    <p class='ocr_par' dir='ltr' id='par_1_3' title="bbox 201 2415 1977 3202">
     <span class='ocr_line' id='line_1_34' title="bbox 287 2415 1976 2457; baseline 0 -10"><span class='ocrx_word' id='word_1_340' title='bbox 287 2416 317 2447; x_wconf 63' lang='grc' dir='ltr'><strong>ἓ.</strong></span> <span class='ocrx_word' id='word_1_341' title='bbox 340 2416 531 2455; x_wconf 79' lang='lat' dir='ltr'><strong>prouintt&#39;as</strong></span> <span class='ocrx_word' id='word_1_342' title='bbox 555 2416 582 2447; x_wconf 88' lang='lat' dir='ltr'><em>H</em></span> <span class='ocrx_word' id='word_1_343' title='bbox 620 2433 654 2438; x_wconf 96' lang='lat'>—</span> <span class='ocrx_word' id='word_1_344' title='bbox 694 2417 725 2448; x_wconf 84' lang='lat'><strong>7.</strong></span> <span class='ocrx_word' id='word_1_345' title='bbox 751 2418 798 2448; x_wconf 86' lang='lat' dir='ltr'><strong>sol</strong></span> <span class='ocrx_word' id='word_1_346' title='bbox 822 2417 1000 2457; x_wconf 83' lang='lat' dir='ltr'><strong>quicquam</strong></span> <span class='ocrx_word' id='word_1_347' title='bbox 1029 2425 1048 2449; x_wconf 85' lang='lat' dir='ltr'><strong>c</strong></span> <span class='ocrx_word' id='word_1_348' title='bbox 1084 2435 1126 2440; x_wconf 94' lang='grc'>-</span> <span class='ocrx_word' id='word_1_349' title='bbox 1162 2417 1192 2448; x_wconf 90' lang='lat'><strong>8.</strong></span> <span class='ocrx_word' id='word_1_350' title='bbox 1219 2416 1282 2447; x_wconf 75' lang='grc' dir='ltr'><strong>11ἰεί</strong></span> <span class='ocrx_word' id='word_1_351' title='bbox 1305 2416 1392 2447; x_wconf 78' lang='lat' dir='ltr'><strong>enim</strong></span> <span class='ocrx_word' id='word_1_352' title='bbox 1414 2415 1594 2447; x_wconf 82' lang='lat' dir='ltr'><strong>multorum</strong></span> <span class='ocrx_word' id='word_1_353' title='bbox 1617 2415 1830 2455; x_wconf 80' lang='lat' dir='ltr'><strong>impunitates</strong></span> <span class='ocrx_word' id='word_1_354' title='bbox 1851 2416 1976 2447; x_wconf 86' lang='lat' dir='ltr'><strong>scelera</strong></span> 
     </span>
     <span class='ocr_line' id='line_1_35' title="bbox 201 2464 1974 2507; baseline 0.001 -11"><span class='ocrx_word' id='word_1_355' title='bbox 201 2464 345 2496; x_wconf 76' lang='lat' dir='ltr'><strong>tulissem</strong></span> <span class='ocrx_word' id='word_1_356' title='bbox 369 2466 499 2498; x_wconf 87' lang='lat' dir='ltr'><strong>Nonius</strong></span> <span class='ocrx_word' id='word_1_357' title='bbox 524 2475 557 2507; x_wconf 90' lang='lat' dir='ltr'><strong>p.</strong></span> <span class='ocrx_word' id='word_1_358' title='bbox 573 2465 648 2498; x_wconf 68' lang='lat'><strong>407.</strong></span> <span class='ocrx_word' id='word_1_359' title='bbox 679 2484 713 2489; x_wconf 94' lang='lat'>—</span> <span class='ocrx_word' id='word_1_360' title='bbox 750 2468 801 2498; x_wconf 69' lang='grc' dir='ltr'><strong>Δ10.</strong></span> <span class='ocrx_word' id='word_1_361' title='bbox 828 2467 946 2498; x_wconf 82' lang='lat' dir='ltr'><strong>multos</strong></span> <span class='ocrx_word' id='word_1_362' title='bbox 969 2468 1014 2498; x_wconf 86' lang='lat' dir='ltr'><strong>ad</strong></span> <span class='ocrx_word' id='word_1_363' title='bbox 1038 2476 1056 2499; x_wconf 94' lang='lat' dir='ltr'><strong>c</strong></span> <span class='ocrx_word' id='word_1_364' title='bbox 1090 2485 1124 2490; x_wconf 90' lang='lat'>—</span> <span class='ocrx_word' id='word_1_365' title='bbox 1162 2468 1213 2499; x_wconf 79' lang='grc' dir='ltr'><strong>Μ.</strong></span> <span class='ocrx_word' id='word_1_366' title='bbox 1238 2467 1385 2498; x_wconf 80' lang='lat' dir='ltr'><strong>civilium</strong></span> <span class='ocrx_word' id='word_1_367' title='bbox 1409 2475 1478 2497; x_wconf 91' lang='lat' dir='ltr'><strong>om.</strong></span> <span class='ocrx_word' id='word_1_368' title='bbox 1499 2474 1517 2496; x_wconf 85' lang='lat' dir='ltr'><strong>c</strong></span> <span class='ocrx_word' id='word_1_369' title='bbox 1548 2483 1582 2488; x_wconf 97' lang='lat'>—</span> <span class='ocrx_word' id='word_1_370' title='bbox 1617 2474 1724 2497; x_wconf 81' lang='lat' dir='ltr'><strong>semen</strong></span> <span class='ocrx_word' id='word_1_371' title='bbox 1747 2473 1806 2496; x_wconf 80' lang='lat' dir='ltr'><strong>nec</strong></span> <span class='ocrx_word' id='word_1_372' title='bbox 1828 2474 1932 2496; x_wconf 85' lang='lat' dir='ltr'><strong>causa</strong></span> <span class='ocrx_word' id='word_1_373' title='bbox 1955 2473 1974 2497; x_wconf 84' lang='lat' dir='ltr'><strong>c</strong></span> 
     </span>
     <span class='ocr_line' id='line_1_36' title="bbox 205 2515 1972 2556; baseline 0.001 -10"><span class='ocrx_word' id='word_1_374' title='bbox 205 2532 239 2537; x_wconf 95' lang='lat'><strong>—</strong></span> <span class='ocrx_word' id='word_1_375' title='bbox 267 2516 345 2546; x_wconf 86' lang='lat' dir='ltr'><strong>dum</strong></span> <span class='ocrx_word' id='word_1_376' title='bbox 367 2516 512 2547; x_wconf 78' lang='lat' dir='ltr'><strong>homines</strong></span> <span class='ocrx_word' id='word_1_377' title='bbox 535 2517 663 2548; x_wconf 78' lang='lat' dir='ltr'><strong>cruenti</strong></span> <span class='ocrx_word' id='word_1_378' title='bbox 686 2517 817 2548; x_wconf 83' lang='lat' dir='ltr'><strong>hastam</strong></span> <span class='ocrx_word' id='word_1_379' title='bbox 839 2517 933 2548; x_wconf 83' lang='lat' dir='ltr'><strong>illam</strong></span> <span class='ocrx_word' id='word_1_380' title='bbox 956 2522 1128 2549; x_wconf 77' lang='lat' dir='ltr'><strong>cruentam</strong></span> <span class='ocrx_word' id='word_1_381' title='bbox 1150 2517 1359 2548; x_wconf 80' lang='lat' dir='ltr'><strong>meminerint</strong></span> <span class='ocrx_word' id='word_1_382' title='bbox 1382 2519 1412 2548; x_wconf 85' lang='lat' dir='ltr'><strong>et</strong></span> <span class='ocrx_word' id='word_1_383' title='bbox 1435 2516 1615 2556; x_wconf 81' lang='lat' dir='ltr'><strong>sperabunt</strong></span> <span class='ocrx_word' id='word_1_384' title='bbox 1638 2516 1769 2547; x_wconf 88' lang='lat' dir='ltr'><strong>Nonius</strong></span> <span class='ocrx_word' id='word_1_385' title='bbox 1794 2523 1827 2556; x_wconf 91' lang='lat' dir='ltr'><strong>p.</strong></span> <span class='ocrx_word' id='word_1_386' title='bbox 1843 2515 1918 2548; x_wconf 77' lang='lat'><strong>499.</strong></span> <span class='ocrx_word' id='word_1_387' title='bbox 1936 2530 1972 2538; x_wconf 81' lang='lat'><strong>-·</strong></span> 
     </span>
     <span class='ocr_line' id='line_1_37' title="bbox 202 2564 1972 2608; baseline 0.001 -12"><span class='ocrx_word' id='word_1_388' title='bbox 202 2566 255 2597; x_wconf 64' lang='grc' dir='ltr'><strong>Η.</strong></span> <span class='ocrx_word' id='word_1_389' title='bbox 281 2566 314 2596; x_wconf 88' lang='grc' dir='ltr'><strong>Ρ.</strong></span> <span class='ocrx_word' id='word_1_390' title='bbox 342 2574 376 2597; x_wconf 85' lang='grc'><strong>0;</strong></span> <span class='ocrx_word' id='word_1_391' title='bbox 404 2567 440 2597; x_wconf 93' lang='lat' dir='ltr'><strong>L.</strong></span> <span class='ocrx_word' id='word_1_392' title='bbox 467 2567 529 2598; x_wconf 89' lang='lat' dir='ltr'><strong>BH</strong></span> <span class='ocrx_word' id='word_1_393' title='bbox 542 2568 593 2599; x_wconf 84' lang='lat' dir='ltr'><strong>ab</strong></span> <span class='ocrx_word' id='word_1_394' title='bbox 620 2584 654 2588; x_wconf 97' lang='lat'><strong>—</strong></span> <span class='ocrx_word' id='word_1_395' title='bbox 681 2568 766 2606; x_wconf 76' lang='lat' dir='ltr'><strong>sylla</strong></span> <span class='ocrx_word' id='word_1_396' title='bbox 791 2568 815 2599; x_wconf 94' lang='lat' dir='ltr'>C</span> <span class='ocrx_word' id='word_1_397' title='bbox 844 2585 878 2589; x_wconf 92' lang='lat'><strong>—</strong></span> <span class='ocrx_word' id='word_1_398' title='bbox 920 2567 967 2599; x_wconf 82' lang='grc'><strong>13.</strong></span> <span class='ocrx_word' id='word_1_399' title='bbox 993 2567 1090 2608; x_wconf 85' lang='lat' dir='ltr'><strong>idem]</strong></span> <span class='ocrx_word' id='word_1_400' title='bbox 1116 2568 1161 2598; x_wconf 76' lang='lat' dir='ltr'><strong>id.</strong></span> <span class='ocrx_word' id='word_1_401' title='bbox 1181 2565 1209 2598; x_wconf 80' lang='grc' dir='ltr'><strong>ἒ.</strong></span> <span class='ocrx_word' id='word_1_402' title='bbox 1237 2575 1259 2598; x_wconf 82' lang='lat' dir='ltr'><strong>a</strong></span> <span class='ocrx_word' id='word_1_403' title='bbox 1284 2584 1318 2589; x_wconf 94' lang='lat'>—</span> <span class='ocrx_word' id='word_1_404' title='bbox 1346 2569 1439 2597; x_wconf 72' lang='lat' dir='ltr'><strong>sexto</strong></span> <span class='ocrx_word' id='word_1_405' title='bbox 1463 2566 1536 2596; x_wconf 81' lang='lat' dir='ltr'><strong>tric.</strong></span> <span class='ocrx_word' id='word_1_406' title='bbox 1566 2566 1607 2596; x_wconf 89' lang='lat' dir='ltr'><strong>C:</strong></span> <span class='ocrx_word' id='word_1_407' title='bbox 1634 2569 1728 2596; x_wconf 72' lang='lat' dir='ltr'><strong>sexto</strong></span> <span class='ocrx_word' id='word_1_408' title='bbox 1752 2568 1781 2597; x_wconf 75' lang='lat' dir='ltr'><strong>et</strong></span> <span class='ocrx_word' id='word_1_409' title='bbox 1804 2565 1877 2596; x_wconf 83' lang='lat' dir='ltr'><strong>tric.</strong></span> <span class='ocrx_word' id='word_1_410' title='bbox 1906 2564 1972 2597; x_wconf 86' lang='lat' dir='ltr'><strong>alii.</strong></span> 
     </span>
     <span class='ocr_line' id='line_1_38' title="bbox 203 2613 1972 2656; baseline 0 -10"><span class='ocrx_word' id='word_1_411' title='bbox 203 2614 253 2646; x_wconf 85' lang='lat' dir='ltr'><strong>Cf.</strong></span> <span class='ocrx_word' id='word_1_412' title='bbox 281 2615 324 2646; x_wconf 87' lang='lat' dir='ltr'><strong>ad</strong></span> <span class='ocrx_word' id='word_1_413' title='bbox 350 2614 467 2647; x_wconf 85' lang='lat' dir='ltr'><strong>Famil.</strong></span> <span class='ocrx_word' id='word_1_414' title='bbox 493 2616 533 2653; x_wconf 78' lang='lat' dir='ltr'><strong>X,</strong></span> <span class='ocrx_word' id='word_1_415' title='bbox 553 2616 606 2654; x_wconf 82' lang='lat'><strong>30,</strong></span> <span class='ocrx_word' id='word_1_416' title='bbox 627 2617 663 2646; x_wconf 80' lang='lat' dir='ltr'><strong>l:</strong></span> <span class='ocrx_word' id='word_1_417' title='bbox 703 2617 853 2655; x_wconf 77' lang='lat' dir='ltr'><strong>quintam</strong></span> <span class='ocrx_word' id='word_1_418' title='bbox 877 2617 1077 2648; x_wconf 80' lang='lat' dir='ltr'><strong>tricesimam</strong></span> <span class='ocrx_word' id='word_1_419' title='bbox 1103 2615 1311 2656; x_wconf 80' lang='lat' dir='ltr'><strong>(legionem).</strong></span> <span class='ocrx_word' id='word_1_420' title='bbox 1338 2615 1413 2651; x_wconf 81' lang='grc' dir='ltr'><strong>ΧΗ,</strong></span> <span class='ocrx_word' id='word_1_421' title='bbox 1435 2615 1487 2652; x_wconf 68' lang='lat'><strong>25,</strong></span> <span class='ocrx_word' id='word_1_422' title='bbox 1504 2616 1539 2645; x_wconf 76' lang='lat' dir='ltr'><strong>l:</strong></span> <span class='ocrx_word' id='word_1_423' title='bbox 1579 2614 1682 2645; x_wconf 84' lang='lat' dir='ltr'><strong>allero</strong></span> <span class='ocrx_word' id='word_1_424' title='bbox 1706 2614 1857 2646; x_wconf 69' lang='lat' dir='ltr'><strong>vicesimo</strong></span> <span class='ocrx_word' id='word_1_425' title='bbox 1882 2613 1972 2655; x_wconf 86' lang='lat' dir='ltr'><strong>(die).</strong></span> 
     </span>
     <span class='ocr_line' id='line_1_39' title="bbox 201 2663 1973 2706; baseline 0.001 -12"><span class='ocrx_word' id='word_1_426' title='bbox 201 2663 271 2701; x_wconf 84' lang='lat' dir='ltr'><strong>XV,</strong></span> <span class='ocrx_word' id='word_1_427' title='bbox 291 2663 322 2701; x_wconf 86' lang='lat'><strong>4,</strong></span> <span class='ocrx_word' id='word_1_428' title='bbox 339 2665 397 2696; x_wconf 74' lang='lat'><strong>40:</strong></span> <span class='ocrx_word' id='word_1_429' title='bbox 424 2666 559 2704; x_wconf 80' lang='lat' dir='ltr'><strong>septimo</strong></span> <span class='ocrx_word' id='word_1_430' title='bbox 583 2666 854 2706; x_wconf 64' lang='lat' dir='ltr'><strong>quinquagesimo</strong></span> <span class='ocrx_word' id='word_1_431' title='bbox 879 2665 972 2706; x_wconf 79' lang='lat' dir='ltr'><strong>(die).</strong></span> <span class='ocrx_word' id='word_1_432' title='bbox 999 2666 1042 2697; x_wconf 88' lang='lat' dir='ltr'><strong>ad</strong></span> <span class='ocrx_word' id='word_1_433' title='bbox 1061 2667 1127 2697; x_wconf 79' lang='lat' dir='ltr'><strong>Att.</strong></span> <span class='ocrx_word' id='word_1_434' title='bbox 1155 2665 1194 2703; x_wconf 75' lang='lat' dir='ltr'><strong>V,</strong></span> <span class='ocrx_word' id='word_1_435' title='bbox 1215 2665 1266 2701; x_wconf 76' lang='lat'><strong>49,</strong></span> <span class='ocrx_word' id='word_1_436' title='bbox 1284 2665 1319 2695; x_wconf 76' lang='lat'><strong>4:</strong></span> <span class='ocrx_word' id='word_1_437' title='bbox 1347 2665 1481 2704; x_wconf 77' lang='lat' dir='ltr'><strong>septimo</strong></span> <span class='ocrx_word' id='word_1_438' title='bbox 1506 2663 1760 2703; x_wconf 65' lang='lat' dir='ltr'><strong>qvaeadrayesirno</strong></span> <span class='ocrx_word' id='word_1_439' title='bbox 1786 2663 1878 2703; x_wconf 87' lang='lat' dir='ltr'><strong>(die).</strong></span> <span class='ocrx_word' id='word_1_440' title='bbox 1899 2663 1973 2695; x_wconf 83' lang='lat' dir='ltr'><strong>Cat.</strong></span> 
     </span>
     <span class='ocr_line' id='line_1_40' title="bbox 202 2713 1977 2756; baseline 0.001 -12"><span class='ocrx_word' id='word_1_441' title='bbox 202 2715 283 2745; x_wconf 87' lang='lat' dir='ltr'><strong>mai.</strong></span> <span class='ocrx_word' id='word_1_442' title='bbox 311 2714 402 2754; x_wconf 62' lang='lat'><strong>§⁴3³</strong></span> <span class='ocrx_word' id='word_1_443' title='bbox 430 2719 550 2754; x_wconf 76' lang='lat' dir='ltr'><strong>quarto</strong></span> <span class='ocrx_word' id='word_1_444' title='bbox 573 2716 786 2756; x_wconf 63' lang='lat' dir='ltr'><strong>nonagesimo</strong></span> <span class='ocrx_word' id='word_1_445' title='bbox 812 2718 938 2754; x_wconf 71' lang='lat' dir='ltr'><strong>(anno).</strong></span> <span class='ocrx_word' id='word_1_446' title='bbox 969 2731 1003 2738; x_wconf 89' lang='lat'>-</span> <span class='ocrx_word' id='word_1_447' title='bbox 1031 2715 1217 2746; x_wconf 79' lang='lat' dir='ltr'><strong>tricensimo</strong></span> <span class='ocrx_word' id='word_1_448' title='bbox 1243 2715 1319 2746; x_wconf 83' lang='lat' dir='ltr'><strong>lib:</strong></span> <span class='ocrx_word' id='word_1_449' title='bbox 1346 2715 1510 2745; x_wconf 68' lang='lat' dir='ltr'><strong>tricesimo</strong></span> <span class='ocrx_word' id='word_1_450' title='bbox 1534 2714 1644 2745; x_wconf 82' lang='lat' dir='ltr'><strong>Baco</strong></span> <span class='ocrx_word' id='word_1_451' title='bbox 1672 2731 1707 2735; x_wconf 84' lang='lat'><em>-</em></span> <span class='ocrx_word' id='word_1_452' title='bbox 1730 2717 1805 2753; x_wconf 81' lang='lat' dir='ltr'><strong>post</strong></span> <span class='ocrx_word' id='word_1_453' title='bbox 1820 2713 1852 2754; x_wconf 87' lang='lat' dir='ltr'><strong>a]</strong></span> <span class='ocrx_word' id='word_1_454' title='bbox 1867 2715 1977 2753; x_wconf 77' lang='lat' dir='ltr'><strong>posita</strong></span> 
     </span>
     <span class='ocr_line' id='line_1_41' title="bbox 203 2762 1976 2805; baseline -0.001 -10"><span class='ocrx_word' id='word_1_455' title='bbox 203 2772 221 2795; x_wconf 82' lang='lat' dir='ltr'><strong>c</strong></span> <span class='ocrx_word' id='word_1_456' title='bbox 248 2781 285 2786; x_wconf 97' lang='lat'><strong>—</strong></span> <span class='ocrx_word' id='word_1_457' title='bbox 319 2765 370 2796; x_wconf 75' lang='lat'><strong>47.</strong></span> <span class='ocrx_word' id='word_1_458' title='bbox 396 2765 494 2805; x_wconf 83' lang='lat' dir='ltr'><strong>hique</strong></span> <span class='ocrx_word' id='word_1_459' title='bbox 518 2773 557 2805; x_wconf 71' lang='lat' dir='ltr'><strong>a,</strong></span> <span class='ocrx_word' id='word_1_460' title='bbox 589 2765 698 2804; x_wconf 75' lang='lat' dir='ltr'><strong>hiique</strong></span> <span class='ocrx_word' id='word_1_461' title='bbox 722 2765 768 2801; x_wconf 86' lang='lat' dir='ltr'><strong>H,</strong></span> <span class='ocrx_word' id='word_1_462' title='bbox 800 2765 910 2804; x_wconf 81' lang='lat' dir='ltr'><strong>hijque</strong></span> <span class='ocrx_word' id='word_1_463' title='bbox 933 2773 951 2796; x_wconf 88' lang='lat' dir='ltr'><strong>c</strong></span> <span class='ocrx_word' id='word_1_464' title='bbox 990 2783 1024 2788; x_wconf 88' lang='lat'><strong>——</strong></span> <span class='ocrx_word' id='word_1_465' title='bbox 1062 2766 1115 2796; x_wconf 64' lang='lat'><strong>20.</strong></span> <span class='ocrx_word' id='word_1_466' title='bbox 1141 2765 1320 2795; x_wconf 82' lang='lat' dir='ltr'><strong>maluimus</strong></span> <span class='ocrx_word' id='word_1_467' title='bbox 1343 2772 1390 2795; x_wconf 82' lang='lat' dir='ltr'><strong>ac</strong></span> <span class='ocrx_word' id='word_1_468' title='bbox 1423 2765 1467 2801; x_wconf 84' lang='grc'><strong>(111</strong></span> <span class='ocrx_word' id='word_1_469' title='bbox 1491 2771 1513 2794; x_wconf 79' lang='lat' dir='ltr'><strong>a</strong></span> <span class='ocrx_word' id='word_1_470' title='bbox 1537 2764 1653 2794; x_wconf 87' lang='lat' dir='ltr'><strong>tamen</strong></span> <span class='ocrx_word' id='word_1_471' title='bbox 1678 2762 1740 2794; x_wconf 90' lang='lat' dir='ltr'><strong>litt.</strong></span> <span class='ocrx_word' id='word_1_472' title='bbox 1766 2763 1777 2793; x_wconf 79' lang='lat' dir='ltr'><strong><em>i</em></strong></span> <span class='ocrx_word' id='word_1_473' title='bbox 1802 2765 1976 2804; x_wconf 82' lang='lat' dir='ltr'><strong>expuncta</strong></span> 
     </span>
     <span class='ocr_line' id='line_1_42' title="bbox 204 2812 1977 2854; baseline 0.001 -10"><span class='ocrx_word' id='word_1_474' title='bbox 204 2815 287 2853; x_wconf 89' lang='lat' dir='ltr'><strong>est):</strong></span> <span class='ocrx_word' id='word_1_475' title='bbox 313 2814 479 2845; x_wconf 81' lang='lat' dir='ltr'><strong>malumus</strong></span> <span class='ocrx_word' id='word_1_476' title='bbox 503 2816 626 2846; x_wconf 89' lang='lat' dir='ltr'><strong>BHbo</strong></span> <span class='ocrx_word' id='word_1_477' title='bbox 655 2832 689 2836; x_wconf 91' lang='lat'><em>—</em></span> <span class='ocrx_word' id='word_1_478' title='bbox 712 2824 745 2854; x_wconf 85' lang='lat' dir='ltr'><strong>p.</strong></span> <span class='ocrx_word' id='word_1_479' title='bbox 766 2824 795 2846; x_wconf 84' lang='lat' dir='ltr'><strong>r.</strong></span> <span class='ocrx_word' id='word_1_480' title='bbox 814 2816 896 2846; x_wconf 76' lang='lat' dir='ltr'><strong>iuste</strong></span> <span class='ocrx_word' id='word_1_481' title='bbox 920 2823 942 2846; x_wconf 86' lang='lat' dir='ltr'><strong>a</strong></span> <span class='ocrx_word' id='word_1_482' title='bbox 969 2832 1002 2836; x_wconf 89' lang='lat'>—</span> <span class='ocrx_word' id='word_1_483' title='bbox 1031 2815 1179 2846; x_wconf 79' lang='lat' dir='ltr'><strong>accidere</strong></span> <span class='ocrx_word' id='word_1_484' title='bbox 1204 2814 1381 2853; x_wconf 77' lang='lat' dir='ltr'><strong>imperanti</strong></span> <span class='ocrx_word' id='word_1_485' title='bbox 1404 2822 1425 2852; x_wconf 90' lang='lat' dir='ltr'><strong>p</strong></span> <span class='ocrx_word' id='word_1_486' title='bbox 1453 2830 1488 2834; x_wconf 96' lang='lat'><strong>—</strong></span> <span class='ocrx_word' id='word_1_487' title='bbox 1520 2813 1572 2843; x_wconf 73' lang='lat'><strong>21.</strong></span> <span class='ocrx_word' id='word_1_488' title='bbox 1599 2812 1678 2851; x_wconf 77' lang='lat' dir='ltr'><strong>quid</strong></span> <span class='ocrx_word' id='word_1_489' title='bbox 1701 2812 1836 2844; x_wconf 83' lang='lat' dir='ltr'><strong>debetur</strong></span> <span class='ocrx_word' id='word_1_490' title='bbox 1852 2816 1977 2853; x_wconf 84' lang='lat' dir='ltr'><strong>putare</strong></span> 
     </span>
     <span class='ocr_line' id='line_1_43' title="bbox 202 2862 1976 2904; baseline 0.001 -11"><span class='ocrx_word' id='word_1_491' title='bbox 202 2863 339 2903; x_wconf 71' lang='lat' dir='ltr'><strong>singulis</strong></span> <span class='ocrx_word' id='word_1_492' title='bbox 361 2872 382 2904; x_wconf 89' lang='lat' dir='ltr'><strong>p</strong></span> <span class='ocrx_word' id='word_1_493' title='bbox 410 2881 444 2885; x_wconf 80' lang='lat'><strong>-—</strong></span> <span class='ocrx_word' id='word_1_494' title='bbox 479 2864 533 2896; x_wconf 66' lang='lat'><strong>⁶24.</strong></span> <span class='ocrx_word' id='word_1_495' title='bbox 558 2864 737 2895; x_wconf 78' lang='lat' dir='ltr'><strong>karitatem</strong></span> <span class='ocrx_word' id='word_1_496' title='bbox 761 2872 779 2895; x_wconf 86' lang='lat' dir='ltr'><strong>c</strong></span> <span class='ocrx_word' id='word_1_497' title='bbox 807 2881 842 2887; x_wconf 94' lang='lat'><strong>—</strong></span> <span class='ocrx_word' id='word_1_498' title='bbox 879 2873 1008 2903; x_wconf 72' lang='lat' dir='ltr'><strong>eyemus</strong></span> <span class='ocrx_word' id='word_1_499' title='bbox 1032 2873 1142 2895; x_wconf 81' lang='lat' dir='ltr'><strong>omnes</strong></span> <span class='ocrx_word' id='word_1_500' title='bbox 1165 2872 1183 2895; x_wconf 86' lang='lat' dir='ltr'><strong>c</strong></span> <span class='ocrx_word' id='word_1_501' title='bbox 1210 2881 1244 2885; x_wconf 87' lang='lat'><strong>—-</strong></span> <span class='ocrx_word' id='word_1_502' title='bbox 1277 2864 1329 2894; x_wconf 74' lang='lat'><strong>⁵25.</strong></span> <span class='ocrx_word' id='word_1_503' title='bbox 1356 2863 1540 2894; x_wconf 78' lang='lat' dir='ltr'><strong>institutum</strong></span> <span class='ocrx_word' id='word_1_504' title='bbox 1564 2869 1582 2892; x_wconf 88' lang='lat' dir='ltr'><strong>c</strong></span> <span class='ocrx_word' id='word_1_505' title='bbox 1611 2879 1653 2884; x_wconf 89' lang='lat'><em>-</em></span> <span class='ocrx_word' id='word_1_506' title='bbox 1682 2862 1736 2894; x_wconf 72' lang='lat'><strong>28.</strong></span> <span class='ocrx_word' id='word_1_507' title='bbox 1761 2866 1877 2894; x_wconf 78' lang='lat' dir='ltr'><strong>nostra.</strong></span> <span class='ocrx_word' id='word_1_508' title='bbox 1901 2872 1976 2894; x_wconf 76' lang='grc' dir='ltr'><em>αηι-</em></span> 
     </span>
     <span class='ocr_line' id='line_1_44' title="bbox 202 2912 1974 2954; baseline 0.002 -12"><span class='ocrx_word' id='word_1_509' title='bbox 202 2912 398 2944; x_wconf 76' lang='lat' dir='ltr'><strong>mirancium</strong></span> <span class='ocrx_word' id='word_1_510' title='bbox 422 2913 513 2944; x_wconf 88' lang='lat' dir='ltr'><strong>Bake</strong></span> <span class='ocrx_word' id='word_1_511' title='bbox 540 2913 583 2945; x_wconf 84' lang='lat' dir='ltr'><strong>de</strong></span> <span class='ocrx_word' id='word_1_512' title='bbox 609 2914 752 2945; x_wconf 84' lang='lat' dir='ltr'><strong>emend.</strong></span> <span class='ocrx_word' id='word_1_513' title='bbox 781 2914 851 2945; x_wconf 82' lang='lat' dir='ltr'><strong>Cic.</strong></span> <span class='ocrx_word' id='word_1_514' title='bbox 872 2914 1017 2945; x_wconf 87' lang='lat' dir='ltr'><strong>Oratore</strong></span> <span class='ocrx_word' id='word_1_515' title='bbox 1042 2923 1076 2954; x_wconf 89' lang='lat' dir='ltr'><strong>p.</strong></span> <span class='ocrx_word' id='word_1_516' title='bbox 1092 2914 1144 2945; x_wconf 84' lang='lat'><strong>37.</strong></span> <span class='ocrx_word' id='word_1_517' title='bbox 1182 2931 1216 2935; x_wconf 85' lang='lat'>—</span> <span class='ocrx_word' id='word_1_518' title='bbox 1255 2914 1307 2944; x_wconf 70' lang='lat'><strong>28.</strong></span> <span class='ocrx_word' id='word_1_519' title='bbox 1334 2914 1420 2944; x_wconf 83' lang='lat' dir='ltr'><strong>enim</strong></span> <span class='ocrx_word' id='word_1_520' title='bbox 1443 2920 1512 2943; x_wconf 84' lang='lat' dir='ltr'><strong>una</strong></span> <span class='ocrx_word' id='word_1_521' title='bbox 1537 2919 1616 2942; x_wconf 89' lang='lat' dir='ltr'><strong>nos:</strong></span> <span class='ocrx_word' id='word_1_522' title='bbox 1650 2913 1736 2943; x_wconf 77' lang='lat' dir='ltr'><strong>enim</strong></span> <span class='ocrx_word' id='word_1_523' title='bbox 1759 2916 1804 2944; x_wconf 77' lang='lat' dir='ltr'><strong>est</strong></span> <span class='ocrx_word' id='word_1_524' title='bbox 1826 2922 1895 2944; x_wconf 81' lang='lat' dir='ltr'><strong>una</strong></span> <span class='ocrx_word' id='word_1_525' title='bbox 1920 2914 1974 2945; x_wconf 92' lang='lat' dir='ltr'><strong>Co</strong></span> 
     </span>
     <span class='ocr_line' id='line_1_45' title="bbox 206 2961 1976 3002; baseline 0.001 -9"><span class='ocrx_word' id='word_1_526' title='bbox 206 2978 241 2983; x_wconf 91' lang='lat'>—</span> <span class='ocrx_word' id='word_1_527' title='bbox 268 2962 321 2993; x_wconf 69' lang='lat'><strong>29.</strong></span> <span class='ocrx_word' id='word_1_528' title='bbox 348 2971 451 3001; x_wconf 82' lang='lat' dir='ltr'><strong>aeque</strong></span> <span class='ocrx_word' id='word_1_529' title='bbox 474 2963 620 3002; x_wconf 76' lang='lat' dir='ltr'><strong>utrisque</strong></span> <span class='ocrx_word' id='word_1_530' title='bbox 646 2962 778 3001; x_wconf 84' lang='lat' dir='ltr'><strong>(deleto</strong></span> <span class='ocrx_word' id='word_1_531' title='bbox 794 2967 839 2994; x_wconf 84' lang='lat' dir='ltr'><strong>est</strong></span> <span class='ocrx_word' id='word_1_532' title='bbox 856 2965 936 2994; x_wconf 89' lang='lat' dir='ltr'><strong>ante</strong></span> <span class='ocrx_word' id='word_1_533' title='bbox 956 2964 1211 3002; x_wconf 75' lang='lat' dir='ltr'><strong>propemodum3</strong></span> <span class='ocrx_word' id='word_1_534' title='bbox 1239 2971 1303 3001; x_wconf 82' lang='lat' dir='ltr'><strong>ego</strong></span> <span class='ocrx_word' id='word_1_535' title='bbox 1321 2961 1470 2993; x_wconf 86' lang='lat' dir='ltr'><strong>alterum</strong></span> <span class='ocrx_word' id='word_1_536' title='bbox 1494 2964 1538 2992; x_wconf 84' lang='lat' dir='ltr'><strong>est</strong></span> <span class='ocrx_word' id='word_1_537' title='bbox 1562 2963 1642 2992; x_wconf 83' lang='lat' dir='ltr'><strong>ante</strong></span> <span class='ocrx_word' id='word_1_538' title='bbox 1666 2970 1735 2993; x_wconf 82' lang='lat' dir='ltr'><strong>una</strong></span> <span class='ocrx_word' id='word_1_539' title='bbox 1759 2961 1878 2994; x_wconf 86' lang='lat' dir='ltr'><strong>delere</strong></span> <span class='ocrx_word' id='word_1_540' title='bbox 1898 2971 1976 2994; x_wconf 89' lang='lat' dir='ltr'><strong>ma-</strong></span> 
     </span>
     <span class='ocr_line' id='line_1_46' title="bbox 205 3008 1976 3053; baseline 0.001 -11"><span class='ocrx_word' id='word_1_541' title='bbox 205 3008 269 3050; x_wconf 79' lang='lat' dir='ltr'><strong>lui)</strong></span> <span class='ocrx_word' id='word_1_542' title='bbox 295 3011 411 3043; x_wconf 84' lang='lat' dir='ltr'><strong>Lund:</strong></span> <span class='ocrx_word' id='word_1_543' title='bbox 448 3020 552 3050; x_wconf 82' lang='lat' dir='ltr'><strong>eaque</strong></span> <span class='ocrx_word' id='word_1_544' title='bbox 580 3013 730 3051; x_wconf 77' lang='lat' dir='ltr'><strong>utrisque</strong></span> <span class='ocrx_word' id='word_1_545' title='bbox 762 3012 840 3049; x_wconf 85' lang='lat' dir='ltr'><strong>C0;</strong></span> <span class='ocrx_word' id='word_1_546' title='bbox 877 3021 981 3051; x_wconf 80' lang='lat' dir='ltr'><strong>eaque</strong></span> <span class='ocrx_word' id='word_1_547' title='bbox 1009 3021 1112 3052; x_wconf 81' lang='lat' dir='ltr'><strong>aeque</strong></span> <span class='ocrx_word' id='word_1_548' title='bbox 1140 3012 1289 3051; x_wconf 71' lang='lat' dir='ltr'><strong>utrisque</strong></span> <span class='ocrx_word' id='word_1_549' title='bbox 1319 3010 1584 3050; x_wconf 82' lang='lat' dir='ltr'><strong>Bezzenberger</strong></span> <span class='ocrx_word' id='word_1_550' title='bbox 1617 3010 1768 3051; x_wconf 85' lang='lat' dir='ltr'><strong>(Delect.</strong></span> <span class='ocrx_word' id='word_1_551' title='bbox 1794 3021 1827 3053; x_wconf 88' lang='lat' dir='ltr'><strong>p.</strong></span> <span class='ocrx_word' id='word_1_552' title='bbox 1847 3011 1904 3051; x_wconf 63' lang='grc' dir='ltr'><strong>Ἥ)</strong></span> <span class='ocrx_word' id='word_1_553' title='bbox 1941 3014 1976 3044; x_wconf 88' lang='lat' dir='ltr'><strong>et</strong></span> 
     </span>
     <span class='ocr_line' id='line_1_47' title="bbox 205 3059 1972 3102; baseline 0 -9"><span class='ocrx_word' id='word_1_554' title='bbox 205 3061 456 3102; x_wconf 82' lang='lat' dir='ltr'><strong>Stuerenburg.</strong></span> <span class='ocrx_word' id='word_1_555' title='bbox 498 3061 692 3093; x_wconf 86' lang='lat' dir='ltr'><strong>«Probante</strong></span> <span class='ocrx_word' id='word_1_556' title='bbox 717 3062 886 3102; x_wconf 73' lang='lat' dir='ltr'><strong>Madvigio</strong></span> <span class='ocrx_word' id='word_1_557' title='bbox 909 3061 1087 3093; x_wconf 82' lang='lat' dir='ltr'><strong>lenissima</strong></span> <span class='ocrx_word' id='word_1_558' title='bbox 1113 3060 1287 3093; x_wconf 80' lang='lat' dir='ltr'><strong>medicina</strong></span> <span class='ocrx_word' id='word_1_559' title='bbox 1314 3069 1397 3091; x_wconf 89' lang='lat' dir='ltr'><strong>usus</strong></span> <span class='ocrx_word' id='word_1_560' title='bbox 1421 3059 1538 3091; x_wconf 84' lang='lat' dir='ltr'><strong>locum</strong></span> <span class='ocrx_word' id='word_1_561' title='bbox 1563 3061 1725 3091; x_wconf 87' lang='lat' dir='ltr'><strong>sanatum</strong></span> <span class='ocrx_word' id='word_1_562' title='bbox 1751 3069 1830 3093; x_wconf 87' lang='lat' dir='ltr'><strong>esse</strong></span> <span class='ocrx_word' id='word_1_563' title='bbox 1854 3070 1972 3102; x_wconf 85' lang='lat' dir='ltr'><strong>spero.</strong></span> 
     </span>
     <span class='ocr_line' id='line_1_48' title="bbox 207 3111 1972 3151; baseline 0 -8"><span class='ocrx_word' id='word_1_564' title='bbox 207 3111 339 3143; x_wconf 89' lang='lat' dir='ltr'><strong>Sensus</strong></span> <span class='ocrx_word' id='word_1_565' title='bbox 370 3113 435 3143; x_wconf 83' lang='lat' dir='ltr'><strong>erit</strong></span> <span class='ocrx_word' id='word_1_566' title='bbox 464 3112 538 3143; x_wconf 83' lang='lat' dir='ltr'><strong>hio:</strong></span> <span class='ocrx_word' id='word_1_567' title='bbox 576 3112 656 3143; x_wconf 86' lang='lat' dir='ltr'><strong>haec</strong></span> <span class='ocrx_word' id='word_1_568' title='bbox 686 3121 754 3142; x_wconf 84' lang='lat' dir='ltr'><strong>una</strong></span> <span class='ocrx_word' id='word_1_569' title='bbox 782 3121 834 3143; x_wconf 85' lang='lat' dir='ltr'><strong>res</strong></span> <span class='ocrx_word' id='word_1_570' title='bbox 858 3120 998 3151; x_wconf 82' lang='lat' dir='ltr'><strong>prorsus</strong></span> <span class='ocrx_word' id='word_1_571' title='bbox 1025 3111 1255 3150; x_wconf 80' lang='lat' dir='ltr'><strong>comparanda</strong></span> <span class='ocrx_word' id='word_1_572' title='bbox 1282 3114 1328 3141; x_wconf 80' lang='lat' dir='ltr'><strong>est</strong></span> <span class='ocrx_word' id='word_1_573' title='bbox 1359 3114 1386 3141; x_wconf 83' lang='lat' dir='ltr'><strong>e!</strong></span> <span class='ocrx_word' id='word_1_574' title='bbox 1411 3111 1650 3149; x_wconf 79' lang='lat' dir='ltr'><strong>propemodum</strong></span> <span class='ocrx_word' id='word_1_575' title='bbox 1679 3120 1784 3151; x_wconf 83' lang='lat' dir='ltr'><strong>aeque</strong></span> <span class='ocrx_word' id='word_1_576' title='bbox 1813 3113 1972 3151; x_wconf 78' lang='lat' dir='ltr'><strong>utrisque.</strong></span> 
     </span>
     <span class='ocr_line' id='line_1_49' title="bbox 208 3160 1975 3202; baseline 0.001 -11"><span class='ocrx_word' id='word_1_577' title='bbox 208 3161 335 3192; x_wconf 85' lang='lat' dir='ltr'><strong>Positio</strong></span> <span class='ocrx_word' id='word_1_578' title='bbox 359 3160 553 3192; x_wconf 77' lang='lat' dir='ltr'><strong>verborum</strong></span> <span class='ocrx_word' id='word_1_579' title='bbox 577 3169 681 3200; x_wconf 78' lang='lat' dir='ltr'><strong>aeque</strong></span> <span class='ocrx_word' id='word_1_580' title='bbox 695 3161 843 3199; x_wconf 79' lang='lat' dir='ltr'><strong>utrisque</strong></span> <span class='ocrx_word' id='word_1_581' title='bbox 856 3162 1094 3200; x_wconf 80' lang='lat' dir='ltr'><strong>propemodum</strong></span> <span class='ocrx_word' id='word_1_582' title='bbox 1118 3169 1181 3202; x_wconf 90' lang='lat' dir='ltr'><strong>pro</strong></span> <span class='ocrx_word' id='word_1_583' title='bbox 1198 3161 1280 3191; x_wconf 83' lang='lat' dir='ltr'><strong>hac:</strong></span> <span class='ocrx_word' id='word_1_584' title='bbox 1303 3161 1542 3199; x_wconf 82' lang='lat' dir='ltr'><strong>propemodum</strong></span> <span class='ocrx_word' id='word_1_585' title='bbox 1559 3168 1662 3201; x_wconf 84' lang='lat' dir='ltr'><strong>aeque</strong></span> <span class='ocrx_word' id='word_1_586' title='bbox 1677 3162 1838 3199; x_wconf 72' lang='lat' dir='ltr'><strong>utrisque,</strong></span> <span class='ocrx_word' id='word_1_587' title='bbox 1865 3161 1975 3192; x_wconf 84' lang='lat' dir='ltr'><strong>nerni-</strong></span> 
     </span>
    </p>
   </div>
   <div class='ocr_carea' id='block_1_4' title="bbox 209 3210 1975 3291">
    <p class='ocr_par' dir='ltr' id='par_1_4' title="bbox 209 3210 1975 3291">
     <span class='ocr_line' id='line_1_50' title="bbox 209 3210 1975 3252; baseline 0.001 -13"><span class='ocrx_word' id='word_1_588' title='bbox 209 3217 291 3240; x_wconf 86' lang='lat' dir='ltr'><strong>nem</strong></span> <span class='ocrx_word' id='word_1_589' title='bbox 317 3217 442 3250; x_wconf 84' lang='lat' dir='ltr'><strong>maguo</strong></span> <span class='ocrx_word' id='word_1_590' title='bbox 467 3219 574 3252; x_wconf 85' lang='lat' dir='ltr'><strong>opere</strong></span> <span class='ocrx_word' id='word_1_591' title='bbox 599 3210 780 3243; x_wconf 76' lang='lat' dir='ltr'><strong>offendere</strong></span> <span class='ocrx_word' id='word_1_592' title='bbox 807 3212 957 3251; x_wconf 82' lang='lat' dir='ltr'><strong>potest.»</strong></span> <span class='ocrx_word' id='word_1_593' title='bbox 987 3228 1020 3233; x_wconf 87' lang='lat'><strong>-—</strong></span> <span class='ocrx_word' id='word_1_594' title='bbox 1047 3211 1099 3243; x_wconf 88' lang='lat'><strong>30.</strong></span> <span class='ocrx_word' id='word_1_595' title='bbox 1119 3210 1349 3250; x_wconf 82' lang='lat' dir='ltr'><strong>comparanda</strong></span> <span class='ocrx_word' id='word_1_596' title='bbox 1367 3217 1472 3249; x_wconf 84' lang='lat' dir='ltr'><strong>prope</strong></span> <span class='ocrx_word' id='word_1_597' title='bbox 1496 3210 1628 3242; x_wconf 82' lang='lat' dir='ltr'><strong>modum</strong></span> <span class='ocrx_word' id='word_1_598' title='bbox 1651 3218 1670 3242; x_wconf 80' lang='grc' dir='ltr'>ο</span> <span class='ocrx_word' id='word_1_599' title='bbox 1698 3227 1733 3233; x_wconf 88' lang='grc'><strong>-</strong></span> <span class='ocrx_word' id='word_1_600' title='bbox 1760 3210 1813 3242; x_wconf 76' lang='lat'><strong>32.</strong></span> <span class='ocrx_word' id='word_1_601' title='bbox 1839 3215 1908 3243; x_wconf 82' lang='lat' dir='ltr'><strong>tum</strong></span> <span class='ocrx_word' id='word_1_602' title='bbox 1931 3210 1975 3242; x_wconf 85' lang='lat' dir='ltr'><strong>ad</strong></span> 
     </span>
     <span class='ocr_line' id='line_1_51' title="bbox 211 3261 373 3291; baseline 0.012 -2"><span class='ocrx_word' id='word_1_603' title='bbox 211 3261 319 3290; x_wconf 81' lang='lat' dir='ltr'><strong>cetera</strong></span> <span class='ocrx_word' id='word_1_604' title='bbox 342 3267 373 3291; x_wconf 88' lang='grc' dir='ltr'><strong>ο.</strong></span> 
     </span>
    </p>
   </div>
  </div>
 </body>
</html>
