2249 3624
218 200 328 245 4050
956 208 1240 250 CICERONIS

215 308 361 348 Vidisti
390 314 431 349 et
457 309 564 350 claro
592 311 789 351 tremulos
820 310 967 352 ardore
1004 316 1207 358 cometas,

213 370 418 423 Multaque
440 373 603 412 misceri
630 379 829 414 nocturna
853 379 988 425 strage
1017 378 1190 425 putasti:

216 432 334 479 Quod
360 434 486 473 ferme
516 434 648 475 dirum
670 436 710 475 in
738 442 899 488 tempus
929 435 1120 475 cecidere
1149 436 1334 484 Latinae,

216 494 317 533 Cum
346 495 500 537 claram
525 498 705 549 speciem
735 504 926 538 concreto
954 498 1108 538 lumine
1137 497 1233 537 luna

213 556 383 598 Abdidit
406 565 446 599 et
472 562 606 600 subito
636 561 811 602 stellanti
840 567 960 602 nocte
988 567 1201 614 perempta
1236 567 1312 601 est.

315 622 421 669 Quid
446 635 543 663 vero
571 625 722 664 Phoebi
749 625 836 675 sax,
866 625 995 664 tristis
1027 625 1169 664 nuntia
1199 624 1316 675 belli,

214 684 327 731 Quae
356 697 548 736 magnum
576 685 629 726 ad
656 686 844 726 columen
871 687 1077 726 flammato
1106 686 1254 726 ardore
1279 686 1466 738 volabat,

213 746 451 798 Praecipitis
480 748 579 788 caeli
604 750 732 800 partis
759 749 980 801 obitusque
1014 749 1265 800 petessens?

212 809 293 847 Aut
325 821 416 848 cum
442 811 612 850 terribili
636 824 862 863 percussus
892 812 1057 852 fulmine
1085 813 1182 852 civis

213 872 321 910 Luce
350 874 559 912 serenanti
583 874 720 914 vitalia
751 874 905 914 lumina
938 874 1084 926 liquit‘?

214 935 293 973 Aut
319 947 411 974 cum
439 948 483 975 se
512 937 680 988 gravido
708 939 934 977 tremefecit
961 950 1131 990 corpore
1161 937 1310 978 tellus?

214 997 297 1035 Iam
325 1010 422 1036 vero
452 1000 588 1039 variae
613 1006 812 1040 nocturno
842 1006 1027 1052 tempore
1054 1002 1167 1040 visae

215 1058 437 1099 Terribiles
461 1061 615 1101 formae
643 1062 797 1102 bellum
830 1069 1048 1115 motusque
1079 1063 1323 1110 monebant,

214 1121 419 1174 Multaque
444 1135 520 1175 per
546 1130 677 1164 terras
710 1131 825 1165 vates
854 1126 988 1165 oracla
1019 1127 1168 1165 furenti

214 1185 383 1223 Pectore
414 1185 642 1226 fundebant
668 1188 793 1226 tristis
819 1189 1045 1228 minitantia
1072 1200 1218 1228 casus:

214 1249 349 1299 Atque
379 1260 450 1299 ea,
480 1261 586 1300 quae
610 1249 729 1302 lapsu
757 1250 923 1290 tandem
955 1250 1142 1290 cecidere
1170 1255 1355 1301 vetusto,

213 1311 323 1349 Haec
348 1310 433 1349 fore
458 1313 670 1363 perpetuis
699 1313 824 1364 signis
860 1312 1065 1364 clarisque
1093 1313 1359 1364 frequentans

213 1373 306 1424 Ipse
336 1372 458 1412 deum
485 1375 644 1425 genitor
670 1375 783 1415 caelo
812 1377 1016 1427 terrisque
1046 1376 1234 1416 canebat.

214 1436 329 1474 Nunc
360 1448 427 1486 ea,
458 1437 663 1488 Torquato
693 1450 799 1489 quae
826 1438 1034 1490 quondam
1063 1444 1104 1477 et
1130 1438 1300 1478 consule
1329 1439 1446 1479 Cotta

213 1497 364 1550 Lydius
391 1498 578 1539 ediderat
605 1500 837 1552 Tyrrhenae
865 1502 998 1552 gentis
1030 1502 1257 1553 haruspex,

216 1561 361 1600 Omnia
389 1562 468 1601 fixa
496 1568 589 1601 tuus
617 1562 850 1613 glomerans
879 1563 1127 1603 determinat
1153 1577 1296 1604 annus.

214 1624 314 1663 Nam
344 1630 460 1676 pater
487 1624 704 1664 altitonans
733 1625 912 1665 stellanti
940 1627 1059 1665 nixus
1086 1626 1260 1679 Olympo

215 1687 308 1738 Ipse
337 1699 434 1726 suos
464 1687 670 1738 quondam
699 1688 878 1727 tumulos
906 1701 953 1728 ac
983 1688 1134 1740 templa
1162 1690 1325 1742 petivit,

213 1750 264 1789 Et
292 1750 530 1802 Capitolinis
558 1751 694 1790 iniecit
721 1751 891 1791 sedibus
917 1752 1035 1802 ignis,

215 1814 315 1851 Tum
345 1814 506 1864 species
535 1825 585 1852 ex
613 1827 708 1853 aere
739 1820 854 1853 vetus
885 1821 1162 1866 venerataque
1190 1816 1333 1855 Nattae

216 1875 424 1922 Concidit,
455 1874 703 1927 elapsaeque
732 1882 893 1916 vetusto
920 1878 1086 1916 numine
1118 1876 1253 1928 leges,

213 1938 264 1978 Et
291 1937 424 1976 divom
453 1938 668 1978 simulacra
696 1940 870 1991 peremit
898 1939 1075 1978 fulminis
1104 1940 1239 1980 ardor.

214 2001 285 2039 Hic
312 2000 512 2040 silvestris
542 2007 628 2040 erat
655 2003 823 2041 Romani
852 2003 1025 2041 nominis
1058 2002 1196 2051 altrix,

214 2064 375 2113 Martia,
405 2076 511 2115 quae
538 2076 688 2115 parvos
715 2065 903 2104 Mavortis
933 2065 1089 2103 semine
1118 2071 1236 2105 natos

215 2126 421 2165 Uberibus
449 2126 627 2177 gravidis
655 2127 765 2166 vitali
794 2140 885 2166 rore
912 2127 1094 2177 rigabat:

217 2189 330 2235 Quae
358 2194 442 2227 tum
471 2202 562 2228 cum
589 2191 729 2241 pueris
757 2190 960 2229 flammato
990 2189 1167 2229 fulminis
1202 2191 1287 2229 ictu

217 2251 406 2290 Concidit
434 2258 556 2303 atque
585 2252 724 2291 avolsa
751 2252 904 2303 pedum
933 2254 1105 2303 vestigia
1134 2252 1264 2303 liquit.

217 2314 318 2352 Tum
346 2314 436 2364 quis
464 2327 545 2352 non
574 2316 673 2353 artis
703 2315 854 2365 scripta
883 2327 929 2353 ac
957 2321 1221 2354 monumenta
1247 2315 1436 2355 volutans

216 2377 348 2414 Voces
376 2376 580 2415 tristificas
609 2377 758 2416 chartis
785 2377 1002 2428 promebat
1026 2377 1239 2416 Etruscis?

219 2438 372 2477 Omnes
400 2439 560 2477 civilem
587 2452 787 2490 generosa
816 2440 943 2490 stirpe
972 2439 1195 2491 profectam

217 2501 355 2539 Vitare
384 2502 592 2551 ingentem
620 2500 779 2540 cladem
808 2508 1053 2553 pestemque
1090 2501 1335 2551 monebant,

218 2563 290 2602 Vel
318 2563 451 2613 legum
483 2564 648 2602 exitium
677 2565 879 2602 constanti
907 2576 1006 2602 voce
1034 2564 1242 2614 ferebant,

219 2626 386 2677 Templa
415 2625 620 2677 deumque
649 2626 752 2665 adeo
779 2627 950 2665 flammis
980 2626 1208 2677 urbemque
1244 2625 1444 2665 iubebant

218 2691 386 2740 Eripere
416 2695 455 2727 et
483 2695 662 2739 stragem
690 2688 924 2727 horribilem
954 2689 1208 2739 caedemque
1236 2688 1390 2726 vereri:

218 2753 351 2803 Atque
379 2752 479 2790 haec
508 2751 587 2790 fixa
615 2752 726 2801 gravi
755 2752 833 2790 fato
862 2764 908 2790 ac
936 2750 1101 2789 fundata
1129 2751 1284 2800 teneri,

219 2815 265 2852 Ni
294 2815 408 2865 prius
437 2813 645 2852 excelsum
674 2812 724 2852 ad
753 2814 941 2852 columen
971 2814 1138 2851 formata
1172 2813 1345 2862 decore,

221 2877 369 2915 Sancta
396 2877 501 2914 lovis
530 2877 691 2926 species
721 2875 851 2915 claros
881 2880 1088 2927 spectaret
1114 2876 1156 2913 in
1194 2881 1321 2914 ortus.

220 2940 320 2977 Tum
348 2938 431 2976 fore
462 2945 502 2976 ut
530 2938 711 2977 occultos
739 2938 916 2989 populus
946 2944 1197 2987 sanctusque
1228 2943 1395 2977 senatus

221 3002 401 3040 Cernere
429 3007 598 3039 conatus
627 3006 791 3051 posset,
822 3002 854 3039 si
884 2999 979 3038 solis
1009 2998 1059 3038 ad
1089 3005 1219 3037 ortum

221 3063 451 3108 Conversa,
480 3061 575 3100 inde
602 3068 764 3113 patrum
794 3061 915 3101 sedes
945 3061 1168 3113 populique
1197 3061 1367 3101 videret.

219 3125 328 3163 Haec
355 3122 511 3162 tardata
542 3124 610 3163 diu
639 3125 799 3175 species
827 3124 1081 3174 multumque
1117 3129 1273 3163 morata

222 3185 399 3226 Consule
427 3191 466 3224 te
494 3186 659 3225 tandem
687 3186 798 3226 celsa
825 3192 888 3225 est
914 3187 955 3224 in
984 3185 1083 3224 sede
1111 3184 1267 3233 locata,

220 3250 353 3300 Atque
382 3260 462 3287 una
489 3248 557 3286 fixi
586 3261 632 3287 ac
661 3249 804 3299 signati
834 3249 1029 3300 temporis
1066 3247 1163 3286 hora

1927 626 1976 665 20

1931 939 1978 980 25

1931 1253 1980 1291 30

1933 1566 1981 1606 35

1930 1878 1981 1917 40

1933 2190 1981 2230 45

1933 2501 1981 2541 50

1931 3124 1981 3162 60
