2249 3624
616 176 730 216 PAR.
752 177 804 216 11.
838 174 866 228 §
889 172 941 215 ⁴8
962 197 1015 205 —
1033 176 1145 216 PAR.
1168 175 1240 214 Ill.
1276 174 1372 214 Cn.
1396 174 1445 214 ΙΙ.
1476 171 1504 226 §
1520 170 1586 213 ⁶24.
1897 166 1979 208 749

225 286 374 326 fuisset
403 284 445 324 in
476 282 617 334 aliqua
648 295 849 334 generosa
880 295 925 321 ac
957 281 1086 321 nobili
1118 282 1298 333 virgine:
1332 280 1517 333 peccavit
1548 292 1643 319 vero
1676 277 1807 318 nihilo
1831 278 1981 327 minus,

225 348 259 388 si
291 346 460 401 quidem
492 351 554 384 est
585 358 758 398 peccare
791 351 999 398 tamquam
1035 345 1209 384 transire
1241 344 1384 407 lineas,
1418 342 1529 395 quod
1552 357 1642 382 cuin
1666 341 1836 390 feceris,
1860 343 1983 396 culpa

224 409 442 450 commissa
474 413 555 447 est:
588 420 712 460 quam
745 408 868 459 longe
900 407 1182 460 progrediam,
1214 420 1306 445 cum
1339 406 1465 445 semel
1499 405 1732 451 transieris,
1755 405 1805 445 ad
1828 419 1983 458 augen-

224 471 318 512 dam
357 471 521 524 culpam
563 469 664 510 nibil
705 471 895 522 pertinet.
956 471 1130 510 Peccare
1173 476 1282 509 certe
1324 469 1420 508 licet
1458 469 1630 508 nemini.
1691 468 1812 516 Quod
1844 475 1981 510 autem

222 547 306 575 non
338 534 458 582 licet,
490 533 531 573 id
563 534 642 573 hoc
674 546 758 572 uno
791 539 976 579 tenetur,
1009 533 1042 572 si
1074 532 1263 584 arguitur
1293 545 1374 571 nou
1406 531 1544 570 licere.
1605 530 1647 570 ld
1681 531 1713 570 si
1745 544 1819 571 nec
1851 533 2015 572 maius5

222 610 299 638 nec
338 596 474 636 minus
513 609 710 649 umquam
751 594 839 635 lieri
872 601 1032 648 potest,
1076 596 1274 648 quoniam
1308 594 1349 633 in
1382 607 1430 633 eo
1464 600 1526 633 est
1557 600 1793 647 peccatum,
1835 595 1869 634 si
1901 608 1984 635 non

222 660 358 707 licuit,
398 659 508 712 quod
551 672 716 712 semper
755 672 883 698 unum
916 664 955 697 et
987 658 1096 697 idem
1129 663 1213 703 est,
1256 669 1364 710 quae
1396 670 1448 695 ex
1480 669 1528 695 eo
1561 662 1729 709 peccata
1761 663 1987 698 nascuntur

223 722 415 777 aequalia
447 722 527 762 sint
558 727 736 775 oportet.
807 718 874 760 ⁶21.
917 720 1040 768 Quod
1074 721 1106 759 si
1138 720 1312 759 virtutes
1344 725 1441 758 sunt
1472 732 1592 771 pares
1624 719 1730 759 inter
1762 734 1829 767 se,
1870 721 1986 773 paria

223 800 315 826 esse
358 785 482 824 etiam
521 785 621 824 vitia
661 797 833 824 necesse
866 789 940 823 est.
1001 783 1127 835 Atqui
1160 795 1279 835 pares
1312 795 1403 821 esse
1436 783 1612 821 virtutes
1645 795 1720 821 nec
1751 782 1863 823 bono
1895 784 1985 823 viro

221 848 438 888 meliorem
479 861 558 888 nec
597 851 855 900 temperante
895 845 1264 899 temperantiorem
1306 858 1383 884 nec
1424 844 1520 884 forti
1561 843 1775 885 fortiorem
1815 859 1892 885 nec
1923 858 2036 887 sa-io

222 911 353 964 pienti
393 910 692 963 sapientiorem
736 921 857 962 posse
901 906 1012 954 lieri,
1053 907 1263 947 facillume
1304 912 1444 960 potest
1485 907 1679 960 perspici.
1748 908 1811 946 An
1853 908 1986 948 virum

221 974 377 1014 bonum
410 974 536 1020 dices,
570 972 640 1026 qui
673 971 906 1025 depositum
940 970 1055 1009 nullo
1089 975 1207 1017 teste,
1241 984 1333 1009 cum
1367 971 1516 1010 lucrari
1548 971 1704 1024 inpune
1734 977 1876 1024 posset
1897 972 1987 1012 auri

222 1035 365 1090 pondo
398 1035 555 1082 decem,
587 1033 831 1080 reddiderit,
864 1034 897 1072 si
920 1032 1028 1072 idem
1054 1032 1094 1071 in
1118 1032 1262 1072 decem
1286 1033 1452 1072 milibus
1475 1047 1557 1073 non
1580 1034 1689 1073 idem
1712 1034 1886 1074 fecerit?
1918 1039 1989 1074 aut

221 1104 546 1152 temperantem,
578 1098 651 1151 qui
684 1110 727 1137 se
759 1097 801 1136 in
832 1096 974 1149 aliqua
1004 1093 1178 1135 libidine
1211 1096 1490 1143 continuerit,
1523 1096 1564 1135 in
1596 1096 1737 1150 aliqua
1768 1096 1987 1137 effuderit?

222 1158 289 1200 22.
321 1161 409 1202 Una
439 1161 569 1201 virtus
601 1166 664 1201 est
694 1160 961 1200 consentiens
993 1171 1086 1198 cum
1118 1158 1278 1197 ratione
1300 1164 1340 1198 et
1363 1164 1563 1211 perpetua
1586 1159 1829 1198 constantia.
1877 1158 2038 1199 Nihil⁴5

221 1223 320 1265 huic
360 1224 456 1264 addi
489 1228 645 1277 potest,
690 1236 773 1276 quo
806 1221 937 1275 magis
969 1221 1099 1261 virtus
1131 1220 1206 1267 sit,
1251 1220 1356 1259 nihil
1389 1221 1521 1267 demi,
1563 1226 1609 1260 ut
1639 1221 1804 1261 virtutis
1836 1234 1988 1262 nomen

221 1287 497 1342 relinquatur.
539 1286 704 1326 Etenim
737 1286 770 1325 si
801 1285 907 1324 bene
938 1284 1046 1324 sacta
1077 1288 1189 1323 recte
1221 1282 1327 1323 facta
1360 1289 1456 1322 sunt
1487 1289 1527 1323 et
1559 1283 1661 1323 nihil
1684 1289 1797 1323 recto
1820 1285 1988 1331 rectius,

222 1356 333 1390 certe
365 1363 416 1390 ne
447 1350 558 1389 bono
590 1348 763 1402 quidem
795 1348 943 1388 melius
976 1348 1201 1400 quicquam
1234 1346 1414 1385 inveniri
1446 1351 1595 1398 potest.
1650 1346 1846 1400 Sequitur
1865 1347 1990 1398 igitur

221 1417 267 1453 ut
297 1413 421 1453 etiam
454 1412 552 1452 vitia
583 1412 666 1452 sint
695 1411 833 1464 paria,
874 1410 909 1450 si
946 1409 1115 1463 quidem
1147 1409 1370 1462 pravitates
1403 1408 1529 1448 animi
1572 1415 1682 1449 recte
1714 1410 1813 1448 vitia
1844 1409 1990 1449 dicun-

221 1480 301 1514 tur.
360 1474 486 1527 Atqui
521 1474 718 1527 quoniam
751 1486 872 1526 pares
904 1474 1077 1512 virtutes
1109 1477 1219 1518 sunt,
1251 1477 1362 1510 recte
1394 1470 1514 1518 facta,
1546 1472 1742 1525 quoniam
1774 1484 1797 1511 a
1829 1472 1988 1512 virtuti·
2002 1482 2039 1512 20

221 1536 299 1577 bus
330 1534 658 1590 proficiscuntur,
690 1536 805 1588 paria
837 1548 928 1575 esse
962 1535 1128 1581 debent,
1161 1535 1349 1587 itemque
1372 1539 1556 1587 peccata,
1582 1534 1779 1588 quoniam
1804 1548 1856 1574 ex
1878 1534 1989 1574 vitiis

225 1603 410 1646 manant,
442 1599 525 1638 sint
555 1598 749 1651 aequalia
781 1611 954 1638 necesse
987 1604 1062 1637 est.
1121 1597 1172 1636 II.
1204 1594 1271 1636 ⁶23.
1306 1597 1363 1635 «A
1394 1595 1684 1650 philosophis»
1718 1597 1855 1650 inquit
1887 1597 1990 1637 «ista

222 1662 391 1703 sumis.»
454 1661 688 1701 Metuebam
727 1673 778 1700 ne
820 1674 842 1700 a
880 1660 1102 1700 lenonibus
1144 1659 1318 1699 diceres.
1392 1659 1609 1699 «Socrates
1641 1658 1879 1712 disputabat
1909 1659 1989 1699 isto

223 1725 389 1765 modo.»
451 1725 563 1763 Bene
603 1722 772 1762 hercule
810 1736 981 1770 narras;
1025 1735 1121 1762 nam
1168 1722 1290 1761 istum
1324 1722 1492 1761 doctum
1524 1727 1564 1761 et
1595 1722 1824 1774 sapientem
1856 1721 1987 1761 virum

222 1787 351 1827 fuisse
383 1785 609 1826 memoriae
642 1785 837 1824 traditum
871 1791 944 1825 est.
987 1785 1068 1824 Sed
1100 1790 1238 1824 tamen
1270 1797 1427 1836 quaero
1461 1797 1514 1823 ex
1544 1790 1597 1831 te,
1630 1784 1830 1837 quoniam
1852 1783 1988 1823 verbis
2002 1795 2039 1824 25

223 1850 332 1889 inter
361 1861 437 1888 nos
469 1846 780 1893 contendimus,
826 1861 907 1886 non
942 1847 1112 1899 pugnis:
1155 1852 1294 1886 utrum
1327 1847 1444 1886 nobis
1476 1852 1539 1887 est
1569 1845 1853 1900 quaerendum
1886 1844 1989 1899 quid

224 1911 352 1951 baioli
383 1916 506 1964 atque
539 1909 720 1962 operarii
763 1922 815 1948 an
848 1909 947 1961 quid
978 1909 1170 1949 homines
1203 1908 1434 1949 doctissimi
1468 1910 1703 1949 senserint?
1744 1908 1988 1962 praesertim

225 1987 319 2013 cum
359 1973 437 2012 hac
480 1971 686 2012 sententia
727 1985 810 2011 non
851 1972 976 2011 modo
1009 1973 1169 2019 verior,
1211 1971 1283 2011 sed
1316 1985 1366 2011 ne
1400 1971 1543 2011 utilior
1574 1971 1743 2025 quidem
1775 1971 1990 2010 hominum

222 2036 333 2076 vitae
373 2036 546 2090 reperiri
584 2035 670 2074 ulla
708 2035 853 2088 possit.
915 2035 1032 2082 Quae
1064 2035 1124 2073 vis
1157 2039 1219 2074 est
1250 2034 1359 2073 enim
1393 2047 1498 2087 quae
1530 2035 1660 2087 magis
1692 2039 1830 2073 arceat
1858 2033 1991 2072 homi-

223 2111 298 2138 nes
328 2098 379 2137 ab
411 2097 676 2152 improbitate
710 2096 844 2144 omni,
877 2110 1000 2151 quam
1035 2097 1067 2136 si
1103 2095 1309 2136 senserint
1338 2096 1498 2136 nullum
1532 2097 1573 2136 in
1605 2095 1767 2136 delictis
1795 2109 1885 2136 esse
1908 2096 1989 2135 dis·
2003 2107 2041 2138 30

224 2161 408 2200 crimen‘t
450 2173 583 2212 aeque
626 2172 800 2212 peccare
841 2173 906 2206 se,
946 2160 979 2198 si
1012 2158 1184 2211 privatis
1215 2172 1260 2197 ac
1293 2159 1326 2198 si
1359 2158 1667 2211 magistratibus
1699 2171 1844 2198 manus
1877 2156 1991 2198 adfe-

223 2223 346 2262 rant?
387 2234 693 2274 quamcumque
734 2222 776 2260 in
817 2220 986 2261 domum
1027 2226 1217 2273 stuprum
1248 2221 1488 2268 intulerint,
1529 2222 1701 2260 eandem
1733 2234 1825 2260 esse
1856 2220 1989 2260 labem

223 2284 456 2325 lubidinis?
528 2282 595 2324 ⁵24.
643 2284 844 2324 «Nihilne
876 2285 1002 2336 igitur
1033 2283 1241 2322 interest»
1283 2306 1335 2311 —
1380 2296 1472 2322 nam
1505 2283 1585 2323 hoc
1617 2283 1725 2322 dicet
1755 2283 1906 2336 aliquis
1936 2305 1991 2312 —

228 2353 412 2400 «patrem
443 2346 535 2400 quis
569 2353 688 2386 necet
719 2360 826 2386 anne
859 2347 1080 2386 servum?»
1135 2345 1254 2384 Nuda
1286 2345 1363 2384 ista
1395 2346 1427 2385 si
1459 2358 1602 2399 ponas,
1635 2344 1818 2384 iudicare
1849 2345 1991 2398 qualia

225 2410 309 2449 sint
338 2422 422 2449 non
452 2409 573 2448 facile
605 2409 778 2462 possim.
830 2409 992 2448 Patrem
1025 2409 1109 2448 vita
1140 2407 1303 2460 privare
1335 2409 1368 2447 si
1399 2421 1473 2461 per
1503 2422 1546 2448 se
1569 2408 1702 2448 scelus
1726 2412 1807 2455 est,
1830 2407 1990 2460 Sagun·
2003 2418 2042 2448 35

225 2471 323 2519 tini,
363 2471 436 2524 qui
477 2477 673 2526 parentes
714 2485 813 2511 suos
855 2472 1009 2510 liberos
1049 2471 1179 2511 emori
1222 2483 1348 2524 quam
1388 2483 1528 2510 servos
1570 2470 1709 2509 vivere
1740 2469 1989 2518 maluerunt,

313 2662 345 2695 ⁴.
369 2670 527 2703 generosa
549 2662 672 2702 qnobtli
694 2660 735 2692 W
772 2680 806 2684 -—
844 2661 874 2694 4.
901 2662 1034 2702 culpam
1067 2661 1145 2694 cod.
1173 2662 1350 2694 Gudianus
1375 2662 1489 2701 (num.
1512 2660 1606 2699 450):
1646 2661 1837 2692 transeundi
1859 2662 1991 2702 culpam

226 2711 251 2744 C
280 2729 314 2735 -——
341 2712 372 2743 7.
397 2716 580 2743 nascantur
603 2711 722 2744 ABV¹
760 2730 794 2734 —
833 2712 864 2743 8.
886 2721 986 2752 pares
1009 2715 1083 2743 sunt
1107 2712 1132 2743 Ο
1169 2729 1203 2733 ——
1243 2713 1274 2743 9.
1301 2712 1402 2751 adqui
1426 2710 1463 2741 Β1
1491 2728 1525 2733 -
1564 2711 1616 2741 40.
1642 2711 1904 2750 temperatiorem
1928 2711 1988 2748 V¹;

225 2765 405 2802 temperato
429 2762 692 2802 temperatiorem
724 2762 801 2793 cod.
830 2761 952 2800 Basil.‚
987 2761 1081 2802 quod
1107 2762 1253 2801 requirit
1278 2760 1501 2799 Wesenberg
1525 2760 1556 2791 in
1583 2760 1773 2792 emendatt.
1801 2760 1938 2794 Tuscul.
1964 2762 1989 2800 Ι,

225 2820 260 2852 p.
277 2811 317 2843 ⁴3
341 2814 413 2843 not.
442 2830 477 2834 —
503 2813 648 2852 sapiente
671 2813 695 2843 B
711 2812 735 2843 O
771 2830 805 2834 —
841 2813 892 2843 Η.
915 2816 1019 2851 polest
1041 2813 1207 2851 praespici
1231 2814 1269 2850 Α,
1293 2812 1436 2851 perspici
1457 2814 1560 2850 potest
1584 2811 1607 2841 B
1637 2828 1670 2833 —-
1699 2811 1750 2841 ΛΞ.
1777 2819 1862 2842 auro
1887 2809 1925 2842 A¹
1949 2828 1991 2833 —

226 2860 279 2892 43.
305 2862 332 2892 si
354 2861 586 2893 idem——non
610 2862 693 2892 idem
715 2861 827 2901 fecerit
856 2861 902 2892 C:
942 2861 1116 2901 posterius
1148 2862 1250 2898 idem,
1287 2861 1381 2901 quod
1412 2860 1511 2891 abest
1537 2859 1580 2891 ab
1606 2859 1734 2900 aliquot
1759 2860 1863 2892 codd.
1890 2860 1989 2898 dett„

227 2909 365 2942 inclusit
389 2911 432 2948 O;
459 2912 493 2941 at
517 2913 569 2943 est
594 2911 690 2951 prius
715 2911 948 2942 nominativus
973 2910 1167 2948 singularis,
1196 2912 1369 2951 posterius
1395 2910 1614 2941 accusativus
1633 2910 1745 2940 neutri
1774 2927 1807 2932 —
1834 2910 1868 2941 in
1885 2910 1992 2941 decem

225 2959 356 2991 mitibus
378 2960 568 2992 Manutius:
594 2962 629 2992 in
653 2961 760 2992 decem
783 2960 912 2991 milibus
931 2962 1041 3001 pondo
1065 2962 1143 2992 auri
1172 2962 1212 2992 C:
1242 2962 1272 2991 in
1299 2961 1404 2991 decem
1428 2959 1569 2990 millibus
1590 2960 1698 2998 pondo
1723 2960 1747 2990 O
1775 2977 1809 2981 —
1838 2958 1889 2991 44.
1916 2963 1992 2990 tem-

223 3013 395 3048 perantem
420 3009 514 3051 [eum]
539 3011 596 3048 qui
620 3010 645 3041 Ο
673 3026 707 3032 -
736 3011 786 3040 45.
813 3010 862 3040 vet
885 3011 1110 3042 consentientis
1134 3010 1161 3040 V
1185 3019 1262 3050 sup.
1286 3009 1343 3040 lin.
1371 3018 1417 3040 m.
1437 3009 1467 3039 Ξ.
1497 3026 1531 3031 -
1559 3009 1612 3039 46.
1637 3008 1688 3039 hic
1712 3008 1763 3046 Ψ,
1788 3008 1850 3039 huc
1872 3009 1936 3040 AB
1952 3009 1992 3039 V2

230 3072 265 3079 —
298 3058 395 3089 demit
425 3059 449 3090 B
481 3068 571 3091 corr.
600 3068 642 3090 ex
673 3060 855 3090 demittitur
891 3077 926 3081 —
966 3060 1016 3091 48.
1044 3060 1192 3091 inuenire
1223 3058 1259 3090 B¹
1297 3076 1329 3080 —
1370 3058 1421 3089 ΞΟ.
1449 3058 1605 3097 quoniam
1637 3059 1731 3098 (post
1752 3058 1860 3098 sacta)
1886 3058 1927 3087 Ψ
1958 3060 1991 3089 et

230 3104 361 3146 aliquot
383 3107 486 3139 dett.:
514 3109 646 3148 quando
670 3110 733 3140 AB
750 3109 789 3139 V¹
815 3125 850 3130 —
878 3118 899 3140 α
923 3118 992 3141 om.
1012 3110 1035 3140 B
1074 3127 1108 3132 -
1147 3109 1200 3141 2⁵..
1227 3109 1302 3140 hene
1325 3111 1350 3139 Α
1376 3109 1410 3139 in
1435 3116 1544 3147 marg.
1574 3125 1607 3129 —
1641 3108 1695 3139 26.
1722 3107 1812 3138 nobis
1836 3107 1989 3138 Ernesti:

230 3153 322 3186 bonis
345 3156 383 3194 C,
408 3157 446 3188 de
469 3157 560 3190 bonis
582 3159 607 3190 O
633 3175 667 3180 ——
695 3159 735 3189 sit
759 3160 981 3198 quaerendum
1004 3158 1121 3190 malim
1149 3176 1182 3180 —
1211 3159 1262 3189 Ξῖ.
1288 3157 1387 3188 baioli
1412 3157 1466 3188 C1:
1494 3157 1595 3188 baiuli
1620 3157 1696 3188 C²O
1724 3175 1758 3181 —-
1786 3157 1837 3188 30.
1857 3156 1993 3187 senserit

231 3204 256 3236 B
283 3220 319 3228 -
351 3205 402 3236 31.
429 3204 488 3246 aec]
508 3217 662 3247 peccares
685 3209 712 3239 si
735 3208 779 3242 B:
806 3217 838 3239 se
861 3217 931 3240 om.
950 3212 977 3240 A
1001 3227 1043 3231 —
1068 3209 1119 3240 34.
1139 3212 1226 3239 necet
1252 3208 1296 3239 C:
1324 3210 1428 3238 enecet
1453 3207 1477 3237 Ο
1515 3223 1549 3228 -
1589 3215 1676 3238 anne
1698 3207 1742 3243 V;
1769 3211 1865 3236 ane*
1882 3208 1920 3242 Α,
1947 3214 1992 3236 an

232 3255 277 3291 Ο,
309 3255 345 3286 in
368 3256 392 3286 B
417 3259 582 3296 quattuor
604 3257 738 3290 litterae
764 3267 886 3290 erasae
911 3261 991 3290 sunt
1022 3260 1056 3290 et
1086 3258 1212 3290 deinde
1238 3265 1335 3287 anser
1359 3257 1391 3287 in
1416 3264 1539 3287 rasura
1563 3257 1732 3298 scriptum
1772 3273 1806 3278 —
1843 3255 1991 3287 iudicare

232 3302 360 3336 Heine:
387 3305 534 3338 iudicari
557 3308 581 3339 C
597 3308 621 3340 Ο
648 3324 682 3330 —-
711 3308 765 3340 35.
786 3309 909 3348 possim
932 3309 1023 3340 VA¹2
1046 3309 1170 3349 possint
1194 3310 1234 3339 Α2
1245 3307 1282 3346 Β,
1303 3310 1440 3346 possunt
1463 3306 1500 3339 Ο.
