2249 3624
889 509 945 572 M.
982 510 1170 569 TULLII
1208 511 1337 570 CICE
1356 512 1511 572 {0le

1168 640 1223 671 DE

559 748 867 804 FINIBUS
907 748 1277 804 BONORUM
1314 749 1415 801 ΕΤ
1456 749 1836 804 MALORUM

976 885 1142 922 LIBER
1169 884 1424 932 QUINTUS.

433 1144 464 1183 Ι.
496 1138 533 1182 4.
566 1141 666 1182 Cum
699 1141 907 1181 audissem
939 1139 1206 1187 Antiochum,
1237 1141 1381 1186 Brute,
1413 1145 1458 1178 ut
1488 1139 1689 1187 solebam,
1722 1153 1815 1179 cum
1847 1142 1900 1180 M.
1929 1141 2080 1181 Pisone

320 1207 363 1246 in
394 1219 443 1245 eo
474 1204 712 1259 gymnasio,
745 1203 858 1257 quod
891 1203 1170 1242 Ptolemaeum
1204 1208 1395 1248 vocatur,
1426 1214 1595 1254 unaque
1627 1202 1842 1242 nobiscum
1876 1203 1925 1250 Q.
1954 1202 2082 1242 frater

321 1275 363 1309 et
405 1269 451 1307 T.
484 1267 737 1320 Pomponius
777 1265 1016 1318 Luciusque
1050 1264 1214 1310 Cicero,
1253 1263 1380 1302 frater
1417 1269 1556 1303 noster
1587 1265 1835 1316 cognatione
1867 1264 2080 1317 patruelis,

321 1344 461 1371 amore
500 1342 743 1382 germanus,
783 1327 1075 1366 constituimus
1116 1326 1222 1365 iuter
1252 1339 1327 1365 nos
1359 1331 1405 1365 ut
1435 1326 1756 1365 ambulationem
1791 1326 2082 1379 postmeridia-

289 1406 414 1434 5nam
455 1389 752 1431 conficeremus
792 1390 835 1429 in
871 1388 1115 1434 Academia,
1158 1389 1337 1427 maxime
1370 1388 1481 1441 quod
1523 1388 1556 1427 is
1589 1388 1705 1427 locus
1736 1388 1786 1427 ab
1818 1389 1929 1427 omni
1961 1389 2081 1428 turba

319 1456 360 1496 id
393 1453 590 1506 temporis
622 1465 778 1492 vacuus
810 1457 931 1491 esset.
992 1451 1137 1503 Itaque
1179 1451 1228 1489 ad
1267 1456 1431 1503 tempus
1462 1450 1513 1489 ad
1546 1450 1738 1489 Pisonem
1772 1463 1929 1489 omnes.
1980 1450 2080 1489 Inde

320 1517 433 1559 vario
465 1528 658 1556 sermone
689 1527 764 1553 sex
793 1514 864 1552 illa
896 1526 918 1552 a
948 1513 1098 1565 Dipylo
1130 1512 1261 1552 stadia
1292 1512 1557 1552 confecimus.
1611 1512 1709 1552 Cum
1738 1519 1873 1552 autem
1897 1513 2081 1552 venisse-

320 1593 411 1619 mus
452 1579 495 1617 in
538 1577 785 1616 Academiae
824 1589 906 1614 non
950 1575 1040 1613 sine
1079 1587 1200 1613 causa
1242 1574 1457 1614 nobilitata
1489 1575 1643 1627 spatia,
1686 1575 1868 1614 solitudo
1901 1580 1988 1614 erat
2018 1588 2079 1621 ea,

320 1655 442 1695 quam
480 1639 760 1679 volueramus.
821 1635 859 1676 Q.
891 1638 993 1676 Tum
1037 1637 1153 1683 Piso,
1201 1637 1410 1676 Naturane
1453 1637 1570 1676 nobis
1602 1637 1702 1684 hoc,
1741 1637 1896 1690 inquit,
1939 1636 2078 1676 datum

271 1719 305 1747 ⁴0
321 1704 453 1743 dicam
485 1716 537 1742 an
569 1714 707 1740 errore
741 1700 941 1753 quodam,
974 1704 1036 1746 ut,
1070 1712 1163 1737 cum
1195 1711 1243 1737 ea
1264 1698 1355 1737 loca
1377 1698 1611 1745 videamus,
1643 1699 1686 1737 in
1710 1699 1859 1752 quibus
1883 1700 2079 1738 memoria

321 1766 467 1819 dignos
499 1764 608 1804 viros
640 1763 920 1815 acceperimus
952 1760 1125 1800 multum
1158 1774 1248 1800 esse
1277 1767 1481 1808 versatos,
1515 1762 1643 1813 magis
1666 1774 1923 1808 moveamur,
1956 1775 2078 1814 quam

321 1829 353 1869 si
386 1827 553 1882 quando
587 1838 731 1865 eorum
763 1825 946 1877 ipsorum
979 1828 1049 1862 aut
1080 1822 1181 1862 facta
1215 1822 1433 1862 audiamus
1462 1828 1532 1862 aut
1555 1823 1751 1875 scriptum
1775 1823 1946 1876 aliquod
1969 1824 2078 1876 lega-

319 1893 440 1930 mus‘l
483 1888 605 1928 Velut
643 1901 720 1940 ego
758 1900 865 1926 nunc
906 1898 1090 1925 moveor.
1140 1885 1264 1924 Venit
1303 1885 1411 1924 enim
1453 1885 1553 1923 mihi
1592 1884 1774 1924 Platonis
1811 1885 1852 1923 in
1883 1891 2078 1932 mentem,

322 1967 444 2008 quem
475 1950 710 2003 accepimus
740 1950 919 2001 primum
949 1947 1017 1986 hic
1049 1947 1262 1999 disputare
1294 1946 1487 1986 solitum:
1521 1946 1634 1985 cuius
1663 1946 1785 1985 etiam
1816 1947 1876 1986 illi
1907 1948 2079 2000 propin-

270 2029 305 2058 ⁴5
321 2017 392 2070 qui
424 2013 576 2054 hortuli
609 2025 690 2051 non
723 2011 963 2050 memoriam
994 2009 1129 2049 solum
1162 2009 1261 2047 mihi
1294 2008 1494 2055 afferunt,
1534 2007 1605 2047 sed
1643 2009 1777 2060 ipsum
1810 2008 2005 2048 videntur
2035 2009 2079 2048 in

320 2081 547 2131 conspectu
589 2087 679 2114 meo
718 2087 890 2127 ponere.
947 2072 1025 2111 Hic
1057 2072 1332 2124 SpeusippuS,
1374 2071 1441 2110 hic
1472 2072 1748 2118 Xenocrates,
1788 2072 1855 2111 hic
1888 2073 1978 2112 eius
2009 2085 2080 2111 au-

319 2142 428 2181 ditor
458 2138 650 2184 Polemo,
682 2137 798 2176 cuius
830 2136 899 2175 illa
930 2136 1019 2187 ipsa
1051 2134 1180 2173 sessio
1204 2133 1302 2180 fuit,
1336 2146 1458 2185 quam
1482 2133 1681 2172 videmus.
1726 2133 1933 2186 Equidem
1957 2135 2079 2174 etiam

320 2203 474 2242 curiam
516 2204 700 2239 nostram
733 2223 784 2228 —
816 2198 1037 2237 Hostiliam
1069 2196 1181 2243 dico,
1224 2208 1308 2234 non
1339 2195 1446 2235 hanc
1478 2208 1646 2242 novam,
1689 2209 1794 2248 quae
1825 2196 1959 2235 minor
1989 2210 2080 2236 esse

321 2264 421 2303 mihi
466 2262 651 2308 videtur,
696 2266 837 2314 postea
878 2273 1003 2313 quam
1044 2264 1105 2298 est
1145 2258 1277 2297 maior
1307 2279 1360 2286 --
1393 2257 1577 2296 solebam
1619 2258 1785 2297 intuens
1825 2258 2079 2310 Scipionem,

267 2341 304 2370 ⁶20
321 2327 537 2372 Catonem,
570 2324 781 2370 Laelium,
816 2329 999 2362 nostrum
1033 2334 1129 2360 vero
1162 2321 1203 2359 in
1235 2319 1378 2373 primis
1409 2332 1529 2359 avum
1559 2321 1762 2371 cogitare:
1795 2325 1906 2359 tanta
1928 2320 1987 2360 vis
2009 2321 2080 2360 ad-

319 2387 560 2429 monitionis
602 2386 710 2425 inest
742 2386 781 2424 in
815 2385 939 2431 locis,
983 2388 1028 2423 ut
1059 2396 1144 2422 non
1177 2383 1266 2421 sine
1298 2395 1421 2421 causa
1454 2395 1505 2421 ex
1536 2382 1585 2421 iis
1617 2382 1840 2422 memoriae
1874 2382 1996 2422 ducta
2027 2383 2081 2422 sit

319 2450 550 2502 disciplina.
609 2445 647 2486 3.
679 2448 781 2486 Tum
825 2446 1024 2494 Quintus,
1071 2446 1145 2484 Est
1186 2444 1333 2496 plane,
1371 2445 1485 2491 Piso,
1526 2450 1571 2484 ut
1612 2444 1739 2491 dicis,
1780 2445 1943 2497 inquit;
1984 2458 2078 2484 nam

319 2527 383 2552 me
414 2512 548 2565 ipsum
578 2509 659 2548 huc
690 2509 814 2548 modo
847 2508 1083 2547 venientem
1115 2506 1383 2546 convertebat
1413 2506 1464 2545 ad
1495 2519 1586 2545 sese
1611 2507 1818 2546 Coloneus
1847 2506 1916 2545 ille
1949 2506 2077 2552 locus,

319 2575 437 2614 cuius
478 2571 617 2612 incola
650 2571 878 2623 Sophocles
911 2570 963 2609 ob
995 2570 1140 2608 oculos
1171 2568 1433 2615 versabatur,
1475 2582 1597 2621 quem
1633 2569 1712 2607 scis
1745 2581 1868 2620 quam
1900 2568 2080 2607 admirer

268 2653 304 2681 25
320 2647 527 2689 quamque
560 2646 609 2673 eo
641 2632 836 2672 delecter.
887 2633 952 2672 Me
984 2631 1154 2684 quidem
1185 2629 1237 2670 ad
1269 2630 1458 2670 altiorem
1482 2630 1721 2670 memoriam
1745 2629 1975 2682 Oedipodis
1997 2630 2077 2669 huc

318 2696 525 2738 venientis
566 2701 607 2735 et
644 2695 716 2735 illo
757 2694 1002 2734 mollissimo
1044 2693 1250 2741 carmine,
1290 2705 1496 2746 quaenam
1538 2697 1677 2732 essent
1713 2691 1816 2731 haec
1854 2692 1945 2744 ipsa
1975 2692 2078 2740 loca,

403 2899 519 2939 Incipit
541 2899 621 2930 liber
637 2899 767 2938 quintus
790 2898 897 2930 marci
921 2897 989 2936 tuly
1005 2898 1160 2928 ciceronis
1176 2897 1213 2928 (Ie
1228 2897 1346 2938 finibus
1362 2896 1519 2927 bonorum
1537 2899 1565 2926 el
1584 2896 1748 2926 malorum
1766 2896 1789 2926 Β
1812 2913 1846 2918 —
1868 2897 1897 2926 l.
1918 2896 2079 2927 audissem

317 2950 341 2980 Β
357 2950 400 2980 G:
427 2949 623 2980 audiuissem
648 2949 671 2979 E
693 2965 727 2971 -
753 2948 895 2979 solebam
920 2949 953 2979 P.
976 2948 1163 2978 Victorius:
1191 2946 1310 2977 solebat
1334 2946 1435 2977 codd.
1456 2947 1488 2976 ct
1506 2946 1530 2976 O
1553 2963 1586 2967 —
1613 2946 1644 2976 2.
1671 2945 1766 2985 quod]
1794 2954 1856 2984 quo
1878 2945 1905 2976 B
1924 2962 1959 2968 —
1983 2945 2078 2984 plho-

317 2999 455 3029 lomeum
479 2999 502 3029 B
518 2998 541 3028 E
568 3015 601 3019 —
629 3001 790 3029 vocantur
813 2998 836 3028 B
864 2999 943 3035 (non
969 2997 1003 3035 E)
1029 3014 1071 3019 —-
1094 2997 1124 3028 3.
1147 2997 1192 3037 T.]
1218 2997 1228 3027 l
1251 2997 1274 3027 Β
1295 2997 1317 3027 Ε
1339 3013 1370 3017 —
1399 2995 1564 3033 luctusque
1587 2994 1668 3024 BE:
1696 2998 1724 3024 el
1749 2994 1782 3024 L.
1802 2994 1872 3025 Mo
1891 3011 1925 3015 —
1952 3003 2077 3033 coqua-

317 3048 411 3089 lione]
437 3048 637 3088 cogitacione
660 3049 684 3078 B
699 3049 722 3079 E
752 3066 786 3070 -
812 3048 842 3078 7.
869 3055 1014 3078 sermone
1037 3048 1131 3077 vario
1154 3047 1198 3083 Β;
1226 3055 1320 3076 serm.
1340 3045 1434 3075 uarie
1458 3045 1479 3075 Ε
1500 3062 1534 3066 -
1561 3052 1582 3073 α
1600 3044 1720 3082 ‹lypllio
1744 3044 1767 3074 Β
1783 3043 1825 3078 Ε;
1853 3042 1893 3074 ab
1916 3044 2034 3082 Dipylo
2052 3044 2076 3074 O

322 3118 352 3123 -—
383 3099 435 3129 ll.
462 3107 562 3137 quom
586 3097 622 3137 si]
656 3098 750 3136 quasi
774 3098 868 3136 quasi
892 3098 915 3127 B
932 3097 955 3127 E
983 3114 1017 3118 —
1052 3095 1101 3127 44..
1129 3095 1233 3135 quem]
1261 3104 1359 3133 quam
1383 3095 1407 3125 Β
1423 3094 1446 3124 li
1479 3112 1511 3115 -
1542 3095 1721 3132 propinqui
1744 3093 1864 3123 hortuli
1887 3094 1929 3123 B:
1957 3093 2076 3122 hortuli

314 3148 493 3189 propinqui
518 3149 542 3179 O
577 3165 610 3168 —
648 3148 697 3178 Π.
725 3148 782 3177 illov
813 3148 883 3186 ipsa
912 3147 993 3178 BE:
1029 3147 1100 3185 ipsa
1131 3145 1187 3175 illa
1213 3146 1241 3175 M
1258 3146 1281 3175 O
1309 3161 1341 3165 ——
1372 3144 1422 3174 48.
1449 3151 1513 3173 esse
1537 3143 1613 3172 mihi
1638 3143 1680 3173 B:
1715 3142 1791 3172 mihi
1815 3151 1879 3173 esse
1905 3142 2010 3172 EMO
2037 3158 2072 3162 —

317 3200 371 3230 24.
396 3199 454 3237 hys
475 3198 512 3236 B,
538 3197 586 3227 his
609 3197 633 3227 O
661 3214 697 3219 —
728 3197 780 3228 ¹22.
803 3197 901 3235 piane
925 3197 948 3226 B
964 3196 987 3227 E
1021 3211 1054 3217 —
1088 3194 1139 3225 23.
1166 3194 1320 3225 Coloneus
1344 3194 1395 3223 ille
1416 3193 1508 3223 lucus
1532 3192 1778 3224 Valckenarius
1803 3192 1846 3224 ad
1872 3191 2071 3223 Callimach.

318 3257 352 3289 p.
379 3248 453 3279 246.
481 3264 514 3269 —
542 3248 595 3278 25.
621 3246 760 3286 quidem]
787 3247 864 3285 quid
888 3247 911 3277 B
933 3263 966 3267 —
994 3246 1046 3276 26.
1072 3245 1151 3275 haec
1175 3252 1246 3283 zpsa
1269 3244 1313 3274 B:
1341 3243 1413 3282 ipsa
1436 3244 1514 3274 haec
1538 3244 1575 3274 O.
