<?xml version="1.0" encoding="UTF-8"?>
<!DOCTYPE html PUBLIC "-//W3C//DTD XHTML 1.0 Transitional//EN"
    "http://www.w3.org/TR/xhtml1/DTD/xhtml1-transitional.dtd">
<html xmlns="http://www.w3.org/1999/xhtml" xml:lang="en" lang="en">
 <head>
  <title>
</title>
<meta http-equiv="Content-Type" content="text/html;charset=utf-8" />
  <meta name='ocr-system' content='tesseract 3.04.00' />
  <meta name='ocr-capabilities' content='ocr_page ocr_carea ocr_par ocr_line ocrx_word'/>
</head>
<body>
  <div class='ocr_page' id='page_1' title='image "./operaquaesupersu04ciceuoft_0060.png"; bbox 0 0 2249 3624; ppageno 0'>
   <div class='ocr_carea' id='block_1_1' title="bbox 310 146 1545 194">
    <p class='ocr_par' dir='ltr' id='par_1_1' title="bbox 310 146 1545 194">
     <span class='ocr_line' id='line_1_1' title="bbox 310 146 1545 194; baseline -0.006 4"><span class='ocrx_word' id='word_1_1' title='bbox 310 146 363 189; x_wconf 79' lang='lat'>40</span> <span class='ocrx_word' id='word_1_2' title='bbox 846 149 1274 194; x_wconf 81' lang='lat' dir='ltr'>ACADEMICORUM</span> <span class='ocrx_word' id='word_1_3' title='bbox 1305 149 1545 191; x_wconf 84' lang='lat' dir='ltr'>PRIORUM</span> 
     </span>
    </p>
   </div>
   <div class='ocr_carea' id='block_1_2' title="bbox 263 262 2085 1874">
    <p class='ocr_par' dir='ltr' id='par_1_2' title="bbox 263 262 2085 1874">
     <span class='ocr_line' id='line_1_2' title="bbox 317 262 2078 320; baseline -0.002 -12"><span class='ocrx_word' id='word_1_4' title='bbox 317 267 518 308; x_wconf 83' lang='lat' dir='ltr'>memoria</span> <span class='ocrx_word' id='word_1_5' title='bbox 547 271 836 320; x_wconf 86' lang='lat' dir='ltr'>perceptarum</span> <span class='ocrx_word' id='word_1_6' title='bbox 869 263 1336 317; x_wconf 86' lang='lat' dir='ltr'>conprehensarumque</span> <span class='ocrx_word' id='word_1_7' title='bbox 1361 275 1502 302; x_wconf 89' lang='lat' dir='ltr'>rerum</span> <span class='ocrx_word' id='word_1_8' title='bbox 1523 265 1608 309; x_wconf 89' lang='lat' dir='ltr'>est,</span> <span class='ocrx_word' id='word_1_9' title='bbox 1640 262 1802 309; x_wconf 89' lang='lat' dir='ltr'>omnia,</span> <span class='ocrx_word' id='word_1_10' title='bbox 1834 275 1941 315; x_wconf 87' lang='lat' dir='ltr'>quae</span> <span class='ocrx_word' id='word_1_11' title='bbox 1963 264 2078 317; x_wconf 91' lang='lat' dir='ltr'>quis-</span> 
     </span>
     <span class='ocr_line' id='line_1_3' title="bbox 321 323 2078 383; baseline -0.002 -14"><span class='ocrx_word' id='word_1_12' title='bbox 321 342 402 383; x_wconf 86' lang='lat' dir='ltr'>que</span> <span class='ocrx_word' id='word_1_13' title='bbox 444 329 654 376; x_wconf 85' lang='lat' dir='ltr'><strong>meminit,</strong></span> <span class='ocrx_word' id='word_1_14' title='bbox 698 327 825 367; x_wconf 90' lang='lat' dir='ltr'>habet</span> <span class='ocrx_word' id='word_1_15' title='bbox 867 339 916 366; x_wconf 90' lang='lat' dir='ltr'>ea</span> <span class='ocrx_word' id='word_1_16' title='bbox 945 323 1232 378; x_wconf 83' lang='lat' dir='ltr'>conprehensa</span> <span class='ocrx_word' id='word_1_17' title='bbox 1269 328 1395 376; x_wconf 89' lang='lat' dir='ltr'>atque</span> <span class='ocrx_word' id='word_1_18' title='bbox 1431 327 1649 375; x_wconf 85' lang='lat' dir='ltr'>percepta3</span> <span class='ocrx_word' id='word_1_19' title='bbox 1696 323 1790 363; x_wconf 86' lang='lat' dir='ltr'>falsi</span> <span class='ocrx_word' id='word_1_20' title='bbox 1817 329 1956 365; x_wconf 88' lang='lat' dir='ltr'>autem</span> <span class='ocrx_word' id='word_1_21' title='bbox 1978 339 2078 366; x_wconf 90' lang='lat' dir='ltr'>con-</span> 
     </span>
     <span class='ocr_line' id='line_1_4' title="bbox 317 384 2080 444; baseline -0.001 -13"><span class='ocrx_word' id='word_1_22' title='bbox 317 390 466 444; x_wconf 87' lang='lat' dir='ltr'>prendi</span> <span class='ocrx_word' id='word_1_23' title='bbox 506 390 611 430; x_wconf 88' lang='lat' dir='ltr'>nihil</span> <span class='ocrx_word' id='word_1_24' title='bbox 652 393 808 443; x_wconf 89' lang='lat' dir='ltr'>potest,</span> <span class='ocrx_word' id='word_1_25' title='bbox 850 392 890 427; x_wconf 89' lang='lat' dir='ltr'>et</span> <span class='ocrx_word' id='word_1_26' title='bbox 934 387 1075 427; x_wconf 92' lang='lat' dir='ltr'>omnia</span> <span class='ocrx_word' id='word_1_27' title='bbox 1114 386 1303 425; x_wconf 84' lang='lat' dir='ltr'><strong>meminit</strong></span> <span class='ocrx_word' id='word_1_28' title='bbox 1343 384 1491 424; x_wconf 90' lang='lat' dir='ltr'>Sciron</span> <span class='ocrx_word' id='word_1_29' title='bbox 1527 384 1694 438; x_wconf 89' lang='lat' dir='ltr'>Epicuri</span> <span class='ocrx_word' id='word_1_30' title='bbox 1725 385 1939 439; x_wconf 86' lang='lat' dir='ltr'>dogmata:</span> <span class='ocrx_word' id='word_1_31' title='bbox 1981 401 2080 429; x_wconf 87' lang='lat' dir='ltr'>vera</span> 
     </span>
     <span class='ocr_line' id='line_1_5' title="bbox 316 446 2080 506; baseline -0.002 -13"><span class='ocrx_word' id='word_1_32' title='bbox 316 453 443 506; x_wconf 87' lang='lat' dir='ltr'>igitur</span> <span class='ocrx_word' id='word_1_33' title='bbox 472 453 544 492; x_wconf 90' lang='lat' dir='ltr'>illa</span> <span class='ocrx_word' id='word_1_34' title='bbox 574 457 672 492; x_wconf 92' lang='lat' dir='ltr'>sunt</span> <span class='ocrx_word' id='word_1_35' title='bbox 700 463 810 490; x_wconf 89' lang='lat' dir='ltr'>nunc</span> <span class='ocrx_word' id='word_1_36' title='bbox 841 448 992 488; x_wconf 88' lang='lat' dir='ltr'>omnia.</span> <span class='ocrx_word' id='word_1_37' title='bbox 1051 448 1141 487; x_wconf 89' lang='lat' dir='ltr'>Hoc</span> <span class='ocrx_word' id='word_1_38' title='bbox 1172 460 1247 500; x_wconf 89' lang='lat' dir='ltr'>per</span> <span class='ocrx_word' id='word_1_39' title='bbox 1275 460 1342 486; x_wconf 92' lang='lat' dir='ltr'>me</span> <span class='ocrx_word' id='word_1_40' title='bbox 1373 446 1493 486; x_wconf 88' lang='lat' dir='ltr'>licet:</span> <span class='ocrx_word' id='word_1_41' title='bbox 1532 446 1605 486; x_wconf 91' lang='lat' dir='ltr'>sed</span> <span class='ocrx_word' id='word_1_42' title='bbox 1642 447 1716 488; x_wconf 88' lang='lat' dir='ltr'>tibi</span> <span class='ocrx_word' id='word_1_43' title='bbox 1746 453 1818 489; x_wconf 87' lang='lat' dir='ltr'>aut</span> <span class='ocrx_word' id='word_1_44' title='bbox 1848 450 2080 490; x_wconf 87' lang='lat' dir='ltr'>conceden-</span> 
     </span>
     <span class='ocr_line' id='line_1_6' title="bbox 287 509 2081 565; baseline 0 -12"><span class='ocrx_word' id='word_1_45' title='bbox 287 516 416 556; x_wconf 86' lang='lat' dir='ltr'>5dum</span> <span class='ocrx_word' id='word_1_46' title='bbox 447 520 510 555; x_wconf 90' lang='lat' dir='ltr'>est</span> <span class='ocrx_word' id='word_1_47' title='bbox 539 517 594 554; x_wconf 89' lang='lat' dir='ltr'>ita</span> <span class='ocrx_word' id='word_1_48' title='bbox 626 526 735 560; x_wconf 89' lang='lat' dir='ltr'>esse,</span> <span class='ocrx_word' id='word_1_49' title='bbox 767 511 880 564; x_wconf 91' lang='lat' dir='ltr'>quod</span> <span class='ocrx_word' id='word_1_50' title='bbox 910 510 1082 550; x_wconf 87' lang='lat' dir='ltr'>minime</span> <span class='ocrx_word' id='word_1_51' title='bbox 1103 511 1188 557; x_wconf 87' lang='lat' dir='ltr'>vis,</span> <span class='ocrx_word' id='word_1_52' title='bbox 1220 514 1291 549; x_wconf 92' lang='lat' dir='ltr'>aut</span> <span class='ocrx_word' id='word_1_53' title='bbox 1317 509 1560 549; x_wconf 83' lang='lat' dir='ltr'>memoriam</span> <span class='ocrx_word' id='word_1_54' title='bbox 1581 509 1684 549; x_wconf 91' lang='lat' dir='ltr'>mihi</span> <span class='ocrx_word' id='word_1_55' title='bbox 1707 510 1894 551; x_wconf 86' lang='lat' dir='ltr'>remittas</span> <span class='ocrx_word' id='word_1_56' title='bbox 1917 516 2081 565; x_wconf 86' lang='lat' dir='ltr'>oportet</span> 
     </span>
     <span class='ocr_line' id='line_1_7' title="bbox 317 572 2077 627; baseline -0.002 -10"><span class='ocrx_word' id='word_1_57' title='bbox 317 583 357 617; x_wconf 92' lang='lat' dir='ltr'>et</span> <span class='ocrx_word' id='word_1_58' title='bbox 385 577 541 617; x_wconf 86' lang='lat' dir='ltr'>fateare</span> <span class='ocrx_word' id='word_1_59' title='bbox 574 588 664 615; x_wconf 87' lang='lat' dir='ltr'>esse</span> <span class='ocrx_word' id='word_1_60' title='bbox 695 574 733 613; x_wconf 93' lang='lat' dir='ltr'>ei</span> <span class='ocrx_word' id='word_1_61' title='bbox 764 573 920 620; x_wconf 91' lang='lat' dir='ltr'>locum,</span> <span class='ocrx_word' id='word_1_62' title='bbox 953 572 1078 612; x_wconf 90' lang='lat' dir='ltr'>etiam</span> <span class='ocrx_word' id='word_1_63' title='bbox 1111 572 1145 611; x_wconf 90' lang='lat' dir='ltr'>si</span> <span class='ocrx_word' id='word_1_64' title='bbox 1177 572 1496 625; x_wconf 87' lang='lat' dir='ltr'>comprehensio</span> <span class='ocrx_word' id='word_1_65' title='bbox 1532 573 1834 627; x_wconf 86' lang='lat' dir='ltr'>perceptioque</span> <span class='ocrx_word' id='word_1_66' title='bbox 1864 573 1980 614; x_wconf 91' lang='lat' dir='ltr'>nulla</span> <span class='ocrx_word' id='word_1_67' title='bbox 2010 574 2077 614; x_wconf 89' lang='lat' dir='ltr'>sit.</span> 
     </span>
     <span class='ocr_line' id='line_1_8' title="bbox 318 634 2080 688; baseline -0.001 -10"><span class='ocrx_word' id='word_1_68' title='bbox 318 636 410 678; x_wconf 69' lang='lat'>⁴07.</span> <span class='ocrx_word' id='word_1_69' title='bbox 443 637 553 686; x_wconf 91' lang='lat' dir='ltr'>Quid</span> <span class='ocrx_word' id='word_1_70' title='bbox 584 635 653 676; x_wconf 91' lang='lat' dir='ltr'>fiet</span> <span class='ocrx_word' id='word_1_71' title='bbox 683 635 872 675; x_wconf 75' lang='lat' dir='ltr'>artibus?</span> <span class='ocrx_word' id='word_1_72' title='bbox 906 634 1099 682; x_wconf 82' lang='lat' dir='ltr'>Quibus?</span> <span class='ocrx_word' id='word_1_73' title='bbox 1129 634 1258 682; x_wconf 88' lang='lat' dir='ltr'>iisne,</span> <span class='ocrx_word' id='word_1_74' title='bbox 1292 648 1399 688; x_wconf 89' lang='lat' dir='ltr'>quae</span> <span class='ocrx_word' id='word_1_75' title='bbox 1430 634 1547 688; x_wconf 87' lang='lat' dir='ltr'>ipsae</span> <span class='ocrx_word' id='word_1_76' title='bbox 1573 634 1756 675; x_wconf 88' lang='lat' dir='ltr'>fatentur</span> <span class='ocrx_word' id='word_1_77' title='bbox 1776 635 2016 676; x_wconf 89' lang='lat' dir='ltr'>coniectura</span> <span class='ocrx_word' id='word_1_78' title='bbox 2036 649 2080 676; x_wconf 90' lang='lat' dir='ltr'>se</span> 
     </span>
     <span class='ocr_line' id='line_1_9' title="bbox 316 696 2082 753; baseline -0.001 -14"><span class='ocrx_word' id='word_1_79' title='bbox 316 700 410 753; x_wconf 93' lang='lat' dir='ltr'>plus</span> <span class='ocrx_word' id='word_1_80' title='bbox 440 699 500 738; x_wconf 92' lang='lat' dir='ltr'>uti</span> <span class='ocrx_word' id='word_1_81' title='bbox 532 711 655 751; x_wconf 91' lang='lat' dir='ltr'>quam</span> <span class='ocrx_word' id='word_1_82' title='bbox 687 696 880 744; x_wconf 90' lang='lat' dir='ltr'>scientia,</span> <span class='ocrx_word' id='word_1_83' title='bbox 913 709 965 736; x_wconf 90' lang='lat' dir='ltr'>an</span> <span class='ocrx_word' id='word_1_84' title='bbox 997 697 1068 744; x_wconf 94' lang='lat' dir='ltr'>iis,</span> <span class='ocrx_word' id='word_1_85' title='bbox 1100 710 1207 750; x_wconf 86' lang='lat' dir='ltr'>quae</span> <span class='ocrx_word' id='word_1_86' title='bbox 1238 702 1400 737; x_wconf 89' lang='lat' dir='ltr'>tantum</span> <span class='ocrx_word' id='word_1_87' title='bbox 1431 697 1498 744; x_wconf 90' lang='lat' dir='ltr'>id,</span> <span class='ocrx_word' id='word_1_88' title='bbox 1530 696 1642 750; x_wconf 93' lang='lat' dir='ltr'>quod</span> <span class='ocrx_word' id='word_1_89' title='bbox 1664 697 1851 745; x_wconf 84' lang='lat' dir='ltr'>videtur,</span> <span class='ocrx_word' id='word_1_90' title='bbox 1883 704 2082 738; x_wconf 88' lang='lat' dir='ltr'>secuntur</span> 
     </span>
     <span class='ocr_line' id='line_1_10' title="bbox 316 759 1863 812; baseline 0 -12"><span class='ocrx_word' id='word_1_91' title='bbox 316 775 392 801; x_wconf 83' lang='lat' dir='ltr'>nec</span> <span class='ocrx_word' id='word_1_92' title='bbox 421 760 576 800; x_wconf 88' lang='lat' dir='ltr'>habent</span> <span class='ocrx_word' id='word_1_93' title='bbox 605 760 725 800; x_wconf 88' lang='lat' dir='ltr'>istam</span> <span class='ocrx_word' id='word_1_94' title='bbox 755 765 886 799; x_wconf 89' lang='lat' dir='ltr'>artem</span> <span class='ocrx_word' id='word_1_95' title='bbox 916 765 1116 807; x_wconf 89' lang='lat' dir='ltr'>vestram,</span> <span class='ocrx_word' id='word_1_96' title='bbox 1150 772 1232 812; x_wconf 91' lang='lat' dir='ltr'>qua</span> <span class='ocrx_word' id='word_1_97' title='bbox 1261 772 1360 799; x_wconf 90' lang='lat' dir='ltr'>vera</span> <span class='ocrx_word' id='word_1_98' title='bbox 1391 764 1432 799; x_wconf 88' lang='lat' dir='ltr'>et</span> <span class='ocrx_word' id='word_1_99' title='bbox 1461 759 1566 799; x_wconf 85' lang='lat' dir='ltr'>falsa</span> <span class='ocrx_word' id='word_1_100' title='bbox 1598 759 1863 800; x_wconf 77' lang='lat' dir='ltr'>diiudicent?</span> 
     </span>
     <span class='ocr_line' id='line_1_11' title="bbox 268 821 2081 874; baseline 0 -10"><span class='ocrx_word' id='word_1_101' title='bbox 268 835 302 864; x_wconf 73' lang='lat'>⁴0</span> <span class='ocrx_word' id='word_1_102' title='bbox 431 822 513 862; x_wconf 89' lang='lat' dir='ltr'>Sed</span> <span class='ocrx_word' id='word_1_103' title='bbox 554 822 627 862; x_wconf 89' lang='lat' dir='ltr'>illa</span> <span class='ocrx_word' id='word_1_104' title='bbox 663 827 758 862; x_wconf 91' lang='lat' dir='ltr'>sunt</span> <span class='ocrx_word' id='word_1_105' title='bbox 796 821 955 861; x_wconf 90' lang='lat' dir='ltr'>lumina</span> <span class='ocrx_word' id='word_1_106' title='bbox 995 821 1104 869; x_wconf 87' lang='lat' dir='ltr'>duo,</span> <span class='ocrx_word' id='word_1_107' title='bbox 1147 835 1252 874; x_wconf 90' lang='lat' dir='ltr'>quae</span> <span class='ocrx_word' id='word_1_108' title='bbox 1292 821 1472 861; x_wconf 84' lang='lat' dir='ltr'>maxime</span> <span class='ocrx_word' id='word_1_109' title='bbox 1504 834 1668 862; x_wconf 88' lang='lat' dir='ltr'>causam</span> <span class='ocrx_word' id='word_1_110' title='bbox 1700 823 1819 862; x_wconf 91' lang='lat' dir='ltr'>istam</span> <span class='ocrx_word' id='word_1_111' title='bbox 1852 823 2081 864; x_wconf 87' lang='lat' dir='ltr'>continent.</span> 
     </span>
     <span class='ocr_line' id='line_1_12' title="bbox 315 881 2084 938; baseline 0.001 -14"><span class='ocrx_word' id='word_1_112' title='bbox 315 885 495 925; x_wconf 89' lang='lat' dir='ltr'>Primum</span> <span class='ocrx_word' id='word_1_113' title='bbox 534 884 645 924; x_wconf 88' lang='lat' dir='ltr'>enim</span> <span class='ocrx_word' id='word_1_114' title='bbox 684 884 844 937; x_wconf 87' lang='lat' dir='ltr'>negatis</span> <span class='ocrx_word' id='word_1_115' title='bbox 875 881 964 924; x_wconf 89' lang='lat' dir='ltr'>fieri</span> <span class='ocrx_word' id='word_1_116' title='bbox 993 897 1118 938; x_wconf 91' lang='lat' dir='ltr'>posse</span> <span class='ocrx_word' id='word_1_117' title='bbox 1149 889 1196 923; x_wconf 93' lang='lat' dir='ltr'>ut</span> <span class='ocrx_word' id='word_1_118' title='bbox 1227 884 1451 937; x_wconf 88' lang='lat' dir='ltr'>quisquam</span> <span class='ocrx_word' id='word_1_119' title='bbox 1482 884 1588 924; x_wconf 92' lang='lat' dir='ltr'>nulli</span> <span class='ocrx_word' id='word_1_120' title='bbox 1618 885 1677 924; x_wconf 87' lang='lat' dir='ltr'>rei</span> <span class='ocrx_word' id='word_1_121' title='bbox 1708 885 1981 926; x_wconf 86' lang='lat' dir='ltr'>adsentiatur.</span> <span class='ocrx_word' id='word_1_122' title='bbox 2030 886 2084 926; x_wconf 84' lang='lat' dir='ltr'>At</span> 
     </span>
     <span class='ocr_line' id='line_1_13' title="bbox 313 945 2083 1002; baseline 0.001 -16"><span class='ocrx_word' id='word_1_123' title='bbox 313 947 357 986; x_wconf 93' lang='lat' dir='ltr'>id</span> <span class='ocrx_word' id='word_1_124' title='bbox 388 945 558 999; x_wconf 89' lang='lat' dir='ltr'>quidem</span> <span class='ocrx_word' id='word_1_125' title='bbox 588 946 858 1000; x_wconf 88' lang='lat' dir='ltr'>perspicuum</span> <span class='ocrx_word' id='word_1_126' title='bbox 890 951 965 986; x_wconf 89' lang='lat' dir='ltr'>est.</span> <span class='ocrx_word' id='word_1_127' title='bbox 1014 946 1115 986; x_wconf 91' lang='lat' dir='ltr'>Cum</span> <span class='ocrx_word' id='word_1_128' title='bbox 1147 945 1392 993; x_wconf 78' lang='lat' dir='ltr'>Panaetius,</span> <span class='ocrx_word' id='word_1_129' title='bbox 1423 947 1618 999; x_wconf 87' lang='lat' dir='ltr'>princeps</span> <span class='ocrx_word' id='word_1_130' title='bbox 1640 960 1772 1000; x_wconf 91' lang='lat' dir='ltr'>prope</span> <span class='ocrx_word' id='word_1_131' title='bbox 1795 961 1888 988; x_wconf 91' lang='lat' dir='ltr'>meo</span> <span class='ocrx_word' id='word_1_132' title='bbox 1911 948 2083 1002; x_wconf 92' lang='lat' dir='ltr'>quidem</span> 
     </span>
     <span class='ocr_line' id='line_1_14' title="bbox 313 1008 2082 1064; baseline 0.002 -17"><span class='ocrx_word' id='word_1_133' title='bbox 313 1008 471 1048; x_wconf 88' lang='lat' dir='ltr'>iudicio</span> <span class='ocrx_word' id='word_1_134' title='bbox 503 1008 761 1057; x_wconf 88' lang='lat' dir='ltr'>Stoicorum,</span> <span class='ocrx_word' id='word_1_135' title='bbox 793 1021 842 1048; x_wconf 89' lang='lat' dir='ltr'>ea</span> <span class='ocrx_word' id='word_1_136' title='bbox 872 1009 923 1048; x_wconf 92' lang='lat' dir='ltr'>de</span> <span class='ocrx_word' id='word_1_137' title='bbox 954 1022 997 1048; x_wconf 92' lang='lat' dir='ltr'>re</span> <span class='ocrx_word' id='word_1_138' title='bbox 1028 1008 1219 1048; x_wconf 90' lang='lat' dir='ltr'>dubitare</span> <span class='ocrx_word' id='word_1_139' title='bbox 1251 1022 1294 1048; x_wconf 92' lang='lat' dir='ltr'>se</span> <span class='ocrx_word' id='word_1_140' title='bbox 1327 1008 1457 1056; x_wconf 87' lang='lat' dir='ltr'>dicat,</span> <span class='ocrx_word' id='word_1_141' title='bbox 1490 1022 1614 1062; x_wconf 88' lang='lat' dir='ltr'>quam</span> <span class='ocrx_word' id='word_1_142' title='bbox 1637 1023 1781 1049; x_wconf 87' lang='lat' dir='ltr'>omnes</span> <span class='ocrx_word' id='word_1_143' title='bbox 1802 1014 1967 1064; x_wconf 89' lang='lat' dir='ltr'>praeter</span> <span class='ocrx_word' id='word_1_144' title='bbox 1987 1022 2082 1050; x_wconf 90' lang='lat' dir='ltr'>eum</span> 
     </span>
     <span class='ocr_line' id='line_1_15' title="bbox 316 1070 2083 1126; baseline 0.001 -16"><span class='ocrx_word' id='word_1_145' title='bbox 316 1071 443 1111; x_wconf 87' lang='lat' dir='ltr'>Stoici</span> <span class='ocrx_word' id='word_1_146' title='bbox 474 1071 743 1111; x_wconf 88' lang='lat' dir='ltr'>certissimam</span> <span class='ocrx_word' id='word_1_147' title='bbox 773 1076 941 1125; x_wconf 90' lang='lat' dir='ltr'>putant,</span> <span class='ocrx_word' id='word_1_148' title='bbox 973 1084 1071 1111; x_wconf 80' lang='lat' dir='ltr'>vera</span> <span class='ocrx_word' id='word_1_149' title='bbox 1103 1084 1195 1111; x_wconf 86' lang='lat' dir='ltr'>esse</span> <span class='ocrx_word' id='word_1_150' title='bbox 1215 1070 1485 1123; x_wconf 89' lang='lat' dir='ltr'>haruspicum</span> <span class='ocrx_word' id='word_1_151' title='bbox 1510 1083 1716 1123; x_wconf 80' lang='lat' dir='ltr'>responsa,</span> <span class='ocrx_word' id='word_1_152' title='bbox 1751 1072 1959 1126; x_wconf 88' lang='lat' dir='ltr'>auspicia,</span> <span class='ocrx_word' id='word_1_153' title='bbox 1992 1084 2083 1112; x_wconf 87' lang='lat' dir='ltr'>ora-</span> 
     </span>
     <span class='ocr_line' id='line_1_16' title="bbox 267 1132 2084 1187; baseline 0.002 -16"><span class='ocrx_word' id='word_1_154' title='bbox 267 1146 301 1174; x_wconf 74' lang='lat'>¹5</span> <span class='ocrx_word' id='word_1_155' title='bbox 315 1132 426 1180; x_wconf 88' lang='lat' dir='ltr'>cula,</span> <span class='ocrx_word' id='word_1_156' title='bbox 458 1133 640 1181; x_wconf 90' lang='lat' dir='ltr'>somnia,</span> <span class='ocrx_word' id='word_1_157' title='bbox 671 1133 1012 1181; x_wconf 77' lang='lat' dir='ltr'>vaticinationes,</span> <span class='ocrx_word' id='word_1_158' title='bbox 1043 1146 1174 1187; x_wconf 88' lang='lat' dir='ltr'>seque</span> <span class='ocrx_word' id='word_1_159' title='bbox 1205 1133 1255 1172; x_wconf 91' lang='lat' dir='ltr'>ab</span> <span class='ocrx_word' id='word_1_160' title='bbox 1287 1132 1469 1173; x_wconf 90' lang='lat' dir='ltr'>adsensu</span> <span class='ocrx_word' id='word_1_161' title='bbox 1492 1134 1718 1174; x_wconf 88' lang='lat' dir='ltr'>sustineat:</span> <span class='ocrx_word' id='word_1_162' title='bbox 1751 1134 1863 1187; x_wconf 91' lang='lat' dir='ltr'>quod</span> <span class='ocrx_word' id='word_1_163' title='bbox 1884 1135 1919 1174; x_wconf 92' lang='lat' dir='ltr'>is</span> <span class='ocrx_word' id='word_1_164' title='bbox 1945 1138 2084 1187; x_wconf 91' lang='lat' dir='ltr'>potest</span> 
     </span>
     <span class='ocr_line' id='line_1_17' title="bbox 312 1193 2083 1249; baseline 0.001 -15"><span class='ocrx_word' id='word_1_165' title='bbox 312 1194 448 1235; x_wconf 89' lang='lat' dir='ltr'>facere</span> <span class='ocrx_word' id='word_1_166' title='bbox 479 1194 546 1235; x_wconf 91' lang='lat' dir='ltr'>vel</span> <span class='ocrx_word' id='word_1_167' title='bbox 577 1195 628 1235; x_wconf 93' lang='lat' dir='ltr'>de</span> <span class='ocrx_word' id='word_1_168' title='bbox 657 1195 710 1235; x_wconf 88' lang='lat' dir='ltr'>iis</span> <span class='ocrx_word' id='word_1_169' title='bbox 740 1193 886 1243; x_wconf 88' lang='lat' dir='ltr'>rebus,</span> <span class='ocrx_word' id='word_1_170' title='bbox 919 1208 1022 1249; x_wconf 87' lang='lat' dir='ltr'>quas</span> <span class='ocrx_word' id='word_1_171' title='bbox 1052 1195 1134 1242; x_wconf 87' lang='lat' dir='ltr'>illi,</span> <span class='ocrx_word' id='word_1_172' title='bbox 1166 1208 1189 1234; x_wconf 91' lang='lat' dir='ltr'>a</span> <span class='ocrx_word' id='word_1_173' title='bbox 1213 1195 1365 1248; x_wconf 89' lang='lat' dir='ltr'>quibus</span> <span class='ocrx_word' id='word_1_174' title='bbox 1390 1195 1480 1248; x_wconf 92' lang='lat' dir='ltr'>ipse</span> <span class='ocrx_word' id='word_1_175' title='bbox 1502 1195 1661 1243; x_wconf 87' lang='lat' dir='ltr'>didicit,</span> <span class='ocrx_word' id='word_1_176' title='bbox 1693 1202 1826 1236; x_wconf 92' lang='lat' dir='ltr'>certas</span> <span class='ocrx_word' id='word_1_177' title='bbox 1845 1196 2083 1243; x_wconf 86' lang='lat' dir='ltr'>habuerint,</span> 
     </span>
     <span class='ocr_line' id='line_1_18' title="bbox 315 1257 2082 1312; baseline -0.001 -15"><span class='ocrx_word' id='word_1_178' title='bbox 315 1271 387 1297; x_wconf 91' lang='lat' dir='ltr'>cur</span> <span class='ocrx_word' id='word_1_179' title='bbox 416 1257 459 1297; x_wconf 86' lang='lat' dir='ltr'>id</span> <span class='ocrx_word' id='word_1_180' title='bbox 490 1258 657 1310; x_wconf 90' lang='lat' dir='ltr'>sapiens</span> <span class='ocrx_word' id='word_1_181' title='bbox 689 1257 740 1297; x_wconf 92' lang='lat' dir='ltr'>de</span> <span class='ocrx_word' id='word_1_182' title='bbox 766 1258 943 1311; x_wconf 90' lang='lat' dir='ltr'>reliquis</span> <span class='ocrx_word' id='word_1_183' title='bbox 966 1258 1088 1297; x_wconf 90' lang='lat' dir='ltr'>rebus</span> <span class='ocrx_word' id='word_1_184' title='bbox 1110 1257 1247 1297; x_wconf 89' lang='lat' dir='ltr'>facere</span> <span class='ocrx_word' id='word_1_185' title='bbox 1270 1271 1353 1297; x_wconf 90' lang='lat' dir='ltr'>non</span> <span class='ocrx_word' id='word_1_186' title='bbox 1379 1259 1542 1310; x_wconf 78' lang='lat' dir='ltr'>possit?</span> <span class='ocrx_word' id='word_1_187' title='bbox 1584 1259 1648 1297; x_wconf 91' lang='lat' dir='ltr'>An</span> <span class='ocrx_word' id='word_1_188' title='bbox 1670 1264 1733 1298; x_wconf 93' lang='lat' dir='ltr'>est</span> <span class='ocrx_word' id='word_1_189' title='bbox 1754 1258 1934 1312; x_wconf 90' lang='lat' dir='ltr'>aliquid,</span> <span class='ocrx_word' id='word_1_190' title='bbox 1967 1257 2082 1311; x_wconf 94' lang='lat' dir='ltr'>quod</span> 
     </span>
     <span class='ocr_line' id='line_1_19' title="bbox 312 1313 2085 1374; baseline 0.001 -15"><span class='ocrx_word' id='word_1_191' title='bbox 312 1319 496 1373; x_wconf 89' lang='lat' dir='ltr'>positum</span> <span class='ocrx_word' id='word_1_192' title='bbox 527 1320 594 1360; x_wconf 89' lang='lat' dir='ltr'>vel</span> <span class='ocrx_word' id='word_1_193' title='bbox 623 1319 848 1372; x_wconf 90' lang='lat' dir='ltr'>inprobare</span> <span class='ocrx_word' id='word_1_194' title='bbox 879 1320 946 1360; x_wconf 87' lang='lat' dir='ltr'>vel</span> <span class='ocrx_word' id='word_1_195' title='bbox 977 1319 1210 1372; x_wconf 89' lang='lat' dir='ltr'>adprobare</span> <span class='ocrx_word' id='word_1_196' title='bbox 1242 1320 1396 1373; x_wconf 85' lang='lat' dir='ltr'>possit,</span> <span class='ocrx_word' id='word_1_197' title='bbox 1428 1320 1617 1360; x_wconf 89' lang='lat' dir='ltr'>dubitare</span> <span class='ocrx_word' id='word_1_198' title='bbox 1639 1334 1726 1361; x_wconf 90' lang='lat' dir='ltr'>non</span> <span class='ocrx_word' id='word_1_199' title='bbox 1758 1322 1891 1374; x_wconf 92' lang='lat' dir='ltr'>possit</span> <span class='ocrx_word' id='word_1_200' title='bbox 1906 1313 1932 1360; x_wconf 75' lang='lat'>‘2&#39;</span> <span class='ocrx_word' id='word_1_201' title='bbox 1956 1334 2009 1361; x_wconf 89' lang='lat' dir='ltr'>an</span> <span class='ocrx_word' id='word_1_202' title='bbox 2039 1325 2085 1361; x_wconf 92' lang='lat' dir='ltr'>tu</span> 
     </span>
     <span class='ocr_line' id='line_1_20' title="bbox 312 1381 2084 1436; baseline 0.001 -15"><span class='ocrx_word' id='word_1_203' title='bbox 312 1382 357 1421; x_wconf 87' lang='lat' dir='ltr'>in</span> <span class='ocrx_word' id='word_1_204' title='bbox 388 1382 528 1422; x_wconf 91' lang='lat' dir='ltr'>soritis</span> <span class='ocrx_word' id='word_1_205' title='bbox 559 1382 716 1436; x_wconf 91' lang='lat' dir='ltr'>poteris</span> <span class='ocrx_word' id='word_1_206' title='bbox 747 1381 849 1430; x_wconf 81' lang='lat' dir='ltr'>hoc,</span> <span class='ocrx_word' id='word_1_207' title='bbox 882 1395 977 1422; x_wconf 91' lang='lat' dir='ltr'>cum</span> <span class='ocrx_word' id='word_1_208' title='bbox 1007 1382 1146 1422; x_wconf 87' lang='lat' dir='ltr'>voles:</span> <span class='ocrx_word' id='word_1_209' title='bbox 1178 1381 1247 1421; x_wconf 90' lang='lat' dir='ltr'>ille</span> <span class='ocrx_word' id='word_1_210' title='bbox 1279 1382 1323 1421; x_wconf 90' lang='lat' dir='ltr'>in</span> <span class='ocrx_word' id='word_1_211' title='bbox 1353 1382 1527 1436; x_wconf 89' lang='lat' dir='ltr'>reliquis</span> <span class='ocrx_word' id='word_1_212' title='bbox 1558 1383 1683 1422; x_wconf 90' lang='lat' dir='ltr'>rebus</span> <span class='ocrx_word' id='word_1_213' title='bbox 1714 1397 1801 1423; x_wconf 89' lang='lat' dir='ltr'>non</span> <span class='ocrx_word' id='word_1_214' title='bbox 1832 1383 1987 1436; x_wconf 91' lang='lat' dir='ltr'>poterit</span> <span class='ocrx_word' id='word_1_215' title='bbox 2014 1396 2084 1422; x_wconf 75' lang='lat' dir='ltr'>eo-</span> 
     </span>
     <span class='ocr_line' id='line_1_21' title="bbox 266 1443 2083 1498; baseline 0 -13"><span class='ocrx_word' id='word_1_216' title='bbox 266 1457 302 1486; x_wconf 80' lang='lat'>20</span> <span class='ocrx_word' id='word_1_217' title='bbox 316 1443 410 1483; x_wconf 91' lang='lat' dir='ltr'>dem</span> <span class='ocrx_word' id='word_1_218' title='bbox 441 1443 567 1484; x_wconf 93' lang='lat' dir='ltr'>modo</span> <span class='ocrx_word' id='word_1_219' title='bbox 599 1444 822 1484; x_wconf 70' lang='lat' dir='ltr'>insistere?</span> <span class='ocrx_word' id='word_1_220' title='bbox 862 1444 1108 1497; x_wconf 87' lang='lat' dir='ltr'>praesertim</span> <span class='ocrx_word' id='word_1_221' title='bbox 1140 1458 1233 1484; x_wconf 89' lang='lat' dir='ltr'>cum</span> <span class='ocrx_word' id='word_1_222' title='bbox 1264 1444 1398 1496; x_wconf 90' lang='lat' dir='ltr'>possit</span> <span class='ocrx_word' id='word_1_223' title='bbox 1428 1446 1519 1485; x_wconf 88' lang='lat' dir='ltr'>sine</span> <span class='ocrx_word' id='word_1_224' title='bbox 1551 1445 1802 1486; x_wconf 89' lang='lat' dir='ltr'>adsensione</span> <span class='ocrx_word' id='word_1_225' title='bbox 1833 1445 1967 1498; x_wconf 87' lang='lat' dir='ltr'>ipsam</span> <span class='ocrx_word' id='word_1_226' title='bbox 1996 1445 2083 1485; x_wconf 83' lang='lat' dir='ltr'>veri</span> 
     </span>
     <span class='ocr_line' id='line_1_22' title="bbox 314 1504 2082 1561; baseline 0.001 -16"><span class='ocrx_word' id='word_1_227' title='bbox 314 1506 633 1546; x_wconf 89' lang='lat' dir='ltr'>similitudinem</span> <span class='ocrx_word' id='word_1_228' title='bbox 669 1519 755 1546; x_wconf 89' lang='lat' dir='ltr'>non</span> <span class='ocrx_word' id='word_1_229' title='bbox 794 1506 1020 1560; x_wconf 88' lang='lat' dir='ltr'>inpeditam</span> <span class='ocrx_word' id='word_1_230' title='bbox 1061 1507 1194 1560; x_wconf 92' lang='lat' dir='ltr'>sequi.</span> <span class='ocrx_word' id='word_1_231' title='bbox 1255 1504 1348 1546; x_wconf 74' lang='grc'><strong>108.</strong></span> <span class='ocrx_word' id='word_1_232' title='bbox 1388 1507 1578 1547; x_wconf 84' lang='lat' dir='ltr'>Alterum</span> <span class='ocrx_word' id='word_1_233' title='bbox 1619 1513 1704 1555; x_wconf 91' lang='lat' dir='ltr'>est,</span> <span class='ocrx_word' id='word_1_234' title='bbox 1749 1507 1862 1561; x_wconf 92' lang='lat' dir='ltr'>quod</span> <span class='ocrx_word' id='word_1_235' title='bbox 1901 1508 2082 1560; x_wconf 85' lang='lat' dir='ltr'>negatis,</span> 
     </span>
     <span class='ocr_line' id='line_1_23' title="bbox 313 1568 2085 1622; baseline 0 -14"><span class='ocrx_word' id='word_1_236' title='bbox 313 1568 522 1609; x_wconf 88' lang='lat' dir='ltr'>actionem</span> <span class='ocrx_word' id='word_1_237' title='bbox 552 1568 679 1608; x_wconf 88' lang='lat' dir='ltr'>ullius</span> <span class='ocrx_word' id='word_1_238' title='bbox 711 1569 771 1608; x_wconf 90' lang='lat' dir='ltr'>rei</span> <span class='ocrx_word' id='word_1_239' title='bbox 802 1582 926 1622; x_wconf 83' lang='lat' dir='ltr'>posse</span> <span class='ocrx_word' id='word_1_240' title='bbox 959 1569 1002 1609; x_wconf 80' lang='lat' dir='ltr'>in</span> <span class='ocrx_word' id='word_1_241' title='bbox 1034 1582 1083 1609; x_wconf 90' lang='lat' dir='ltr'>eo</span> <span class='ocrx_word' id='word_1_242' title='bbox 1117 1582 1229 1617; x_wconf 90' lang='lat' dir='ltr'>esse,</span> <span class='ocrx_word' id='word_1_243' title='bbox 1262 1570 1333 1622; x_wconf 91' lang='lat' dir='ltr'>qui</span> <span class='ocrx_word' id='word_1_244' title='bbox 1366 1570 1523 1609; x_wconf 88' lang='lat' dir='ltr'>nullam</span> <span class='ocrx_word' id='word_1_245' title='bbox 1555 1583 1642 1609; x_wconf 86' lang='lat' dir='ltr'>rem</span> <span class='ocrx_word' id='word_1_246' title='bbox 1673 1569 1854 1610; x_wconf 91' lang='lat' dir='ltr'>adsensu</span> <span class='ocrx_word' id='word_1_247' title='bbox 1886 1582 1962 1609; x_wconf 90' lang='lat' dir='ltr'>suo</span> <span class='ocrx_word' id='word_1_248' title='bbox 1986 1582 2085 1609; x_wconf 88' lang='lat' dir='ltr'>con-</span> 
     </span>
     <span class='ocr_line' id='line_1_24' title="bbox 312 1631 2085 1686; baseline 0.001 -16"><span class='ocrx_word' id='word_1_249' title='bbox 312 1631 476 1684; x_wconf 89' lang='lat' dir='ltr'>probet.</span> <span class='ocrx_word' id='word_1_250' title='bbox 519 1631 701 1671; x_wconf 91' lang='lat' dir='ltr'>Primum</span> <span class='ocrx_word' id='word_1_251' title='bbox 734 1632 844 1671; x_wconf 90' lang='lat' dir='ltr'>enim</span> <span class='ocrx_word' id='word_1_252' title='bbox 874 1631 1009 1672; x_wconf 85' lang='lat' dir='ltr'>videri</span> <span class='ocrx_word' id='word_1_253' title='bbox 1042 1637 1232 1685; x_wconf 92' lang='lat' dir='ltr'>oportet,</span> <span class='ocrx_word' id='word_1_254' title='bbox 1264 1632 1307 1671; x_wconf 91' lang='lat' dir='ltr'>in</span> <span class='ocrx_word' id='word_1_255' title='bbox 1331 1646 1414 1686; x_wconf 90' lang='lat' dir='ltr'>quo</span> <span class='ocrx_word' id='word_1_256' title='bbox 1438 1632 1491 1672; x_wconf 88' lang='lat' dir='ltr'>sit</span> <span class='ocrx_word' id='word_1_257' title='bbox 1514 1632 1640 1672; x_wconf 89' lang='lat' dir='ltr'>etiam</span> <span class='ocrx_word' id='word_1_258' title='bbox 1663 1632 1880 1673; x_wconf 88' lang='lat' dir='ltr'>adsensus.</span> <span class='ocrx_word' id='word_1_259' title='bbox 1930 1632 2085 1671; x_wconf 83' lang='lat' dir='ltr'>Dicunt</span> 
     </span>
     <span class='ocr_line' id='line_1_25' title="bbox 314 1693 2083 1748; baseline 0.001 -16"><span class='ocrx_word' id='word_1_260' title='bbox 314 1693 424 1733; x_wconf 89' lang='lat' dir='ltr'>enim</span> <span class='ocrx_word' id='word_1_261' title='bbox 456 1693 585 1734; x_wconf 88' lang='lat' dir='ltr'>Stoici</span> <span class='ocrx_word' id='word_1_262' title='bbox 616 1706 762 1733; x_wconf 88' lang='lat' dir='ltr'>sensus</span> <span class='ocrx_word' id='word_1_263' title='bbox 794 1695 908 1747; x_wconf 92' lang='lat' dir='ltr'>ipsos</span> <span class='ocrx_word' id='word_1_264' title='bbox 940 1694 1145 1734; x_wconf 88' lang='lat' dir='ltr'>adsensus</span> <span class='ocrx_word' id='word_1_265' title='bbox 1179 1707 1293 1734; x_wconf 87' lang='lat' dir='ltr'>esse:</span> <span class='ocrx_word' id='word_1_266' title='bbox 1333 1707 1439 1748; x_wconf 91' lang='lat' dir='ltr'>quos</span> <span class='ocrx_word' id='word_1_267' title='bbox 1472 1695 1671 1748; x_wconf 91' lang='lat' dir='ltr'>quoniam</span> <span class='ocrx_word' id='word_1_268' title='bbox 1703 1695 1905 1748; x_wconf 83' lang='lat' dir='ltr'>adpetitio</span> <span class='ocrx_word' id='word_1_269' title='bbox 1937 1707 2083 1734; x_wconf 91' lang='lat' dir='ltr'>conse-</span> 
     </span>
     <span class='ocr_line' id='line_1_26' title="bbox 263 1756 2083 1810; baseline -0.001 -12"><span class='ocrx_word' id='word_1_270' title='bbox 263 1769 299 1798; x_wconf 76' lang='grc'>25</span> <span class='ocrx_word' id='word_1_271' title='bbox 314 1761 478 1810; x_wconf 86' lang='lat' dir='ltr'>quatur,</span> <span class='ocrx_word' id='word_1_272' title='bbox 501 1756 707 1796; x_wconf 86' lang='lat' dir='ltr'>actionem</span> <span class='ocrx_word' id='word_1_273' title='bbox 729 1757 871 1810; x_wconf 82' lang='lat' dir='ltr'>sequi3</span> <span class='ocrx_word' id='word_1_274' title='bbox 903 1756 994 1796; x_wconf 92' lang='lat' dir='ltr'>tolli</span> <span class='ocrx_word' id='word_1_275' title='bbox 1017 1762 1155 1797; x_wconf 91' lang='lat' dir='ltr'>autem</span> <span class='ocrx_word' id='word_1_276' title='bbox 1179 1757 1330 1804; x_wconf 90' lang='lat' dir='ltr'>omnia,</span> <span class='ocrx_word' id='word_1_277' title='bbox 1353 1757 1387 1796; x_wconf 91' lang='lat' dir='ltr'>si</span> <span class='ocrx_word' id='word_1_278' title='bbox 1409 1758 1497 1797; x_wconf 87' lang='lat' dir='ltr'>visa</span> <span class='ocrx_word' id='word_1_279' title='bbox 1519 1757 1732 1797; x_wconf 87' lang='lat' dir='ltr'>tollantur.</span> <span class='ocrx_word' id='word_1_280' title='bbox 1774 1757 1969 1797; x_wconf 88' lang='lat' dir='ltr'><strong>XXXIV.</strong></span> <span class='ocrx_word' id='word_1_281' title='bbox 1996 1757 2083 1797; x_wconf 89' lang='lat' dir='ltr'>Hac</span> 
     </span>
     <span class='ocr_line' id='line_1_27' title="bbox 313 1818 2082 1874; baseline 0.001 -16"><span class='ocrx_word' id='word_1_282' title='bbox 313 1818 365 1858; x_wconf 91' lang='lat' dir='ltr'>de</span> <span class='ocrx_word' id='word_1_283' title='bbox 395 1831 439 1858; x_wconf 89' lang='lat' dir='ltr'>re</span> <span class='ocrx_word' id='word_1_284' title='bbox 470 1818 514 1858; x_wconf 88' lang='lat' dir='ltr'>in</span> <span class='ocrx_word' id='word_1_285' title='bbox 543 1822 764 1872; x_wconf 85' lang='lat' dir='ltr'>utramque</span> <span class='ocrx_word' id='word_1_286' title='bbox 796 1824 957 1872; x_wconf 90' lang='lat' dir='ltr'>partem</span> <span class='ocrx_word' id='word_1_287' title='bbox 989 1824 1030 1859; x_wconf 87' lang='lat' dir='ltr'>et</span> <span class='ocrx_word' id='word_1_288' title='bbox 1061 1820 1168 1860; x_wconf 89' lang='lat' dir='ltr'>dicta</span> <span class='ocrx_word' id='word_1_289' title='bbox 1200 1824 1297 1859; x_wconf 90' lang='lat' dir='ltr'>sunt</span> <span class='ocrx_word' id='word_1_290' title='bbox 1328 1824 1369 1859; x_wconf 91' lang='lat' dir='ltr'>et</span> <span class='ocrx_word' id='word_1_291' title='bbox 1399 1820 1551 1874; x_wconf 88' lang='lat' dir='ltr'>scripta</span> <span class='ocrx_word' id='word_1_292' title='bbox 1581 1820 1733 1868; x_wconf 92' lang='lat' dir='ltr'>multa,</span> <span class='ocrx_word' id='word_1_293' title='bbox 1766 1820 1839 1860; x_wconf 88' lang='lat' dir='ltr'>sed</span> <span class='ocrx_word' id='word_1_294' title='bbox 1871 1820 1987 1860; x_wconf 90' lang='lat' dir='ltr'>brevi</span> <span class='ocrx_word' id='word_1_295' title='bbox 2017 1833 2082 1860; x_wconf 89' lang='lat' dir='ltr'>res</span> 
     </span>
    </p>
   </div>
   <div class='ocr_carea' id='block_1_3' title="bbox 311 2012 2086 2452">
    <p class='ocr_par' dir='ltr' id='par_1_3' title="bbox 311 2012 2086 2452">
     <span class='ocr_line' id='line_1_28' title="bbox 399 2012 2085 2052; baseline 0.001 -9"><span class='ocrx_word' id='word_1_296' title='bbox 399 2013 429 2043; x_wconf 74' lang='lat'>4.</span> <span class='ocrx_word' id='word_1_297' title='bbox 456 2020 778 2051; x_wconf 79' lang='lat' dir='ltr'>conprensarumque</span> <span class='ocrx_word' id='word_1_298' title='bbox 800 2013 824 2043; x_wconf 89' lang='lat' dir='ltr'>B</span> <span class='ocrx_word' id='word_1_299' title='bbox 854 2030 888 2034; x_wconf 90' lang='lat'>-—</span> <span class='ocrx_word' id='word_1_300' title='bbox 915 2013 946 2043; x_wconf 79' lang='grc' dir='ltr'>Ξζ,</span> <span class='ocrx_word' id='word_1_301' title='bbox 973 2021 1155 2052; x_wconf 75' lang='lat' dir='ltr'>conprensa</span> <span class='ocrx_word' id='word_1_302' title='bbox 1179 2013 1202 2043; x_wconf 94' lang='lat' dir='ltr'>B</span> <span class='ocrx_word' id='word_1_303' title='bbox 1235 2030 1268 2034; x_wconf 76' lang='lat'>-—</span> <span class='ocrx_word' id='word_1_304' title='bbox 1297 2012 1327 2043; x_wconf 86' lang='lat'>3.</span> <span class='ocrx_word' id='word_1_305' title='bbox 1354 2012 1500 2043; x_wconf 76' lang='lat' dir='ltr'>meminit</span> <span class='ocrx_word' id='word_1_306' title='bbox 1523 2012 1629 2043; x_wconf 77' lang='lat' dir='ltr'>seiron</span> <span class='ocrx_word' id='word_1_307' title='bbox 1656 2013 1727 2051; x_wconf 72' lang='lat' dir='ltr'>(sic)</span> <span class='ocrx_word' id='word_1_308' title='bbox 1746 2030 1795 2036; x_wconf 91' lang='lat'>-—</span> <span class='ocrx_word' id='word_1_309' title='bbox 1812 2022 1898 2044; x_wconf 80' lang='lat' dir='ltr'>nunc</span> <span class='ocrx_word' id='word_1_310' title='bbox 1922 2013 2035 2045; x_wconf 86' lang='lat' dir='ltr'>omnia</span> <span class='ocrx_word' id='word_1_311' title='bbox 2057 2014 2085 2045; x_wconf 88' lang='lat' dir='ltr'>A</span> 
     </span>
     <span class='ocr_line' id='line_1_29' title="bbox 312 2061 2083 2102; baseline 0.001 -9"><span class='ocrx_word' id='word_1_312' title='bbox 312 2061 419 2093; x_wconf 87' lang='lat' dir='ltr'>habet</span> <span class='ocrx_word' id='word_1_313' title='bbox 447 2062 480 2092; x_wconf 92' lang='lat' dir='ltr'>in</span> <span class='ocrx_word' id='word_1_314' title='bbox 506 2070 615 2102; x_wconf 82' lang='lat' dir='ltr'>marg.</span> <span class='ocrx_word' id='word_1_315' title='bbox 642 2070 689 2093; x_wconf 89' lang='lat' dir='ltr'>m.</span> <span class='ocrx_word' id='word_1_316' title='bbox 715 2063 734 2093; x_wconf 69' lang='lat'>2</span> <span class='ocrx_word' id='word_1_317' title='bbox 760 2061 840 2093; x_wconf 88' lang='lat' dir='ltr'>add.</span> <span class='ocrx_word' id='word_1_318' title='bbox 871 2079 905 2084; x_wconf 93' lang='grc'><strong>-</strong></span> <span class='ocrx_word' id='word_1_319' title='bbox 937 2063 1045 2092; x_wconf 77' lang='lat' dir='ltr'>sciron</span> <span class='ocrx_word' id='word_1_320' title='bbox 1070 2063 1093 2093; x_wconf 91' lang='lat' dir='ltr'><strong>B</strong></span> <span class='ocrx_word' id='word_1_321' title='bbox 1111 2063 1153 2093; x_wconf 88' lang='lat' dir='ltr'>E:</span> <span class='ocrx_word' id='word_1_322' title='bbox 1181 2071 1275 2093; x_wconf 82' lang='lat' dir='ltr'>seron</span> <span class='ocrx_word' id='word_1_323' title='bbox 1303 2064 1348 2094; x_wconf 84' lang='lat' dir='ltr'>G:</span> <span class='ocrx_word' id='word_1_324' title='bbox 1374 2063 1499 2100; x_wconf 73' lang='lat' dir='ltr'>Scyron</span> <span class='ocrx_word' id='word_1_325' title='bbox 1527 2063 1597 2097; x_wconf 77' lang='lat' dir='ltr'>rO;</span> <span class='ocrx_word' id='word_1_326' title='bbox 1625 2063 1731 2101; x_wconf 68' lang='lat' dir='ltr'>Syron</span> <span class='ocrx_word' id='word_1_327' title='bbox 1758 2064 1914 2094; x_wconf 87' lang='lat' dir='ltr'>Goerenz</span> <span class='ocrx_word' id='word_1_328' title='bbox 1944 2063 1988 2094; x_wconf 88' lang='lat' dir='ltr'>ad</span> <span class='ocrx_word' id='word_1_329' title='bbox 2013 2063 2083 2095; x_wconf 82' lang='lat' dir='ltr'>Cic.</span> 
     </span>
     <span class='ocr_line' id='line_1_30' title="bbox 312 2111 2082 2151; baseline 0.001 -9"><span class='ocrx_word' id='word_1_330' title='bbox 312 2111 355 2143; x_wconf 88' lang='lat' dir='ltr'>de</span> <span class='ocrx_word' id='word_1_331' title='bbox 382 2111 464 2143; x_wconf 83' lang='lat' dir='ltr'>finn.</span> <span class='ocrx_word' id='word_1_332' title='bbox 492 2112 537 2149; x_wconf 85' lang='lat'>11,</span> <span class='ocrx_word' id='word_1_333' title='bbox 569 2111 586 2151; x_wconf 65' lang='grc' dir='ltr'><strong>ἓ</strong></span> <span class='ocrx_word' id='word_1_334' title='bbox 612 2112 692 2149; x_wconf 81' lang='grc'>419,</span> <span class='ocrx_word' id='word_1_335' title='bbox 718 2111 777 2142; x_wconf 94' lang='lat' dir='ltr'>ubi</span> <span class='ocrx_word' id='word_1_336' title='bbox 802 2120 895 2143; x_wconf 85' lang='lat' dir='ltr'>nunc</span> <span class='ocrx_word' id='word_1_337' title='bbox 919 2121 950 2143; x_wconf 73' lang='lat' dir='ltr'>v.</span> <span class='ocrx_word' id='word_1_338' title='bbox 979 2111 1200 2151; x_wconf 71' lang='lat' dir='ltr'>Madvigium.</span> <span class='ocrx_word' id='word_1_339' title='bbox 1239 2111 1344 2142; x_wconf 78' lang='lat' dir='ltr'>Nobis</span> <span class='ocrx_word' id='word_1_340' title='bbox 1377 2114 1494 2143; x_wconf 84' lang='lat' dir='ltr'>tamen</span> <span class='ocrx_word' id='word_1_341' title='bbox 1519 2121 1602 2142; x_wconf 50' lang='lat' dir='ltr'>sera</span> <span class='ocrx_word' id='word_1_342' title='bbox 1634 2112 1744 2143; x_wconf 78' lang='lat' dir='ltr'>forma</span> <span class='ocrx_word' id='word_1_343' title='bbox 1778 2112 1917 2143; x_wconf 68' lang='lat' dir='ltr'>videtur</span> <span class='ocrx_word' id='word_1_344' title='bbox 1947 2113 2082 2151; x_wconf 79' lang='lat' dir='ltr'>Sciron,</span> 
     </span>
     <span class='ocr_line' id='line_1_31' title="bbox 313 2160 2078 2202; baseline 0.001 -10"><span class='ocrx_word' id='word_1_345' title='bbox 313 2170 420 2201; x_wconf 89' lang='lat' dir='ltr'>quam</span> <span class='ocrx_word' id='word_1_346' title='bbox 453 2160 605 2193; x_wconf 77' lang='lat' dir='ltr'>editores</span> <span class='ocrx_word' id='word_1_347' title='bbox 638 2163 742 2192; x_wconf 81' lang='lat' dir='ltr'>etiam</span> <span class='ocrx_word' id='word_1_348' title='bbox 776 2171 816 2192; x_wconf 85' lang='lat' dir='ltr'>ex</span> <span class='ocrx_word' id='word_1_349' title='bbox 848 2163 971 2193; x_wconf 86' lang='lat' dir='ltr'>Donati</span> <span class='ocrx_word' id='word_1_350' title='bbox 995 2163 1062 2192; x_wconf 66' lang='lat' dir='ltr'>vita</span> <span class='ocrx_word' id='word_1_351' title='bbox 1087 2161 1225 2201; x_wconf 65' lang='lat' dir='ltr'>Vergilii</span> <span class='ocrx_word' id='word_1_352' title='bbox 1251 2161 1268 2201; x_wconf 59' lang='grc' dir='ltr'><strong>ἓ</strong></span> <span class='ocrx_word' id='word_1_353' title='bbox 1295 2161 1334 2191; x_wconf 78' lang='lat'>79</span> <span class='ocrx_word' id='word_1_354' title='bbox 1361 2163 1392 2192; x_wconf 87' lang='lat' dir='ltr'>et</span> <span class='ocrx_word' id='word_1_355' title='bbox 1419 2171 1460 2192; x_wconf 78' lang='lat' dir='ltr'>ex</span> <span class='ocrx_word' id='word_1_356' title='bbox 1486 2161 1670 2193; x_wconf 84' lang='lat' dir='ltr'>Catalectis</span> <span class='ocrx_word' id='word_1_357' title='bbox 1696 2162 1799 2202; x_wconf 66' lang='lat' dir='ltr'>Verg.</span> <span class='ocrx_word' id='word_1_358' title='bbox 1825 2163 1856 2200; x_wconf 79' lang='lat'>7,</span> <span class='ocrx_word' id='word_1_359' title='bbox 1883 2163 1901 2193; x_wconf 81' lang='lat'><strong>9</strong></span> <span class='ocrx_word' id='word_1_360' title='bbox 1928 2165 1961 2194; x_wconf 83' lang='lat' dir='ltr'>et</span> <span class='ocrx_word' id='word_1_361' title='bbox 1987 2164 2037 2200; x_wconf 73' lang='lat'>40,</span> <span class='ocrx_word' id='word_1_362' title='bbox 2066 2164 2078 2194; x_wconf 58' lang='lat'>1¹</span> 
     </span>
     <span class='ocr_line' id='line_1_32' title="bbox 314 2210 2085 2252; baseline -0.001 -9"><span class='ocrx_word' id='word_1_363' title='bbox 314 2210 416 2243; x_wconf 86' lang='lat' dir='ltr'>codd.</span> <span class='ocrx_word' id='word_1_364' title='bbox 443 2212 568 2251; x_wconf 85' lang='lat' dir='ltr'>spretis</span> <span class='ocrx_word' id='word_1_365' title='bbox 600 2211 818 2252; x_wconf 80' lang='lat' dir='ltr'>expulerunt.</span> <span class='ocrx_word' id='word_1_366' title='bbox 851 2213 888 2243; x_wconf 88' lang='lat'>111</span> <span class='ocrx_word' id='word_1_367' title='bbox 914 2212 984 2243; x_wconf 82' lang='lat' dir='ltr'>Cic.</span> <span class='ocrx_word' id='word_1_368' title='bbox 1012 2212 1111 2252; x_wconf 78' lang='lat' dir='ltr'>epist.</span> <span class='ocrx_word' id='word_1_369' title='bbox 1138 2211 1181 2241; x_wconf 86' lang='lat' dir='ltr'>ad</span> <span class='ocrx_word' id='word_1_370' title='bbox 1207 2210 1310 2242; x_wconf 83' lang='lat' dir='ltr'>famil.</span> <span class='ocrx_word' id='word_1_371' title='bbox 1337 2211 1398 2247; x_wconf 67' lang='lat' dir='ltr'>Vi,</span> <span class='ocrx_word' id='word_1_372' title='bbox 1428 2213 1478 2249; x_wconf 71' lang='lat' dir='ltr'>vtt,</span> <span class='ocrx_word' id='word_1_373' title='bbox 1506 2212 1536 2242; x_wconf 69' lang='lat' dir='ltr'>u2.</span> <span class='ocrx_word' id='word_1_374' title='bbox 1575 2212 1734 2250; x_wconf 73' lang='lat' dir='ltr'>Syronem</span> <span class='ocrx_word' id='word_1_375' title='bbox 1759 2211 1891 2247; x_wconf 66' lang='lat' dir='ltr'>editur.</span> <span class='ocrx_word' id='word_1_376' title='bbox 1919 2211 1983 2243; x_wconf 90' lang='lat' dir='ltr'>sed</span> <span class='ocrx_word' id='word_1_377' title='bbox 2005 2211 2085 2242; x_wconf 89' lang='lat' dir='ltr'>Bai—</span> 
     </span>
     <span class='ocr_line' id='line_1_33' title="bbox 313 2261 2086 2300; baseline -0.001 -7"><span class='ocrx_word' id='word_1_378' title='bbox 313 2264 388 2294; x_wconf 86' lang='lat' dir='ltr'>tero</span> <span class='ocrx_word' id='word_1_379' title='bbox 420 2263 509 2293; x_wconf 83' lang='lat' dir='ltr'>teste</span> <span class='ocrx_word' id='word_1_380' title='bbox 540 2261 651 2292; x_wconf 81' lang='lat' dir='ltr'>codex</span> <span class='ocrx_word' id='word_1_381' title='bbox 681 2261 859 2293; x_wconf 83' lang='lat' dir='ltr'>Mediceus</span> <span class='ocrx_word' id='word_1_382' title='bbox 891 2261 1031 2292; x_wconf 74' lang='lat' dir='ltr'>exhibet</span> <span class='ocrx_word' id='word_1_383' title='bbox 1064 2262 1215 2291; x_wconf 78' lang='lat' dir='ltr'>sirenem.</span> <span class='ocrx_word' id='word_1_384' title='bbox 1241 2279 1283 2283; x_wconf 84' lang='lat'>—-</span> <span class='ocrx_word' id='word_1_385' title='bbox 1308 2261 1460 2290; x_wconf 70' lang='lat' dir='ltr'>docmata</span> <span class='ocrx_word' id='word_1_386' title='bbox 1484 2261 1521 2291; x_wconf 84' lang='grc' dir='ltr'>Β1</span> <span class='ocrx_word' id='word_1_387' title='bbox 1549 2278 1582 2281; x_wconf 79' lang='lat'>—</span> <span class='ocrx_word' id='word_1_388' title='bbox 1610 2261 1640 2292; x_wconf 85' lang='lat'>6.</span> <span class='ocrx_word' id='word_1_389' title='bbox 1666 2261 1795 2299; x_wconf 74' lang='lat' dir='ltr'>fateare</span> <span class='ocrx_word' id='word_1_390' title='bbox 1818 2261 1960 2292; x_wconf 67' lang='lat' dir='ltr'>DavIes:</span> <span class='ocrx_word' id='word_1_391' title='bbox 1988 2261 2086 2300; x_wconf 80' lang='lat' dir='ltr'>facile</span> 
     </span>
     <span class='ocr_line' id='line_1_34' title="bbox 314 2309 2082 2351; baseline -0.002 -6"><span class='ocrx_word' id='word_1_392' title='bbox 314 2312 391 2345; x_wconf 54' lang='lat'>&gt;213²</span> <span class='ocrx_word' id='word_1_393' title='bbox 407 2312 446 2349; x_wconf 81' lang='lat' dir='ltr'>E,</span> <span class='ocrx_word' id='word_1_394' title='bbox 470 2312 579 2351; x_wconf 84' lang='lat' dir='ltr'>facere</span> <span class='ocrx_word' id='word_1_395' title='bbox 596 2313 640 2349; x_wconf 76' lang='lat' dir='ltr'>G,</span> <span class='ocrx_word' id='word_1_396' title='bbox 665 2309 774 2350; x_wconf 67' lang='lat' dir='ltr'>facere</span> <span class='ocrx_word' id='word_1_397' title='bbox 800 2312 854 2349; x_wconf 80' lang='lat' dir='ltr'>B¹‚</span> <span class='ocrx_word' id='word_1_398' title='bbox 879 2312 986 2351; x_wconf 79' lang='lat' dir='ltr'>facias</span> <span class='ocrx_word' id='word_1_399' title='bbox 1003 2310 1078 2342; x_wconf 81' lang='lat' dir='ltr'>cod.</span> <span class='ocrx_word' id='word_1_400' title='bbox 1099 2311 1257 2342; x_wconf 84' lang='lat' dir='ltr'>Manutii:</span> <span class='ocrx_word' id='word_1_401' title='bbox 1283 2311 1410 2350; x_wconf 77' lang='lat' dir='ltr'>fateare</span> <span class='ocrx_word' id='word_1_402' title='bbox 1427 2309 1480 2341; x_wconf 64' lang='lat' dir='ltr'>vel</span> <span class='ocrx_word' id='word_1_403' title='bbox 1502 2311 1635 2349; x_wconf 76' lang='lat' dir='ltr'>patiare</span> <span class='ocrx_word' id='word_1_404' title='bbox 1652 2312 1842 2343; x_wconf 82' lang='lat' dir='ltr'>Hermann.</span> <span class='ocrx_word' id='word_1_405' title='bbox 1879 2312 2082 2343; x_wconf 87' lang='lat' dir='ltr'>Lectionem</span> 
     </span>
     <span class='ocr_line' id='line_1_35' title="bbox 311 2360 2083 2402; baseline 0 -10"><span class='ocrx_word' id='word_1_406' title='bbox 311 2362 420 2401; x_wconf 86' lang='lat' dir='ltr'>facere</span> <span class='ocrx_word' id='word_1_407' title='bbox 444 2360 599 2392; x_wconf 80' lang='lat' dir='ltr'>defendit</span> <span class='ocrx_word' id='word_1_408' title='bbox 624 2361 756 2399; x_wconf 84' lang='lat' dir='ltr'>Christ,</span> <span class='ocrx_word' id='word_1_409' title='bbox 791 2363 1003 2392; x_wconf 80' lang='lat' dir='ltr'>structuram</span> <span class='ocrx_word' id='word_1_410' title='bbox 1034 2364 1110 2401; x_wconf 85' lang='lat' dir='ltr'>post</span> <span class='ocrx_word' id='word_1_411' title='bbox 1141 2364 1265 2399; x_wconf 71' lang='lat' dir='ltr'>oporlet</span> <span class='ocrx_word' id='word_1_412' title='bbox 1299 2361 1468 2391; x_wconf 68' lang='lat' dir='ltr'>variatam</span> <span class='ocrx_word' id='word_1_413' title='bbox 1495 2370 1572 2392; x_wconf 84' lang='lat' dir='ltr'>esse</span> <span class='ocrx_word' id='word_1_414' title='bbox 1599 2364 1772 2400; x_wconf 83' lang='lat' dir='ltr'>statuens,</span> <span class='ocrx_word' id='word_1_415' title='bbox 1806 2364 1842 2392; x_wconf 86' lang='lat' dir='ltr'>ut</span> <span class='ocrx_word' id='word_1_416' title='bbox 1868 2370 1973 2402; x_wconf 82' lang='lat' dir='ltr'>supra</span> <span class='ocrx_word' id='word_1_417' title='bbox 1999 2361 2017 2401; x_wconf 68' lang='lat' dir='ltr'>S</span> <span class='ocrx_word' id='word_1_418' title='bbox 2043 2361 2083 2392; x_wconf 86' lang='lat'>39</span> 
     </span>
     <span class='ocr_line' id='line_1_36' title="bbox 313 2410 2081 2452; baseline 0 -10"><span class='ocrx_word' id='word_1_419' title='bbox 313 2412 391 2452; x_wconf 88' lang='lat' dir='ltr'>post</span> <span class='ocrx_word' id='word_1_420' title='bbox 421 2420 544 2442; x_wconf 76' lang='lat' dir='ltr'>necesse</span> <span class='ocrx_word' id='word_1_421' title='bbox 574 2414 637 2447; x_wconf 73' lang='grc' dir='ltr'>εει,-</span> <span class='ocrx_word' id='word_1_422' title='bbox 676 2410 718 2441; x_wconf 77' lang='lat' dir='ltr'>de</span> <span class='ocrx_word' id='word_1_423' title='bbox 752 2411 919 2442; x_wconf 69' lang='lat' dir='ltr'>infinitivo</span> <span class='ocrx_word' id='word_1_424' title='bbox 950 2412 1067 2442; x_wconf 86' lang='lat' dir='ltr'>autem</span> <span class='ocrx_word' id='word_1_425' title='bbox 1103 2414 1180 2451; x_wconf 81' lang='lat' dir='ltr'>post</span> <span class='ocrx_word' id='word_1_426' title='bbox 1203 2412 1313 2450; x_wconf 81' lang='lat' dir='ltr'>facere</span> <span class='ocrx_word' id='word_1_427' title='bbox 1338 2419 1369 2441; x_wconf 67' lang='lat' dir='ltr'>v,</span> <span class='ocrx_word' id='word_1_428' title='bbox 1397 2410 1510 2441; x_wconf 68' lang='lat' dir='ltr'>Madv.</span> <span class='ocrx_word' id='word_1_429' title='bbox 1537 2410 1580 2441; x_wconf 86' lang='lat' dir='ltr'>ad</span> <span class='ocrx_word' id='word_1_430' title='bbox 1606 2411 1676 2442; x_wconf 84' lang='lat' dir='ltr'>Cic.</span> <span class='ocrx_word' id='word_1_431' title='bbox 1703 2411 1747 2442; x_wconf 86' lang='lat' dir='ltr'>de</span> <span class='ocrx_word' id='word_1_432' title='bbox 1771 2411 1854 2443; x_wconf 84' lang='lat' dir='ltr'>finn.</span> <span class='ocrx_word' id='word_1_433' title='bbox 1881 2421 1915 2452; x_wconf 92' lang='lat' dir='ltr'>p.</span> <span class='ocrx_word' id='word_1_434' title='bbox 1941 2411 2016 2443; x_wconf 79' lang='lat'>496.</span> <span class='ocrx_word' id='word_1_435' title='bbox 2045 2428 2081 2433; x_wconf 91' lang='lat'><em>-</em></span> 
     </span>
    </p>
   </div>
   <div class='ocr_carea' id='block_1_4' title="bbox 313 2460 2084 2599">
    <p class='ocr_par' dir='ltr' id='par_1_4' title="bbox 313 2460 2084 2599">
     <span class='ocr_line' id='line_1_37' title="bbox 314 2460 2082 2501; baseline 0 -9"><span class='ocrx_word' id='word_1_436' title='bbox 314 2461 345 2492; x_wconf 82' lang='lat'>7.</span> <span class='ocrx_word' id='word_1_437' title='bbox 372 2460 486 2499; x_wconf 78' lang='lat' dir='ltr'>quibus</span> <span class='ocrx_word' id='word_1_438' title='bbox 510 2469 579 2491; x_wconf 87' lang='lat' dir='ltr'>om.</span> <span class='ocrx_word' id='word_1_439' title='bbox 607 2461 649 2497; x_wconf 87' lang='lat' dir='ltr'>B,</span> <span class='ocrx_word' id='word_1_440' title='bbox 684 2462 713 2490; x_wconf 77' lang='lat' dir='ltr'>ir</span> <span class='ocrx_word' id='word_1_441' title='bbox 744 2462 765 2491; x_wconf 60' lang='lat' dir='ltr'>A</span> <span class='ocrx_word' id='word_1_442' title='bbox 799 2463 1004 2501; x_wconf 58' lang='lat' dir='ltr'>punctatum</span> <span class='ocrx_word' id='word_1_443' title='bbox 1036 2479 1069 2482; x_wconf 84' lang='lat'>—-</span> <span class='ocrx_word' id='word_1_444' title='bbox 1104 2462 1142 2491; x_wconf 87' lang='lat' dir='ltr'>iis</span> <span class='ocrx_word' id='word_1_445' title='bbox 1172 2470 1232 2499; x_wconf 78' lang='lat' dir='ltr'>que</span> <span class='ocrx_word' id='word_1_446' title='bbox 1262 2462 1351 2500; x_wconf 79' lang='lat' dir='ltr'>ipsae</span> <span class='ocrx_word' id='word_1_447' title='bbox 1380 2463 1425 2497; x_wconf 72' lang='lat' dir='ltr'>A,</span> <span class='ocrx_word' id='word_1_448' title='bbox 1461 2460 1523 2492; x_wconf 88' lang='lat' dir='ltr'>sed</span> <span class='ocrx_word' id='word_1_449' title='bbox 1557 2469 1618 2499; x_wconf 76' lang='lat' dir='ltr'>que</span> <span class='ocrx_word' id='word_1_450' title='bbox 1644 2462 1677 2492; x_wconf 89' lang='lat' dir='ltr'>in</span> <span class='ocrx_word' id='word_1_451' title='bbox 1701 2470 1769 2493; x_wconf 81' lang='lat' dir='ltr'>ras.</span> <span class='ocrx_word' id='word_1_452' title='bbox 1796 2470 1843 2493; x_wconf 89' lang='lat' dir='ltr'>m.</span> <span class='ocrx_word' id='word_1_453' title='bbox 1870 2463 1908 2499; x_wconf 70' lang='lat'>⁶23</span> <span class='ocrx_word' id='word_1_454' title='bbox 1946 2462 1985 2492; x_wconf 84' lang='lat' dir='ltr'>iis</span> <span class='ocrx_word' id='word_1_455' title='bbox 2008 2470 2082 2499; x_wconf 54' lang='grc' dir='ltr'>πρίῃ</span> 
     </span>
     <span class='ocr_line' id='line_1_38' title="bbox 313 2509 2080 2550; baseline 0.001 -10"><span class='ocrx_word' id='word_1_456' title='bbox 313 2510 403 2549; x_wconf 77' lang='lat' dir='ltr'>ipsae</span> <span class='ocrx_word' id='word_1_457' title='bbox 427 2510 489 2540; x_wconf 85' lang='lat' dir='ltr'>BG</span> <span class='ocrx_word' id='word_1_458' title='bbox 517 2527 551 2531; x_wconf 91' lang='lat'>—</span> <span class='ocrx_word' id='word_1_459' title='bbox 590 2509 620 2541; x_wconf 92' lang='lat'>8.</span> <span class='ocrx_word' id='word_1_460' title='bbox 647 2509 702 2550; x_wconf 77' lang='lat' dir='ltr'>an]</span> <span class='ocrx_word' id='word_1_461' title='bbox 736 2513 795 2540; x_wconf 76' lang='lat' dir='ltr'>aut</span> <span class='ocrx_word' id='word_1_462' title='bbox 817 2513 843 2541; x_wconf 79' lang='lat' dir='ltr'>A</span> <span class='ocrx_word' id='word_1_463' title='bbox 869 2510 901 2540; x_wconf 89' lang='lat' dir='ltr'>in</span> <span class='ocrx_word' id='word_1_464' title='bbox 926 2519 995 2542; x_wconf 80' lang='lat' dir='ltr'>ras.</span> <span class='ocrx_word' id='word_1_465' title='bbox 1020 2529 1064 2533; x_wconf 85' lang='lat'>—-</span> <span class='ocrx_word' id='word_1_466' title='bbox 1096 2512 1121 2541; x_wconf 88' lang='lat' dir='ltr'>is</span> <span class='ocrx_word' id='word_1_467' title='bbox 1149 2510 1188 2542; x_wconf 71' lang='lat' dir='ltr'>A¹</span> <span class='ocrx_word' id='word_1_468' title='bbox 1221 2528 1254 2532; x_wconf 77' lang='lat'>—</span> <span class='ocrx_word' id='word_1_469' title='bbox 1294 2512 1323 2541; x_wconf 79' lang='lat'>9.</span> <span class='ocrx_word' id='word_1_470' title='bbox 1356 2510 1448 2541; x_wconf 61' lang='lat' dir='ltr'>habet</span> <span class='ocrx_word' id='word_1_471' title='bbox 1483 2511 1521 2541; x_wconf 85' lang='grc' dir='ltr'>Β1</span> <span class='ocrx_word' id='word_1_472' title='bbox 1547 2528 1581 2533; x_wconf 86' lang='grc'><strong>-</strong></span> <span class='ocrx_word' id='word_1_473' title='bbox 1620 2511 1650 2542; x_wconf 87' lang='grc'>9.</span> <span class='ocrx_word' id='word_1_474' title='bbox 1677 2513 1971 2550; x_wconf 75' lang='lat' dir='ltr'>que--diiudicet</span> <span class='ocrx_word' id='word_1_475' title='bbox 1995 2512 2020 2542; x_wconf 91' lang='lat' dir='ltr'>G</span> <span class='ocrx_word' id='word_1_476' title='bbox 2045 2528 2080 2532; x_wconf 97' lang='lat'><strong>—</strong></span> 
     </span>
     <span class='ocr_line' id='line_1_39' title="bbox 316 2559 2084 2599; baseline 0 -8"><span class='ocrx_word' id='word_1_477' title='bbox 316 2560 368 2591; x_wconf 72' lang='lat' dir='ltr'>io.</span> <span class='ocrx_word' id='word_1_478' title='bbox 395 2559 509 2590; x_wconf 81' lang='lat' dir='ltr'>limina</span> <span class='ocrx_word' id='word_1_479' title='bbox 534 2560 577 2597; x_wconf 90' lang='lat' dir='ltr'>G,</span> <span class='ocrx_word' id='word_1_480' title='bbox 602 2560 735 2590; x_wconf 78' lang='lat' dir='ltr'>vincula</span> <span class='ocrx_word' id='word_1_481' title='bbox 758 2559 812 2591; x_wconf 51' lang='lat' dir='ltr'>x&#39;el</span> <span class='ocrx_word' id='word_1_482' title='bbox 838 2561 1019 2591; x_wconf 75' lang='lat' dir='ltr'>niunimina</span> <span class='ocrx_word' id='word_1_483' title='bbox 1044 2561 1186 2596; x_wconf 64' lang='lat' dir='ltr'>Daxies.</span> <span class='ocrx_word' id='word_1_484' title='bbox 1214 2560 1379 2591; x_wconf 75' lang='lat' dir='ltr'>columina</span> <span class='ocrx_word' id='word_1_485' title='bbox 1404 2559 1550 2599; x_wconf 72' lang='lat' dir='ltr'>Bentley</span> <span class='ocrx_word' id='word_1_486' title='bbox 1567 2578 1609 2583; x_wconf 87' lang='lat'>—</span> <span class='ocrx_word' id='word_1_487' title='bbox 1635 2562 1685 2592; x_wconf 74' lang='lat' dir='ltr'>tt.</span> <span class='ocrx_word' id='word_1_488' title='bbox 1713 2562 1756 2591; x_wconf 86' lang='lat' dir='ltr'>ad</span> <span class='ocrx_word' id='word_1_489' title='bbox 1778 2560 1832 2592; x_wconf 86' lang='lat' dir='ltr'>B¹.</span> <span class='ocrx_word' id='word_1_490' title='bbox 1860 2563 1929 2593; x_wconf 78' lang='lat' dir='ltr'>Nos</span> <span class='ocrx_word' id='word_1_491' title='bbox 1954 2559 2084 2592; x_wconf 75' lang='lat' dir='ltr'>verbo-</span> 
     </span>
    </p>
   </div>
   <div class='ocr_carea' id='block_1_5' title="bbox 316 2609 2086 2649">
    <p class='ocr_par' dir='ltr' id='par_1_5' title="bbox 316 2609 2086 2649">
     <span class='ocr_line' id='line_1_40' title="bbox 316 2609 2086 2649; baseline 0.001 -10"><span class='ocrx_word' id='word_1_492' title='bbox 316 2616 395 2639; x_wconf 89' lang='lat' dir='ltr'>rum</span> <span class='ocrx_word' id='word_1_493' title='bbox 425 2609 744 2648; x_wconf 80' lang='lat' dir='ltr'>interpunctionem</span> <span class='ocrx_word' id='word_1_494' title='bbox 778 2618 842 2649; x_wconf 89' lang='lat' dir='ltr'>per</span> <span class='ocrx_word' id='word_1_495' title='bbox 867 2611 976 2641; x_wconf 89' lang='lat' dir='ltr'>totum</span> <span class='ocrx_word' id='word_1_496' title='bbox 1000 2609 1115 2641; x_wconf 85' lang='lat' dir='ltr'>locum</span> <span class='ocrx_word' id='word_1_497' title='bbox 1142 2610 1428 2647; x_wconf 66' lang='lat' dir='ltr'>emendavimus,</span> <span class='ocrx_word' id='word_1_498' title='bbox 1461 2610 1608 2642; x_wconf 88' lang='lat' dir='ltr'>lectione</span> <span class='ocrx_word' id='word_1_499' title='bbox 1632 2610 1804 2642; x_wconf 80' lang='lat' dir='ltr'>librorum</span> <span class='ocrx_word' id='word_1_500' title='bbox 1827 2611 1913 2649; x_wconf 83' lang='lat' dir='ltr'>quod</span> <span class='ocrx_word' id='word_1_501' title='bbox 1936 2610 1963 2641; x_wconf 82' lang='lat' dir='ltr'>is</span> <span class='ocrx_word' id='word_1_502' title='bbox 1980 2612 2086 2649; x_wconf 76' lang='lat' dir='ltr'>potest</span> 
     </span>
    </p>
   </div>
   <div class='ocr_carea' id='block_1_6' title="bbox 317 2658 2086 2736">
    <p class='ocr_par' dir='ltr' id='par_1_6' title="bbox 317 2658 2086 2736">
     <span class='ocr_line' id='line_1_41' title="bbox 317 2658 2086 2700; baseline 0.001 -12"><span class='ocrx_word' id='word_1_503' title='bbox 317 2666 350 2688; x_wconf 75' lang='lat' dir='ltr'>V.</span> <span class='ocrx_word' id='word_1_504' title='bbox 372 2658 411 2689; x_wconf 73' lang='lat'>,15</span> <span class='ocrx_word' id='word_1_505' title='bbox 435 2659 613 2696; x_wconf 74' lang='lat' dir='ltr'>restituta3</span> <span class='ocrx_word' id='word_1_506' title='bbox 639 2659 678 2690; x_wconf 67' lang='lat' dir='ltr'>Aa</span> <span class='ocrx_word' id='word_1_507' title='bbox 702 2660 735 2690; x_wconf 85' lang='lat' dir='ltr'>id</span> <span class='ocrx_word' id='word_1_508' title='bbox 759 2660 887 2699; x_wconf 79' lang='lat' dir='ltr'>quidem</span> <span class='ocrx_word' id='word_1_509' title='bbox 908 2661 1118 2700; x_wconf 81' lang='lat' dir='ltr'>perspicuum</span> <span class='ocrx_word' id='word_1_510' title='bbox 1138 2664 1201 2691; x_wconf 77' lang='lat' dir='ltr'>esi:</span> <span class='ocrx_word' id='word_1_511' title='bbox 1228 2669 1326 2700; x_wconf 76' lang='lat' dir='ltr'>quum</span> <span class='ocrx_word' id='word_1_512' title='bbox 1343 2661 1522 2691; x_wconf 79' lang='lat' dir='ltr'>Panaetius</span> <span class='ocrx_word' id='word_1_513' title='bbox 1537 2678 1554 2683; x_wconf 91' lang='lat'>-</span> <span class='ocrx_word' id='word_1_514' title='bbox 1567 2678 1584 2688; x_wconf 38' lang='grc' dir='ltr'><strong>Ἴ</strong></span> <span class='ocrx_word' id='word_1_515' title='bbox 1600 2662 1766 2692; x_wconf 78' lang='lat' dir='ltr'>sustineat.</span> <span class='ocrx_word' id='word_1_516' title='bbox 1795 2661 1886 2700; x_wconf 84' lang='lat' dir='ltr'>Quod</span> <span class='ocrx_word' id='word_1_517' title='bbox 1901 2661 1928 2691; x_wconf 82' lang='lat' dir='ltr'>si</span> <span class='ocrx_word' id='word_1_518' title='bbox 1944 2661 1971 2691; x_wconf 82' lang='lat' dir='ltr'>is</span> <span class='ocrx_word' id='word_1_519' title='bbox 1981 2663 2086 2699; x_wconf 79' lang='lat' dir='ltr'>potest</span> 
     </span>
     <span class='ocr_line' id='line_1_42' title="bbox 1343 2718 1360 2736; baseline 0 0"><span class='ocrx_word' id='word_1_520' title='bbox 1343 2718 1360 2736; x_wconf 82' lang='grc' dir='ltr'><em>α</em></span> 
     </span>
    </p>
   </div>
   <div class='ocr_carea' id='block_1_7' title="bbox 316 2745 2087 3049">
    <p class='ocr_par' dir='ltr' id='par_1_7' title="bbox 316 2745 2087 3049">
     <span class='ocr_line' id='line_1_43' title="bbox 316 2745 2083 2788; baseline 0.001 -12"><span class='ocrx_word' id='word_1_521' title='bbox 316 2745 424 2785; x_wconf 77' lang='lat' dir='ltr'>facere</span> <span class='ocrx_word' id='word_1_522' title='bbox 455 2746 521 2776; x_wconf 87' lang='lat' dir='ltr'>cet.</span> <span class='ocrx_word' id='word_1_523' title='bbox 549 2746 573 2776; x_wconf 95' lang='lat' dir='ltr'>O</span> <span class='ocrx_word' id='word_1_524' title='bbox 601 2763 635 2768; x_wconf 94' lang='lat'><strong>—</strong></span> <span class='ocrx_word' id='word_1_525' title='bbox 670 2747 722 2778; x_wconf 71' lang='grc'>43.</span> <span class='ocrx_word' id='word_1_526' title='bbox 748 2747 1140 2786; x_wconf 79' lang='lat' dir='ltr'>quem--certissimum</span> <span class='ocrx_word' id='word_1_527' title='bbox 1163 2746 1253 2778; x_wconf 57' lang='grc' dir='ltr'>ΑῑΒ1</span> <span class='ocrx_word' id='word_1_528' title='bbox 1280 2748 1389 2786; x_wconf 79' lang='lat' dir='ltr'>(quem</span> <span class='ocrx_word' id='word_1_529' title='bbox 1412 2766 1448 2787; x_wconf 52' lang='grc' dir='ltr'>η</span> <span class='ocrx_word' id='word_1_530' title='bbox 1471 2748 1539 2779; x_wconf 71' lang='lat' dir='ltr'>on&#39;is</span> <span class='ocrx_word' id='word_1_531' title='bbox 1561 2749 1603 2786; x_wconf 76' lang='lat' dir='ltr'>A)</span> <span class='ocrx_word' id='word_1_532' title='bbox 1633 2765 1667 2770; x_wconf 86' lang='lat'>-—</span> <span class='ocrx_word' id='word_1_533' title='bbox 1702 2747 1753 2780; x_wconf 63' lang='lat'>44.</span> <span class='ocrx_word' id='word_1_534' title='bbox 1779 2748 1993 2788; x_wconf 82' lang='lat' dir='ltr'>haruspicum</span> <span class='ocrx_word' id='word_1_535' title='bbox 2019 2747 2083 2778; x_wconf 82' lang='lat' dir='ltr'>AB</span> 
     </span>
     <span class='ocr_line' id='line_1_44' title="bbox 318 2806 2087 2850; baseline 0.002 -13"><span class='ocrx_word' id='word_1_536' title='bbox 318 2806 383 2838; x_wconf 91' lang='lat' dir='ltr'>EG</span> <span class='ocrx_word' id='word_1_537' title='bbox 409 2806 482 2846; x_wconf 86' lang='lat' dir='ltr'>(sed</span> <span class='ocrx_word' id='word_1_538' title='bbox 507 2815 558 2838; x_wconf 89' lang='lat' dir='ltr'>ar.</span> <span class='ocrx_word' id='word_1_539' title='bbox 586 2807 630 2846; x_wconf 88' lang='lat' dir='ltr'>E,</span> <span class='ocrx_word' id='word_1_540' title='bbox 656 2817 732 2839; x_wconf 84' lang='lat' dir='ltr'>aur.</span> <span class='ocrx_word' id='word_1_541' title='bbox 759 2810 814 2846; x_wconf 88' lang='lat' dir='ltr'>G):</span> <span class='ocrx_word' id='word_1_542' title='bbox 840 2809 1031 2848; x_wconf 82' lang='lat' dir='ltr'>haruspieia</span> <span class='ocrx_word' id='word_1_543' title='bbox 1056 2810 1185 2842; x_wconf 81' lang='lat' dir='ltr'>Faber.</span> <span class='ocrx_word' id='word_1_544' title='bbox 1211 2810 1459 2849; x_wconf 75' lang='lat' dir='ltr'>haruspicinam</span> <span class='ocrx_word' id='word_1_545' title='bbox 1486 2811 1619 2841; x_wconf 83' lang='lat' dir='ltr'>Ernesti</span> <span class='ocrx_word' id='word_1_546' title='bbox 1647 2811 1679 2840; x_wconf 86' lang='lat' dir='ltr'>et</span> <span class='ocrx_word' id='word_1_547' title='bbox 1703 2810 1748 2847; x_wconf 88' lang='lat' dir='ltr'>O,</span> <span class='ocrx_word' id='word_1_548' title='bbox 1774 2810 1998 2850; x_wconf 75' lang='lat' dir='ltr'>haruspicium</span> <span class='ocrx_word' id='word_1_549' title='bbox 2021 2810 2087 2840; x_wconf 88' lang='lat' dir='ltr'>Da-</span> 
     </span>
     <span class='ocr_line' id='line_1_45' title="bbox 316 2855 2085 2900; baseline 0.002 -13"><span class='ocrx_word' id='word_1_550' title='bbox 316 2857 390 2888; x_wconf 86' lang='lat' dir='ltr'>vies</span> <span class='ocrx_word' id='word_1_551' title='bbox 415 2855 491 2887; x_wconf 86' lang='lat' dir='ltr'>coll.</span> <span class='ocrx_word' id='word_1_552' title='bbox 519 2856 602 2889; x_wconf 91' lang='lat' dir='ltr'>Plin.</span> <span class='ocrx_word' id='word_1_553' title='bbox 628 2860 696 2889; x_wconf 83' lang='lat' dir='ltr'>nat.</span> <span class='ocrx_word' id='word_1_554' title='bbox 723 2859 801 2891; x_wconf 86' lang='lat' dir='ltr'>hist.</span> <span class='ocrx_word' id='word_1_555' title='bbox 829 2860 903 2892; x_wconf 72' lang='lat' dir='ltr'>vil.</span> <span class='ocrx_word' id='word_1_556' title='bbox 930 2860 987 2898; x_wconf 80' lang='grc'>56,</span> <span class='ocrx_word' id='word_1_557' title='bbox 1015 2860 1032 2900; x_wconf 64' lang='lat'><strong>3</strong></span> <span class='ocrx_word' id='word_1_558' title='bbox 1058 2860 1119 2890; x_wconf 53' lang='grc' dir='ltr'>α203</span> <span class='ocrx_word' id='word_1_559' title='bbox 1146 2859 1215 2898; x_wconf 79' lang='lat' dir='ltr'>(ubi</span> <span class='ocrx_word' id='word_1_560' title='bbox 1240 2868 1333 2891; x_wconf 82' lang='lat' dir='ltr'>nunc</span> <span class='ocrx_word' id='word_1_561' title='bbox 1358 2860 1571 2898; x_wconf 76' lang='lat' dir='ltr'>haruspicum</span> <span class='ocrx_word' id='word_1_562' title='bbox 1594 2859 1746 2899; x_wconf 75' lang='lat' dir='ltr'>legiturj2‚</span> <span class='ocrx_word' id='word_1_563' title='bbox 1773 2860 1899 2891; x_wconf 85' lang='lat' dir='ltr'>iterum</span> <span class='ocrx_word' id='word_1_564' title='bbox 1918 2860 2085 2891; x_wconf 85' lang='lat' dir='ltr'>Herman-</span> 
     </span>
     <span class='ocr_line' id='line_1_46' title="bbox 318 2906 2084 2949; baseline 0.002 -13"><span class='ocrx_word' id='word_1_565' title='bbox 318 2915 384 2938; x_wconf 86' lang='lat' dir='ltr'>nus</span> <span class='ocrx_word' id='word_1_566' title='bbox 416 2906 492 2938; x_wconf 90' lang='lat' dir='ltr'>coll.</span> <span class='ocrx_word' id='word_1_567' title='bbox 521 2907 642 2939; x_wconf 84' lang='lat' dir='ltr'>Catulli</span> <span class='ocrx_word' id='word_1_568' title='bbox 666 2909 725 2947; x_wconf 84' lang='lat'>90,</span> <span class='ocrx_word' id='word_1_569' title='bbox 752 2909 788 2943; x_wconf 67' lang='lat'>02:</span> <span class='ocrx_word' id='word_1_570' title='bbox 824 2911 858 2940; x_wconf 86' lang='lat' dir='ltr'>at</span> <span class='ocrx_word' id='word_1_571' title='bbox 887 2919 968 2941; x_wconf 87' lang='lat' dir='ltr'>cum</span> <span class='ocrx_word' id='word_1_572' title='bbox 999 2918 1127 2941; x_wconf 85' lang='lat' dir='ltr'>nomen</span> <span class='ocrx_word' id='word_1_573' title='bbox 1162 2909 1302 2949; x_wconf 85' lang='lat' dir='ltr'>pluralis</span> <span class='ocrx_word' id='word_1_574' title='bbox 1337 2910 1473 2941; x_wconf 89' lang='lat' dir='ltr'>numeri</span> <span class='ocrx_word' id='word_1_575' title='bbox 1498 2910 1627 2949; x_wconf 87' lang='lat' dir='ltr'>requiri</span> <span class='ocrx_word' id='word_1_576' title='bbox 1652 2909 1828 2947; x_wconf 68' lang='lat' dir='ltr'>videatur,</span> <span class='ocrx_word' id='word_1_577' title='bbox 1862 2908 2084 2941; x_wconf 57' lang='lat' dir='ltr'>x‘erisimilius</span> 
     </span>
     <span class='ocr_line' id='line_1_47' title="bbox 317 2955 2084 2999; baseline 0.002 -13"><span class='ocrx_word' id='word_1_578' title='bbox 317 2955 455 2986; x_wconf 87' lang='lat' dir='ltr'>videtur</span> <span class='ocrx_word' id='word_1_579' title='bbox 478 2965 632 2995; x_wconf 84' lang='lat' dir='ltr'>responsa</span> <span class='ocrx_word' id='word_1_580' title='bbox 655 2961 733 2998; x_wconf 86' lang='lat' dir='ltr'>post</span> <span class='ocrx_word' id='word_1_581' title='bbox 756 2959 967 2999; x_wconf 76' lang='lat' dir='ltr'>haruspicum</span> <span class='ocrx_word' id='word_1_582' title='bbox 990 2960 1230 2997; x_wconf 79' lang='lat' dir='ltr'>intercidisse,</span> <span class='ocrx_word' id='word_1_583' title='bbox 1266 2961 1303 2990; x_wconf 91' lang='lat' dir='ltr'>ut</span> <span class='ocrx_word' id='word_1_584' title='bbox 1328 2959 1421 2990; x_wconf 88' lang='lat' dir='ltr'>idem</span> <span class='ocrx_word' id='word_1_585' title='bbox 1448 2959 1585 2990; x_wconf 86' lang='lat' dir='ltr'>Ernesti</span> <span class='ocrx_word' id='word_1_586' title='bbox 1610 2959 1777 2995; x_wconf 74' lang='lat' dir='ltr'>coniecit.</span> <span class='ocrx_word' id='word_1_587' title='bbox 1811 2967 2025 2999; x_wconf 87' lang='lat' dir='ltr'>quamquam</span> <span class='ocrx_word' id='word_1_588' title='bbox 2050 2959 2084 2990; x_wconf 89' lang='lat' dir='ltr'>in</span> 
     </span>
     <span class='ocr_line' id='line_1_48' title="bbox 318 3004 2084 3049; baseline 0.002 -14"><span class='ocrx_word' id='word_1_589' title='bbox 318 3004 510 3037; x_wconf 87' lang='lat' dir='ltr'>verborum</span> <span class='ocrx_word' id='word_1_590' title='bbox 528 3009 693 3039; x_wconf 79' lang='lat' dir='ltr'>contextu</span> <span class='ocrx_word' id='word_1_591' title='bbox 708 3009 954 3049; x_wconf 82' lang='lat' dir='ltr'>haruspicinam</span> <span class='ocrx_word' id='word_1_592' title='bbox 971 3010 1076 3041; x_wconf 88' lang='lat' dir='ltr'>dedit.</span> <span class='ocrx_word' id='word_1_593' title='bbox 1096 3027 1129 3031; x_wconf 91' lang='lat'>—</span> <span class='ocrx_word' id='word_1_594' title='bbox 1151 3009 1289 3040; x_wconf 81' lang='lat' dir='ltr'>oracula</span> <span class='ocrx_word' id='word_1_595' title='bbox 1312 3011 1439 3040; x_wconf 81' lang='lat' dir='ltr'>somnia</span> <span class='ocrx_word' id='word_1_596' title='bbox 1456 3010 1482 3039; x_wconf 75' lang='lat' dir='ltr'>A</span> <span class='ocrx_word' id='word_1_597' title='bbox 1501 3010 1534 3039; x_wconf 92' lang='lat' dir='ltr'>in</span> <span class='ocrx_word' id='word_1_598' title='bbox 1551 3017 1619 3039; x_wconf 87' lang='lat' dir='ltr'>ras.</span> <span class='ocrx_word' id='word_1_599' title='bbox 1638 3007 1747 3039; x_wconf 86' lang='lat' dir='ltr'>habet</span> <span class='ocrx_word' id='word_1_600' title='bbox 1765 3024 1800 3030; x_wconf 89' lang='lat'><strong>—</strong></span> <span class='ocrx_word' id='word_1_601' title='bbox 1828 3009 1880 3039; x_wconf 67' lang='lat'>⁴5.</span> <span class='ocrx_word' id='word_1_602' title='bbox 1899 3011 2084 3039; x_wconf 77' lang='lat' dir='ltr'>susteneant</span> 
     </span>
    </p>
   </div>
   <div class='ocr_carea' id='block_1_8' title="bbox 319 3053 2083 3211">
    <p class='ocr_par' dir='ltr' id='par_1_8' title="bbox 319 3053 2083 3211">
     <span class='ocr_line' id='line_1_49' title="bbox 319 3053 2083 3112; baseline 0.001 -12"><span class='ocrx_word' id='word_1_603' title='bbox 319 3069 344 3100; x_wconf 94' lang='lat' dir='ltr'>B</span> <span class='ocrx_word' id='word_1_604' title='bbox 373 3085 405 3091; x_wconf 93' lang='lat'>-</span> <span class='ocrx_word' id='word_1_605' title='bbox 434 3069 519 3107; x_wconf 81' lang='lat' dir='ltr'>quod</span> <span class='ocrx_word' id='word_1_606' title='bbox 540 3069 568 3100; x_wconf 86' lang='lat' dir='ltr'>is</span> <span class='ocrx_word' id='word_1_607' title='bbox 590 3070 732 3101; x_wconf 81' lang='lat' dir='ltr'>ABEG</span> <span class='ocrx_word' id='word_1_608' title='bbox 757 3071 830 3110; x_wconf 85' lang='lat' dir='ltr'>(sed</span> <span class='ocrx_word' id='word_1_609' title='bbox 847 3074 871 3103; x_wconf 84' lang='lat' dir='ltr'>A</span> <span class='ocrx_word' id='word_1_610' title='bbox 896 3073 973 3112; x_wconf 85' lang='lat' dir='ltr'>his):</span> <span class='ocrx_word' id='word_1_611' title='bbox 1001 3072 1086 3112; x_wconf 82' lang='lat' dir='ltr'>quod</span> <span class='ocrx_word' id='word_1_612' title='bbox 1108 3072 1135 3102; x_wconf 85' lang='lat' dir='ltr'>si</span> <span class='ocrx_word' id='word_1_613' title='bbox 1160 3072 1184 3102; x_wconf 88' lang='lat' dir='ltr'>is</span> <span class='ocrx_word' id='word_1_614' title='bbox 1208 3072 1232 3102; x_wconf 92' lang='lat' dir='ltr'>O</span> <span class='ocrx_word' id='word_1_615' title='bbox 1258 3080 1338 3102; x_wconf 81' lang='lat' dir='ltr'>cuin</span> <span class='ocrx_word' id='word_1_616' title='bbox 1363 3070 1439 3102; x_wconf 88' lang='lat' dir='ltr'>cod.</span> <span class='ocrx_word' id='word_1_617' title='bbox 1462 3071 1590 3102; x_wconf 75' lang='lat' dir='ltr'>Davisii</span> <span class='ocrx_word' id='word_1_618' title='bbox 1620 3089 1654 3093; x_wconf 87' lang='lat'>—</span> <span class='ocrx_word' id='word_1_619' title='bbox 1690 3071 1742 3102; x_wconf 70' lang='grc'>46.</span> <span class='ocrx_word' id='word_1_620' title='bbox 1769 3070 1818 3102; x_wconf 81' lang='lat' dir='ltr'>vel</span> <span class='ocrx_word' id='word_1_621' title='bbox 1843 3072 2020 3102; x_wconf 88' lang='lat' dir='ltr'>Goerenz:</span> <span class='ocrx_word' id='word_1_622' title='bbox 2046 3053 2083 3102; x_wconf 72' lang='lat' dir='ltr'>ut</span> 
     </span>
     <span class='ocr_line' id='line_1_50' title="bbox 320 3118 2078 3160; baseline 0.001 -11"><span class='ocrx_word' id='word_1_623' title='bbox 320 3119 405 3157; x_wconf 83' lang='lat' dir='ltr'>BG,</span> <span class='ocrx_word' id='word_1_624' title='bbox 439 3127 508 3150; x_wconf 90' lang='lat' dir='ltr'>om.</span> <span class='ocrx_word' id='word_1_625' title='bbox 533 3120 616 3157; x_wconf 76' lang='grc' dir='ltr'>ΑΕ,</span> <span class='ocrx_word' id='word_1_626' title='bbox 650 3120 714 3152; x_wconf 89' lang='lat' dir='ltr'>sed</span> <span class='ocrx_word' id='word_1_627' title='bbox 745 3123 797 3153; x_wconf 86' lang='lat' dir='ltr'>est</span> <span class='ocrx_word' id='word_1_628' title='bbox 827 3122 861 3153; x_wconf 92' lang='lat' dir='ltr'>in</span> <span class='ocrx_word' id='word_1_629' title='bbox 891 3124 918 3154; x_wconf 80' lang='lat' dir='ltr'>A</span> <span class='ocrx_word' id='word_1_630' title='bbox 950 3131 1016 3154; x_wconf 80' lang='lat' dir='ltr'>vox</span> <span class='ocrx_word' id='word_1_631' title='bbox 1048 3130 1146 3154; x_wconf 82' lang='lat' dir='ltr'>erasa</span> <span class='ocrx_word' id='word_1_632' title='bbox 1181 3139 1214 3143; x_wconf 92' lang='lat'>—</span> <span class='ocrx_word' id='word_1_633' title='bbox 1249 3122 1298 3152; x_wconf 86' lang='lat' dir='ltr'>his</span> <span class='ocrx_word' id='word_1_634' title='bbox 1321 3122 1346 3152; x_wconf 92' lang='lat' dir='ltr'>O</span> <span class='ocrx_word' id='word_1_635' title='bbox 1379 3139 1409 3143; x_wconf 86' lang='lat'><em>-</em></span> <span class='ocrx_word' id='word_1_636' title='bbox 1444 3121 1519 3151; x_wconf 82' lang='lat' dir='ltr'>dicit</span> <span class='ocrx_word' id='word_1_637' title='bbox 1543 3121 1580 3152; x_wconf 75' lang='grc' dir='ltr'>Βι</span> <span class='ocrx_word' id='word_1_638' title='bbox 1608 3138 1642 3142; x_wconf 79' lang='lat'>-—</span> <span class='ocrx_word' id='word_1_639' title='bbox 1677 3121 1727 3152; x_wconf 74' lang='lat'>48.</span> <span class='ocrx_word' id='word_1_640' title='bbox 1750 3118 1859 3160; x_wconf 62' lang='lat' dir='ltr'>posili}</span> <span class='ocrx_word' id='word_1_641' title='bbox 1891 3120 1955 3151; x_wconf 84' lang='lat' dir='ltr'>AB</span> <span class='ocrx_word' id='word_1_642' title='bbox 1988 3128 2078 3151; x_wconf 88' lang='lat' dir='ltr'>corr.</span> 
     </span>
     <span class='ocr_line' id='line_1_51' title="bbox 321 3169 2074 3211; baseline 0.002 -13"><span class='ocrx_word' id='word_1_643' title='bbox 321 3176 364 3199; x_wconf 81' lang='lat' dir='ltr'>ex</span> <span class='ocrx_word' id='word_1_644' title='bbox 390 3169 496 3207; x_wconf 78' lang='lat' dir='ltr'>posito</span> <span class='ocrx_word' id='word_1_645' title='bbox 522 3186 558 3192; x_wconf 89' lang='lat'>—</span> <span class='ocrx_word' id='word_1_646' title='bbox 594 3169 743 3201; x_wconf 86' lang='lat' dir='ltr'>dubitare</span> <span class='ocrx_word' id='word_1_647' title='bbox 772 3171 912 3203; x_wconf 73' lang='lat' dir='ltr'>Davies:</span> <span class='ocrx_word' id='word_1_648' title='bbox 951 3172 1095 3203; x_wconf 85' lang='lat' dir='ltr'>dubitari</span> <span class='ocrx_word' id='word_1_649' title='bbox 1126 3171 1228 3203; x_wconf 90' lang='lat' dir='ltr'>codd.</span> <span class='ocrx_word' id='word_1_650' title='bbox 1264 3188 1298 3193; x_wconf 90' lang='lat'>—</span> <span class='ocrx_word' id='word_1_651' title='bbox 1335 3171 1385 3201; x_wconf 71' lang='lat'>49.</span> <span class='ocrx_word' id='word_1_652' title='bbox 1411 3170 1469 3201; x_wconf 84' lang='lat' dir='ltr'>hoc</span> <span class='ocrx_word' id='word_1_653' title='bbox 1501 3179 1568 3202; x_wconf 87' lang='lat' dir='ltr'>om.</span> <span class='ocrx_word' id='word_1_654' title='bbox 1595 3169 1617 3202; x_wconf 89' lang='lat' dir='ltr'>b</span> <span class='ocrx_word' id='word_1_655' title='bbox 1652 3188 1686 3193; x_wconf 95' lang='lat'>—</span> <span class='ocrx_word' id='word_1_656' title='bbox 1722 3171 1775 3202; x_wconf 68' lang='lat'>2¹.</span> <span class='ocrx_word' id='word_1_657' title='bbox 1801 3170 1951 3211; x_wconf 65' lang='lat' dir='ltr'>negantis</span> <span class='ocrx_word' id='word_1_658' title='bbox 1974 3170 2012 3201; x_wconf 79' lang='grc' dir='ltr'>Β1</span> <span class='ocrx_word' id='word_1_659' title='bbox 2039 3187 2074 3192; x_wconf 90' lang='grc'><strong>-</strong></span> 
     </span>
    </p>
   </div>
   <div class='ocr_carea' id='block_1_9' title="bbox 321 3218 2075 3310">
    <p class='ocr_par' dir='ltr' id='par_1_9' title="bbox 321 3218 2075 3310">
     <span class='ocr_line' id='line_1_52' title="bbox 321 3218 2075 3260; baseline 0.001 -11"><span class='ocrx_word' id='word_1_660' title='bbox 321 3218 374 3250; x_wconf 67' lang='lat'>23.</span> <span class='ocrx_word' id='word_1_661' title='bbox 400 3218 498 3250; x_wconf 85' lang='lat' dir='ltr'>etiam</span> <span class='ocrx_word' id='word_1_662' title='bbox 521 3222 724 3260; x_wconf 88' lang='lat' dir='ltr'>suspectum</span> <span class='ocrx_word' id='word_1_663' title='bbox 748 3220 906 3253; x_wconf 84' lang='lat' dir='ltr'>Ernestio</span> <span class='ocrx_word' id='word_1_664' title='bbox 925 3239 959 3244; x_wconf 98' lang='lat'><strong>—</strong></span> <span class='ocrx_word' id='word_1_665' title='bbox 978 3222 1031 3254; x_wconf 70' lang='lat'>25.</span> <span class='ocrx_word' id='word_1_666' title='bbox 1058 3221 1127 3253; x_wconf 82' lang='lat' dir='ltr'>tolit</span> <span class='ocrx_word' id='word_1_667' title='bbox 1149 3220 1187 3253; x_wconf 84' lang='lat'>13¹</span> <span class='ocrx_word' id='word_1_668' title='bbox 1214 3238 1248 3242; x_wconf 92' lang='lat'><strong>—</strong></span> <span class='ocrx_word' id='word_1_669' title='bbox 1275 3230 1315 3252; x_wconf 83' lang='lat' dir='ltr'>ae</span> <span class='ocrx_word' id='word_1_670' title='bbox 1340 3219 1378 3252; x_wconf 71' lang='grc' dir='ltr'>Α1</span> <span class='ocrx_word' id='word_1_671' title='bbox 1406 3238 1438 3243; x_wconf 93' lang='grc'>-</span> <span class='ocrx_word' id='word_1_672' title='bbox 1466 3220 1519 3252; x_wconf 69' lang='grc'>26.</span> <span class='ocrx_word' id='word_1_673' title='bbox 1546 3220 1610 3252; x_wconf 78' lang='lat' dir='ltr'>sint</span> <span class='ocrx_word' id='word_1_674' title='bbox 1632 3220 1725 3252; x_wconf 73' lang='lat' dir='ltr'>A1—</span> <span class='ocrx_word' id='word_1_675' title='bbox 1752 3221 1859 3252; x_wconf 80' lang='lat' dir='ltr'>mulla</span> <span class='ocrx_word' id='word_1_676' title='bbox 1882 3219 2075 3252; x_wconf 85' lang='lat' dir='ltr'>Manutius:</span> 
     </span>
     <span class='ocr_line' id='line_1_53' title="bbox 322 3269 840 3310; baseline 0.004 -10"><span class='ocrx_word' id='word_1_677' title='bbox 322 3269 427 3301; x_wconf 83' lang='lat' dir='ltr'>mulia</span> <span class='ocrx_word' id='word_1_678' title='bbox 448 3269 519 3302; x_wconf 86' lang='lat' dir='ltr'>vide</span> <span class='ocrx_word' id='word_1_679' title='bbox 541 3270 714 3310; x_wconf 84' lang='lat' dir='ltr'>superiora</span> <span class='ocrx_word' id='word_1_680' title='bbox 737 3269 840 3303; x_wconf 89' lang='lat' dir='ltr'>codd.</span> 
     </span>
    </p>
   </div>
   <div class='ocr_carea' id='block_1_10' title="bbox 2224 0 2249 603">
    <p class='ocr_par' dir='ltr' id='par_1_10' title="bbox 2224 0 2249 603">
     <span class='ocr_line' id='line_1_54' title="bbox 2224 0 2249 603; baseline 0 3021"><span class='ocrx_word' id='word_1_681' title='bbox 2224 0 2249 603; x_wconf 95' lang='lat' dir='ltr'> </span> 
     </span>
    </p>
   </div>
  </div>
 </body>
</html>
