2249 3624
285 242 356 286 404
366 244 392 286 2
1019 242 1297 284 CICERONIS

740 353 792 461 e.
846 400 1206 461 FRAGMENTA
1242 385 1578 460 POEMATUM.

868 592 896 632 I.
958 591 1155 634 VERSUS
1188 590 1445 633 HOMERICI

792 697 813 721 A
844 694 1031 723 CICERONE
1059 695 1099 723 IN
1125 695 1291 723 LATINUM
1319 694 1518 723 coNvERSL

1009 770 1319 810 ADNOTATIO.

382 859 525 898 Cicero
561 859 650 909 ipse
684 869 728 896 se
763 858 924 896 Homeri
961 870 1107 896 versus
1141 859 1183 896 in
1218 859 1403 897 Latinum
1436 858 1692 897 transtulisse
1726 860 1941 910 profitetur
1976 859 2039 909 (de

282 922 366 960 Fin.
397 921 422 959 l.
454 922 499 960 V.
531 934 564 959 c.
600 922 695 967 18.).
726 922 809 959 Nec
836 921 1029 971 equidem
1059 920 1201 960 dubito
1229 922 1342 973 quin,
1376 927 1420 959 ut
1450 933 1556 973 quae
1583 935 1605 961 a
1632 934 1677 960 se
1702 921 1922 961 admodum
1942 922 2041 961 ado-

282 984 507 1023 lescentulo
538 996 736 1023 conversa
769 996 862 1022 esse
891 984 1034 1023 scribit
1065 987 1234 1033 Aratea,
1274 985 1334 1023 sic
1362 985 1484 1024 etiam
1515 986 1725 1024 Homerica
1759 983 1962 1036 quaedam
1999 985 2040 1023 in

283 1048 494 1085 iuventute
521 1046 572 1085 ab
608 1058 655 1084 eo
689 1047 992 1085 exercitationis
1018 1059 1142 1086 causa
1167 1047 1317 1086 Latinis
1338 1058 1537 1098 expressa
1558 1048 1640 1086 sint
1658 1047 1863 1086 versibus.
1891 1047 2036 1086 Nouus.

974 1135 1027 1183 A)
1069 1146 1128 1172 ex
1165 1133 1343 1173 Iliade.

490 1221 526 1265 «Ἰ.
567 1221 653 1266 Lib.
692 1223 740 1264 ll.
775 1236 810 1262 V.
846 1221 1045 1264 299-330.
1081 1235 1148 1278 ap.
1185 1222 1269 1264 Cic.
1306 1221 1360 1264 de
1395 1222 1526 1264 Divin.
1562 1223 1623 1290 11,
1660 1222 1732 1272 30,
1770 1223 1836 1264 63.

379 1315 521 1364 Ferte,
552 1315 648 1364 viri,
679 1320 720 1353 et
747 1313 872 1353 duros
896 1315 1031 1353 animo
1058 1314 1228 1354 tolerate
1256 1314 1442 1365 labores,

281 1377 456 1427 Auguris
481 1382 525 1414 ut
552 1378 680 1415 nostri
713 1376 944 1416 Calchantis
972 1377 1050 1416 fata
1084 1389 1284 1428 queamus

282 1440 396 1478 Scire
422 1445 585 1478 ratosne
615 1438 796 1478 habeant
822 1451 873 1477 an
904 1451 1033 1478 vanos
1061 1440 1241 1490 pectoris
1270 1452 1402 1478 orsus.

281 1503 464 1553 Namque
498 1513 639 1539 omnes
671 1502 840 1540 memori
872 1506 1107 1552 portentum
1142 1507 1277 1540 mente
1307 1507 1527 1551 retentant,

281 1565 358 1612 Qui
389 1576 470 1602 non
499 1564 671 1603 funestis
704 1564 912 1615 liquerunt
938 1564 1089 1604 lumina
1120 1565 1224 1604 satis.

281 1627 482 1678 Argolicis
513 1628 687 1678 primum
718 1632 761 1665 ut
796 1627 939 1667 vestita
977 1633 1040 1666 est
1070 1627 1273 1666 classibus
1304 1627 1441 1677 Aulis,

280 1692 394 1737 Quae
428 1691 583 1729 Priamo
614 1689 770 1729 cladem
805 1696 845 1729 et
876 1691 1020 1730 Troiae
1054 1696 1300 1742 pestemque
1332 1691 1543 1741 serebant,

281 1755 362 1792 Nos
395 1754 547 1792 circum
578 1752 720 1792 latices
748 1752 906 1804 gelidos
936 1754 1185 1793 fumantibus
1222 1756 1326 1804 aris,

280 1817 490 1867 Aurigeris
524 1815 659 1855 divom
693 1815 904 1867 placantes
937 1817 1101 1856 numina
1134 1817 1281 1865 tauris,

282 1878 367 1917 Sub
395 1878 558 1929 platano
586 1877 826 1927 umbrifera,
861 1879 949 1917 sons
981 1878 1090 1917 unde
1126 1884 1290 1918 emanat
1324 1885 1467 1930 aqua'i',

280 1940 463 1980 Vidimus
494 1941 656 1979 immani
692 1943 831 1992 specie
866 1946 1055 1992 tortuque
1087 1940 1307 1981 draconem

282 2002 546 2049 Terribilem,
584 2004 687 2041 lovis
719 2009 763 2042 ut
793 2002 915 2055 pulsu
943 2003 1189 2055 penetrabat
1216 2004 1267 2043 ab
1301 2017 1390 2043 ara:

282 2066 357 2112 Qui
390 2065 540 2117 platani
571 2066 611 2103 in
643 2077 755 2104 ramo
786 2065 971 2105 foliorum
1004 2067 1182 2117 tegmine
1215 2072 1380 2118 saeptos

283 2128 487 2179 Corripuit
517 2127 671 2179 pullos:
715 2141 819 2180 quos
850 2141 941 2167 cum
973 2134 1235 2168 consumeret
1267 2135 1380 2178 oct0,

282 2192 393 2230 Nona
428 2202 554 2242 super
583 2190 755 2230 tremulo
791 2193 979 2242 genetrix
1014 2191 1203 2242 clangore
1241 2191 1428 2242 volabat,

284 2254 357 2293 Cui
389 2253 499 2292 ferus
532 2253 681 2291 inmani
713 2252 882 2293 laniavit
911 2255 1070 2293 viscera
1106 2267 1257 2294 morsu.

283 2316 419 2366 Hunc,
449 2315 518 2354 ubi
549 2321 629 2354 tam
658 2321 822 2355 teneros
850 2316 1028 2355 volucris
1057 2322 1312 2368 matremque
1341 2317 1543 2369 peremit,

284 2379 359 2425 Qui
388 2378 466 2417 luci
495 2378 682 2417 ediderat
707 2380 866 2429 genitor
898 2379 1113 2418 Saturnius
1146 2378 1256 2418 idem

285 2439 450 2479 Abdidit
477 2446 517 2479 et
547 2440 647 2480 duro
678 2442 862 2481 formavit
889 2442 1066 2492 tegmine
1095 2444 1197 2482 saxi.

286 2504 365 2541 Nos
398 2510 534 2542 autem
567 2503 695 2543 timidi
725 2510 881 2544 stantes
913 2505 1098 2544 mirabile
1132 2511 1357 2545 monstrum

288 2564 469 2604 Vidimus
499 2567 539 2604 in
574 2567 717 2606 mediis
744 2568 879 2606 divom
915 2570 1120 2607 versarier
1149 2570 1244 2607 aris.

385 2629 485 2666 Tum
515 2629 685 2668 Calchas
717 2629 819 2669 baec
850 2636 913 2669 est
942 2629 1083 2670 fidenti
1116 2644 1216 2671 voce
1246 2632 1425 2671 locutus:

287 2690 487 2735 Quidnam
520 2697 730 2742 torpentes
766 2693 901 2732 subito
931 2693 1203 2744 obstupuistis
1235 2695 1406 2734 Achivi?

287 2752 410 2791 Nobis
442 2754 542 2793 haec
573 2761 761 2806 portenta
796 2757 918 2795 deum
951 2755 1066 2796 dedit
1096 2758 1186 2808 ipse
1216 2764 1376 2797 creator

287 2815 417 2853 Tarda
452 2822 491 2854 et
519 2829 611 2856 sera
639 2820 782 2868 nimis,
817 2819 891 2857 sed
924 2821 1027 2859 sama
1056 2832 1102 2859 ac
1132 2819 1252 2859 laude
1279 2822 1463 2873 perenni.

288 2877 384 2913 Nam
417 2884 515 2927 quot
545 2881 629 2918 avis
660 2887 789 2920 taetro
823 2887 1019 2921 mactatas
1051 2881 1174 2921 dente
1208 2882 1381 2935 videtis,

287 2938 361 2975 Tot
387 2950 460 2976 nos
493 2940 543 2978 ad
577 2943 733 2981 Troiam
769 2943 862 2981 belli
893 2943 1201 2983 exanclabimus
1233 2958 1389 2995 annos,

289 3001 401 3045 Quae
429 3000 602 3041 decumo
631 3004 750 3044 cadet
781 3012 821 3044 et
848 3019 979 3057 poena
1016 3008 1180 3046 satiabit
1207 3008 1394 3047 Achivos.

288 3061 422 3100 Edidit
448 3062 546 3102 haec
575 3065 770 3116 Calchas,
801 3080 907 3119 quae
936 3069 1015 3107 iam
1044 3074 1200 3108 matura
1229 3070 1389 3109 videtis.

470 3151 507 3192 ⁶2.
550 3151 638 3194 Lib.
680 3155 742 3195 Vl.
783 3169 817 3196 v.
846 3155 919 3197 ‘2011
965 3170 1027 3212 sq.
1060 3170 1126 3212 ap.
1160 3157 1245 3199 Cic.
1283 3159 1401 3200 Tusc.
1441 3158 1464 3201 l.
1503 3160 1571 3200 lll.
1611 3173 1646 3203 c.
1682 3159 1747 3209 26,
1786 3160 1850 3203 63,

291 3242 366 3287 Qui
398 3242 521 3279 miser
545 3243 584 3280 in
614 3247 769 3296 campis
796 3259 985 3287 maerens
1018 3248 1183 3287 errabat
1211 3248 1346 3300 Ale‘i's,

291 3304 381 3353 lpse
411 3316 528 3343 suum
557 3317 626 3344 cor
654 3308 806 3358 edens,
835 3310 1040 3351 hominum
1074 3312 1244 3362 vestigia
1274 3314 1419 3352 vitans.
