2249 3624
346 125 426 167 498
726 131 795 170 DE
827 130 1035 169 FINIBUS
1067 129 1329 171 BONORUM
1358 132 1426 171 ET
1457 131 1723 172 MALORUM

344 243 385 281 in
418 255 466 282 eo
498 242 589 295 ipso
621 241 813 294 prodest,
847 240 958 294 quod
990 241 1048 280 ita
1079 241 1195 294 fungi
1228 239 1363 282 officio
1395 243 1436 282 in
1468 248 1580 283 recte
1611 243 1731 283 factis
1763 247 1846 290 est,
1880 257 1988 297 quae
2011 249 2107 283 sunt

344 308 433 343 orta
464 318 488 343 α
518 304 752 343 virtutibus.
819 302 936 350 Quae
984 303 1151 355 quidem
1189 304 1400 356 sapientes
1443 311 1639 345 secuntur
1670 305 1773 344 duce
1809 311 1977 345 natura:
2022 320 2104 346 non

344 365 517 418 perfecti
548 370 687 405 autem
720 365 909 404 homines
942 369 983 404 et
1013 370 1148 404 tamen
1181 365 1358 418 ingeniis
1391 367 1695 407 excellentibus
1721 367 1898 420 praediti
1921 368 2108 407 excitan-

345 432 411 466 tur
441 440 566 479 saepe
597 427 748 479 gloria,
781 439 889 479 quae
920 426 1046 466 habet
1076 429 1258 479 speciem
1283 428 1515 468 honestatis
1539 434 1579 468 et
1601 429 1930 468 similitudinem.
1982 429 2107 477 Quod

312 489 377 528 5si
417 489 551 541 ipsam
589 489 847 528 honestatem
886 489 1075 542 undique
1124 489 1349 542 perfectam
1389 496 1515 543 atque
1555 491 1810 537 absolutam,
1856 505 1943 530 rem
1986 504 2108 530 unam

344 551 714 603 praeclarissimam
747 550 933 589 omnium
966 552 1230 604 maximeque
1262 552 1530 600 laudandam,
1569 553 1733 605 penitus
1765 553 1974 599 viderent,
2007 566 2109 605 quo-

345 626 438 652 nam
478 613 630 665 gaudio
671 612 1002 665 complerentur,
1043 627 1136 653 cum
1179 620 1292 653 tanto
1333 628 1458 666 opere
1499 615 1588 654 eius
1628 614 1875 655 adumbrata
1913 614 2109 667 opinione

345 675 580 714 laetentur?
640 672 706 713 70.
741 674 875 721 Quem
908 676 1016 714 enim
1049 675 1235 715 deditum
1258 674 1567 728 voluptatibus,
1602 690 1724 729 quem
1751 676 2023 729 cupiditatum
2048 677 2110 716 in-

345 737 503 777 cendiis
534 738 858 784 inflammatum,
890 738 932 776 in
953 738 1004 777 iis
1034 738 1262 791 potiendis,
1296 751 1402 791 quae
1425 739 1623 777 acerrime
1646 738 1969 790 concupivisset,
2000 743 2111 779 tanta

297 800 504 839 iolaetitia
534 798 728 851 perfundi
760 799 1026 847 arbitramur,
1060 806 1214 853 quanta
1242 806 1312 839 aut
1334 800 1591 852 superiorem
1614 799 1853 839 Africanum
1878 800 2110 840 Hannibale

346 862 453 900 victo
485 865 556 900 aut
586 861 863 912 posteriorem
894 862 1148 914 Karthagine
1181 864 1353 902 eversa?
1389 876 1513 914 quem
1536 862 1731 901 Tiberina
1755 861 1972 902 descensio
2002 863 2110 902 festo

345 922 417 961 illo
460 922 527 961 die
570 927 682 962 tanto
724 924 878 975 gaudio
924 925 1079 971 affecit,
1128 930 1283 977 quanto
1317 925 1359 962 L.
1393 923 1604 970 Paullum,
1648 937 1741 962 cum
1773 937 1912 975 regem
1945 926 2110 964 Persem

347 989 511 1036 captum
544 984 789 1032 adduceret,
822 986 970 1026 eodem
1001 987 1171 1026 flumine
1204 986 1413 1025 invectio?
1464 982 1530 1023 7l.
1563 987 1649 1037 Age
1672 999 1800 1032 nunc,
1833 986 1935 1025 Luci
1957 991 2111 1033 noster,

347 1052 514 1086 exstrue
546 1047 685 1086 animo
716 1047 980 1088 altitudinem
1013 1049 1387 1100 excellentiamque
1418 1048 1638 1087 virtutum:
1672 1048 1751 1087 iam
1784 1061 1868 1086 non
1892 1048 2111 1096 dubitabis,

298 1117 332 1144 45
347 1109 445 1161 quin
469 1122 611 1148 earum
633 1115 847 1162 compotes
874 1110 1089 1157 homines,
1122 1124 1271 1161 magno
1295 1109 1434 1148 animo
1459 1114 1684 1162 erectoque
1706 1110 1916 1156 viventes,
1949 1124 2114 1163 semper

347 1171 429 1210 sint
458 1171 592 1210 beati:
625 1172 697 1223 qui
730 1172 865 1211 omnis
898 1178 1034 1212 motus
1066 1172 1255 1211 fortunae
1287 1172 1624 1224 mutationesque
1656 1185 1793 1210 rerum
1817 1177 1857 1210 et
1878 1176 2111 1225 temporum

347 1233 449 1272 levis
483 1238 523 1272 et
551 1233 784 1272 imbecillos
815 1233 904 1274 fore
935 1235 1199 1286 intellegant,
1234 1234 1266 1272 si
1299 1235 1340 1273 in
1364 1233 1529 1272 virtutis
1560 1238 1765 1272 certamen
1791 1235 1992 1274 venerint.
2039 1235 2113 1275 Illa

347 1295 476 1342 enim,
509 1309 616 1348 quae
648 1300 745 1334 sunt
775 1309 799 1335 a
830 1296 951 1336 nobis
983 1297 1090 1336 bona
1122 1297 1309 1348 corporis
1342 1301 1579 1342 numerata,
1620 1296 1831 1348 complent
1862 1310 1908 1335 ea
1942 1296 2112 1349 quidem

345 1357 627 1397 beatissimam
658 1358 805 1405 vitam,
838 1359 911 1398 sed
942 1360 1020 1406 ita,
1053 1364 1097 1398 ut
1127 1359 1216 1397 sine
1249 1359 1330 1397 illis
1363 1358 1495 1410 possit
1525 1358 1645 1397 beata
1676 1359 1757 1398 vita
1789 1359 2004 1398 exsistere.
2053 1359 2113 1398 lta

297 1428 331 1456 ⁶20
346 1420 454 1459 enim
495 1432 646 1472 parvae
687 1424 728 1459 et
759 1421 935 1472 exiguae
977 1426 1075 1460 sunt
1104 1420 1209 1460 istae
1241 1421 1502 1460 accessiones
1536 1420 1757 1467 bonorum,
1801 1427 1861 1468 ut,
1905 1436 2029 1475 quem
2061 1423 2112 1462 ad

345 1483 516 1522 modum
559 1482 705 1521 stellae
748 1483 791 1522 in
831 1482 957 1522 radiis
996 1483 1117 1529 solis,
1158 1482 1215 1522 sic
1246 1483 1349 1521 istae
1382 1483 1423 1522 in
1456 1483 1650 1522 virtutum
1684 1484 1907 1535 splendore
1941 1500 1991 1525 ne
2025 1500 2112 1525 cer-

344 1549 496 1584 nantur
536 1544 718 1597 quidem.
780 1542 846 1583 72.
878 1546 1014 1598 Atque
1056 1545 1133 1585 hoe
1174 1552 1218 1585 ut
1258 1559 1353 1585 vere
1393 1545 1563 1591 dicitur,
1607 1559 1734 1598 parva
1775 1560 1865 1586 esse
1905 1547 1956 1586 ad
1994 1548 2113 1588 beate

346 1606 569 1647 vivendum
602 1610 812 1646 momenta
849 1606 928 1646 ista
960 1608 1145 1659 corporis
1178 1608 1511 1655 commodorum,
1551 1608 1607 1647 sic
1641 1609 1761 1647 nimis
1792 1609 2019 1649 violentum
2052 1618 2115 1651 est

345 1669 458 1709 nulla
495 1682 586 1708 esse
631 1668 792 1716 dicere3
834 1669 906 1722 qui
948 1670 1058 1708 enim
1099 1671 1156 1709 sic
1199 1670 1416 1722 disputant
1456 1670 1572 1708 obliti
1605 1670 1706 1708 milii
1741 1670 1955 1718 videntur,
2004 1687 2111 1726 quae

295 1740 330 1767 ⁶25
345 1731 425 1783 ipsi
459 1730 633 1771 fecerint
664 1731 867 1784 principia
900 1737 1084 1771 naturae.
1141 1732 1424 1771 Tribuendum
1457 1737 1519 1771 est
1550 1732 1675 1783 igitur
1704 1732 1768 1771 his
1800 1733 1980 1785 aliquid,
2013 1737 2110 1775 dum

346 1793 491 1840 modo,
534 1798 737 1846 quantum
776 1794 1044 1833 tribuendum
1086 1793 1162 1841 sit,
1203 1794 1434 1846 intellegas.
1493 1795 1567 1832 Est
1607 1794 1715 1832 enim
1754 1795 1993 1849 philosophi
2026 1810 2109 1836 non

344 1860 427 1895 tam
470 1855 649 1908 gloriosa
680 1869 805 1909 quam
836 1869 934 1896 vera
966 1857 1206 1910 quaerentis
1239 1870 1315 1896 nec
1348 1870 1421 1909 pro
1454 1856 1585 1895 nihilo
1618 1862 1763 1909 putare
1796 1870 1865 1904 ea,
1910 1872 2016 1910 quae
2048 1873 2112 1898 se-

345 1918 528 1957 eundum
559 1922 745 1958 naturam
777 1919 837 1957 illi
868 1919 946 1972 ipsi
978 1918 1148 1971 gloriosi
1180 1933 1270 1958 esse
1303 1918 1560 1965 fatebantur,
1598 1925 1638 1958 et
1669 1919 1810 1958 videre
1844 1924 1999 1958 tantam
2032 1922 2111 1960 vim

346 1981 507 2020 virtutis
540 1985 801 2033 tantamque,
835 1987 880 2021 ut
911 1982 966 2021 ita
999 1983 1154 2028 dicam,
1187 1982 1473 2021 auctoritatmn
1496 1981 1748 2027 honestatis,
1783 1987 1823 2021 ut
1844 1982 2009 2034 reliqua
2030 1996 2112 2023 non

294 2044 415 2083 30illa
447 2043 616 2097 quidem
648 2044 781 2091 nulla,
814 2044 886 2083 sed
919 2045 975 2083 ita
1007 2057 1132 2096 parva
1165 2045 1265 2090 sint,
1300 2050 1343 2083 ut
1374 2044 1487 2084 nulla
1520 2057 1608 2083 esse
1640 2043 1868 2083 videantur.
1919 2045 2031 2084 Haec
2054 2051 2115 2085 est

345 2120 421 2146 nec
462 2107 600 2146 onmia
638 2107 874 2158 spernentis
915 2113 1079 2159 practer
1111 2107 1302 2146 virtutem
1342 2112 1382 2146 et
1413 2107 1606 2146 virtutem
1638 2107 1772 2158 ipsam
1805 2107 1889 2146 suis
1922 2106 2114 2146 laudibus

345 2167 636 2222 amplificantis
669 2169 820 2215 oratio,
854 2169 1036 2222 denique
1068 2169 1170 2208 haec
1204 2175 1266 2208 est
1297 2169 1485 2221 undique
1519 2169 1722 2220 completa
1756 2174 1795 2207 et
1827 2168 2011 2221 perfecta
2044 2182 2116 2208 ex-

344 2230 510 2284 plicatio
544 2231 693 2270 summi
726 2231 838 2270 boni.
888 2232 995 2270 Hinc
1030 2231 1155 2270 ceteri
1178 2231 1402 2283 particulas
1426 2231 1609 2283 arripere
1634 2231 1770 2270 conati
1794 2244 1911 2270 suam
1935 2231 2115 2284 quisque

345 2293 476 2332 videri
509 2293 641 2332 voluit
671 2294 818 2333 afferre
851 2294 1113 2333 sententiam.

295 2363 330 2391 35
457 2355 588 2394 XXV.
620 2352 686 2393 73.
719 2356 851 2408 Saepe
883 2356 932 2395 ab
956 2355 1191 2402 Aristotele,
1224 2368 1247 2394 a
1278 2355 1568 2408 Theophrasto
1599 2355 1842 2395 mirabiliter
1865 2360 1928 2394 est
1948 2355 2114 2395 laudata

346 2431 420 2471 per
450 2431 494 2458 se
525 2418 615 2471 ipsa
644 2431 782 2457 rerum
816 2418 1002 2457 scientia.
1062 2417 1150 2456 Hoc
1181 2430 1262 2456 uno
1297 2422 1442 2469 captus
1473 2418 1627 2457 Erillus
1660 2419 1874 2457 scientiam
1907 2431 2114 2457 summum

346 2481 500 2519 honum
542 2493 634 2519 esse
678 2479 865 2520 defendit
904 2494 981 2520 nec
1024 2494 1111 2519 rem
1142 2479 1269 2519 ullam
1301 2480 1424 2518 aliam
1455 2494 1530 2532 per
1561 2493 1603 2519 εθ
1635 2480 1926 2532 expetendam.
1985 2480 2116 2519 Multa

349 2543 459 2583 dicta
499 2549 595 2583 sunt
626 2543 676 2582 ab
715 2543 898 2596 antiquis
931 2544 981 2582 de
1014 2542 1332 2582 contemnendis
1364 2555 1410 2580 ae
1443 2542 1721 2595 despiciendis
1752 2542 1875 2581 rebus
1906 2541 2114 2581 humanis.

434 2747 464 2777 ⁶2.
492 2756 512 2777 α
544 2748 568 2777 G
599 2748 632 2778 et
664 2746 871 2778 Lambinus:
908 2755 977 2778 om.
1005 2748 1111 2778 ceteri
1142 2747 1244 2777 codd.
1273 2748 1307 2777 et
1331 2748 1366 2777 O.
1408 2746 1456 2777 Cf.
1484 2755 1517 2786 p.
1546 2746 1619 2779 497,
1647 2746 1686 2776 38
1720 2747 1753 2776 et
1785 2747 1832 2783 ll,
1859 2745 1876 2785 S
1902 2746 1954 2777 78.
1982 2763 2016 2767 —
2049 2755 2115 2785 qua

348 2797 496 2833 equidem
520 2797 565 2831 B;
591 2806 652 2835 que
675 2797 822 2835 equidem
847 2797 870 2827 E
893 2814 925 2819 -—
953 2800 1108 2827 secunlw·
1130 2797 1209 2827 duee
1232 2800 1356 2826 aalma
1373 2795 1580 2834 Madvigius:
1608 2798 1730 2826 utentes
1753 2800 1934 2833 sequamur
1958 2798 2037 2827 duce
2052 2806 2115 2827 na-

349 2849 426 2876 tura
454 2849 615 2884 tauquam
647 2847 689 2883 B:
725 2850 906 2886 sequuntur
928 2850 1051 2877 utentes
1081 2850 1251 2884 tamquam
1279 2846 1358 2875 duce
1382 2850 1505 2875 muliera
1536 2854 1615 2875 cuin
1648 2846 1762 2876 Marso
1795 2846 1818 2876 O
1852 2864 1885 2868 ——
1922 2846 1952 2878 4.
1978 2847 2115 2885 speciem

351 2897 373 2926 B
390 2897 434 2927 D:
460 2896 605 2935 formam
625 2897 650 2927 O
678 2913 710 2918 —-
739 2896 770 2928 8.
796 2898 862 2935 (me
886 2897 909 2927 B
926 2897 948 2927 E
978 2913 1011 2918 —-
1038 2905 1132 2934 quem
1158 2898 1237 2933 (nen
1263 2901 1355 2933 quc-tei
1382 2904 1454 2933 cup.
1476 2895 1580 2924 etiarn
1599 2895 1622 2924 Ε
1649 2912 1682 2915 —
1712 2896 1740 2925 9.
1759 2895 1930 2935 potiendis]
1948 2896 2115 2934 capiendis

349 2945 373 2975 B
403 2962 435 2966 —-
464 2945 567 2985 lanta]
593 2949 637 2976 cst
660 2949 754 2976 [αηία
777 2947 800 2976 Β
830 2964 863 2968 —
893 2947 943 2977 Μ.
971 2946 1131 2976 descensio
1156 2946 1179 2975 B
1195 2946 1237 2975 C:
1266 2945 1418 2974 dissensio
1444 2946 1488 2978 1j›;
1516 2944 1662 2974 decursio
1688 2945 1711 2975 Ο
1739 2962 1773 2966 —-
1803 2945 1854 2975 42.
1878 2954 2005 2983 persem
2030 2945 2053 2975 B
2070 2945 2110 2975 E:

349 2994 463 3024 Persen
488 2994 558 3025 ΜΟ
585 3011 619 3015 —
654 2994 705 3025 43.
736 3004 821 3034 auge
844 2996 868 3025 B
898 3013 930 3016 --
960 2996 1011 3025 48.
1042 2995 1091 3035 ca]
1117 3003 1190 3024 eam
1215 2994 1238 3024 B
1270 3010 1304 3014 —
1341 2993 1392 3023 219.
1424 2993 1597 3024 ceizsislerc
1621 2994 1646 3023 l)
1676 3011 1708 3014 —
1739 2994 1790 3024 20.
1817 2994 1880 3024 sinc
1904 2993 1961 3024 iste
1984 2994 2047 3024 BE
2074 3011 2108 3015 —

349 3043 401 3073 22
429 3042 502 3082 esse]
529 3046 572 3073 esc
595 3044 618 3073 B
647 3062 678 3065 —
708 3044 759 3075 25.
785 3045 919 3083 fecerint
944 3043 1150 3075 Lambinus:
1178 3043 1301 3083 egerin!
1326 3042 1448 3079 codd:
1475 3045 1496 3082 -ζ-
1514 3043 1637 3081 θ[]θι·ὶιιι
1662 3044 1731 3074 ΜΟ
1760 3061 1793 3064 -
1826 3043 1960 3081 aliquod
1985 3043 2006 3073 B
2024 3043 2046 3073 E
2075 3060 2109 3065 —-

350 3093 402 3123 26.
430 3093 513 3123 enim
538 3094 713 3124 Davisius:
751 3098 859 3125 [anien
892 3093 994 3125 codd.
1022 3095 1056 3124 et
1081 3094 1121 3129 03
1161 3094 1183 3132 ἦ
1208 3096 1315 3122 summi
1341 3092 1370 3122 M
1401 3108 1433 3113 -—
1462 3093 1514 3123 ⁰28.
1541 3093 1690 3132 fulcimur
1721 3093 1744 3123 Ε
1759 3092 1789 3123 M
1826 3110 1859 3114 -
1893 3096 2020 3123 lantum
2048 3100 2113 3122 esse

347 3142 414 3172 rim
439 3142 627 3182 Madvigius
652 3143 698 3181 (in
724 3144 986 3183 commentario)
1014 3161 1048 3164 —
1084 3143 1135 3174 30.
1161 3143 1251 3173 nulla
1278 3143 1356 3172 ante
1382 3143 1435 3173 sed
1459 3151 1527 3173 om.
1552 3143 1575 3173 B
1606 3160 1637 3163 —
1666 3142 1718 3173 36.
1743 3143 1816 3181 ipsa
1840 3150 1907 3172 non
1932 3150 2001 3172 om.
2023 3141 2046 3171 E
2073 3157 2107 3162 —

348 3193 459 3224 erillus
482 3193 560 3223 BE:
586 3193 728 3225 Herillus
750 3194 831 3225 MO.
859 3194 908 3225 Cf.
929 3195 972 3232 ΙΙ,
992 3193 1010 3234 ἓ
1027 3193 1078 3225 35.
1100 3210 1134 3214 —
1161 3192 1340 3232 scientiam]
1359 3193 1549 3223 sententiam
1576 3192 1598 3223 E
1621 3209 1655 3213 —
1684 3192 1736 3224 38.
1763 3193 1849 3223 dicta
1872 3194 1947 3222 ειιηι
1963 3192 1986 3222 Β
2005 3200 2009 3220 ;
2036 3194 2110 3222 sunt

347 3243 435 3275 dicta
458 3243 490 3276 M
505 3242 542 3276 Ο.
