2249 3624
347 156 430 199 330
560 161 777 203 TUSCUL.
798 164 1001 206 DISPUT.
1034 165 1121 205 Lm.
1144 167 1211 206 IV.
1245 167 1342 207 CAP.
1364 168 1595 208 XXXVIII.
1627 167 1686 222 §§
1708 167 1753 209 84
1765 168 1887 212 —84.

347 266 388 306 in
421 273 631 309 conventu
661 270 761 310 vitia
792 271 1041 323 conlegisset
1070 274 1112 312 in
1143 285 1238 311 eum
1269 275 1474 327 Zopyrus,
1507 274 1579 326 qui
1611 288 1655 314 se
1687 281 1876 316 naturam
1909 277 2110 332 cuiusque

347 341 400 368 ex
429 328 562 370 forma
602 333 840 384 perspicere
882 333 1167 385 profitebatur,
1199 335 1361 375 derisus
1393 341 1457 375 est
1486 349 1509 375 a
1540 337 1711 384 ceteris,
1755 338 1827 391 qui
1858 338 1930 378 illa
1960 339 2003 378 in
2035 340 2111 379 So-

347 396 456 431 crate
487 392 588 432 vitia
617 407 700 433 non
730 402 1026 446 agnoscerent,
1058 397 1108 436 ab
1139 397 1229 450 ipso
1260 402 1398 437 autem
1431 398 1599 438 Socrate
1632 399 1887 447 sublevatus,
1919 414 2013 440 cum
2040 401 2111 441 illa

346 452 426 492 sibi
456 454 597 502 insita,
629 455 701 495 sed
733 456 894 496 ratione
926 470 950 497 a
981 471 1024 497 se
1057 458 1218 499 deiecta
1249 460 1420 500 diceret.
1482 458 1549 499 81.
1582 462 1689 513 Ergo
1721 468 1764 501 ut
1795 467 1966 513 optuma
1997 463 2111 515 quis-

312 527 429 568 5que
470 517 709 557 valetudine
750 518 938 558 adfectus
981 526 1118 573 potest
1160 522 1290 561 videri
1323 528 1469 562 natura
1499 523 1550 563 ad
1583 524 1766 576 aliquem
1798 524 1986 564 morbum
2018 539 2111 578 pro-

343 577 504 625 clivior,
536 579 595 618 sic
625 580 788 620 animus
819 581 926 620 alius
957 583 1009 621 ad
1039 583 1120 623 alia
1152 585 1249 624 vitia
1282 587 1538 638 propensior.
1579 586 1662 634 Qui
1683 592 1823 626 autem
1845 600 1930 626 non
1951 593 2110 636 natura,

343 641 416 680 sed
448 641 568 694 culpa
598 642 737 681 vitiosi
769 656 860 682 csse
892 644 1097 692 dicuntur,
1131 660 1274 686 eorum
1309 649 1406 687 vitia
1438 655 1631 688 constant
1657 662 1678 688 e
1707 648 1822 688 falsis
1845 650 2111 702 opinionibus

342 715 479 742 rerum
510 703 710 744 bonarum
742 711 782 745 et
811 706 1031 755 malarum,
1065 714 1109 747 ut
1130 709 1183 748 sit
1204 711 1310 750 alius
1332 710 1383 750 ad
1406 711 1510 750 alios
1534 717 1669 750 motus
1693 710 2112 765 perturbationesque

342 764 579 817 proclivior.
623 767 873 808 Inveteratio
904 775 1065 817 autem,
1097 776 1142 810 ut
1172 772 1213 810 in
1245 773 1513 825 corporibus,
1545 775 1710 825 aegrius
1741 773 1965 826 depellitur
1987 787 2111 826 quam

293 838 328 867 to
343 828 613 879 perturbatio,
645 829 854 884 citiusque
886 833 1131 884 repentinus
1163 835 1378 874 oculorum
1411 841 1547 875 tumor
1579 842 1748 875 sanatur
1770 848 1895 888 quam
1917 836 2115 876 diuturna

340 888 550 943 lippitudo
585 889 857 945 [depellitur].

455 952 688 993 XXXVIII.
720 952 786 994 82.
826 957 908 996 Sed
948 960 1114 1011 cognita
1150 959 1229 998 iam
1263 972 1387 998 causa
1417 959 1796 1011 perturbationum,
1829 974 1937 1013 quae
1968 974 2113 1001 omnes

341 1014 533 1055 oriuntur
563 1029 614 1056 ex
636 1017 800 1058 iudiciis
825 1021 1074 1072 opinionum
1097 1028 1137 1061 et
1159 1021 1462 1067 voluntatibus,
1494 1021 1547 1060 sit
1568 1021 1649 1060 iam
1671 1021 1795 1061 huius
1819 1022 2113 1075 disputationis

341 1076 504 1117 modus.
567 1079 680 1118 Scire
721 1086 859 1121 autem
901 1096 976 1123 nos
1019 1089 1182 1137 oportet
1226 1084 1424 1136 cogniti8‚
1465 1083 1601 1136 quoad
1646 1090 1824 1135 possunt
1864 1085 1914 1124 ab
1944 1084 2114 1124 homine

290 1150 327 1179 45
341 1140 558 1191 cognosci,
589 1141 794 1183 bonorum
817 1150 857 1184 et
878 1145 1079 1185 malorum
1103 1146 1257 1185 finibus
1280 1146 1382 1185 nihil
1405 1159 1428 1184 a
1449 1146 1718 1198 philosophia
1741 1159 1863 1199 posse
1886 1151 1958 1185 aut
1979 1146 2113 1186 maius

340 1207 413 1240 aut
441 1202 585 1242 utilius
617 1205 751 1257 optari
782 1220 907 1260 quam
938 1208 1063 1255 haec,
1096 1221 1203 1262 quae
1225 1222 1248 1247 a
1272 1208 1389 1248 nobis
1411 1208 1491 1247 hoc
1512 1208 1747 1261 quadriduo
1771 1209 1982 1261 disputata
2003 1215 2113 1249 sunt.

340 1265 474 1304 Morte
506 1266 618 1306 enim
650 1274 889 1322 contempta
920 1276 961 1310 et
992 1271 1138 1310 dolore
1169 1270 1220 1310 ad
1253 1269 1493 1322 patiendum
1525 1270 1662 1310 levato
1694 1270 1963 1311 adiunximus
1994 1271 2115 1310 seda-

341 1328 498 1368 tionem
537 1330 834 1382 aegritudinis,
877 1345 959 1386 qua
1001 1333 1162 1372 nullum
1204 1333 1364 1372 homini
1407 1333 1557 1372 malum
1596 1334 1727 1373 maius
1759 1340 1832 1373 est.
1884 1334 1972 1373 Etsi
2003 1333 2113 1373 enim

340 1391 476 1431 omnis
506 1392 633 1432 animi
665 1395 921 1446 perturbatio
954 1396 1090 1447 gravis
1123 1401 1185 1435 est
1214 1409 1291 1434 nec
1313 1395 1489 1434 multum
1513 1393 1654 1435 differt
1674 1396 1726 1435 ab
1748 1395 1944 1442 amentia,
1975 1402 2114 1436 tamen

289 1459 522 1501 aoceteros,
566 1469 658 1495 cum
701 1463 797 1496 sunt
836 1458 877 1497 in
919 1458 1061 1511 aliqua
1102 1458 1417 1511 perturbatione
1459 1464 1531 1496 aut
1561 1464 1695 1497 metus
1727 1465 1799 1498 aut
1829 1458 2014 1498 laetitiae
2044 1463 2115 1498 aut

340 1516 598 1569 cupiditatis,
631 1526 863 1559 commotos
896 1520 1021 1559 modo
1055 1525 1094 1559 et
1125 1520 1390 1573 perturbatos
1423 1519 1560 1559 dicere
1592 1520 1792 1567 solemus,
1834 1527 1876 1560 at
1907 1534 2002 1568 eos,
2042 1520 2112 1574 qui

340 1592 384 1618 se
415 1580 670 1632 aegritudini
702 1581 972 1630 dediderunt,
1015 1583 1210 1629 miseros,
1254 1582 1461 1628 adflictos,
1501 1595 1793 1629 aerumnosos,
1832 1582 2113 1622 calamitosos.

339 1639 405 1680 83.
438 1642 585 1695 Itaque
616 1656 701 1682 non
732 1643 906 1684 fortuito
938 1645 1092 1685 factum
1125 1646 1303 1691 videtur,
1336 1645 1408 1683 sed
1441 1657 1463 1683 a
1496 1649 1534 1683 te
1566 1645 1728 1684 ratione
1760 1645 2038 1697 propositum,
2072 1649 2115 1684 ut

339 1705 561 1757 separatim
603 1706 654 1744 de
695 1707 954 1759 aegritudine
996 1714 1036 1747 et
1077 1707 1127 1747 de
1168 1708 1317 1747 ceteris
1358 1707 1743 1759 perturbationibus
1776 1707 2110 1759 disputaremu53

288 1767 383 1806 asin
415 1780 463 1806 ea
495 1774 555 1807 est
587 1768 697 1808 enim
730 1768 821 1809 fons
854 1770 1114 1809 miseriarum
1149 1776 1189 1809 et
1220 1775 1357 1822 caput.
1404 1769 1482 1807 Sed
1507 1775 1547 1808 et
1568 1769 1842 1822 aegritudinis
1866 1775 1906 1808 et
1927 1769 2113 1822 reliquo-

338 1843 430 1870 rum
461 1830 586 1869 animi
617 1832 859 1871 morborum
894 1846 972 1871 una
1005 1834 1167 1872 sanatio
1202 1839 1277 1879 est,
1312 1832 1446 1871 omnis
1480 1832 1703 1883 opinabilis
1736 1845 1828 1871 esse
1861 1837 1901 1870 et
1921 1831 2114 1871 volunta-

339 1892 423 1931 rios
464 1905 511 1931 ea
552 1907 679 1945 reque
720 1896 892 1947 suscipi,
944 1895 1055 1948 quod
1096 1896 1152 1934 ita
1191 1901 1351 1934 rectum
1384 1908 1475 1934 esse
1510 1895 1713 1933 videatur.
1773 1894 1894 1933 Hunc
1926 1906 2111 1933 errorem

340 1956 458 2008 quasi
490 1955 670 1995 radicem
703 1957 904 1996 malorum
929 1958 1114 1997 omnium
1147 1958 1334 2010 stirpitus
1368 1956 1635 2010 philosophia
1656 1970 1700 1995 se
1723 1961 1999 1995 extracturam
2022 1956 2114 2008 pol-

338 2017 499 2057 licetur.
550 2015 617 2057 84.
647 2019 804 2059 Demus
836 2020 963 2072 igitur
993 2033 1070 2059 nos
1103 2020 1199 2059 huic
1232 2019 1488 2059 excolendos
1531 2020 1822 2072 patiamurque
1854 2030 1930 2057 nos
1962 2018 2113 2057 sanari.

287 2087 324 2116 30
339 2079 413 2119 His
446 2080 557 2120 enim
589 2081 707 2120 malis
739 2082 1020 2122 insidentibus
1060 2097 1142 2122 non
1176 2083 1298 2122 modo
1332 2082 1465 2128 beati,
1508 2082 1580 2121 sed
1613 2095 1664 2120 ne
1698 2080 1788 2120 sani
1819 2080 1990 2134 quidem
2022 2093 2113 2120 esse

338 2155 574 2196 possumus.
623 2145 706 2182 Aut
746 2145 873 2196 igitur
913 2158 1112 2197 negemus
1155 2145 1384 2198 quicquam
1426 2145 1587 2184 ratione
1628 2142 1797 2191 confici,
1839 2156 1931 2182 cum
1971 2148 2114 2182 contra

338 2204 444 2244 nihil
482 2205 572 2244 sine
613 2207 775 2246 ratione
816 2214 926 2246 recte
967 2207 1057 2246 fieri
1098 2208 1249 2260 possit,
1291 2214 1359 2246 aut
1392 2221 1485 2246 cum
1524 2206 1792 2260 philosophia
1823 2219 1876 2245 ex
1907 2205 2113 2245 rationum

341 2266 579 2307 conlatione
612 2275 792 2316 constet,
835 2268 886 2309 ab
919 2284 987 2317 ea,
1030 2271 1062 2310 si
1095 2276 1136 2309 et
1164 2270 1265 2310 boni
1299 2275 1339 2308 et
1369 2270 1481 2309 beati
1513 2270 1704 2309 volumus
1737 2282 1842 2316 esse,
1875 2268 2014 2308 omnia
2043 2267 2115 2307 ad-

342 2328 528 2369 iumenta
560 2335 600 2369 et
630 2332 788 2371 auxilia
819 2337 1006 2385 petamus
1038 2333 1144 2372 bene
1176 2334 1381 2385 beateque
1414 2332 1593 2371 vivendi.

339 2504 490 2535 Socrates
514 2504 646 2541 dicilzcr,
673 2506 723 2535 sic
750 2508 785 2536 ut
810 2506 1007 2546 oportebat,
1036 2506 1133 2537 vtrhi
1160 2516 1277 2538 causa.
1306 2507 1342 2537 (lc
1366 2516 1397 2537 se
1415 2508 1552 2537 zosime:
1581 2507 1643 2537 sed
1669 2506 1881 2546 interpositis
1898 2505 1971 2536 aliis
1990 2505 2114 2545 negligi

339 2554 430 2585 istud
457 2555 587 2585 initium
616 2557 647 2585 et
672 2563 736 2595 per
760 2555 1018 2586 anacoluthiani
1045 2558 1139 2586 exire
1163 2557 1376 2587 sententiani
1404 2557 1435 2587 in
1463 2557 1562 2590 haec,
1588 2565 1662 2586 cum
1687 2556 1742 2586 illa
1761 2573 1809 2578 ——
1828 2557 1956 2586 (liceret.
1992 2557 2112 2596 ltaque

340 2611 402 2643 pro
433 2604 582 2634 maxima
617 2605 760 2636 minima
793 2606 956 2636 dimiacho
983 2607 1135 2644 ponenda
1161 2611 1232 2637 ενοι
1264 2608 1344 2637 ante
1370 2606 1477 2636 verba
1503 2615 1575 2636 cum
1604 2605 1741 2635 malm»,
1768 2606 1869 2636 ΒΑΛ-Ε.
1897 2623 1928 2626 -
1960 2604 1988 2636 si.
2016 2606 2115 2635 insita

341 2651 505 2692 Bentley:
540 2654 635 2694 siqua
661 2655 684 2685 C
716 2673 747 2677 —
783 2656 826 2686 ad
857 2664 890 2685 se
920 2656 942 2686 Β
977 2658 1009 2686 et
1038 2656 1159 2693 ¹*deleta
1187 2659 1215 2695 (l)
1243 2657 1266 2686 l't
1295 2674 1327 2677 ——
1364 2656 1393 2686 5.
1421 2656 1524 2686 rideri
1556 2659 1678 2685 ualui-a
1705 2655 1919 2694 Tregderus:
1952 2656 2057 2685 uideri
2080 2658 2115 2685 ut

341 2706 462 2733 natura
489 2704 532 2734 C:
566 2705 687 2741 videri,-
721 2708 755 2735 at
787 2708 908 2736 nutura
935 2706 959 2733 t)
991 2723 1020 2727 -
1058 2707 1087 2735 8.
1115 2710 1143 2736 er
1169 2707 1211 2736 C:
1240 2714 1280 2735 oc
1306 2706 1329 2735 [i
1358 2722 1391 2726 —
1429 2706 1477 2735 ti.
1507 2705 1698 2743 «depellitur
1723 2713 1787 2743 ego
1812 2713 1851 2735 ex
1878 2705 2003 2735 Davisii
2029 2713 2115 2736 con-

341 2752 473 2783 iectura
498 2754 597 2784 uncis
622 2753 797 2785 includo.»
823 2755 877 2785 W.
909 2772 942 2776 —
980 2754 1029 2785 14.
1059 2764 1114 2785 uos
1140 2756 1162 2785 (ἶ
1192 2774 1223 2777 -
1254 2755 1362 2794 quoad
1387 2752 1423 2784 R¹
1440 2756 1481 2785 ss:
1513 2756 1598 2794 quod
1623 2755 1665 2785 od
1691 2754 1768 2785 <31³²
1795 2772 1828 2777 —
1860 2755 1908 2785 16.
1937 2755 2116 2793 quatriduo

341 2801 366 2832 O
388 2818 420 2823 —
450 2802 501 2832 49.
528 2807 633 2834 lamen
661 2804 869 2836 Lambinus:
900 2809 1006 2835 tamen
1034 2806 1080 2835 ila
1105 2808 1147 2841 (];
1177 2809 1282 2836 lamen
1304 2804 1373 2845 [ila]
1393 2805 1429 2834 Ο,
1457 2804 1577 2843 (lamen
1606 2804 1651 2834 ita
1677 2803 1769 2835 delet
1793 2804 1975 2835 Nissenius
1993 2806 2115 2845 utpote

341 2854 457 2882 ortum
482 2860 522 2882 ex
549 2854 782 2892 geminatione
800 2853 900 2886 verbi
925 2855 1084 2893 amenliu)
1106 2873 1139 2876 —
1168 2856 1219 2886 2¹.
1240 2857 1312 2894 quis
1336 2854 1555 2894 aegritudinis
1572 2855 1596 2883 G
1617 2871 1649 2875 —
1680 2855 1731 2885 25.
1754 2857 1798 2884 set
1823 2851 1861 2884 G¹
1882 2871 1914 2875 —-
1942 2853 1993 2883 27.
2020 2861 2116 2884 eare-

342 2910 404 2940 que
429 2898 482 2931 13¹:
511 2911 549 2932 ca
571 2912 607 2933 re
632 2912 715 2942 quac
740 2906 765 2935 G
780 2905 823 2941 R;
851 2913 955 2943 eaque
978 2913 1013 2934 re
1030 2904 1069 2935 13²
1091 2923 1121 2926 —
1152 2904 1201 2935 28.
1221 2905 1370 2943 stirpitus
1395 2904 1461 2934 hoc
1480 2913 1548 2934 uno
1566 2903 1642 2934 loco
1663 2905 1831 2935 Cicerone
1849 2903 2000 2943 positum
2019 2904 2116 2934 notat

343 2950 493 2982 Statilius
519 2952 688 2984 Maximus
713 2954 805 2994 apud
831 2954 1028 2985 Charisium
1055 2962 1087 2993 p.
1114 2954 1188 2991 ⁶219,
1216 2955 1268 2984 25.
1300 2971 1332 2974 *
1367 2954 1418 2983 30.
1447 2954 1618 2983 nominodo
1644 2955 1668 2984 G
1698 2971 1729 2976 -
1759 2954 1810 2984 3¹.
1838 2954 1963 2984 rationi
1987 2953 2050 2984 GR
2077 2970 2113 2976 --

342 3009 377 3030 n.
404 3007 510 3030 TULLII
534 3009 706 3033 crcenoxis
731 3001 959 3034 rrscccmnfflff
982 3012 1078 3034 LIBER
1102 3012 1157 3033 1111
1180 3011 1344 3034 ΕΑ-Ριισιτ.
1371 3012 1498 3034 ixeimr
1522 3012 1615 3034 LIBER
1643 3012 1661 3032 ι’
1684 3006 1728 3037 G:
1754 3013 1790 3034 M.
1814 3012 1920 3035 ηἰιιι
1943 3011 2114 3035 σισειῑοΝιε

342 3048 569 3082 TUSCULANARU
592 3060 687 3083 LIBER
711 3061 855 3090 Qi‘fflrt‘s
880 3061 1053 3089 EXPLICITj
1077 3061 1203 3084 ncwir
1227 3060 1366 3090 (Ji-ixrtfs
1392 3052 1434 3083 B:
1462 3052 1720 3093 subscriptione
1747 3055 1844 3084 caret
1868 3054 1911 3085 R.
