2249 3624
268 235 349 277 930
1007 230 1287 273 CICERONIS

367 339 401 378 2.
443 339 488 378 In
513 336 790 376 inimicissima
816 335 976 374 civitate
1002 340 1163 385 urgent,
1190 336 1357 384 instant,
1382 334 1678 386 insequuntur:
1720 335 1854 376 studio
1882 336 2020 377 multi-

267 400 423 452 tudine,
452 401 627 454 pecunia
652 400 830 451 periurio
858 403 1053 450 pugnant.
1111 397 1267 446 (Idem
1292 396 1483 445 ibidem.)

370 464 405 503 3.
449 465 493 504 C.
523 463 747 503 Ancharius
773 461 898 501 Rufus
925 461 998 500 fuit
1025 472 1046 498 e
1074 460 1291 512 municipio
1319 458 1542 510 Fulginate.
1597 460 1863 510 (Priscian.
1890 462 1916 503 I.
1939 463 2018 503 VII.

269 541 304 567 c.
336 528 394 568 14.
426 528 462 579 ἓ.
490 529 574 575 70.)

235 592 254 621 5
366 595 403 630 4.
443 591 486 629 In
512 590 769 641 praefectura
794 587 1020 638 Fulginate.
1074 585 1226 635 (Idem
1254 585 1376 635 ibid.)

367 654 404 692 5.
448 653 549 692 Cum
576 652 652 690 iter
678 663 753 701 per
779 661 898 700 agros
927 654 966 687 et
991 648 1080 688 loca
1107 648 1193 688 sola
1223 648 1376 687 faceret
1405 660 1497 687 cum
1528 648 1800 700 Pompuleno,
1836 649 1878 688 in
1905 650 2023 689 fami-

266 715 360 755 liam
395 715 692 754 Ancharianam
727 711 922 751 incidisse
952 710 1160 750 dixerunt:
1207 709 1356 749 deinde
1383 710 1677 762 Pompulenum
1705 712 1885 750 occisum
1913 723 2021 762 esse,

265 778 371 818 illico
397 779 602 818 Varenum
628 777 808 815 vinctum
836 780 1114 824 asservatum,
1145 772 1241 812 dum
1269 773 1335 812 hic
1362 772 1623 824 ostenderet,
1657 773 1755 825 quid
1783 774 1834 814 de
1862 787 1909 814 eo
1937 775 2024 814 fieri

268 840 402 881 vellet.
458 841 653 888 (Quint.
683 839 708 878 l.
740 840 788 878 V.
821 851 856 877 c.
888 840 945 878 13.
978 838 1013 888 ξ.
1044 839 1125 885 28.)

218 905 254 934 ¹¹0
366 906 402 943 6.
443 905 550 954 Lege
585 902 635 941 de
672 902 826 941 sicariis
869 901 1069 939 commisit
1106 901 1149 938 L.
1181 901 1378 939 Varenus.
1446 901 1547 939 Nam
1584 901 1627 939 C.
1665 900 1871 940 Varenum
1913 901 2024 940 occi-

267 966 401 1005 dendo
431 972 470 1005 et
497 967 680 1006 Gnaeum
710 963 960 1003 volnerando
988 969 1027 1002 et
1053 963 1253 1003 Salarium
1287 963 1384 1001 item
1418 962 1643 1002 occidendo
1672 963 1796 1004 cadit.
1864 963 2023 1014 (Idem

264 1030 291 1070 l.
321 1031 400 1069 VII.
431 1043 466 1068 c.
499 1031 530 1068 1.
563 1030 599 1080 ξ.
629 1030 688 1076 9.)

363 1095 400 1131 7.
443 1093 544 1131 Tum
572 1093 617 1132 C.
644 1093 844 1142 Varenus,
885 1092 934 1141 is,
970 1091 1038 1142 qui
1068 1104 1090 1129 a
1129 1089 1277 1130 familia
1313 1089 1569 1130 Anchariana
1607 1091 1768 1130 occisus
1800 1095 1877 1130 est.
1940 1091 2023 1129 Hoc

266 1168 440 1207 quaeso,
469 1156 646 1206 iudices,
676 1155 890 1206 diligenter
917 1153 1128 1193 attendite.
1182 1153 1339 1202 (Idem
1370 1152 1395 1191 l.
1427 1154 1490 1192 IV.
1525 1166 1558 1193 c.
1593 1155 1627 1194 1.
1659 1154 1695 1204 ξ.
1726 1155 1787 1192 74.
1819 1158 1861 1192 et
1898 1152 1924 1191 l.
1953 1154 2021 1192 IX.

218 1231 301 1260 450.
334 1219 369 1258 2.
401 1220 437 1270 ξ.
469 1220 552 1263 56.)

365 1284 401 1322 8.
441 1283 482 1321 L.
521 1281 588 1320 ille
629 1281 850 1332 Septimius
888 1281 1044 1319 diceret
1083 1280 1254 1329 (etenim
1295 1284 1358 1317 est
1393 1277 1446 1318 ad
1481 1279 1524 1318 L.
1566 1279 1704 1318 Crassi
1745 1278 2021 1330 eloquentiam

266 1345 399 1396 gravis
439 1351 478 1384 et
516 1344 739 1384 vehemens
778 1349 818 1382 et
859 1342 1095 1389 volubilis):
1137 1343 1310 1382 Erucius
1348 1342 1413 1380 hic
1456 1346 1597 1380 noster
1641 1342 1902 1381 Antoniaster
1946 1346 2021 1381 est.

267 1408 536 1456 (Priscian.
566 1407 594 1445 l.
619 1408 680 1446 ΙΙΙ.
713 1419 747 1446 c.
773 1410 810 1445 7.
843 1407 878 1457 ξ.
910 1407 972 1445 40.
1027 1407 1202 1453 Quint.
1230 1405 1257 1444 1,
1288 1406 1384 1444 VIII.
1417 1417 1452 1444 c.
1481 1406 1515 1443 3.
1547 1405 1582 1455 ξ.
1612 1404 1694 1453 22.)

365 1473 401 1510 9.
442 1471 500 1509 Ea
537 1470 686 1509 caedes
724 1471 758 1509 si
783 1470 1042 1521 potissimum
1083 1470 1239 1508 crimini
1281 1468 1414 1518 datur,
1456 1467 1576 1507 detur
1608 1468 1669 1519 ei,
1707 1468 1798 1508 cuia
1830 1468 2023 1518 interfuit,

217 1543 347 1574 eonon
376 1534 429 1584 ei,
461 1534 550 1573 cuia
578 1533 674 1572 nihil
700 1534 894 1572 interfuit.
950 1533 1124 1582 (Prisc.
1154 1532 1180 1571 l.
1211 1533 1294 1571 XII.
1325 1544 1358 1571 c.
1393 1534 1426 1570 6.
1460 1532 1495 1582 ξ.
1527 1534 1607 1577 29.)

367 1598 425 1636 10.
472 1597 590 1647 Optio
617 1597 734 1635 vobis
763 1597 905 1645 datur,
942 1603 1079 1635 utrum
1106 1595 1237 1634 velitis
1266 1608 1365 1634 casu
1398 1595 1464 1634 illo
1495 1596 1640 1634 itinere
1668 1596 1874 1635 Varenum
1905 1607 2025 1635 usum

268 1671 381 1709 esse,
414 1672 465 1698 an
493 1659 610 1698 huius
639 1671 843 1710 persuasu
870 1664 909 1697 et
934 1658 1117 1697 inductu.
1174 1659 1356 1707 (Quint.
1388 1657 1413 1696 l.
1444 1658 1490 1697 V.
1519 1670 1552 1696 c.
1585 1660 1642 1697 10.
1677 1658 1712 1709 ἓ.
1740 1658 1823 1707 69.)

368 1723 428 1761 11.
468 1724 597 1759 Deum
624 1720 760 1760 fidem.
818 1722 987 1769 (Prisc.
1019 1721 1045 1758 l.
1076 1721 1155 1759 VII.
1187 1733 1221 1758 c.
1251 1721 1287 1758 6.
1319 1721 1355 1770 ξ.
1386 1720 1465 1768 25.)

368 1784 426 1823 12.
473 1782 632 1837 [Testes
662 1790 756 1823 sunt
782 1784 933 1823 multae
960 1783 1180 1823 inultorum
1208 1784 1427 1832 orationes,
1458 1789 1497 1822 et
1517 1783 1727 1823 Ciceronis
1749 1795 1823 1834 pro
1843 1784 2022 1833 Murena,

216 1858 253 1887 25
267 1859 341 1898 pro
368 1847 552 1897 Varen0,
587 1847 629 1885 in
663 1846 812 1898 quibus
850 1846 988 1885 brevis
1017 1852 1057 1885 et
1091 1845 1202 1885 nuda
1242 1846 1359 1897 quasi
1389 1845 1635 1898 subscriptio
1677 1846 1889 1885 criminum
1929 1845 2024 1885 solis

269 1909 392 1949 titulis
418 1906 651 1962 indicatur.]
709 1908 932 1958 (Plinius
960 1909 1088 1960 Epist.
1117 1910 1159 1947 L.
1195 1909 1229 1958 1,
1258 1909 1319 1958 20,
1348 1911 1406 1957 7.)

370 1972 429 2010 13.
473 1972 623 2010 Contra
660 1971 872 2020 iuvenem,
912 1972 1026 2010 cuius
1067 1969 1242 2010 subinde
1281 1969 1425 2009 volnus
1460 1971 1501 2009 in
1536 1969 1684 2010 iudicio
1725 1970 2024 2021 resolvebatur,

268 2046 342 2086 pro
376 2035 536 2073 Vareno
577 2033 701 2073 multa
743 2034 843 2073 dixit
881 2034 1050 2074 urbane.
1121 2033 1339 2084 (Quintil.
1379 2034 1423 2085 6,
1465 2034 1508 2085 1,
1543 2033 1604 2074 49.
1650 2034 1718 2073 cfr.
1759 2035 1878 2074 etiam
1910 2037 1953 2082 7,
1986 2034 2024 2084 2,

271 2099 317 2136 10
343 2101 382 2135 et
410 2097 469 2135 36.

219 2169 255 2198 30
372 2159 430 2198 14.
478 2159 684 2198 «Incidunt
724 2173 893 2210 causae,
932 2161 973 2199 in
1014 2159 1164 2212 quibus
1205 2161 1316 2212 quod
1356 2172 1557 2200 summam
1595 2160 1720 2200 habet
1759 2159 2025 2212 quaestionis,

270 2234 417 2273 magna
445 2234 495 2260 ex
523 2228 637 2274 parte
666 2222 923 2261 tractandum
950 2223 1001 2261 sit
1029 2228 1068 2261 et
1096 2223 1154 2261 sic
1184 2222 1376 2274 ponenda
1405 2223 1597 2273 narratio,
1626 2228 1670 2262 ut
1696 2235 1769 2274 pro
1798 2222 1959 2262 Vareno
1988 2226 2028 2260 et

270 2284 334 2325 bis
361 2297 434 2337 pro
461 2284 644 2324 Habito».
702 2284 986 2334 (Severiani
1016 2285 1129 2336 Synt.
1157 2285 1271 2324 Rhet.
1301 2297 1343 2336 p.
1374 2285 1459 2325 305.
1489 2285 1603 2335 Pith.)

570 2361 617 2401 Il.
663 2360 770 2403 CUM
801 2360 1082 2411 QUAESTOR
1113 2361 1374 2403 LILYBAEO
1407 2361 1732 2404 DECEDERET.

373 2428 536 2479 (Habita
571 2433 633 2467 est
666 2429 791 2467 oratio
831 2429 876 2467 L.
909 2428 1058 2466 Licinio
1103 2428 1292 2479 Lucullo,
1332 2430 1380 2467 M.
1421 2428 1585 2468 Aurelio
1633 2430 1749 2469 Cotta
1788 2429 1903 2468 Coss.
1938 2427 2024 2467 680.

224 2505 311 2544 351).
344 2493 491 2602 Udid
518 2567 599 2593 non
629 2553 858 2593 detrectare
886 2553 1082 2603 militiam,
1113 2553 1188 2592 sed
1215 2553 1436 2594 defendere
1467 2554 1718 2606 provinciam
1742 2552 1921 2593 iudicata
1948 2556 2024 2591 est.

276 2618 570 2666 [Arusianus
597 2617 816 2655 Messius
843 2629 883 2668 p.
913 2617 999 2656 226.
1029 2615 1166 2666 Lind.)

896 2692 963 2733 III.
1015 2693 1119 2734 PRO
1151 2693 1194 2733 P.
1228 2692 1405 2734 OPPIO.

375 2764 472 2800 Aac.
515 2762 623 2799 Haec
653 2762 755 2799 actio
783 2760 920 2800 habita
956 2766 1018 2799 est
1044 2773 1149 2799 anno
1186 2761 1269 2799 fere
1313 2762 1398 2799 687.
1428 2773 1467 2812 p.
1500 2761 1543 2800 U.
1574 2772 1607 2799 c.
1637 2761 1686 2798 M.
1709 2758 1872 2798 Aurelio
1909 2759 2026 2798 Cotta

226 2834 262 2865 40
279 2835 327 2861 ex
356 2824 449 2862 Asia
480 2825 646 2863 Romam
680 2837 846 2864 reverso
880 2825 939 2875 (cf.
970 2824 1055 2862 Dio.
1088 2825 1271 2874 XXXVI,
1301 2826 1384 2875 23.)
1426 2837 1449 2864 a
1489 2837 1567 2875 quo
1604 2828 1765 2876 procos.
1795 2825 1836 2862 P.
1869 2822 2026 2874 Oppius

278 2891 483 2936 quaestor,
512 2885 622 2936 quod
648 2886 967 2938 repetundarum
995 2886 1318 2937 insidiarumque
1349 2887 1625 2937 suspicionem
1653 2885 1728 2925 sibi
1753 2888 2024 2933 contraxerat,

277 2949 316 2985 in
337 2947 484 2986 Urbem
513 2954 598 2987 erat
629 2949 848 2999 relegatus.
903 2950 1030 2987 Huius
1061 2949 1329 3000 patrocinium
1363 2949 1503 2988 Cicero
1536 2949 1733 2999 suscepit,
1766 2948 1881 2987 Cotta
1909 2957 2024 2985 reum

278 3010 504 3047 testimonio
534 3023 606 3049 suo
635 3017 818 3061 urgente.
874 3011 1032 3050 Nobbe.
1090 3012 1168 3060 (Cf.
1196 3010 1359 3050 Salustii
1390 3014 1536 3059 Fraqm.
1566 3013 1704 3048 Histor.
1736 3010 1779 3048 L.
1811 3011 1844 3048 3.
1875 3023 1916 3062 p.
1937 3010 2023 3047 978.

279 3071 387 3110 Cort.
412 3083 451 3122 p.
473 3072 556 3110 236.
580 3073 764 3112 Gerlach.
822 3075 894 3112 «At
914 3075 1070 3125 Oppius
1096 3079 1315 3124 postquam
1341 3086 1461 3113 orans
1489 3073 1585 3112 nihil
1613 3072 1865 3125 proficiebat,
1886 3070 2024 3110 timide

227 3144 263 3175 45
278 3140 391 3172 vcstc
420 3139 570 3172 tectum
596 3136 814 3185 pugionem
843 3136 1037 3187 expedire
1067 3142 1255 3185 conatus,
1285 3148 1307 3173 a
1338 3136 1452 3175 Cotta
1480 3135 1723 3186 Volscioque
1750 3131 2022 3185 impeditur».)

344 3260 396 3290 40.
424 3258 638 3290 occidendum
654 3275 672 3280 -
688 3278 705 3282 —
721 3261 958 3292 volneramlmn
976 3279 991 3283 -
1008 3279 1025 3283 -
1041 3261 1249 3293 occidendum
1272 3261 1403 3292 curarit
1426 3261 1570 3293 Gesneri
1594 3268 1689 3301 susp.
1711 3276 1744 3281 -
1767 3259 1817 3290 49.
1842 3259 1869 3290 si
1893 3255 2025 3289 crimini

278 3309 391 3347 datur,
417 3309 510 3340 delur
533 3308 562 3341 ei
580 3310 787 3349 potissimum
811 3311 945 3343 Patricil
969 3319 1064 3351 susp.
