2249 3624
865 232 1202 273 FRAGMENTA.
1826 221 1907 267 979

261 334 322 373 23.
366 334 669 385 (Xenophon
699 335 851 372 Oneon.
875 347 909 373 c.
935 336 991 374 18.
1016 336 1050 383 ξ.
1073 337 1130 382 2.)
1173 336 1330 374 Eruunt
1354 334 1504 373 breves
1528 335 1696 374 culmos.
1752 334 1903 382 (Libel-

162 396 224 436 lus
253 395 304 435 de
331 408 452 445 genn.
483 408 590 434 nom.
624 396 686 434 ed.
719 398 877 448 llauptii
908 410 945 448 p.
967 398 1044 446 75.)

260 459 318 497 24.
365 459 485 495 Cicero
513 461 551 495 in
581 459 826 496 Oeconomicis
853 458 991 498 laudat
1018 459 1186 510 praedia
1216 458 1438 498 latifundia.
1478 460 1703 508 (Servius
1729 459 1779 499 ad
1802 461 1907 509 Virg.

161 520 305 570 Georg.
337 521 384 558 ΙΙ.
406 533 442 558 v.
464 521 571 564 412.)

259 583 318 621 25.
368 580 617 635 [oeconomici
648 585 809 620 Tulliani
839 587 1081 631 sraqmenlnm
1109 587 1376 631 deprehendisse
1403 588 1472 621 sibi
1500 588 1711 621 videbantur
1733 587 1943 622 Αηιὺνοεῖὶὃ

160 647 326 683 Editores
353 647 579 685 Benedetctint
606 649 641 683 in
671 649 744 684 illis
773 648 1005 684 Ambrosii
1031 650 1072 683 de
1105 648 1246 694 Officiis
1275 648 1310 693 3,
1341 650 1376 695 (5,
1407 648 1465 686 2.:
1511 659 1602 685 cum
1636 647 1738 686 alius
1767 647 1914 694 alleget

160 706 451 758 agriculturam
481 707 727 747 laudabilem
758 708 865 759 apud
894 720 1036 746 omnes
1066 708 1221 757 baberi,
1250 709 1404 747 fructus
1425 715 1557 748 terrae
1587 709 1792 760 simplices
1821 721 1913 747 esse

160 768 315 821 triplos,
345 769 437 820 plus
466 770 534 820 qui
566 770 843 818 seminmerit,
875 782 966 808 eum
990 770 1264 821 probatiorem
1294 772 1391 817 sore,
1422 771 1635 809 uberiores
1666 771 1821 809 reditus
1850 773 1914 809 in-

161 831 341 870 dustriae
370 843 450 870 non
478 830 671 880 fraudari,
702 832 990 882 negligentiam
1018 833 1144 881 magis
1174 839 1213 870 et
1240 834 1435 872 incuriam
1469 834 1571 871 ruris
1605 834 1741 872 inculti
1772 846 1914 884 repre-

161 893 297 932 hendi.
353 895 448 932 Mihi
475 897 616 941 quidem
644 908 775 941 parum
801 897 990 942 probabile
1016 898 1169 941 videtur,
1200 898 1285 933 haec
1317 898 1487 933 Tulliana
1514 909 1594 933 esse.
1652 893 1744 948 Otr]
1931 900 1965 928 ⁴0

628 982 673 1022 ll.
726 982 1077 1024 PROTAGORAS
1111 982 1177 1023 Ex
1212 984 1462 1025 PLATONE.

262 1049 375 1088 Hunc
406 1048 607 1100 dialogum
639 1062 718 1100 quo
748 1055 931 1100 tempore
952 1050 1094 1088 Cicero
1117 1051 1255 1089 Latine
1278 1051 1568 1102 interpretatus
1596 1051 1659 1097 sit,
1691 1062 1768 1088 non
1791 1051 1916 1099 magis

164 1116 324 1150 constat
353 1122 475 1162 quam
505 1111 668 1162 quando
698 1111 908 1150 Aeschinis
936 1113 975 1150 in
1005 1112 1308 1163 Ctesiphontem
1337 1118 1377 1151 et
1405 1113 1687 1151 Demosthenis
1717 1124 1788 1163 pro
1819 1112 1916 1150 Cte-

162 1172 349 1224 siphonte
378 1174 582 1213 orationes
619 1180 680 1223 et,
720 1174 830 1225 quod
864 1174 925 1212 his
960 1175 1186 1225 praemisit,
1227 1174 1478 1225 prooemium
1507 1173 1558 1211 de
1587 1175 1736 1225 optimo
1766 1185 1916 1221 genere

163 1240 382 1273 oratorum.
440 1237 698 1286 Protagoram
734 1248 830 1275 vero
859 1242 899 1274 et
926 1235 1025 1274 alios
1062 1237 1200 1275 nescio
1237 1248 1340 1286 quos
1368 1236 1544 1275 Platonis
1581 1236 1705 1274 libros
1734 1248 1824 1273 cum
1854 1234 1916 1273 alii
1936 1248 1967 1275 15

162 1302 247 1335 tum
277 1297 490 1336 Schtitzius
519 1311 539 1337 a
570 1299 767 1337 Cicerone
794 1300 835 1337 in
862 1299 1071 1337 iuventute
1102 1299 1142 1337 in
1183 1299 1365 1337 Latinum
1404 1310 1496 1336 esse
1533 1310 1754 1337 conversos
1790 1310 1916 1349 prop-

168 1364 279 1397 terea
310 1365 489 1398 statuere
519 1360 727 1410 videntur,
762 1360 870 1411 quod
891 1361 1170 1412 Xenophontis
1191 1361 1506 1399 Oeconomicum
1534 1362 1622 1411 ipse
1653 1361 1795 1399 Cicero
1824 1373 1844 1398 a
1874 1372 1917 1398 se

164 1420 428 1460 adolescente
455 1421 587 1460 adhuc
616 1423 655 1460 in
682 1423 866 1461 Latinum
894 1435 987 1461 esse
1016 1422 1255 1461 translatum
1284 1423 1426 1462 scribit
1445 1423 1520 1462 Off.
1543 1422 1567 1461 l.
1591 1424 1633 1461 11.
1658 1435 1692 1461 c.
1715 1423 1775 1461 24.
1798 1424 1832 1473 ξ.
1854 1424 1914 1460 87.

167 1483 361 1522 Ceterum
390 1483 496 1522 adde
525 1483 656 1523 locum
686 1485 919 1531 Quintiliani
947 1484 972 1523 l.
995 1486 1042 1523 X.
1064 1497 1098 1523 c.
1119 1486 1153 1523 5.
1175 1485 1209 1535 ξ.
1241 1488 1275 1525 2.
1307 1485 1532 1524 Ruhnkenii
1570 1485 1734 1536 quidem
1772 1485 1917 1523 iudicio

163 1544 272 1584 haud
300 1546 514 1596 integrum.
571 1547 715 1585 Nonne.
1933 1559 1969 1587 20

266 1647 299 1683 1.
343 1645 501 1693 (Plato
531 1646 689 1695 Protag.
719 1646 827 1694 init.)
881 1645 985 1692 Quid
1014 1647 1087 1685 tui>
1115 1645 1223 1685 unde
1252 1644 1416 1684 tandem
1444 1657 1644 1697 appares,
1673 1658 1695 1683 o
1723 1646 1920 1685 Socrate?

162 1719 213 1747 an
242 1706 407 1758 quidem
438 1720 518 1746 non
547 1707 715 1746 dubium
746 1713 821 1757 est,
853 1708 950 1758 quin
978 1707 1028 1746 ab
1057 1707 1294 1747 Alcibiade?
1335 1709 1640 1756 (Priscianus
1668 1707 1691 1745 l.
1715 1709 1778 1746 VI.
1803 1720 1835 1745 c.
1859 1709 1916 1746 11.

164 1770 201 1820 ξ.
232 1771 316 1817 63.)

265 1832 300 1870 2.
345 1831 515 1880 (Plato
543 1832 700 1881 Protag.
731 1844 771 1883 p.
794 1833 878 1870 337.
900 1832 964 1880 Β.)
1018 1832 1133 1870 Nunc
1163 1844 1183 1870 a
1212 1831 1343 1881 vobis,
1374 1844 1396 1870 o
1425 1833 1641 1881 Protagora
1670 1838 1710 1871 et
1736 1833 1916 1880 Socrate,

164 1893 326 1945 postulo
366 1899 410 1932 ut
447 1893 497 1931 de
537 1894 612 1932 isto
651 1892 885 1933 concedatis
922 1893 1023 1933 alter
1059 1893 1173 1932 alteri
1210 1900 1249 1932 et
1283 1895 1388 1932 inter
1424 1906 1495 1932 vos
1530 1893 1580 1932 de
1616 1894 1783 1933 huiusce
1812 1895 1969 1934 modi25

163 1956 288 1995 rebus
317 1956 694 2003 controversemini,
725 1967 805 1994 non
833 1956 1089 1994 concertetis.
1146 1956 1465 2003 (Priscianus
1493 1956 1517 1994 l.
1539 1957 1644 1994 VIII.
1667 1969 1700 1995 c.
1721 1959 1757 1994 7.
1781 1957 1816 2006 ξ.
1837 1958 1919 2005 35.)

263 2020 300 2058 3.
343 2018 505 2068 (Plato
533 2019 691 2067 Protag.
722 2030 761 2069 p.
785 2019 856 2057 356
884 2020 930 2056 A.
962 2017 1026 2055 ed.
1060 2017 1223 2070 Steph.)
1278 2019 1391 2065 Quae
1425 2018 1544 2068 igitur
1576 2024 1709 2069 potest
1736 2030 1828 2058 esse
1855 2020 1919 2057 in-

166 2079 340 2132 dignitas
379 2080 596 2131 voluptatis
629 2079 680 2119 ad
717 2079 966 2129 molestiam,
1005 2080 1080 2118 nisi
1117 2080 1157 2118 in
1185 2079 1461 2131 magnitudine
1498 2087 1566 2119 aut
1602 2093 1641 2118 in
1669 2079 1918 2130 longitudine

167 2142 333 2182 alterius
366 2143 495 2181 utrius
521 2143 680 2193 posita?
721 2142 1038 2192 (Priscianus
1067 2141 1091 2179 l.
1113 2143 1157 2180 V.
1180 2155 1214 2180 c.
1240 2143 1295 2181 12.
1320 2142 1356 2192 ξ.
1379 2143 1437 2180 64.
1470 2148 1510 2180 et
1537 2141 1561 2180 l.
1585 2142 1645 2180 Vl.
1669 2155 1701 2180 c.
1723 2146 1758 2180 7.
1782 2144 1817 2193 ξ.
1840 2144 1918 2192 35.)

261 2207 297 2243 4.
342 2203 619 2245 Confirmandi
638 2216 788 2255 genera
808 2203 1042 2254 compluria.
1087 2204 1271 2252 (Donat.
1303 2205 1342 2243 in
1371 2205 1546 2243 Terentii
1567 2203 1722 2242 Phorm.
1746 2207 1832 2243 Act.
1855 2206 1915 2245 IV.
1933 2217 1968 2246 30

164 2267 229 2307 Sc.
252 2269 286 2309 3.
318 2268 386 2308 Vs.
411 2268 470 2314 6.)

767 2330 833 2371 ΙΙΙ.
894 2329 962 2370 DE
995 2328 1114 2371 lURE
1147 2329 1313 2371 ClVlLI.

885 2409 1195 2449 ADNOTATIO.

266 2473 307 2511 Si
339 2483 476 2510 verum
506 2477 582 2520 est,
612 2469 722 2521 quod
751 2470 904 2512 Gellius
931 2470 1000 2510 lib.
1032 2473 1060 2508 l.
1092 2482 1126 2508 c.
1150 2470 1210 2508 22.
1240 2470 1307 2518 ait,
1338 2470 1461 2509 fuisse
1489 2470 1636 2510 librum
1663 2471 1714 2510 de
1742 2473 1828 2511 iure
1857 2475 1917 2512 ei—

163 2533 230 2575 vili
259 2546 292 2574 s.
322 2534 480 2585 privato
509 2534 547 2572 in
577 2538 705 2572 artem
732 2531 973 2582 redigendo,
1002 2533 1070 2572 vix
1098 2531 1366 2571 dubitandum
1394 2532 1569 2581 videtur,
1606 2534 1702 2584 quin
1731 2547 1915 2575 seorsum
1932 2546 1966 2573 35

166 2597 306 2637 Cicero
348 2608 441 2635 eum
479 2594 671 2634 ediderit:
714 2606 962 2646 quamquam
999 2593 1143 2634 eadem
1181 2593 1232 2632 de
1260 2606 1303 2632 re
1332 2606 1411 2632 uno
1440 2593 1632 2633 librorum
1663 2595 1713 2634 de
1740 2597 1916 2647 Legibus

165 2657 497 2710 deperditorum,
538 2663 653 2696 sexto
681 2657 853 2696 sortasse
887 2657 972 2696 sive
1001 2655 1161 2704 ultimo⁷
1203 2655 1432 2705 singulatim
1473 2658 1713 2707 exposuisse
1755 2658 1913 2698 dicitur.

165 2721 224 2760 Cf.
263 2720 437 2760 Macrob.
477 2720 638 2760 Saturn.
668 2720 733 2768 VI,
763 2719 800 2757 4.
830 2725 871 2757 et
897 2719 979 2758 Cic.
1009 2718 1061 2757 de
1088 2720 1208 2768 Legg.
1241 2717 1265 2756 l.
1296 2719 1361 2755 ΙΙΙ,
1394 2730 1429 2756 c.
1456 2719 1515 2757 20.
1548 2720 1583 2768 §-
1608 2721 1668 2758 48.
1725 2720 1913 2760 Ceterum

165 2783 214 2829 Q.
242 2784 361 2822 Mucii
391 2781 613 2823 Scaevolae
642 2793 746 2832 opus
775 2779 907 2828 (librr.
938 2781 1102 2828 XVIII.)
1132 2786 1224 2819 ante
1261 2779 1401 2818 oculos
1431 2779 1624 2819 habuisse
1653 2783 1822 2821 Patricio
1852 2785 1914 2821 vi-

166 2843 300 2885 detur.
341 2845 486 2884 Nonne.
555 2844 704 2882 Verum
732 2842 850 2892 longe
878 2841 1127 2893 probabilior
1156 2847 1220 2880 est
1246 2841 1414 2892 Zumptii
1444 2842 1575 2892 opinio
1603 2843 1642 2881 in
1671 2844 1802 2883 Diario
1832 2847 1912 2883 cri—
1928 2854 1964 2883 40

165 2906 243 2944 tico
263 2905 436 2944 Berolin.
461 2908 568 2946 1842.
591 2907 636 2945 Ν.
657 2907 717 2944 32.
740 2918 779 2956 p.
801 2905 902 2953 249„
931 2904 1056 2943 fuisse
1083 2904 1159 2942 hoc
1187 2902 1397 2941 exordium
1426 2902 1516 2941 libri
1543 2906 1645 2942 sexti
1667 2904 1718 2944 de
1737 2907 1913 2957 Legibus

163 2968 338 3008 inchoati
375 2967 611 3016 dumtaxat,
655 2978 877 3017 numquam
921 2965 1119 3012 absoluti;
1163 2965 1204 3003 id
1239 2964 1349 3015 quod
1387 2977 1485 3004 sane
1523 2966 1761 3007 confirmant
1787 2969 1912 3008 verba

166 3028 399 3076 Quintiliani
433 3032 490 3079 12,
521 3031 556 3078 3,
589 3030 652 3068 10:
692 3030 744 3066 M.
778 3030 915 3065 Tullius
942 3040 1013 3065 non
1039 3031 1143 3065 modo
1170 3031 1262 3064 inter
1289 3030 1464 3074 ayeudum
1498 3040 1695 3076 numquam
1731 3038 1780 3069 est
1807 3034 1913 3069 desti-

167 3098 261 3130 tutus
287 3095 438 3130 scientia
463 3095 570 3138 iuris,
599 3095 659 3129 sed
685 3094 794 3128 etiam
821 3103 1029 3138 componere
1056 3092 1181 3136 aliqua
1208 3092 1249 3126 de
1275 3101 1314 3125 eo
1341 3097 1516 3136 coeperat.
1561 3090 1619 3130 Cf.
1650 3091 1860 3143 Spalding.

255 3229 308 3260 22.
345 3237 390 3261 an
420 3228 561 3269 quidem]
595 3229 700 3260 Prisc.
738 3228 856 3267 (etiam
889 3227 974 3259 Cod.
1001 3228 1113 3259 Turic.
1139 3227 1214 3257 Sec.
1246 3227 1303 3266 X.)
1336 3236 1380 3258 an
1410 3227 1444 3258 id
1466 3228 1593 3266 quidem
1623 3229 1795 3269 Fragmm.
1832 3231 1910 3262 Ern⁴

170 3279 206 3308 at
227 3277 355 3316 quidem
377 3278 504 3310 Krehlii
528 3286 622 3319 susp.
649 3276 763 3309 Malim
792 3280 827 3308 αι
848 3278 882 3308 id
904 3278 1044 3316 quidem.
1081 3277 1138 3308 On.
