2249 3624
534 183 623 222 Lm.
644 182 713 221 111.
756 182 851 222 ομ».
872 181 1282 222 xxxi—xxxui.
1321 180 1380 233 §5
1404 178 1419 220 «1
1432 179 1447 220 i
1462 179 1475 220 i
1494 179 1571 220 -4
1590 179 1649 221 is.
1885 179 1966 222 739

214 290 324 329 misit
355 287 586 335 Hannibal,
628 302 672 328 se
712 288 753 327 in
795 294 929 328 castra
969 287 1177 327 redituros
1209 301 1277 335 ea,
1317 301 1493 341 quorum
1525 293 1642 328 eraut
1671 290 1790 341 potiti
1823 288 1967 336 Poeni,

214 352 292 391 nisi
325 351 374 390 de
407 350 658 390 redimendis
690 351 864 403 captivis
896 351 1245 403 impetravissent,
1277 351 1309 390 si
1334 364 1414 390 non
1438 351 1664 399 redieruut,
1686 353 1967 407 vituperandi.

210 414 271 453 De
303 413 455 466 quibus
486 425 571 451 non
603 426 746 452 omues
778 426 861 452 uno
895 413 1029 452 modo.
1090 414 1192 452 Nam
1224 414 1441 466 Polybius,
1472 413 1607 454 bonus
1638 424 1782 458 auctor
1812 418 1854 457 in
1885 417 1969 470 pri-

211 476 306 522 mis,
338 488 391 514 ex
421 474 565 514 decem
597 475 888 522 nobilissimis,
930 475 1001 527 qui
1035 481 1119 514 tum
1153 480 1269 513 erant
1301 476 1436 521 missi,
1476 489 1612 516 norem
1642 482 1845 520 revertisse
1874 480 1970 519 dicit

209 551 252 577 rc
281 552 305 577 a
335 544 472 578 senata
506 550 585 576 non
623 539 858 589 impetrata:
904 550 1023 576 unum
1064 550 1114 576 ea:
1155 538 1299 583 decem,
1340 539 1409 589 qui
1442 540 1564 591 paulo
1601 548 1691 592 pust
1728 557 1846 595 quam
1884 549 2001 583 erata

210 613 401 653 egressus
442 614 463 640 e
502 601 648 640 castris
679 601 878 647 redisset,
921 601 1037 652 quasi
1068 600 1228 653 aliquid
1261 606 1372 639 esset
1402 601 1580 649 oblituS,
1622 604 1778 647 Romae
1809 619 1971 646 reman-

209 663 327 702 sisse.
387 662 539 702 Reditu
581 663 691 702 enim
734 663 774 701 in
817 668 951 702 castra
992 662 1209 702 liberatum
1243 677 1287 702 se
1319 676 1410 702 esse
1443 664 1532 704 iure
1563 666 1739 708 iurando
1770 669 1973 722 interpre-

209 725 389 771 tabatur,
427 738 508 764 non
542 730 678 769 recte;
710 723 821 764 fraus
854 724 965 763 enim
999 724 1222 777 distringit,
1255 738 1337 764 non
1370 724 1558 766 dissolvit
1588 730 1827 781 periurium.
1877 732 1971 771 Fuit

208 787 335 839 igitur
377 787 502 826 stulta
543 787 771 833 calliditas,
814 799 1009 839 perverse
1050 786 1211 826 imitata
1253 789 1530 839 prudentiam.
1600 792 1744 846 ltaque
1786 794 1971 834 decrevit

208 854 377 888 senatus
417 855 461 888 ut
503 849 573 889 ille
618 854 827 889 veterator
866 853 906 889 et
945 849 1120 889 callidus
1151 850 1314 890 vinctus
1344 851 1395 891 ad
1428 853 1703 895 Hannibalem
1735 856 2021 896 duceretur-⁴0

210 908 320 963 [114.
353 911 434 950 Sed
467 911 569 951 illud
602 925 856 951 maxumum.
908 911 1012 951 Octo
1043 912 1259 952 hominum
1293 914 1407 953 milia
1438 918 1605 957 tenebat
1624 918 1852 967 Hannibal,
1884 933 1969 959 non

208 987 314 1028 quos
346 974 388 1012 in
419 973 508 1013 acie
540 975 716 1028 cepisset
748 980 819 1014 aut
849 974 921 1028 qui
953 974 1142 1027 periculo
1175 976 1317 1015 mortis
1343 976 1625 1030 diffugissent,
1649 982 1722 1022 sed
1745 983 1816 1035 qui
1836 983 1969 1023 relicti

208 1037 251 1076 in
283 1037 428 1076 castris
467 1036 644 1077 fuissent
683 1050 706 1076 a
748 1036 875 1076 Paulo
919 1043 959 1076 et
988 1050 1011 1077 a
1041 1037 1226 1076 Varrone
1258 1040 1514 1080 consulibus.
1573 1043 1654 1083 Eos
1685 1050 1853 1085 senatus
1885 1058 1970 1085 non

208 1100 371 1139 censuit
401 1099 683 1145 redimendos,
716 1113 810 1138 cum
842 1099 882 1139 id
916 1113 1043 1151 parva
1073 1100 1252 1152 pecunia
1281 1101 1371 1141 fieri
1402 1108 1558 1155 posset,
1590 1110 1636 1146 ut
1669 1113 1779 1148 esset
1800 1108 1970 1148 insitum

208 1161 409 1201 militibus
441 1162 594 1201 nostris
627 1167 699 1201 aut
730 1162 896 1202 vincere
929 1167 999 1202 aut
1029 1162 1171 1202 emori.
1234 1162 1324 1211 Qua
1356 1164 1526 1217 quidem
1559 1181 1602 1207 re
1633 1169 1773 1210 audita
1794 1170 2021 1210 fractum⁴5

206 1223 391 1263 animum
432 1223 678 1264 Hannibalis
719 1222 862 1263 scribit
906 1224 1040 1271 idem,
1086 1225 1200 1278 quod
1241 1231 1410 1266 senatus
1452 1230 1722 1284 populusque
1761 1233 1970 1273 Romanus

207 1287 332 1326 rebus
374 1286 536 1326 afflictis
581 1291 663 1326 tam
701 1286 867 1326 excelso
906 1285 1045 1326 animo
1076 1286 1238 1327 fuisset.
1302 1289 1369 1329 Sic
1399 1289 1630 1333 honestatis
1662 1297 1971 1348 comparatione

207 1362 278 1396 ea,
321 1362 429 1402 quae
469 1348 664 1389 videntur
702 1349 846 1396 utilia,
888 1346 1141 1402 vincuntur.]
1203 1347 1297 1390 ¹145.
1327 1352 1485 1392 Acilius
1515 1359 1677 1403 autem,
1709 1359 1782 1410 qui
1815 1358 1970 1398 Graece

207 1412 373 1466 scripsit
413 1412 655 1459 historiam,
692 1413 836 1466 plures
868 1413 924 1452 ait
953 1412 1104 1461 fuisse,
1145 1413 1218 1467 qui
1260 1413 1303 1453 in
1345 1420 1479 1454 castra
1516 1418 1788 1460 revertissent
1826 1420 1971 1460 eadem

206 1473 365 1521 fraude,
396 1480 443 1514 ut
472 1474 563 1513 iure
594 1474 773 1514 iurando
804 1474 1098 1521 liberarentur,
1131 1489 1288 1528 eosque
1319 1490 1343 1516 a
1375 1480 1617 1520 censoribus
1640 1482 1831 1522 omnibus
1853 1483 1970 1536 igno·
1983 1489 2022 1519 20

207 1536 348 1576 miniis
379 1541 560 1577 notatos.
607 1537 669 1576 Sit
698 1538 779 1577 iam
809 1537 935 1577 huius
966 1538 1045 1578 loci
1078 1536 1183 1578 finis.
1230 1539 1498 1593 Perspicuum
1530 1548 1593 1582 est
1624 1545 1734 1584 enim
1765 1557 1826 1593 ea,
1863 1558 1970 1599 quae

207 1598 352 1639 timido
391 1599 557 1647 animo,
601 1599 775 1648 humili,
820 1599 1001 1640 demisso
1039 1600 1260 1653 fractoque
1300 1601 1426 1650 fiant,
1471 1605 1595 1657 quale
1635 1606 1784 1647 fuisset
1822 1607 1971 1660 Reguli

206 1659 378 1709 factum,
410 1661 442 1701 si
475 1666 548 1701 aut
578 1662 629 1702 de
662 1662 837 1715 captivis
869 1662 984 1716 quod
1015 1662 1095 1717 ipsi
1128 1676 1235 1716 opus
1266 1677 1358 1704 esse
1388 1664 1619 1716 videretur,
1651 1682 1735 1709 non
1766 1669 1877 1723 quod
1909 1668 1972 1710 rei

206 1723 422 1775 publicae,
454 1724 686 1764 censuisset
716 1730 787 1764 aut
817 1725 930 1765 domi
959 1738 1178 1766 remanere
1210 1726 1435 1776 voluisset,
1466 1742 1553 1769 non
1584 1744 1676 1772 esse
1707 1732 1840 1780 utilia,
1872 1732 1971 1786 quia

206 1786 291 1826 sint
319 1784 547 1839 flagitiosa,
578 1786 725 1834 foeda,
755 1787 905 1841 turpia.
1985 1798 2024 1829 25

319 1849 515 1888 XXXIII.
558 1845 653 1888 446.
693 1849 837 1888 Restat
867 1856 1015 1903 quarta
1044 1863 1161 1904 pars,
1200 1864 1307 1904 quae
1338 1852 1511 1902 decore,
1542 1856 1852 1906 moderatione,
1883 1870 1972 1897 mo-

207 1910 354 1958 destia,
386 1911 658 1958 continentia,
689 1913 968 1964 temperantia
999 1914 1247 1953 continetur.
1290 1915 1431 1956 Potest
1460 1917 1586 1970 igitur
1614 1920 1839 1973 quicquam
1870 1920 1972 1960 utile

207 1987 325 2021 esse,
368 1974 483 2026 quod
523 1974 575 2013 sit
608 1973 704 2014 huic
736 1974 883 2014 talium
914 1975 1112 2016 virtutum
1144 1976 1274 2017 choro
1305 1980 1592 2021 contrarium?
1641 1983 1770 2036 Atqui
1799 1983 1849 2023 ab
1880 1984 1972 2024 Ari-

206 2037 346 2090 stippo
379 2036 597 2090 Cyrenaici
638 2042 765 2091 atque
796 2038 1011 2078 Annicerii
1054 2039 1297 2092 philosophi
1340 2043 1544 2082 nominati
1583 2057 1704 2084 omne
1741 2045 1897 2085 bonum
1927 2046 1970 2086 in

204 2098 421 2152 voluptate
462 2105 694 2152 posuerunt
731 2100 1014 2154 virtutemque
1055 2108 1309 2143 censuerunt
1349 2105 1401 2145 ob
1441 2118 1531 2145 eam
1561 2120 1648 2146 rem
1680 2121 1772 2148 esse
1803 2110 2023 2149 conlau-30

207 2159 409 2209 dandam,
442 2160 557 2214 quod
590 2159 774 2202 efficiens
808 2168 919 2202 esset
950 2163 1190 2218 voluptatis.
1253 2166 1416 2214 Quibus
1447 2169 1643 2210 obsoletis
1674 2171 1792 2211 floret
1820 2172 1973 2225 Epicu-

209 2236 293 2271 rus,
325 2223 512 2263 eiusdem
541 2223 628 2264 fere
660 2225 828 2265 adiutor
856 2231 1090 2280 auctorque
1122 2229 1369 2270 sententiae.
1416 2231 1518 2271 Cum
1549 2230 1612 2272 his
1633 2233 1733 2273 viris
1754 2234 1972 2288 equisque,

215 2343 1970 2361 Ἢ

296 2414 324 2446 4.
352 2414 494 2446 Annibal
517 2423 536 2447 o
573 2432 608 2438 -
646 2419 743 2448 erant
761 2417 859 2457 potiti
888 2426 958 2449 om.
984 2426 1006 2458 p
1043 2436 1079 2442 ——
1112 2420 1209 2459 potiti
1233 2428 1271 2451 c:
1308 2421 1359 2453 titi
1383 2422 1532 2460 Anam
1569 2432 1639 2455 om.
1659 2424 1702 2463 (in
1720 2423 1854 2466 lacuna)
1880 2426 1907 2458 H
1936 2444 1970 2449 —

207 2461 239 2494 4.
265 2472 380 2495 novem
403 2467 574 2497 revertisse
590 2467 755 2506 --paulo
778 2471 851 2507 post
875 2476 976 2507 quam
999 2472 1072 2499 erat
1096 2477 1135 2500 0:
1164 2478 1235 2501 om.
1253 2470 1317 2501 AB
1333 2470 1361 2501 H
1376 2472 1428 2502 ab
1458 2488 1492 2492 —
1518 2473 1597 2504 dicit
1621 2481 1656 2504 c:
1682 2482 1751 2506 om.
1773 2483 1792 2506 ο
1820 2492 1852 2498 ——
1881 2476 1912 2506 5.
1937 2484 1975 2508 ro

207 2522 229 2544 α
251 2517 367 2545 senatu
391 2522 428 2545 c:
456 2524 477 2546 a
501 2518 616 2546 senatu
640 2524 676 2547 re
700 2524 719 2547 o
747 2534 781 2538 —
810 2525 852 2548 ez
875 2518 982 2549 decem
1007 2526 1041 2548 c:
1070 2527 1140 2550 om.
1160 2517 1227 2550 alii.
1258 2536 1293 2541 -—
1321 2520 1351 2552 6.
1377 2521 1496 2552 rediit.
1512 2523 1566 2553 sed
1589 2523 1685 2560 quasi
1709 2532 1730 2555 a
1757 2542 1791 2546 —
1817 2527 1974 2557 mansisse

207 2562 235 2594 11
262 2580 297 2586 ——
325 2563 356 2595 8.
375 2564 542 2605 distringit
557 2565 714 2597 ABHab
730 2566 925 2605 (etUnger):
953 2568 1111 2607 astringit
1133 2576 1209 2608 opo
1237 2584 1272 2591 —
1295 2570 1485 2608 periurium
1508 2570 1592 2603 secl.
1613 2572 1792 2606 Ernestius
1811 2576 1845 2606 ct
1861 2576 1975 2615 Unger

207 2613 414 2653 cogitatione
439 2613 645 2654 supplentes
669 2616 920 2654 iusiurandum3
954 2616 986 2647 in
1010 2619 1038 2648 A
1061 2616 1171 2648 verba
1196 2618 1246 2649 sic
1271 2618 1432 2651 distincta
1456 2622 1554 2651 sunt:
1589 2621 1972 2655 dissoluitsteriurium.

207 2662 283 2693 Fuit
307 2664 375 2694 cet.
404 2680 439 2686 -
468 2663 520 2694 ⁴0.
539 2663 733 2695 Annibalem
757 2672 775 2696 o
802 2682 837 2687 —
865 2665 918 2696 Η.
938 2665 1001 2696 Sed
1017 2666 1097 2697 illud
1115 2684 1163 2689 --
1179 2669 1357 2699 vincuntur
1380 2678 1397 2699 a
1424 2668 1513 2700 mala
1538 2678 1644 2701 manu
1669 2673 1863 2704 accessisse
1888 2682 1974 2705 cen-

208 2713 276 2742 suit
299 2713 323 2743 1.
343 2712 386 2743 M.
406 2713 620 2753 Heusinger,
655 2716 810 2755 «quippe
842 2723 931 2755 quae
964 2724 1029 2747 nec
1059 2715 1177 2748 verbis
1208 2715 1332 2747 similia
1358 2719 1439 2748 sunt
1462 2718 1518 2755 iis⁷
1557 2727 1646 2759 quae
1673 2720 1796 2752 Cicero
1821 2723 1971 2763 scrIpsit,

208 2769 274 2792 nec
299 2769 378 2792 cum
403 2760 511 2793 rebus
535 2763 618 2803 ipsis
643 2765 867 2795 conveniunt.
911 2765 1035 2796 Totum
1060 2766 1154 2797 enim
1180 2765 1394 2807 exemplum,
1421 2767 1513 2807 quod
1541 2768 1610 2798 iam
1635 2767 1781 2801 Wolfius
1806 2773 1926 2810 sensit,
1953 2781 1973 2804 a

207 2818 246 2840 re
276 2811 453 2850 proposita
485 2810 639 2843 alienum
671 2813 850 2853 invitoque
882 2814 1052 2846 Cicerone
1084 2823 1164 2846 cum
1196 2817 1322 2847 ceteris
1349 2818 1551 2848 contextum
1577 2818 1663 2848 est.»
1709 2819 1855 2852 Accedit
1878 2821 1973 2862 quod

208 2858 277 2890 hoc
301 2859 462 2900 exemplo
488 2863 712 2902 contemptae
738 2871 821 2903 prae
846 2862 1030 2895 honestate
1054 2864 1228 2903 utilitatis,
1262 2866 1316 2897 cui
1341 2868 1453 2906 aptior
1476 2865 1573 2898 locus
1605 2867 1680 2898 erat
1704 2867 1794 2899 inter
1817 2868 1857 2910 ἓξ
1874 2870 1913 2902 47
1940 2873 1974 2903 et

209 2906 262 2944 48,
287 2907 421 2948 Polybii
445 2910 481 2941 et
503 2910 600 2942 Acilii
624 2913 843 2945 narrationes
868 2913 911 2944 de
937 2913 1095 2954 neglecto
1120 2915 1194 2946 iure
1219 2916 1364 2946 iurando
1390 2917 1542 2956 pessime
1568 2916 1790 2950 dirimuntur.
1818 2936 1853 2942 —-
1879 2921 1973 2952 milia

209 2956 376 2988 hominum
400 2966 419 2989 o
446 2976 480 2981 —-
506 2960 648 2991 Annibal
671 2962 694 2992 B
710 2969 728 2993 ο
756 2979 791 2984 --
818 2963 871 2994 42.
895 2964 1079 3002 periculum
1102 2965 1217 2996 mortis
1241 2965 1437 3005 defuyissent
1461 2973 1526 3003 σος
1550 2966 1734 3004 periculum
1756 2968 1872 2999 mortis
1894 2971 1973 3009 effu—

209 3006 328 3045 9issent
351 3015 372 3046 p
411 3025 445 3029 —
483 3009 534 3040 ⁴3.
561 3013 590 3041 et
613 3010 775 3042 abar-sone
797 3020 884 3043 cons.
911 3013 1088 3045 ABHab
1127 3032 1162 3037 —
1201 3014 1251 3046 44.
1279 3015 1312 3045 id
1336 3023 1405 3046 om.
1426 3023 1444 3047 ο
1471 3032 1505 3036 -
1533 3016 1585 3046 45.
1611 3020 1669 3046 aut
1692 3017 1777 3047 mori
1799 3018 1826 3048 A
1855 3035 1888 3040 —
1916 3019 1970 3051 46.

209 3054 380 3087 Annibalis
401 3064 420 3088 o
448 3074 483 3080 —
509 3059 638 3098 scripsit
662 3068 680 3091 c
718 3077 753 3082 —
793 3061 845 3092 48.
869 3062 992 3093 Acilius
1014 3064 1087 3093 Ac:
1113 3063 1256 3094 Facilius
1280 3064 1302 3094 B
1320 3064 1345 3094 H
1362 3064 1416 3095 ab
1454 3081 1489 3086 —
1526 3065 1579 3095 90.
1605 3073 1722 3104 eosque
1745 3068 1973 3099 accensor-ibus

212 3103 235 3134 B
250 3103 290 3134 H¹
327 3120 362 3127 -
400 3106 454 3137 Ἡ.
481 3107 531 3138 Sit
553 3109 652 3139 etiam
676 3109 706 3140 h.
732 3109 754 3140 l.
778 3110 855 3148 finis
877 3119 916 3148 ας
954 3112 1017 3142 Sed
1039 3112 1109 3143 iam
1130 3113 1161 3143 h.
1187 3113 1208 3144 l.
1234 3114 1309 3153 finis
1331 3114 1372 3143 sit
1395 3122 1447 3153 cp
1486 3131 1520 3137 —
1554 3116 1764 3154 perspicuum
1780 3133 1828 3139 -—
1843 3118 1969 3157 humili,

211 3152 354 3186 dimisso.
374 3153 470 3194 [unas
491 3158 612 3196 accipit
634 3158 743 3198 affert]
768 3160 898 3191 Nonius
922 3169 956 3200 p.
971 3160 1034 3192 285
1059 3169 1111 3201 sq.
1148 3180 1182 3184 —
1220 3162 1271 3193 23.
1298 3162 1370 3202 ipsi]
1395 3163 1455 3193 sibi
1480 3172 1500 3202 p
1538 3180 1572 3185 —
1610 3164 1662 3196 25.
1686 3166 1783 3205 foeda
1806 3169 1835 3198 et
1857 3168 1972 3206 turpia

210 3201 235 3232 B
251 3202 277 3232 H
293 3202 345 3233 ab
371 3220 405 3225 —
433 3204 485 3237 28.
512 3207 628 3238 talium
652 3217 721 3240 om.
740 3207 778 3239 13¹
805 3226 840 3230 —
874 3210 926 3241 29.
953 3211 1101 3242 anniceri
1125 3219 1143 3242 o
1171 3229 1205 3234 -
1239 3211 1292 3242 30.
1319 3212 1586 3244 conlaudandam
1610 3213 1859 3254 (claudandam)
1885 3225 1967 3248 nos:

211 3250 434 3283 claudandam
458 3254 498 3291 H,
524 3256 749 3288 claudendam
773 3266 864 3290 corr.
891 3261 924 3289 in
948 3260 1164 3292 claudendam
1187 3261 1230 3297 Β;
1257 3261 1462 3293 laudandam
1486 3264 1608 3295 Aabc
1624 3272 1642 3295 o
1670 3282 1705 3287 —-
1731 3266 1783 3297 32.
1809 3267 1870 3306 hijs
1892 3275 1910 3298 0
1932 3284 1963 3291 -

211 3301 295 3334 uiris
318 3303 471 3344 equisque
494 3312 513 3336 o
528 3313 571 3345 p:
598 3308 686 3339 ueris
709 3309 865 3348 equisque
888 3309 952 3341 AB
967 3310 1047 3350 Hb,
1073 3311 1146 3343 ueri
1167 3311 1338 3351 sequisque
1362 3312 1549 3353 (superscr.
1568 3315 1781 3358 pedissequis)
1805 3325 1837 3348 a..
