2249 3624
21 0 28 62 --,.

553 196 642 235 Lm.
664 195 732 233 IV.
773 193 871 233 Cn».
893 192 962 232 xl.
1000 190 1028 244 3
1056 189 1104 230 ’13
1127 214 1176 219 —
1202 191 1290 231 Lm.
1307 191 1354 231 V.
1397 190 1494 231 Car.
1519 191 1547 230 Ι.
1591 189 1618 243 3
1641 188 1681 230 ⁶2.
1926 188 2007 230 839

234 307 430 357 τεχνιτῶν
469 301 541 343 διὰ
587 300 632 341 τὸ
674 309 756 347 τοῖς
797 303 969 346 πολλοῖς
1009 298 1210 350 ἀρέσκειν
1254 297 1305 337 τά
1345 298 1478 349 ἀγενῆ
1516 298 1808 349 μελῳδοῦσιν,
1855 298 1904 338 οὗ
1938 301 2006 348 τῆς

234 379 372 419 τέχνης
409 365 455 408 τὸ
487 370 684 415 αἰτίαμα.
741 361 882 402 'sistri
915 368 987 401 καὶ
1024 363 1045 410 ὴ
1080 367 1232 413 πατρὶς
1263 362 1395 400 (uiros
1434 359 1526 407 rofi,-
1562 367 1640 413 μὲν
1671 367 1739 400 ἐπὶ
1768 362 1904 413 Now?
1934 368 2008 401 καὶ

236 432 331 480 τούς
361 431 490 482 ὀλίγῳ
519 427 614 480 μετ’
649 424 804 471 αὐτόν,
844 424 907 465 ἔτι,
942 424 1230 478 τυγχάνοντας
1260 426 1573 478 ἀγριωτέρους,
1613 426 1802 477 μουσικῇ
1832 427 2006 464 παιδευ-

235 502 404 548 ομείὀυς
441 490 547 540 εἶχε,
588 488 706 529 καθά
750 494 823 528 καὶ
855 487 985 535 αὐτός
1019 505 1173 538 φησιν,
1213 492 1303 539 ἰδίᾳ
1338 504 1376 528 τε
1418 494 1462 528 ἐν
1493 489 1695 536 ει’ωχί(κ.ι,’
1737 489 1859 539 κοινῇ
1890 503 1929 527 τε
1962 493 2006 527 ἐν

234 556 429 603 ἁπάσαις
471 557 655 600 τελεταῖς
695 558 825 602 σφίσι
858 550 1216 603 σιϊοργιαζοέσῃ.
1289 549 1582 601 (Aristides
1625 549 2036 598 Quintilianusf»

232 620 276 659 de
305 618 457 658 musica
487 615 558 655 lib.
582 615 634 653 ll.
665 626 758 666 pag.
782 610 947 652 69—71
989 613 1053 652 ed.
1078 610 1287 663 Meibom.)

343 679 519 719 Maiores
549 683 644 716 natu
674 677 717 715 in
747 676 940 715 conviciis
977 675 1027 714 ad
1062 675 1179 713 tibias
1210 676 1369 726 eqreyia
1399 676 1652 726 superiorum
1683 687 1801 726 opera
1831 674 2008 712 carmine

231 742 507 794 comprehensa
534 740 769 792 panyebant‚
803 752 878 790 quo
909 738 960 777 ad
991 751 1035 776 ea
1058 738 1253 777 imitanda
1273 738 1510 778 iurent-utem
1532 738 1770 777 alacriorem
1791 736 2005 775 redderent.

234 804 480 859 (Valerius
512 803 758 842 Maximus
796 802 852 848 ΙΙ,
886 798 923 848 ΔΙ,
956 798 1087 853 3-10.)

343 867 423 906 Fac
452 866 632 905 derirata
663 864 711 904 ab
741 877 783 903 eo
816 862 895 916 (sc.
918 861 1096 913 arma).
1156 863 1413 907 Armarium,
1445 868 1751 908 armamentum,
1785 867 2057 900 armamen-io

233 930 405 974 tarium,
437 927 642 974 armillae,
675 940 772 979 quae
804 939 907 965 nunc
937 926 1161 965 brachialia
1190 931 1356 970 cocant;
1387 926 1444 965 sic
1474 926 1614 965 Cicero
1648 926 1687 963 in
1717 930 1859 976 quarto
1889 924 1934 962 de
1965 936 2008 963 re

225 992 398 1045 publica.
459 990 768 1042 (Priscianus
793 990 954 1041 partitt.
975 988 1060 1027 XII
1086 1000 1186 1027 vers.
1209 987 1303 1026 Aen.
1336 983 1374 1034 fl,
1406 984 1509 1039 314
1542 1001 1581 1040 p.
1604 984 1685 1026 402
1718 987 1782 1026 ed.
1805 985 1926 1036 Keil.)

805 1281 1040 1326 LIBER
1078 1279 1446 1342 QUINTUS.

347 1395 377 1434 Ι.
420 1391 457 1434 4.
493 1394 659 1444 Quando
691 1406 783 1446 erqo
813 1405 877 1432 -res
900 1393 1061 1444 publica
1084 1393 1265 1431 Romana
1296 1392 1390 1431 talis
1420 1396 1517 1436 erat,
1551 1389 1703 1442 qualem
1734 1389 1846 1427 illam
1866 1387 2012 1426 descri-

234 1459 288 1498 bit
308 1458 536 1503 Sallustius,
566 1469 648 1496 non
677 1457 757 1496 iam
782 1456 957 1508 pessima
987 1469 1033 1494 ac
1059 1456 1394 1507 flagitiosissima,
1428 1454 1530 1493 sicut
1558 1454 1640 1504 ipse
1670 1453 1743 1499 ait,
1768 1450 1832 1489 sed
1853 1449 2061 1487 omnino⁴5

233 1521 345 1560 nulla
384 1526 469 1559 erat
507 1520 719 1559 secundum
757 1520 876 1558 istam
915 1519 1134 1565 rationein,
1178 1530 1296 1569 quam
1334 1516 1549 1567 disputatio
1579 1515 1624 1553 de
1654 1513 1879 1565 republica
1910 1511 2013 1549 inter

235 1595 400 1634 maqnos
442 1583 526 1622 eius
556 1588 639 1621 tum
672 1582 879 1633 principes
918 1581 1053 1620 habita
1086 1581 1295 1632 patefecit,
1337 1580 1438 1618 sicut
1475 1579 1592 1617 etiam
1630 1578 1710 1629 ipse
1744 1574 1896 1613 Tullius
1935 1585 2013 1611 non

236 1645 437 1697 Scipionis
467 1657 536 1684 nec
566 1646 800 1697 cuiusquam
831 1645 1013 1690 alterius,
1038 1644 1103 1683 sed
1133 1657 1203 1683 suo
1225 1654 1401 1682 sermone
1423 1641 1583 1692 loquens
1603 1640 1645 1678 in.
1659 1637 1864 1691 principio
1885 1635 2014 1688 quinti

237 1708 331 1748 libri
361 1714 665 1747 commemorato
690 1708 809 1760 prius
839 1708 970 1746 Ennii
993 1712 1132 1758 poetae
1161 1718 1296 1751 versu,
1329 1717 1404 1756 quo
1434 1703 1621 1742 dixerat.-

465 1789 692 1828 Moribus
732 1787 958 1841 antiquis
999 1800 1076 1827 res
1117 1792 1215 1826 stat
1254 1786 1473 1825 Romana
1511 1782 1758 1834 virisque,
2026 1787 2063 1815 20

239 1883 363 1925 quem
396 1870 567 1923 quidem
598 1869 670 1908 ille
701 1882 883 1915 versum,
914 1869 1054 1920 inquit,
1085 1868 1150 1907 vel
1182 1866 1386 1906 brevitate
1417 1864 1481 1904 vel
1513 1864 1687 1903 veritate
1720 1867 1930 1914 tamquam
1963 1874 2015 1900 ex

241 1932 410 1973 oraculo
451 1932 553 1972 mihi
595 1931 779 1984 quodam
822 1945 913 1970 esse
956 1930 1105 1970 effatus
1147 1928 1324 1969 videtur.
1391 1929 1495 1966 Nam
1534 1939 1671 1978 neque
1704 1924 1804 1971 viri,
1847 1923 1926 1962 nisi
1958 1923 2016 1962 ita

240 2001 401 2036 morata
432 1996 575 2035 civitas
605 1995 768 2042 fuisset,
800 2007 939 2047 neque
971 2006 1122 2039 mores,
1154 1992 1236 2031 nisi
1268 1992 1311 2031 hi
1334 1990 1409 2029 viri
1433 1989 1726 2042 praefuissent,
1749 1991 1819 2026 aut
1840 1983 2015 2024 fundare

238 2064 309 2099 aut
339 2064 422 2098 tam
454 2058 526 2098 diu
558 2064 701 2097 tenere
734 2058 972 2110 potuissent
1013 2061 1169 2095 tantam
1212 2060 1253 2093 et
1293 2059 1375 2093 tam
1411 2051 1502 2091 fuse
1543 2051 1709 2102 lateque
1742 2050 2015 2101 imperantem

240 2134 329 2161 rem
361 2120 585 2174 publicam.
632 2122 775 2172 ltaque
807 2125 902 2159 ante
934 2124 1118 2158 nostram
1151 2116 1396 2156 memoriam
1430 2119 1469 2153 et
1491 2126 1579 2152 mos
1602 2113 1692 2165 ipse
1718 2110 1875 2164 patrius
1898 2122 2015 2162 prae·
2030 2117 2066 2145 25

240 2188 396 2223 stantes
436 2182 546 2222 viros
583 2179 808 2221 adhibebat
848 2186 887 2220 et
917 2186 1101 2220 veterem
1135 2192 1292 2218 morem
1325 2189 1372 2217 ac
1403 2177 1608 2216 maiorum
1642 2174 1832 2213 instituta
1864 2172 2017 2211 retine-

239 2245 340 2285 bant
379 2244 634 2284 excellentes
674 2244 765 2283 viri.
841 2241 878 2281 ⁶2.
927 2244 1076 2282 Nostra
1115 2254 1213 2281 vero
1253 2246 1388 2285 aetas,
1431 2252 1523 2277 cum
1555 2250 1639 2276 rem
1671 2235 1878 2289 publicam
1912 2233 2018 2272 sicut

240 2307 445 2360 picturam
477 2307 711 2359 accepisset
741 2306 963 2358 egregiam,
996 2303 1069 2344 sed
1094 2304 1175 2343 iam
1200 2306 1517 2343 evanescentem
1542 2304 1761 2344 vetustate,
1785 2309 1868 2336 non
1892 2298 2016 2335 modo

242 2382 331 2408 eam
363 2368 572 2408 coloribus
603 2367 753 2408 iisdem
787 2368 940 2420 quibus
972 2367 1107 2406 suerat
1138 2377 1339 2405 renovare
1372 2362 1574 2415 neglexit,
1608 2361 1680 2400 sed
1709 2373 1760 2398 ne
1782 2359 1822 2398 id
1846 2358 2017 2411 quidem

241 2430 415 2476 curavit,
445 2435 490 2468 ut
520 2429 694 2469 formam
728 2430 874 2469 saltem
907 2429 994 2468 eius
1027 2434 1066 2467 et
1098 2433 1286 2467 extrema
1308 2432 1518 2478 tamquam
1542 2424 1795 2462 lineamenta
1819 2424 2067 2459 servaret.30

243 2492 355 2541 Quid
388 2492 499 2531 enim
532 2498 671 2532 manet
701 2505 754 2531 ex
786 2491 970 2543 antiquis
1003 2491 1200 2536 moribus,
1226 2488 1379 2542 quibus
1403 2487 1474 2526 ille
1499 2486 1605 2524 dixit
1627 2498 1712 2523 rein
1737 2489 1845 2523 stare
1869 2483 2018 2521 Roma-

241 2556 365 2594 nam‘?
399 2567 506 2608 quos
536 2554 594 2593 ita
625 2554 840 2594 oblivione
871 2553 1085 2593 obsoletos
1117 2552 1328 2596 videmus,
1361 2555 1404 2588 ut
1436 2562 1520 2588 non
1553 2547 1678 2586 modo
1703 2558 1786 2584 non
1810 2544 2017 2589 colantur,

243 2617 316 2656 sed
347 2618 429 2656 iam
461 2617 717 2669 ignorentur.
770 2617 872 2654 Nam
906 2615 955 2654 de
988 2615 1086 2654 viris
1118 2613 1218 2667 quid
1252 2612 1414 2651 dicam?
1469 2612 1607 2650 Mores
1641 2608 1751 2647 enim
1783 2606 1861 2658 ipsi
1891 2606 2019 2644 inter-

242 2678 381 2718 ierunt
411 2678 593 2718 virorum
626 2678 816 2730 penuria,
849 2680 968 2717 cuius
1000 2677 1103 2716 tanti
1137 2675 1233 2715 mali
1266 2687 1347 2713 non
1372 2673 1496 2712 modo
1518 2671 1733 2711 reddenda
1756 2669 1860 2708 ratio
1884 2667 2017 2713 nobis,

243 2739 316 2779 sed
348 2740 472 2779 etiam
504 2744 715 2792 tamquam
747 2739 830 2778 reis
862 2740 1009 2792 capitis
1042 2738 1224 2791 quodam
1258 2735 1381 2775 modo
1405 2732 1584 2773 dicenda
1606 2744 1731 2771 causa
1752 2735 1825 2769 est.
1857 2729 2017 2768 Nostris
2032 2737 2068 2766 35

244 2802 356 2841 enim
395 2801 528 2848 vitiis,
568 2814 653 2840 non
694 2814 793 2840 casu
833 2801 1000 2854 aliquo,
1045 2814 1132 2840 rem
1165 2798 1376 2851 publicam
1408 2796 1534 2836 verbo
1566 2794 1815 2838 retinemus,
1853 2803 1896 2830 re
1927 2791 2019 2842 ipsa

244 2876 344 2904 vero
375 2863 457 2902 iam
489 2862 652 2914 pridem
683 2863 914 2903 amisimus.
964 2864 1072 2901 Ilaec
1093 2863 1229 2901 Cicero
1257 2859 1459 2909 fatebatur
1489 2858 1599 2907 lonqe
1629 2855 1784 2907 quidem
1800 2859 1891 2906 post
1914 2864 2019 2891 nior-

245 2932 321 2965 tem
341 2926 538 2977 Africani,
571 2938 685 2976 quem
715 2926 759 2964 in
788 2926 872 2964 suis
902 2925 1015 2964 libris
1042 2925 1135 2975 fecit
1165 2923 1210 2961 dc
1241 2934 1284 2960 re
1306 2921 1469 2972 publica
1499 2920 1715 2970 disputare.
1768 2914 2020 2968 (Augusti-

245 3000 335 3027 nus
364 2987 409 3026 de
429 2988 535 3026 civit.
555 2986 618 3025 dei
647 2986 704 3034 11,
726 2984 793 3026 21.
825 2988 927 3038 cons.
952 2988 1011 3033 II,
1034 2984 1115 3037 25.)

335 3130 366 3160 2.
393 3125 512 3161 αὐτοῦ
539 3130 600 3168 (sc.
619 3127 805 3159 Ciceronis*
827 3127 1015 3167 Lcopardi:
1042 3122 1169 3157 αι’-τῶν
1194 3126 1290 3157 ΑΒΟ
1317 3141 1350 3146 -
1379 3122 1440 3155 ἐπὶ
1465 3121 1586 3162 νομῆς
1611 3122 1634 3153 Β
1661 3139 1696 3143 -
1724 3120 1756 3152 i.
1776 3116 1937 3158 εὗωχεία
1955 3120 2019 3151 καὶ

251 3177 360 3219 κοινῆ
384 3178 423 3210 ἑν
447 3180 471 3210 Β
499 3196 534 3201 -
562 3179 592 3210 7.
613 3178 753 3209 Addidit
779 3178 845 3207 hoe
871 3176 992 3216 fragm.
1013 3177 1078 3207 Mai
1105 3177 1136 3206 in
1163 3175 1218 3205 ed.
1239 3175 1278 3206 lt.
1306 3173 1407 3203 deest
1432 3173 1463 3203 in
1489 3173 1513 3202 Ο
1540 3189 1574 3193 -
1602 3171 1655 3202 24.
1675 3171 1747 3210 fuse
1771 3172 1912 3211 scripsi:
1940 3172 2022 3201 iuste

252 3226 307 3258 vel
330 3228 436 3258 iustae
459 3227 578 3266 codd,
604 3228 698 3267 longe
721 3227 907 3259 Patricius;
932 3226 1003 3264 fuse
1026 3226 1156 3263 lateque
1180 3224 1302 3254 ‹licei-0
1329 3224 1410 3252 item
1436 3222 1613 3253 coniunxit
1638 3221 1670 3251 in
1689 3221 1789 3251 Tusc.
1811 3220 1864 3256 IV,
1885 3220 1901 3258 ,ξ
1920 3220 1959 3250 57
1987 3221 2020 3249 et

254 3276 288 3306 in
306 3276 396 3306 Orat.
417 3276 523 3316 5413.
554 3293 588 3298 —-
616 3277 668 3306 ⁵27.
689 3279 803 3305 nostra
819 3291 858 3296 ·-
875 3278 1034 3305 velustate
1058 3273 1211 3305 servavit
1235 3272 1340 3302 etiam
1360 3272 1488 3301 Nonius
1507 3270 1626 3310 9427.
1649 3286 1682 3291 —
1710 3270 1763 3301 ς28.
1782 3271 1850 3300 iam
1867 3269 2017 3299 Nonius:

256 3333 326 3356 om.
353 3325 455 3357 codd.
481 3326 661 3366 Augustini
691 3343 732 3348 —
767 3325 820 3356 33.
847 3325 901 3356 sed
925 3324 992 3355 iam
1017 3323 1135 3362 codd,
1163 3323 1268 3353 etiam
1293 3319 1517 3352 corbeiensis
1542 3321 1576 3351 et
1600 3320 1619 3350 2
1644 3319 1733 3350 mei:
1759 3319 1814 3350 sed
1835 3318 1935 3350 eciam
1959 3318 1996 3348 O.
