2249 3624
210 157 292 201 724
926 151 996 192 DE
1029 149 1256 191 OFFICIIS

212 266 434 320 quicquam
466 260 678 304 simulabit
708 261 780 300 aut
810 256 1090 298 dissimulabit
1121 256 1183 295 vir
1213 254 1366 295 honus.
1414 252 1552 306 Atque
1584 252 1664 293 iste
1699 252 1821 294 dolus
1843 254 1978 295 malus

213 334 255 368 et
292 328 454 381 legibus
496 329 584 366 erat
622 321 881 367 vindicatus,
922 324 969 359 ut
1008 318 1136 358 tutela
1177 316 1398 356 duodecim
1430 315 1606 363 tabulis,
1646 315 1977 369 circumscriptio

212 389 540 432 adulescentium
572 386 663 438 lege
685 383 904 429 Plaetoria,
936 385 977 421 et
1007 381 1096 420 sine
1128 380 1220 433 lege
1252 378 1434 425 iudiciis,
1464 377 1508 416 in
1541 376 1694 430 quibus
1726 378 1895 418 additur
1923 391 1980 418 Ex

211 468 307 495 Finis
339 464 460 494 BONA.
510 449 783 501 Reliquorum
813 450 952 484 autem
983 442 1231 483 iudiciorum
1264 442 1366 481 haec
1388 440 1513 480 verba
1535 440 1717 479 maxime
1740 440 1978 480 excellunt:

175 525 193 553 ὅ
212 517 254 556 in
285 514 457 556 arbitrio
487 513 546 553 rei
577 510 750 551 uxoriae
781 521 934 548 Mssmvs
964 518 1166 553 AEvas,
1204 505 1248 544 in
1279 502 1431 544 fiducia
1470 516 1522 542 VT
1554 514 1680 543 lN'rssR
1710 516 1841 543 BoNos
1872 516 1979 544 BENE

211 592 352 619 AGIER.
413 576 525 625 Quid
557 573 687 625 ergo?
732 576 804 611 aut
832 571 876 610 in
908 583 982 617 eo,
1022 581 1133 615 Qvon
1165 579 1320 608 MEles
1351 578 1556 612 AEQVIVS,
1599 570 1739 619 potest
1769 565 1853 605 ulla
1884 578 1980 618 pars

211 642 349 681 inesse
380 637 568 680 fraudis?
600 640 687 682 aut,
719 648 814 674 cum
846 633 997 672 dicitur
1027 644 1151 671 INTER
1183 643 1312 670 nouos
1346 641 1451 668 BENE
1482 640 1624 674 AGIER,
1656 627 1883 680 quicquam
1914 627 1982 680 agi

212 704 359 743 dolose
390 706 462 742 aut
492 698 701 739 malitiose
732 696 902 749 potest?
960 694 1093 734 Dolus
1123 698 1264 733 autem
1295 691 1429 732 malus
1461 690 1505 730 in
1536 690 1818 738 simulatione,
1851 696 1897 730 ut
1925 690 1985 730 ait

212 765 418 818 Aquilius,
451 761 704 803 continetur.
756 756 1009 798 Tollendum
1041 762 1105 796 est
1133 756 1260 809 igitur
1292 768 1344 794 ex
1375 754 1499 793 rebus
1531 752 1829 793 contrahendis
1862 765 1983 793 omne

163 826 492 867 iomendaeium.
561 825 653 863 Non
695 821 990 862 inlicitatorem
1031 818 1248 866 venditor,
1293 830 1379 856 non
1424 815 1497 869 qui
1539 820 1685 855 contra
1724 828 1768 855 se
1809 815 1986 855 liceatur

213 893 378 942 emptor
407 891 604 942 apponet.
666 883 874 937 Uterque,
916 882 950 922 si
990 882 1041 922 ad
1075 879 1357 933 eloquendum
1389 878 1576 926 venerit,
1615 891 1701 917 non
1732 878 1826 931 plus
1861 890 1984 932 quam

213 952 342 993 semel
375 951 614 1004 eloquetur.
674 945 742 987 62.
775 946 958 994 Quintus
991 944 1163 997 quidem
1188 942 1408 988 Scaevola,
1430 940 1548 980 Publi
1570 938 1700 988 filius,
1722 954 1814 980 cum
1840 945 1986 994 postu-

211 1014 339 1054 lasset
370 1018 416 1053 ut
447 1012 525 1052 sibi
557 1010 736 1058 fundus,
781 1008 900 1048 cuius
932 1012 1098 1060 emptor
1129 1011 1239 1054 erat,
1281 1004 1410 1044 semel
1442 1003 1697 1043 indicaretur
1726 1003 1855 1057 idque
1887 1017 1986 1044 ven-

214 1075 324 1116 ditor
354 1076 411 1116 ita
441 1075 626 1122 fecisset,
659 1072 765 1112 dixit
796 1084 839 1111 se
862 1071 991 1124 pluris
1013 1074 1271 1109 aestumare:
1304 1066 1466 1107 addidit
1487 1071 1655 1106 centum
1678 1065 1804 1106 milia.
1853 1067 1985 1107 Nemo

163 1146 199 1175 ⁴5
215 1144 279 1178 est
309 1139 382 1192 qui
412 1137 492 1177 hoc
522 1136 601 1177 viri
624 1135 723 1176 honi
744 1133 875 1174 fuisse
897 1137 1043 1186 neget:
1076 1131 1279 1185 sapientis
1311 1135 1480 1183 negant,
1513 1134 1558 1169 ut
1589 1129 1622 1169 si
1654 1129 1827 1169 minoris
1858 1143 1985 1183 quam

212 1202 420 1254 potuisset
450 1198 722 1240 vendidisset.
782 1197 896 1236 Haec
927 1195 1055 1248 igitur
1086 1201 1149 1234 est
1179 1193 1251 1233 illa
1282 1192 1516 1245 pernicies,
1555 1191 1671 1245 quod
1702 1191 1806 1231 alios
1836 1191 1985 1239 honos,

212 1263 318 1303 alios
350 1262 562 1317 sapientes
595 1260 850 1301 existimant.
909 1258 974 1298 Ex
1006 1270 1090 1311 quo
1124 1255 1282 1296 Ennius
1327 1255 1611 1309 «nequiquam
1642 1267 1790 1307 sapere
1822 1255 1986 1307 sapien-

213 1330 310 1374 tem,
342 1327 413 1379 qui
447 1325 538 1378 ipse
570 1324 648 1364 sibi
679 1322 880 1377 prodesse
911 1334 995 1360 non
1028 1320 1203 1373 quiret.»
1257 1319 1366 1358 Vere
1397 1318 1438 1358 id
1462 1318 1652 1371 quidem,
1675 1317 1728 1364 si,
1753 1316 1855 1370 quid
1878 1321 1988 1357 esset

212 1388 481 1442 prodesse,
518 1386 619 1426 mihi
653 1399 746 1426 cum
777 1384 913 1424 Ennio
946 1382 1204 1423 conveniret.
1275 1380 1342 1421 63.
1384 1381 1643 1421 Hecatonem
1676 1379 1845 1433 quidem
1875 1380 1988 1420 Rho-

163 1458 200 1488 20
216 1451 354 1498 dium,
398 1449 649 1503 discipulum
680 1447 892 1494 Panaetii,
935 1446 1058 1486 video
1091 1446 1132 1484 in
1165 1446 1216 1485 iis
1248 1444 1385 1492 libris,
1426 1456 1533 1497 quos
1567 1442 1617 1483 de
1650 1440 1789 1482 officio
1822 1442 1989 1494 scripsit

216 1512 265 1561 Q.
297 1512 533 1559 Tuberoni,
566 1510 707 1551 dicere
741 1509 969 1562 «sapientis
1002 1521 1093 1548 esse
1125 1507 1229 1547 nihil
1262 1512 1406 1546 contra
1437 1519 1597 1554 mores,
1629 1505 1766 1558 leges,
1798 1503 1990 1544 instituta

213 1574 436 1615 facientem
475 1574 630 1614 habere
662 1573 869 1613 rationem
901 1570 962 1610 rei
994 1569 1224 1609 familiaris.
1285 1570 1433 1622 Neque
1465 1568 1574 1607 enim
1607 1567 1741 1606 solum
1773 1566 1894 1606 nobis
1927 1566 1990 1606 di-

213 1637 321 1677 vites
353 1649 444 1676 esse
475 1636 684 1682 volumus,
718 1635 790 1674 sed
823 1633 981 1680 liberis,
1012 1632 1279 1686 propinquis,
1301 1631 1444 1670 amicis
1466 1641 1748 1681 maxumeque
1771 1628 1830 1668 rei
1852 1628 1990 1681 publi-

216 1711 301 1738 cae.
350 1698 617 1751 Singulorum
649 1696 760 1736 enim
791 1695 1013 1736 facultates
1045 1699 1086 1734 et
1116 1694 1265 1747 copiae
1298 1693 1468 1732 divitiae
1492 1696 1590 1731 sunt
1611 1691 1832 1731 civitatis.»
1880 1690 1988 1730 Huic

165 1770 203 1800 25
217 1760 445 1800 Scaevolae
476 1759 657 1807 factum,
697 1758 749 1798 de
783 1771 866 1811 quo
899 1758 1025 1811 paulo
1059 1761 1154 1797 ante
1188 1757 1297 1803 dixi,
1329 1755 1497 1808 placere
1529 1754 1645 1793 nullo
1680 1755 1804 1794 modo
1835 1758 1988 1807 potest.

214 1823 380 1863 Etenim
421 1824 591 1862 omnino
635 1827 796 1862 tantum
837 1834 881 1861 se
922 1824 1047 1873 negat
1076 1818 1280 1859 facturum
1313 1816 1553 1870 compendii
1587 1816 1652 1856 sui
1684 1829 1834 1863 causa,
1873 1815 1989 1869 quod

215 1898 301 1925 non
329 1885 465 1925 liceat.
525 1886 633 1925 Huic
671 1898 749 1924 nec
790 1884 881 1924 laus
923 1895 1073 1935 magna
1112 1881 1337 1921 tribuenda
1366 1894 1444 1920 nec
1475 1879 1606 1932 gratia
1637 1884 1713 1919 est.
1783 1875 1850 1918 64.
1892 1877 1990 1925 Sed,

216 1948 305 1988 sive
343 1953 384 1988 et
425 1948 634 1988 simulatio
677 1952 718 1988 et
759 1946 1040 1986 dissimulatio
1074 1945 1194 1984 dolus
1225 1945 1359 1984 malus
1392 1948 1475 1990 est,
1517 1955 1750 1995 perpaucae
1781 1955 1848 1981 res
1879 1945 1990 1988 sunt,

215 2010 259 2049 in
291 2011 447 2064 quibus
478 2024 564 2050 non
595 2010 718 2050 dolus
750 2009 885 2049 malus
916 2009 996 2048 iste
1028 2012 1230 2055 versetur,
1261 2008 1348 2047 sive
1379 2006 1443 2046 vir
1472 2006 1610 2045 bonus
1643 2010 1708 2045 est
1727 2005 1774 2053 is,
1799 2004 1872 2058 qui
1893 2016 1991 2056 pro-

167 2081 204 2111 30
219 2071 312 2112 dest
349 2073 503 2127 quibus
540 2078 698 2127 potest,
738 2077 865 2112 nocet
895 2070 1071 2117 nemini,
1103 2074 1211 2110 certe
1242 2070 1366 2109 istum
1398 2069 1534 2108 virum
1566 2068 1719 2107 bonum
1752 2081 1837 2107 non
1868 2067 1991 2107 facile

217 2136 464 2188 reperimus.
523 2136 759 2188 Numquam
800 2134 929 2187 igitur
969 2138 1033 2172 est
1063 2132 1167 2172 utile
1199 2144 1397 2185 peccare,
1438 2130 1537 2184 quia
1568 2143 1734 2184 semper
1764 2135 1826 2170 est
1856 2134 1991 2183 turpe,

219 2202 279 2245 et,
312 2198 411 2251 quia
442 2211 608 2250 semper
639 2203 700 2236 est
730 2197 952 2236 honestum
984 2195 1120 2234 virum
1151 2196 1310 2235 bonum
1343 2206 1450 2241 esse,
1482 2206 1647 2246 semper
1677 2198 1741 2232 est
1770 2190 1886 2233 utile.

333 2261 440 2300 XVI.
474 2259 540 2299 65.
572 2262 629 2300 Ac
660 2260 711 2299 de
741 2259 832 2299 iure
865 2258 1036 2312 quidem
1067 2258 1333 2311 praediorum
1366 2262 1554 2297 sanctum
1581 2256 1694 2310 apud
1716 2269 1794 2296 nos
1818 2260 1881 2295 est
1901 2255 1991 2295 iure

220 2321 355 2370 civili,
394 2327 440 2362 ut
469 2322 513 2362 in
544 2322 596 2361 iis
626 2321 859 2362 vendendis
891 2320 993 2361 vitia
1025 2320 1286 2368 dicerentur,
1320 2333 1428 2374 quae
1459 2323 1561 2358 nota
1592 2324 1732 2359 essent
1761 2317 1987 2359 venditori.

306 2489 337 2520 ⁴.
362 2489 530 2521 simulabit
553 2498 642 2521 corr.
663 2498 706 2520 ex
729 2488 826 2520 simul
849 2488 933 2519 absit
956 2497 996 2525 ας
1023 2487 1121 2519 simul
1144 2487 1227 2519 absit
1251 2488 1311 2519 Hb
1347 2506 1383 2510 -
1421 2487 1491 2528 aut]
1517 2487 1606 2518 haud
1627 2487 1649 2519 b
1676 2503 1711 2509 ——
1739 2490 1841 2526 atque
1863 2485 1922 2517 iste
1938 2502 1955 2509 -
1971 2503 1991 2509 —

217 2538 404 2570 vindicatus
428 2541 558 2571 Nonius
583 2549 617 2580 p.
633 2538 709 2571 449.
739 2556 773 2561 —
801 2539 832 2570 3.
859 2539 927 2579 lege
944 2539 1086 2569 laetorla
1110 2539 1137 2569 ΙΙ
1152 2539 1217 2575 ab,
1244 2538 1312 2578 leqe
1336 2538 1455 2569 letor-ia
1478 2539 1523 2575 B;
1550 2541 1585 2568 ut
1608 2537 1676 2578 leqe
1699 2536 1822 2567 latoria
1845 2542 1876 2566 o.
1903 2534 1989 2565 Vide

219 2588 263 2619 ad
286 2597 320 2629 p.
340 2589 414 2628 47⁴,
433 2589 487 2621 24.
528 2607 564 2612 —-
604 2590 636 2620 5.
661 2589 781 2625 fidutia
804 2589 828 2620 B
868 2606 902 2611 —
940 2591 976 2619 ut
999 2597 1070 2619 om.
1090 2588 1117 2619 H
1154 2605 1188 2610 —
1226 2587 1322 2628 inter]
1348 2588 1383 2618 in
1406 2589 1426 2619 b
1458 2605 1501 2610 —-
1536 2588 1567 2618 7.
1595 2587 1717 2617 dicitur
1738 2589 1776 2616 ut
1797 2585 1884 2616 inter
1906 2592 1924 2615 c
1948 2601 1990 2607 —

218 2639 275 2677 aqi
299 2639 475 2676 quicquam
498 2639 555 2679 aqi
579 2646 597 2669 c
633 2655 668 2660 —
706 2639 737 2670 8.
764 2639 798 2669 in
823 2646 892 2669 om.
912 2646 930 2668 e
968 2655 1003 2660 -
1042 2638 1072 2668 9.
1098 2636 1262 2676 Aquillius
1285 2645 1303 2668 o
1332 2655 1366 2659 —
1406 2639 1457 2669 40.
1483 2646 1549 2667 non
1572 2637 1607 2667 in
1629 2636 1828 2667 licitatorem
1852 2642 1887 2670 c:
1925 2642 1991 2665 non

218 2687 414 2718 licitatorem
438 2689 504 2719 BH
519 2690 590 2726 ab3
626 2697 691 2719 non
716 2688 939 2719 illicitatorem
961 2696 982 2728 p
998 2696 1029 2719 ο.
1072 2687 1122 2718 Cf.
1150 2687 1193 2717 ad
1220 2686 1338 2719 Famil.
1367 2687 1421 2718 Vll
1436 2713 1442 2724 ,
1457 2687 1489 2727 2,
1508 2688 1537 2718 i.
1577 2703 1612 2707 —
1654 2688 1774 2716 contra
1796 2692 1829 2715 se
1850 2684 1992 2715 liceatur

218 2736 243 2767 B
260 2737 402 2776 Habp:
429 2742 546 2769 contra
568 2738 746 2770 relieeatur
769 2746 805 2776 c;
832 2741 950 2769 contra
973 2738 1114 2769 licealur
1139 2744 1158 2768 0
1201 2754 1235 2759 —
1275 2738 1327 2768 Μ.
1354 2737 1399 2768 ad
1422 2737 1621 2778 loquendum
1644 2744 1662 2766 c
1700 2753 1734 2757 —
1773 2735 1824 2766 ⁴2.
1853 2735 1992 2773 Quintus

217 2785 243 2817 B
259 2786 285 2816 H
300 2794 371 2817 ae:
410 2788 446 2826 Q.
472 2789 526 2819 bo
554 2806 589 2810 —
617 2788 782 2818 »Scaeuola
803 2787 896 2819 Publi
918 2788 1006 2828 filius
1029 2795 1104 2817 cum
1121 2803 1166 2809 -—
1181 2786 1278 2817 semel
1301 2787 1507 2817 indicaretur
1531 2786 1662 2817 Nonius
1687 2793 1719 2825 p.
1736 2784 1809 2816 4028.
1840 2801 1875 2805 —
1900 2784 1992 2823 publi

216 2835 304 2875 filius
328 2836 389 2867 Hb
414 2839 448 2867 et
472 2838 622 2868 Nonius:
648 2838 743 2877 pupli
766 2837 855 2877 filius
878 2838 921 2876 Β,
943 2836 1049 2876 publii
1072 2836 1161 2876 filius
1183 2844 1223 2874 a,
1253 2845 1296 2874 .p.
1314 2836 1402 2876 filius
1425 2844 1463 2874 c,
1489 2837 1522 2867 P.
1542 2836 1578 2867 F.
1606 2843 1624 2866 o
1658 2850 1693 2857 -
1729 2833 1781 2866 44.
1807 2834 1857 2864 ita
1881 2841 1952 2864 om.
1972 2840 1990 2863 e

221 2902 258 2908 —
285 2886 337 2916 ⁴5.
363 2887 431 2916 uiri
453 2887 512 2918 hoc
536 2887 610 2918 boni
635 2888 716 2926 (om.
734 2887 843 2927 fuisse)
869 2895 888 2917 e
914 2904 948 2908 —
976 2890 1098 2927 negant
1121 2894 1186 2917 esse
1209 2886 1367 2924 sapientis
1392 2894 1408 2916 e
1437 2904 1470 2908 —
1499 2886 1550 2917 46.
1576 2886 1681 2926 iqitur
1705 2892 1776 2915 om.
1796 2884 1823 2915 H
1851 2900 1886 2906 —
1910 2891 1991 2922 per-

216 2934 312 2965 nities
335 2943 357 2966 a
381 2952 423 2958 ———-
453 2936 504 2967 47.
530 2937 733 2976 nequiquam
757 2939 781 2968 B
797 2938 822 2968 H
838 2937 910 2968 ab:
936 2937 1158 2976 nequicquam
1181 2943 1211 2974 ο,
1238 2936 1466 2976 nequidquam
1490 2944 1521 2967 o.
1549 2951 1584 2957 —
1621 2935 1673 2966 48.
1698 2943 1765 2965 non
1788 2936 1880 2964 curet
1902 2940 1921 2964 c
1948 2950 1981 2956 —

216 2983 305 3024 esset]
331 2992 397 3015 esse
420 2985 473 3016 ab
515 3003 550 3007 ——
587 2986 641 3017 [20.
667 2987 707 3018 iis
731 2987 805 3018 Bb:
840 2987 888 3017 his
911 2987 993 3023 Ha,
1018 2986 1081 3025 hijs
1104 2994 1122 3016 e
1157 3004 1192 3008 —
1229 2986 1336 3025 officio
1361 2987 1404 3016 C:
1442 2986 1557 3026 officiis
1581 2993 1613 3016 o.
1654 2983 1704 3016 Cf.
1733 2983 1824 3023 583.
1850 2982 1892 3013 ad
1919 2983 1987 3013 Att.

217 3032 287 3071 XV·
308 3033 359 3071 43,
380 3034 409 3064 6-
435 3034 521 3072 XVI,
542 3035 593 3073 Μ,
615 3036 645 3066 2.
688 3054 722 3058 —
760 3037 813 3067 24.
840 3036 988 3074 tyberoni
1012 3044 1030 3067 e
1068 3053 1103 3058 —-
1140 3035 1225 3075 leqes
1246 3044 1353 3066 mores
1376 3043 1395 3065 e
1433 3052 1467 3056 —-
1505 3035 1557 3066 22.
1584 3033 1676 3065 nobis
1699 3034 1803 3063 solum
1827 3040 1845 3063 c
1871 3049 1906 3054 —
1933 3031 1986 3063 24.

216 3082 302 3112 enim
326 3090 395 3113 om.
416 3083 469 3113 ab
506 3100 541 3105 —
580 3085 653 3115 huic
677 3093 712 3116 c:
739 3086 834 3116 huius
858 3087 881 3116 B
898 3086 924 3116 ll
939 3094 959 3117 a
975 3087 996 3117 b
1036 3103 1070 3108 —-
1109 3086 1163 3116 25.
1188 3085 1290 3124 paulo
1315 3093 1383 3116 om.
1405 3093 1423 3115 o
1452 3102 1486 3107 —
1518 3084 1607 3114 nullo
1631 3083 1726 3114 modo
1747 3082 1881 3122 placere
1904 3089 1922 3112 c
1949 3097 1985 3103 —

215 3130 269 3161 26.
295 3132 436 3168 Etenim,
463 3133 519 3170 qui
543 3135 673 3165 omnino
698 3152 746 3157 —-
768 3144 835 3165 non
859 3136 968 3174 liceat,
993 3135 1068 3166 huic
1099 3143 1118 3166 0
1161 3152 1195 3156 —
1237 3135 1289 3165 29.
1317 3135 1409 3165 dolus
1430 3137 1490 3165 isle
1512 3133 1621 3164 matus
1643 3142 1708 3164 non
1731 3136 1880 3165 uerselur
1903 3140 1921 3164 ο
1948 3148 1984 3153 -

216 3179 318 3211 bonus
340 3182 396 3212 uir
420 3189 438 3212 c
486 3198 520 3203 —
571 3183 623 3214 30.
650 3188 736 3215 certe
760 3184 970 3216 Lambinus:
1009 3188 1096 3216 recte
1120 3184 1144 3215 C
1182 3200 1217 3205 ——
1258 3184 1356 3214 istum
1381 3193 1451 3224 op:
1478 3185 1600 3214 iustum
1623 3183 1647 3214 B
1663 3183 1688 3213 H
1704 3183 1756 3214 ab
1795 3200 1829 3205 -
1867 3182 1986 3212 bonum

215 3230 328 3260 uirum
352 3238 370 3262 c
410 3248 445 3253 -—
484 3230 536 3262 34.
564 3235 767 3271 repperimus
791 3236 854 3266 ΒΗ
884 3252 920 3257 -
946 3235 1052 3275 igitur
1075 3237 1119 3266 est
1144 3234 1188 3265 C:
1215 3237 1261 3265 est
1284 3235 1388 3273 iqitur
1413 3242 1431 3265 o
1467 3251 1509 3256 —
1545 3234 1597 3264 32.
1624 3232 1743 3263 bonum
1765 3232 1877 3262 uirum
1901 3239 1920 3262 c
1948 3247 1983 3252 —-

217 3278 336 3310 bonum
351 3283 398 3311 est
413 3288 541 3320 semper
556 3284 602 3312 est
623 3282 643 3312 b
664 3300 698 3305 —
727 3283 778 3315 33.
795 3285 1014 3323 praediorum
1030 3284 1160 3325 quidem
1175 3283 1357 3315 sanccitum
1378 3292 1400 3324 p
1427 3302 1461 3306 -
1488 3283 1541 3315 34.
1561 3282 1603 3315 iis
1618 3282 1693 3314 Bb:
1720 3282 1769 3313 liis
1785 3281 1856 3321 lla,
1874 3280 1935 3319 hijs
1951 3285 1982 3309 0.
