2249 3624
646 138 732 176 Lm.
767 137 812 175 V.
857 135 951 176 ΕΜ».
986 136 1162 176 11--111.
1202 134 1261 188 §§
1293 134 1434 176 5-9.
1846 134 1925 175 333

167 255 205 289 et
238 245 375 286 multis
396 250 491 284 ante
515 243 691 283 saeculis
717 243 973 296 Lycurgum,
1007 244 1124 283 cuius
1147 243 1401 296 temporibus
1428 243 1632 281 Homerus
1655 242 1776 281 etiam
1799 241 1927 282 fuisse

165 315 259 350 ante
290 308 395 347 banc
428 306 569 346 urbem
602 305 808 344 conditam
842 305 1031 351 traditur,
1064 311 1103 343 et
1136 305 1213 344 iam
1248 305 1430 343 heroicis
1463 304 1665 344 aetatibus
1701 304 1861 343 Ulixem
1890 311 1928 343 et

164 373 378 411 Nestorem
422 368 656 421 accepimus
703 374 741 406 et
782 367 910 407 fuisse
952 374 988 406 et
1030 367 1194 406 habitos
1235 381 1326 406 esse
1367 367 1580 420 sapientis.
1646 367 1683 406 8.
1716 367 1798 406 Nec
1833 380 1929 406 vero

163 433 306 474 Atlans
348 431 555 471 sustinere
595 430 755 469 caelum
800 444 875 468 nec
919 430 1190 468 Prometheus
1223 428 1386 468 adlixus
1420 430 1602 468 Caucaso
1635 444 1710 468 nec
1742 430 1932 469 stellatus

166 494 352 547 Cepheus
385 507 477 533 cum
512 506 666 538 uxore,
698 505 868 543 genero,
911 490 992 530 lilia
1026 491 1270 537 traderetur,
1304 492 1383 530 nisi
1418 491 1658 531 caelestium
1692 492 1833 531 divina
1864 504 1962 530 co-.”›

164 556 290 609 gnitio
341 568 492 594 nomen
541 567 684 594 eorum
732 554 780 592 ad
824 568 1003 592 errorem
1045 553 1208 592 fabulae
1241 554 1506 593 traduxisset.
1569 557 1597 592 A
1633 554 1786 607 quibus
1819 554 1931 593 ducti

165 619 362 671 deinceps
396 630 562 663 omnes,
596 618 666 669 qui
700 617 739 655 in
774 630 908 655 rerum
933 616 1288 668 contemplatione
1312 616 1450 655 studia
1477 616 1701 669 ponebant,
1725 617 1932 668 sapientes

165 687 203 721 et
233 670 496 720 habebantur
529 686 568 718 et
601 678 932 722 nominabantur,
967 677 1089 730 idqut¹
1122 692 1265 717 eorum
1295 692 1446 717 nomen
1481 692 1612 732 nsque
1644 678 1693 717 ad
1729 678 1934 732 Pythago-

163 756 231 783 rae
263 742 443 782 manavit
475 748 674 787 aetatem,
720 754 866 793 quem,
912 747 951 778 ut
994 740 1137 779 scribit
1169 740 1332 779 auditor
1363 741 1544 780 Platonis
1578 742 1772 781 Ponticus
1805 742 1933 781 Hera-

164 806 304 851 clides,
328 805 390 843 vir
412 805 560 843 doctus
592 806 633 842 in
658 803 814 856 primis,
844 802 1079 841 Phliuntem
1103 802 1241 841 serunt
1265 804 1424 842 venisse
1447 816 1625 856 eumque
1648 819 1738 843 cum
1763 805 1934 851 Leonte,
1952 816 1984 843 lo

164 867 350 921 principe
383 866 682 912 Phliasiorum,
718 865 836 904 docte
869 871 907 903 et
940 865 1107 917 copiose
1130 864 1377 904 disseruisse
1402 866 1621 918 quaedam.
1661 865 1789 905 Cuius
1821 867 1934 919 inge-

162 931 275 970 nium
308 936 348 969 et
379 929 664 982 eloquentiam
698 942 787 967 cum
820 927 1047 966 admiratus
1081 934 1189 966 esset
1223 928 1350 974 Leon,
1383 929 1641 980 quaesivisse
1674 943 1724 968 ex
1758 943 1821 976 eo,
1853 942 1935 982 qua

164 993 342 1032 maxime
359 998 445 1032 arte
465 990 711 1038 confideret3
735 997 773 1029 at
791 990 906 1028 illum
927 996 1053 1029 artem
1071 990 1238 1042 quidem
1258 1004 1301 1029 se
1325 992 1429 1030 scire
1455 990 1623 1037 nullam,
1643 991 1715 1030 sed
1736 1006 1827 1031 esse
1846 991 1936 1045 pbi-

163 1054 396 1108 losophum.
438 1054 475 1092 9.
500 1054 757 1093 Admiratum
792 1053 989 1091 Leontem
1015 1052 1239 1091 novitatem
1264 1053 1444 1092 nominis
1469 1054 1741 1107 quaesivisse,
1765 1056 1934 1108 quinam

164 1125 302 1157 essent
344 1117 580 1170 philosophi
625 1123 663 1156 et
697 1116 795 1169 quid
840 1115 949 1153 inter
980 1128 1051 1153 eos
1085 1121 1123 1153 et
1155 1115 1340 1168 reliquos
1373 1116 1616 1163 interesset;
1659 1117 1988 1170 Pythagoram45

163 1186 299 1219 autem
333 1179 600 1233 respondisse
633 1179 813 1218 similem
848 1178 923 1217 sibi
961 1176 1088 1216 videri
1115 1178 1236 1217 vitam
1270 1177 1486 1218 hominum
1509 1185 1548 1218 et
1579 1186 1805 1219 mercatum
1830 1194 1936 1227 eum,

165 1242 235 1296 qui
274 1241 499 1281 haberetur
547 1255 740 1281 maxumo
787 1240 980 1279 ludorum
1023 1246 1221 1293 apparatu
1273 1241 1400 1280 totius
1441 1241 1639 1281 Graeciae
1682 1242 1936 1282 celebritate.

163 1305 264 1344 Nam
306 1310 349 1343 ut
391 1304 473 1343 illic
514 1304 583 1343 alii
627 1304 873 1356 corporibus
917 1302 1155 1341 exercitatis
1188 1302 1360 1355 gloriam
1395 1310 1434 1343 et
1465 1303 1727 1343 nobilitatem
1759 1318 1937 1345 coronae

165 1371 371 1420 peterent,
413 1366 480 1406 alii
522 1365 688 1405 emendi
728 1371 798 1404 aut
839 1362 1044 1404 vendendi
1079 1371 1256 1418 quaestu
1289 1372 1327 1404 et
1370 1365 1484 1405 lucro
1519 1365 1788 1414 ducerentur,
1827 1373 1939 1408 esset

165 1434 305 1468 autem
347 1428 557 1482 quoddam
601 1442 733 1480 genus
775 1441 937 1473 corum,
979 1426 1107 1480 idque
1150 1427 1212 1466 vel
1257 1429 1437 1467 maxime
1468 1429 1718 1482 ingenuum,
1762 1430 1832 1483 qui
1863 1443 1988 1471 neem}

166 1490 356 1544 plausum
391 1504 466 1530 nec
500 1491 657 1529 lucrum
693 1495 960 1543 quaererent,
995 1489 1065 1528 sed
1098 1489 1260 1529 visendi
1294 1504 1417 1530 causa
1444 1492 1633 1531 venirent
1665 1492 1938 1546 studioseque

167 1554 452 1606 perspicerent
494 1553 594 1606 quid
635 1559 827 1605 ageretur
867 1558 904 1591 et
947 1566 1030 1605 quo
1076 1553 1223 1592 modo:
1264 1553 1362 1592 item
1394 1567 1472 1594 nos
1505 1554 1626 1607 quasi
1658 1554 1700 1593 in
1733 1561 1938 1595 mercatus

167 1616 377 1670 quandam
411 1616 694 1655 celebritatem
729 1629 778 1654 ex
814 1615 914 1653 urbe
946 1615 1103 1667 aliqua,
1137 1616 1195 1655 sic
1226 1616 1266 1654 in
1300 1615 1407 1655 hanc
1439 1618 1561 1656 vitam
1595 1630 1644 1656 ex
1678 1617 1757 1656 alia
1785 1618 1867 1658 vita
1899 1625 1939 1658 et

166 1685 310 1718 natura
341 1678 573 1732 profectos,
616 1677 716 1718 alios
749 1678 904 1731 gloriae
937 1678 1113 1724 servire,
1146 1678 1249 1718 alios
1283 1679 1509 1731 pecuniae3
1542 1693 1657 1720 raros
1689 1694 1781 1720 esse
1814 1694 1940 1734 quos·

167 1740 279 1787 dam,
312 1741 383 1794 qui
417 1742 562 1781 ceteris
596 1741 789 1780 omnibus
823 1754 896 1794 pro
930 1740 1063 1779 nihilo
1096 1740 1249 1780 habitis
1283 1755 1420 1780 rerum
1443 1747 1633 1782 naturam
1657 1741 1845 1783 studiose
1877 1744 1939 1783 in-
1954 1756 1989 1785 25

165 1808 400 1850 tuerentur;
434 1803 509 1843 hos
543 1817 585 1843 se
618 1803 828 1856 appellare
853 1803 1085 1855 sapientiae
1111 1804 1335 1850 studiosos,
1367 1804 1407 1843 id
1432 1811 1492 1844 est
1515 1805 1627 1844 enim
1650 1805 1939 1860 philosophos,

166 1873 204 1906 et
235 1872 279 1906 ut
304 1866 388 1905 illic
416 1866 754 1905 liberalissimum
783 1872 891 1905 esset
919 1872 1105 1919 spectare
1134 1865 1238 1904 nihil
1271 1867 1347 1906 sibi
1369 1867 1678 1921 adquirentem,
1712 1869 1771 1908 sic
1794 1869 1835 1909 in
1860 1870 1940 1910 vita

166 1928 289 1982 longe
321 1928 514 1969 omnibus
547 1928 697 1967 studiis
729 1928 1128 1981 contemplationem
1157 1943 1295 1968 rerum
1320 1930 1694 1985 cognitionemque
1717 1939 1940 1985 praestare.

253 2065 282 2094 l.
309 2064 486 2104 lygurgum
512 2064 573 2094 (1ἶῖ
606 2082 630 2084 ἡ
664 2064 690 2094 2.
719 2067 746 2094 et
773 2064 837 2094 iarn
857 2063 1002 2094 Orellius
1032 2065 1070 2094 'in
1089 2064 1340 2103 a‹lnotatio11e]:
1370 2066 1469 2096 etiam
1488 2067 1511 2097 C
1529 2066 1553 2097 O
1578 2085 1604 2088 —
1636 2066 1665 2098 Ιι.
1694 2068 1824 2099 athlans
1848 2063 1938 2100 corr.

168 2114 198 2145 in
224 2114 332 2145 atlans
356 2115 398 2144 R:
427 2114 581 2144 allialans
605 2122 684 2144 corr
724 2114 755 2144 in
781 2113 911 2144 athlans
937 2115 981 2148 G;
1014 2115 1105 2145 Atlas
1130 2116 1192 2145 Bo
1220 2133 1254 2137 —
1282 2116 1312 2146 6.
1340 2117 1564 2148 traduxissent
1590 2118 1613 2147 C
1640 2117 1715 2155 (sed
1742 2118 1773 2148 in
1801 2119 1825 2149 G
1850 2128 1870 2149 n
1896 2119 1939 2150 ab

168 2164 244 2195 ead.
271 2173 317 2195 m.
345 2165 603 2204 superscripta.
638 2164 668 2194 in
697 2164 718 2194 B
746 2165 875 2203 puncto
901 2162 1015 2194 deleta
1041 2167 1118 2203 est).
1154 2164 1238 2195 Vide
1264 2165 1306 2195 ad
1333 2166 1374 2196 lll
1402 2166 1419 2206 S
1445 2166 1497 2197 3¹.
1528 2184 1563 2189 —
1599 2168 1628 2198 8.
1650 2167 1827 2207 phitagore
1850 2170 1875 2199 G
1902 2186 1935 2190 —

170 2216 219 2245 40.
242 2215 422 2254 philuntem
447 2216 471 2245 (j
501 2231 534 2236 —
571 2213 621 2245 44.
649 2214 844 2244 cilinia-alunt
869 2216 891 2244 ti
930 2231 962 2234 —
1001 2214 1051 2244 ⁴6.
1080 2215 1149 2245 uita
1175 2216 1238 2245 GR
1266 2232 1300 2237 —
1330 2216 1380 2247 48.
1409 2216 1485 2256 illic]
1511 2217 1559 2247 illi
1584 2217 1608 2248 C
1636 2234 1670 2238 —
1698 2217 1750 2248 22.
1775 2221 1942 2258 perspice-

169 2264 249 2304 rent]
287 2266 333 2295 «i.
367 2274 397 2296 e.
425 2266 701 2303 cognoscerent,
740 2264 782 2294 ct.
811 2263 864 2299 lV,
891 2264 931 2294 80
959 2264 1144 2303 perspicere
1175 2274 1256 2296 cum
1290 2266 1358 2296 lfat.
1388 2268 1405 2306 g
1433 2266 1485 2303 40,
1521 2266 1581 2298 ubi
1605 2267 1637 2297 in
1663 2268 1790 2300 eodem
1815 2269 1941 2310 Zopyri

169 2313 259 2344 dicto
284 2317 335 2346 est
358 2323 551 2353 pernoscere
572 2327 584 2340 n
613 2313 667 2344 w.
698 2330 730 2334 -
761 2315 821 2344 iter
846 2322 903 2344 nos
927 2315 1022 2352 quasi
1039 2331 1086 2336 -—
1103 2315 1219 2354 aliqua
1245 2316 1373 2347 Nonius
1399 2325 1430 2356 p.
1452 2316 1524 2348 43⁴.
1552 2334 1585 2338 —
1614 2317 1665 2348 ³23.
1693 2319 1865 2356 quandam
1889 2327 1943 2350 ce-

169 2363 314 2394 lebritate
339 2365 401 2395 GR
432 2382 465 2388 -
496 2364 534 2394 28
574 2364 869 2403 cogitationemque
895 2364 938 2393 C.
969 2364 1105 2394 uCcteri
1131 2364 1233 2396 codd.
1254 2368 1349 2396 recte
1368 2367 1660 2406 cognitionemque.
1689 2367 1752 2398 Cf..
1781 2367 1839 2399 ubi
1856 2369 1941 2400 item

169 2413 234 2443 vita
261 2413 530 2454 contemplativa
558 2409 593 2453 (o
617 2409 849 2457 θεωρητικὸς
871 2411 970 2452 βίος)
1005 2416 1132 2445 ceteris
1158 2416 1247 2446 vitae
1273 2416 1456 2455 degendae
1480 2417 1675 2448 rationibus
1700 2418 1940 2458 praeponitur,

170 2462 213 2494 de
246 2464 315 2495 Fin.
349 2465 387 2502 V,
420 2466 453 2495 tt
497 2464 584 2494 Vitae
620 2463 783 2501 degendae
817 2464 989 2501 ratio--,
1030 2465 1061 2495 in
1092 2465 1448 2505 contemplatione
1481 2470 1521 2498 et
1555 2467 1800 2507 cognitione
1830 2467 1942 2506 posita

169 2521 306 2545 rerum
330 2516 398 2545 cet.
433 2514 474 2545 58
498 2514 671 2544 maximae
700 2513 873 2552 [actiones]
900 2518 974 2544 sunt
992 2532 1038 2536 --
1055 2516 1345 2546 consideratio
1370 2517 1643 2556 cognitioque
1672 2525 1812 2548 rerum
1835 2517 1942 2548 caele·-

170 2563 264 2594 stium
290 2567 356 2594 cet.
395 2564 434 2595 87
461 2572 561 2602 quain
587 2564 703 2601 (xilem
729 2562 885 2601 beatam)
910 2565 937 2594 si
961 2565 1061 2595 etiarn
1084 2566 1117 2596 in
1142 2575 1238 2597 reru
1250 2575 1280 2597 m
1313 2567 1553 2607 cognitione
1579 2566 1740 2606 ponebat,
1767 2570 1876 2598 tamen
1900 2576 1943 2599 ex

170 2613 226 2644 illa
257 2615 506 2655 investigatione
534 2617 678 2645 naturae
703 2616 770 2644 cet.
811 2614 854 2645 de
882 2614 1027 2645 Dixinat.
1057 2615 1087 2651 1,
1117 2615 1171 2645 tlt
1202 2616 1329 2646 Rarum
1353 2619 1399 2647 est
1423 2617 1588 2655 quoddam
1610 2625 1712 2657 genus
1735 2626 1860 2655 eorum,
1888 2618 1943 2657 qui

171 2679 216 2686 —-
235 2664 277 2695 ad
293 2665 442 2695 divinam
466 2674 565 2696 reru
576 2673 606 2695 m
631 2665 789 2704 cogniti
803 2673 916 2695 onem
934 2681 950 2686 -
964 2682 980 2686 —
998 2665 1186 2704 rapiuntur.
1214 2665 1315 2695 Tusc.
1337 2666 1431 2706 Disp.
1451 2666 1475 2702 Ι,
1497 2665 1536 2697 44
1555 2666 1639 2697 beati
1654 2667 1790 2705 erimus,
1809 2676 1912 2698 cum·
1926 2685 1942 2690 -

173 2717 252 2744 totos
288 2723 345 2745 nos
379 2715 417 2745 in
452 2714 784 2753 contemplandis
826 2714 946 2745 rebus
977 2715 1378 2754 perspiciendisque
1414 2724 1638 2754 ponemus—-
1661 2717 1943 2757 cognitionem

173 2772 302 2794 rerum
331 2764 581 2795 caelestium.
626 2765 675 2796 Ct'.
704 2765 808 2795 etiam
840 2764 882 2795 de
917 2765 1042 2796 eadem
1074 2764 1127 2795 illa
1162 2764 1454 2805 contemplatione
1490 2774 1609 2797 rerum
1635 2765 1692 2810 (τῇ
1718 2766 1873 2812 θεωρίᾳ)
1898 2767 1941 2799 de

173 2812 267 2844 offic.
295 2814 318 2849 1,
346 2813 407 2844 453
432 2815 621 2854 cognitio
652 2814 1035 2854 contemplatioque
1064 2819 1218 2846 naturae.
1257 2815 1318 2847 1¹54
1342 2816 1373 2845 in
1405 2816 1634 2854 perspicienda
1657 2824 1942 2857 cognoscen-

174 2862 320 2901 daque
358 2872 470 2895 rerum
504 2868 642 2895 natura.
682 2865 743 2895 455
779 2872 919 2902 quorum
956 2865 1024 2895 vita
1061 2866 1166 2896 omnis
1200 2866 1235 2895 in
1273 2874 1408 2896 rerum
1447 2866 1683 2905 cognitione
1717 2870 1851 2898 versata
1885 2871 1940 2898 est.

175 2913 234 2943 ⁴57
259 2913 475 2953 cognitionem
499 2923 622 2945 rerum
660 2914 711 2945 43.
738 2915 1018 2955 cognitionem
1049 2923 1184 2946 rerum
1215 2919 1273 2946 aut
1304 2915 1509 2946 occultarum
1539 2918 1598 2946 aut
1629 2916 1877 2948 admirabilium
1901 2918 1944 2948 ad

175 2960 263 2993 beate
292 2963 465 2994 vivendum
492 2964 711 2994 necessariam
743 2964 900 2995 ducimus.
950 2963 1087 2996 Tuscul.
1116 2965 1248 3005 Disput.
1276 2965 1315 3003 V,
1342 2966 1381 2996 68
1406 2974 1490 2996 unus
1524 2967 1643 3003 (animi
1667 2966 1768 3006 fetus)
1804 2967 1839 2998 in
1873 2977 1943 2999 co-

176 3013 359 3052 gnitione
390 3022 525 3044 rerum
548 3014 674 3052 positus
698 3017 728 3044 et
754 3014 785 3044 in
810 3014 1030 3053 explicatione
1054 3017 1207 3045 naturae.
1250 3015 1304 3052 IV,
1334 3016 1374 3046 57
1408 3016 1606 3054 sapientiam
1634 3025 1700 3048 esse
1722 3025 1834 3048 rerum
1858 3018 1939 3048 diri-

177 3070 296 3092 narum
324 3066 352 3093 et
382 3063 605 3093 humanarum
630 3061 801 3093 scientiam
829 3065 1212 3103 cognitionemque,
1240 3073 1324 3103 quae
1351 3065 1507 3103 cuiusque
1533 3066 1581 3096 rei
1608 3075 1710 3097 causa
1734 3067 1774 3097 sit
1797 3083 1835 3096 =
1859 3067 1898 3105 V,
1925 3068 1940 3098 7

177 3111 365 3142 divinarum
395 3112 681 3151 humanarumque
717 3122 870 3146 rerum.
913 3118 980 3144 tum
1010 3115 1181 3145 initiorum
1213 3123 1457 3153 causarumque
1484 3116 1641 3156 cuiusque
1673 3117 1721 3148 rei
1755 3118 1944 3157 cogniti-

178 3168 258 3192 one.
296 3161 315 3192 8
338 3161 525 3193 caelestium
562 3163 673 3193 divina
703 3163 888 3202 cognitio
912 3180 929 3186 -
952 3182 968 3186 -
994 3165 1026 3195 in
1057 3174 1170 3196 rerum
1199 3165 1472 3204 contemplatione
1507 3166 1565 3203 (68
1594 3167 1638 3197 ad
1666 3168 1944 3208 cognitionem

178 3209 509 3251 intellegentiamque,
541 3215 577 3243 ut
608 3212 651 3243 de
685 3212 780 3243 Offic.
809 3213 838 3250 l,
866 3213 916 3244 118.
944 3214 998 3245 49.
1038 3216 1098 3246 s158
1126 3215 1268 3254 cognitio
1299 3218 1327 3245 et
1350 3215 1502 3253 scientia,
1537 3216 1611 3248 452.
1639 3216 1712 3247 453.
1741 3217 1800 3247 1¹57
1828 3218 1943 3258 cogni-

179 3259 246 3300 tio).
286 3260 421 3298 Quintil.
451 3263 493 3302 ll,
524 3262 574 3302 18,
603 3264 614 3293 4
644 3263 767 3294 artium
799 3262 885 3295 aliae
910 3264 1036 3304 positae
1065 3266 1099 3296 in
1132 3265 1390 3304 inspectione
1415 3265 1470 3305 (=
1493 3264 1813 3308 contemplatione),
1844 3266 1877 3298 id
1900 3271 1945 3299 est
