2249 3624
341 155 424 201 362
777 163 1208 204 TUSCULANARUM
1236 163 1676 205 DISPUTATIONUM

341 266 648 320 percipiantur,
679 281 728 309 ea
758 283 840 309 non
871 270 1028 310 versari
1058 270 1101 309 in
1133 269 1351 310 oculorum
1381 269 1468 310 ulla
1496 270 1775 320 iucunditate,
1814 276 1860 312 ut
1891 285 1958 319 ea,
2000 286 2108 326 quae

342 333 575 382 gustemus,
615 331 879 380 olfaciamus,
922 338 1168 379 tractemus,
1205 331 1445 379 audiamus,
1490 332 1532 371 in
1565 345 1612 372 ea
1643 333 1753 385 ipsa,
1792 334 1863 373 ubi
1894 334 2110 383 sentimus,

339 395 457 443 parte
499 399 741 441 versentur;
789 396 831 434 in
873 395 1007 434 oculis
1044 394 1126 433 tale
1167 393 1226 433 nil
1266 391 1332 433 fit:
1374 395 1537 434 animus
1577 395 1729 448 accipit
1760 410 1868 450 quae
1905 396 2110 437 videmus.

339 453 490 493 Animo
521 459 661 494 autem
692 456 833 495 multis
864 456 999 495 modis
1029 457 1240 509 variisque
1273 455 1473 496 delectari
1503 457 1622 504 licet,
1655 458 1781 498 etiam
1813 459 1847 498 si
1877 472 1963 498 non
1994 460 2113 500 adhi-

307 515 489 556 5beatur
518 521 737 570 aspectus;
768 518 919 572 loquor
948 519 1060 558 enim
1092 518 1143 558 de
1175 519 1296 558 docto
1326 518 1498 558 homine
1530 524 1570 559 et
1592 520 1769 568 erudito,
1801 521 1869 561 cui
1890 522 2030 562 vivere
2052 527 2116 563 est

340 579 537 631 cogitare.
584 580 793 632 Sapientis
823 586 960 620 autem
993 581 1190 634 cogitatio
1222 594 1307 620 non
1338 581 1468 621 ferme
1501 581 1553 621 ad
1585 583 1922 635 investigandum
1944 584 2115 624 adhibet

339 640 483 680 oculos
524 640 764 681 advocatos.
824 639 918 682 ΗΞ).
950 644 1117 683 Etenim
1158 643 1193 683 si
1234 656 1319 682 nox
1358 657 1442 684 non
1474 644 1621 684 adimit
1652 645 1779 684 vitam
1810 646 1996 694 beatam,
2044 661 2116 686 cur

340 701 429 741 dies
472 704 585 743 nocti
623 703 771 744 similis
812 704 1001 745 adimat?
1051 707 1154 746 Nam
1193 706 1299 745 illud
1340 707 1549 760 Antipatri
1593 707 1809 761 Cyrenaici
1849 714 1913 748 est
1943 708 2116 761 quidem

338 763 465 816 paulo
506 765 751 814 obscenius,
794 768 866 807 sed
907 781 991 807 non
1022 768 1205 808 absurda
1236 769 1442 809 sententia
1474 774 1558 809 est:
1601 770 1718 810 cuius
1751 772 1991 811 caecitatem
2023 784 2114 811 cum

289 838 325 868 ⁴0
340 825 609 868 mulierculae
640 828 991 878 lamentarentur,
1027 831 1162 880 «Quid
1194 831 1374 884 agitis?»
1410 831 1549 885 inquit
1591 846 1673 872 «an
1699 833 1818 873 vobis
1849 833 1966 872 nulla
1995 833 2113 873 vide-

337 892 405 927 tur
434 889 628 942 voluptas
660 905 752 931 esse
783 896 1052 933 nocturna‘b)
1095 894 1276 947 Appium
1299 894 1469 946 quidem
1491 899 1675 933 veterem
1698 895 1841 943 illum,
1873 896 1944 949 qui
1967 909 2115 935 caecus

337 964 472 991 annos
511 953 682 1010 multos·
707 954 802 1002 fuit,
847 962 887 996 et
930 970 982 996 ex
1024 957 1333 1009 magistratibus
1365 961 1405 996 et
1437 969 1489 995 ex
1520 957 1644 995 rebus
1676 958 1803 1009 gestis
1834 958 2116 1010 intellegimus

336 1013 379 1052 in
409 1014 483 1053 illo
516 1028 592 1055 suo
626 1029 723 1057 casu
754 1031 831 1058 nec
861 1019 1023 1071 privato
1054 1032 1132 1059 nec
1164 1020 1333 1072 publico
1366 1019 1529 1057 muneri
1562 1017 1762 1059 defuisse.
1811 1020 1855 1060 C.
1887 1020 2010 1059 Drusi
2042 1020 2116 1059 do-

337 1088 451 1115 mum
483 1078 682 1131 compleri
715 1093 737 1119 a
769 1082 1079 1121 consultoribus
1112 1082 1277 1121 solitam
1309 1081 1572 1134 accepimu53
1605 1095 1698 1120 cum
1721 1095 1897 1134 quorum
1920 1095 1986 1122 res
2008 1087 2118 1122 esset

288 1150 324 1179 45
338 1151 412 1178 sua
441 1139 522 1193 ipsi
555 1154 638 1180 non
670 1142 887 1191 videbant,
920 1158 1090 1184 caecum
1123 1144 1379 1184 adhibebant
1409 1143 1572 1182 ducem.
1618 1145 1762 1184 Pueris
1794 1145 1913 1184 nobis
1941 1145 2012 1184 Cn.
2034 1146 2117 1184 Au-

337 1198 459 1241 fidius
491 1204 728 1254 praetorius
760 1210 801 1245 et
831 1206 871 1245 in
905 1212 1050 1246 senatu
1082 1206 1330 1246 sententiam
1363 1205 1528 1245 dicebat
1564 1219 1642 1246 nec
1675 1207 1818 1246 amicis
1851 1207 2117 1247 deliberanti-

335 1263 414 1303 bus
447 1264 589 1305 deerat
620 1271 660 1306 et
690 1267 888 1307 Graecam
921 1269 1129 1308 scribebat
1158 1269 1376 1308 historiam
1409 1273 1449 1308 et
1479 1268 1650 1308 videbat
1680 1270 1723 1309 in
1754 1269 1916 1310 litteris.

448 1326 645 1368 XXXIX.
679 1326 773 1369 113.
814 1331 1019 1371 Diodotus
1058 1332 1221 1371 Stoicus
1263 1344 1411 1371 caecus
1454 1331 1607 1370 multos
1640 1345 1773 1371 annos
1804 1339 1972 1373 nostrae
2003 1331 2117 1373 domi

335 1388 455 1428 vixit.
499 1391 538 1431 Is
569 1405 682 1440 vero,
714 1393 825 1446 quod
857 1394 1054 1433 credibile
1087 1394 1158 1433 vix
1190 1400 1317 1440 esset,
1350 1407 1442 1433 cum
1474 1394 1517 1432 in
1547 1392 1816 1447 philosophia
1839 1395 1968 1434 multo
1993 1395 2117 1435 etiam

285 1464 322 1493 20
335 1453 473 1503 magis
505 1453 681 1495 adsidue
714 1469 837 1509 quam
869 1462 989 1496 autea
1012 1462 1250 1496 versaretur
1271 1463 1311 1496 et
1333 1470 1424 1496 cum
1448 1454 1600 1496 fidibus
1624 1456 1979 1509 Pythagoreorum
2004 1471 2117 1498 more

335 1520 524 1556 uteretur
565 1531 743 1571 cumque
784 1520 821 1558 ei
863 1519 958 1558 libri
999 1525 1144 1558 noctes
1188 1525 1229 1558 et
1271 1519 1359 1558 dies
1402 1519 1653 1572 legerentur,
1709 1520 1862 1572 quibus
1894 1520 1937 1558 in
1969 1520 2118 1560 studiis

337 1578 471 1618 oculis
505 1593 588 1618 non
621 1581 786 1633 egebat,
819 1587 904 1621 tum
938 1582 1049 1635 quod
1083 1583 1173 1621 sine
1207 1582 1338 1621 oculis
1371 1579 1458 1621 fieri
1491 1595 1613 1635 posse
1647 1582 1716 1621 vix
1740 1582 1919 1628 videtur,
1951 1596 2118 1635 geome-

335 1641 439 1682 triae
471 1656 622 1682 munus
654 1644 860 1688 tuebatur,
893 1645 1030 1684 verbis
1064 1645 1325 1697 praecipiens
1353 1644 1633 1692 discentibus,
1665 1645 1777 1683 unde
1801 1658 1884 1697 quo
1907 1658 2116 1698 quamque

335 1704 489 1743 lineam
521 1706 762 1746 scriberent.
814 1708 1103 1761 Asclepiadem
1137 1706 1294 1754 ferunt,
1336 1721 1417 1747 non
1457 1707 1684 1759 ignobilem
1717 1706 1948 1747 Eretricum
1980 1707 2134 1761 philo--

285 1779 322 1808 ‘25
337 1768 536 1818 sophum,
571 1782 663 1809 cum
696 1770 866 1823 quidam
902 1776 1143 1823 quaereret,
1178 1770 1279 1823 quid
1309 1770 1345 1808 ei
1369 1770 1547 1809 caecitas
1571 1769 1798 1816 attulisset,
1830 1770 2116 1821 respondisse,

335 1845 467 1885 puero
497 1837 543 1871 ut
576 1846 657 1871 uno
690 1838 799 1888 esset
831 1833 1082 1872 comitatior.
1128 1833 1177 1871 Ut
1209 1833 1321 1872 enim
1344 1832 1409 1871 vel
1442 1845 1603 1871 summa
1635 1838 1858 1885 paupertas
1886 1832 2117 1872 tolerabilis

336 1894 406 1940 sit,
450 1894 484 1933 si
525 1894 648 1934 liceat
690 1895 804 1947 quod
846 1895 1098 1948 quibusdam
1140 1895 1306 1934 Graecis
1352 1895 1526 1941 cotidie,
1565 1894 1622 1933 sic
1655 1895 1833 1934 caecitas
1864 1894 1962 1933 ferri
1996 1894 2117 1935 facile

335 1956 485 2009 possit,
527 1958 560 1996 si
602 1971 685 1997 nou
719 1958 857 1998 desint
889 1958 1075 1997 subsidia
1107 1958 1408 1998 valetudinum.
1460 1955 1475 1995 ³l
1496 1954 1555 1995 14.
1591 1957 1857 1997 Democritus
1889 1958 2117 2007 luminibus

335 2019 499 2059 amissis
531 2020 625 2060 alba
656 2021 817 2060 scilicet
849 2020 1087 2060 discerncre
1121 2026 1161 2059 et
1192 2026 1278 2059 atra
1310 2034 1391 2060 nou
1424 2024 1608 2073 poterat:
1652 2024 1693 2058 at
1723 2032 1822 2058 vero
1855 2019 1964 2059 bona
1996 2020 2116 2067 mala,

284 2093 321 2123 30
335 2096 471 2136 aequa
500 2083 663 2136 iniqua,
694 2083 870 2123 honesta
893 2084 1048 2135 turpia,
1081 2083 1197 2122 utilia
1220 2083 1403 2130 inutilia,
1437 2095 1584 2135 magna
1609 2095 1733 2134 parva
1755 2087 1930 2134 poterat,
1964 2087 2004 2122 et
2027 2082 2117 2122 sine

335 2148 533 2187 varietate
572 2145 762 2185 colorum
804 2143 954 2185 licebat
985 2146 1123 2184 vivere
1157 2147 1298 2191 beate,
1335 2146 1424 2185 siue
1456 2145 1627 2184 notione
1659 2158 1798 2183 rerum
1831 2157 1914 2183 non
1946 2144 2114 2184 licebat.

335 2210 473 2262 Atque
512 2209 583 2248 hic
624 2209 686 2248 vir
722 2209 914 2262 impediri
956 2210 1078 2248 etiam
1111 2209 1236 2247 animi
1269 2209 1401 2247 aciem
1432 2214 1605 2260 aspectu
1639 2208 1854 2247 oculorum
1888 2207 2116 2247 arbitraba-

336 2277 404 2312 tur
434 2275 493 2318 et,
526 2284 618 2310 cum
650 2271 719 2310 alii
753 2284 878 2323 saepe
911 2271 1025 2324 quod
1058 2277 1153 2310 ante
1185 2272 1314 2324 pedes
1347 2277 1457 2311 esset
1499 2284 1582 2310 non
1622 2270 1836 2316 viderent,
1877 2269 1948 2308 ille
1979 2270 2020 2308 in
2052 2269 2116 2308 in·-

336 2333 538 2374 finitatem
571 2346 736 2373 omnem
769 2334 1127 2385 peregrinabatur,
1160 2340 1203 2373 ut
1226 2334 1342 2373 nulla
1363 2334 1405 2373 in
1429 2333 1692 2373 extremitate
1716 2333 1973 2372 consisteret.
2017 2333 2117 2372 Tra-

286 2404 321 2434 35
338 2397 470 2437 ditum
504 2401 567 2436 est
597 2397 723 2435 etiam
754 2397 984 2435 Homerum
1016 2409 1186 2435 caecum
1219 2397 1361 2436 fuisse.
1403 2398 1453 2436 At
1482 2396 1570 2435 eius
1600 2396 1826 2449 picturam,
1860 2409 1943 2435 non
1966 2397 2115 2449 poesin

336 2460 540 2500 videmus.
589 2458 706 2507 Quae
739 2460 872 2511 regi0,
905 2472 1011 2512 quae
1045 2472 1128 2505 ora,
1162 2460 1234 2511 qui
1257 2459 1373 2499 locus
1397 2459 1616 2505 Graeciae,
1651 2471 1757 2510 quae
1780 2459 1942 2509 species
1964 2457 2116 2497 forma-

337 2534 419 2575 que
450 2533 637 2575 pugnae,
670 2535 777 2575 quae
809 2522 939 2567 acies,
973 2521 1086 2574 quod
1119 2522 1354 2574 remigium,
1389 2522 1460 2574 qui
1486 2527 1623 2560 motus
1653 2521 1884 2568 hominum,
1918 2521 1991 2572 qui
2010 2520 2116 2559 fera-

335 2598 427 2623 rum
466 2598 552 2622 nou
592 2585 647 2623 ita
691 2585 879 2637 expictus
923 2590 1007 2629 est,
1051 2590 1094 2622 ut
1128 2597 1234 2636 quae
1276 2585 1364 2636 ipse
1397 2598 1480 2623 nou
1512 2584 1662 2624 viderit
1694 2598 1768 2623 uos
1804 2590 1846 2623 ut
1879 2583 2116 2622 videremus

339 2646 551 2686 effecerit?
602 2644 695 2686 fll5.
731 2647 841 2694 Quid
874 2648 1001 2698 ergo?
1033 2651 1105 2685 aut
1137 2647 1319 2685 Homero
1343 2646 1663 2686 delectationem
1696 2646 1822 2685 animi
1855 2658 1902 2684 ac
1927 2646 2117 2698 volupta-

287 2716 324 2746 40
339 2714 421 2749 tem
452 2714 523 2749 aut
553 2709 752 2763 cuiquam
783 2710 905 2748 docto
939 2708 1121 2748 defuisse
1154 2722 1353 2762 umquam
1386 2710 1668 2748 arbitramur?
1701 2714 1794 2754 aut,
1827 2707 1869 2747 ni
1900 2708 1956 2748 ita
1983 2722 2025 2747 se
2048 2721 2114 2747 res

427 2895 456 2927 3.
483 2895 610 2926 nihilo
639 2914 673 2917 —
706 2894 736 2926 4.
764 2895 913 2925 dilectari
938 2895 961 2924 G
1000 2912 1031 2915 —
1070 2894 1121 2924 40.
1151 2893 1216 2923 ulla
1241 2894 1265 2924 R
1305 2911 1335 2915 —-
1372 2892 1421 2923 13.
1450 2892 1483 2924 C.
1513 2893 1614 2923 Drusi
1639 2892 1866 2924 Gebhardus:
1898 2893 2035 2923 Gatrusi
2060 2893 2113 2932 (ex

340 2945 404 2977 Gai
428 2945 530 2981 drusa)
557 2944 580 2974 C
611 2962 644 2966 -
685 2943 732 2975 Η,
760 2954 779 2974 (1
806 2953 875 2975 om.
903 2944 927 2974 Ο
956 2961 989 2965 —-
1029 2945 1074 2974 15.
1103 2943 1172 2973 GN.
1201 2943 1357 2980 autfidius
1387 2944 1409 2971 G
1427 2943 1469 2972 R:
1504 2952 1559 2982 9η,
1587 2946 1644 2972 aut
1669 2943 1758 2982 filius
1781 2943 1804 2973 B
1838 2958 1872 2964 —
1908 2943 1959 2973 47.
1985 2942 2115 2973 vivebat

338 2993 502 3033 Bentlcy2
541 2995 574 3023 at
606 3002 637 3023 v.
666 2993 836 3024 Heindorf
863 2993 907 3023 ad
940 2993 1055 3024 Horat.
1084 2995 1151 3024 Sat.
1180 2994 1211 3029 Ι,
1240 2993 1269 3029 3,
1298 2993 1350 3022 26.
1386 3010 1417 3014 -
1460 2993 1498 3023 19
1536 2993 1596 3023 ria>
1625 2997 1670 3023 cst
1693 2994 1784 3024 Bake
1815 2992 1834 3023 1.
1861 2992 1882 3023 l.
1909 3002 1942 3033 p.
1972 2992 2044 3024 444.
2070 3010 2115 3015 —

339 3044 391 3075 Ὦ,
418 3044 478 3074 ric
499 3051 590 3081 posse
614 3044 744 3073 uid-mo·
767 3044 986 3083 geronem-icae
1009 3044 1032 3073 B
1062 3061 1096 3064 —
1123 3043 1175 3074 ⁶24..
1203 3043 1378 3073 eretricum
1403 3044 1425 3071 G
1444 3043 1484 3073 R:
1512 3043 1668 3073 creticum
1694 3043 1716 3073 B
1744 3043 1788 3080 (in
1813 3051 1922 3082 marg.
1943 3042 2113 3081 creticum)

342 3110 377 3114 —-
404 3092 667 3131 philosophorum
692 3094 715 3123 G
732 3094 754 3123 R
779 3110 808 3115 -—
840 3094 1046 3132 225.qm1er‹›t
1071 3094 1094 3123 G
1120 3111 1150 3114 —-
1181 3093 1232 3123 ΞΟ,
1251 3092 1443 3122 tollerabilis
1460 3094 1484 3123 G
1507 3110 1538 3114 —
1567 3093 1620 3124 «27.
1646 3093 1760 3133 graeci
1777 3093 1801 3123 G
1817 3091 1891 3123 R¹B
1912 3109 1948 3115 -
1975 3093 2028 3124 ⁶28.
2047 3101 2113 3123 ua-

339 3143 514 3173 li'udinwn
542 3143 564 3171 R
590 3160 631 3164 —
656 3142 708 3172 ¹⁴29.
735 3145 763 3172 el
788 3145 865 3172 alra
889 3143 1072 3173 discernere
1091 3143 1113 3172 B
1140 3141 1212 3175 [sed
1239 3142 1488 3180 transponendi
1515 3143 1621 3179 signis
1646 3141 1781 3181 additis)
1808 3142 1832 3172 O
1852 3158 1886 3163 —
1915 3141 1966 3173 30.
1994 3145 2024 3172 et
2045 3143 2114 3174 sine

344 3193 380 3223 13:
411 3197 437 3222 c!
462 3194 488 3223 >i
513 3194 535 3221 (ὶ
552 3193 575 3222 R
605 3209 637 3214 —
666 3192 717 3223 32.
745 3198 878 3231 aspectu
904 3192 995 3223 11213:
1030 3195 1196 3231 aspectum
1222 3191 1274 3225 w}
1308 3195 1457 3228 aspccfus
1484 3200 1584 3225 corr.
1612 3191 1689 3221 ead.
1719 3200 1763 3222 m.
1791 3192 1824 3221 in
1851 3189 1996 3230 aspectzi)
2023 3192 2048 3222 G
2077 3208 2109 3214 -ψ

342 3240 394 3273 33.
422 3241 497 3272 aliis
520 3244 543 3273 G
561 3243 597 3273 R¹
625 3259 659 3264 —
686 3246 787 3273 essent
812 3246 834 3271 (i
853 3243 875 3273 P.
904 3260 938 3264 —
967 3243 1018 3274 ille
1042 3243 1084 3273 B:
1113 3241 1169 3271 illa
1194 3241 1255 3270 ‹1¹ss
1285 3258 1319 3262 —-
1346 3241 1379 3270 in
1405 3241 1482 3271 cod.
1510 3241 1715 3272 Beruensis:
1742 3248 1812 3272 om.
1833 3240 1856 3271 C
1883 3259 1916 3263 -
1945 3240 1997 3272 34.
2021 3241 2113 3280 peri-

342 3291 542 3334 9t·tnabalur·
567 3294 592 3323 G
619 3308 652 3314 ——
681 3292 734 3324 36.
762 3293 922 3323 Graeciae
946 3301 1014 3323 om.
1043 3292 1081 3323 G1
1109 3309 1142 3314 —
1167 3292 1297 3332 somnae
1321 3299 1405 3331 quae
1425 3300 1541 3332 pugna
1566 3292 1590 3323 C
1618 3307 1654 3314 —
1682 3291 1734 3322 39.
1761 3299 1802 3322 ac
1824 3291 1867 3322 B:
1894 3293 1953 3322 aut
1977 3291 2052 3322 GR.
