2249 3624
509 163 598 203 Lm.
630 163 660 202 1.
701 162 800 203 CAP.
831 162 1298 203 xxxva-xxxix.
1337 162 1396 216 ὃς
1432 161 1675 203 0102-109.
1892 163 1971 204 397

210 272 252 312 in
284 269 532 322 Capitolium
574 281 666 307 cum
709 270 986 321 pervenerim,
1029 275 1113 308 tum
1147 269 1195 308 ad
1228 271 1409 308 animum
1444 284 1580 309 meum
1613 270 1863 316 reserantur,
1894 271 1972 310 hoc

210 332 319 372 idem
350 330 437 370 fieri
468 330 510 369 in
543 329 644 376 deo,
676 330 794 369 cuius
825 331 968 370 crebra
1001 331 1103 370 facie
1137 332 1344 384 pellantur
1375 333 1523 377 animi,
1557 345 1607 371 ex
1641 347 1723 384 qno
1753 347 1843 372 csse
1867 333 1972 372 beati

209 400 333 446 atque
374 392 532 431 aeterni
573 392 880 443 intellegantur.
940 391 1026 432 107.
1063 395 1139 432 Fac
1184 394 1384 442 imagines
1423 408 1534 440 esse,
1576 396 1724 447 quibus
1758 394 1976 447 pulsentur

207 454 359 495 animi:
393 454 554 506 species
587 454 801 492 dumtaxat
835 455 1014 494 obicitur
1048 455 1276 507 qnacdam;
1311 470 1407 494 num
1442 456 1563 494 ctiam
1596 470 1668 495 cur
1699 470 1744 495 ea
1769 457 1887 495 beata
1909 457 1974 502 sit,

208 530 282 556 cur
312 518 515 556 aeterna?
563 516 680 563 Quae
713 522 849 554 autem
873 516 974 555 istae
999 518 1200 566 imagines
1225 524 1384 556 vestrae
1406 525 1475 557 ant
1500 519 1640 557 nnde‘?
1682 521 1712 558 A
1739 520 2004 557 Democritus

208 579 376 618 omniuo
408 578 510 617 haec
541 578 734 623 licentia;
767 578 837 616 sed
872 585 911 616 et
944 579 1011 617 ille
1046 581 1319 631 repr-clmnsns·
1352 595 1374 618 a
1408 580 1546 618 multis
1579 588 1639 620 est
1673 596 1747 620 nec
1782 594 1854 620 vos
1887 582 1976 619 exi—

208 647 293 681 tum
324 640 518 694 reperitis
551 645 718 691 totaque
752 653 816 677 res
848 641 1012 679 vacillat
1045 648 1084 680 ct
1107 641 1323 679 clinnlicat.
1371 643 1468 680 Nam
1494 643 1593 694 qnid
1618 643 1814 696 estquod
1839 644 1974 682 minus

208 703 371 756 probari
406 702 535 755 possit
563 715 685 754 quam
719 701 934 740 hominnm
969 703 1008 741 in
1043 717 1106 741 mc
1140 703 1321 741 invideri¹
1356 704 1577 752 imagines,
1610 705 1798 751 llomcri,
1832 705 1975 744 Archi—

209 764 339 810 lochi,
379 764 567 809 Romuli,
612 765 788 809 Numae,
833 764 1108 816 Pythagorae,
1151 765 1351 809 Platonis,
1407 778 1481 802 nec
1519 778 1564 804 ea
1606 766 1756 812 forma,
1799 780 1880 819 qua
1916 767 1974 806 illi

208 827 413 866 fuerunt?
463 826 556 874 Quo
590 825 711 864 modo
744 825 804 864 illi
840 830 968 876 ergo?
1011 833 1049 865 et
1083 840 1256 879 qnorum
1290 827 1518 876 imagines?
1566 828 1775 881 (⁷.)rplicnm
1810 834 2026 881 pos-tamt«)

210 888 331 928 docet
370 888 617 928 Aristoteles
658 901 882 940 numquam
921 887 1050 927 fnisse
1092 894 1129 927 ct
1163 888 1238 926 hoc
1271 889 1497 940 Orphicum
1532 904 1694 929 carmen
1729 891 1975 943 Pythagorei

209 950 345 990 ferunt
377 950 591 989 cuiusdam
624 949 751 988 fuisse
785 950 992 1003 Cercopis.
1045 952 1095 989 At
1128 952 1339 1002 Orpbeus,
1372 950 1410 989 id
1445 957 1507 990 cst
1537 953 1672 1003 imago
1695 954 1804 999 cius,
1837 960 1881 992 ut
1905 967 1976 992 vos

210 1012 352 1059 vultis,
385 1013 426 1051 in
458 1013 641 1051 animum
675 1026 809 1051 meum
843 1026 967 1064 saepe
1000 1013 1184 1052 incurrit.
1244 1011 1329 1051 108.
1364 1014 1499 1060 Quid,
1538 1015 1651 1067 quod
1683 1016 1870 1055 eiusdem
1903 1016 1978 1054 ho-

210 1075 330 1114 minis
373 1075 414 1114 in
454 1088 588 1114 meum
625 1074 750 1120 aliae,
791 1075 896 1114 aliae
929 1075 967 1114 in
1001 1076 1145 1114 tunm?
1187 1075 1309 1128 quid,
1351 1076 1462 1128 quod
1497 1090 1638 1116 earnm
1670 1091 1827 1124 rerum,
1870 1090 1976 1131 quae

209 1150 434 1190 numquam
467 1137 635 1176 omnino
667 1135 836 1176 suerunt
866 1149 1004 1189 neque
1039 1150 1130 1176 esse
1159 1144 1404 1190 potuerunt,
1439 1144 1482 1177 ut
1505 1139 1689 1191 Scyllae,
1724 1145 1767 1179 ut
1790 1140 2029 1179 chime—⁴5

209 1200 310 1239 rae?
343 1199 463 1252 quid,
497 1199 608 1252 quod
642 1199 876 1246 bominum,
911 1199 1118 1246 locorum,
1150 1199 1314 1238 urbium
1346 1212 1510 1247 earum,
1543 1214 1649 1254 quas
1673 1214 1897 1254 numquam
1920 1202 1979 1240 vi·

209 1261 378 1301 dimus?
421 1261 542 1314 quid,
583 1260 716 1314 quod,
758 1261 880 1300 simul
923 1274 969 1300 ac
1002 1261 1100 1301 mihi
1133 1261 1361 1301 collibitum
1396 1268 1476 1308 est,
1518 1270 1684 1315 praesto
1717 1269 1780 1303 est
1811 1264 1978 1315 imago?

210 1322 332 1376 quid,
370 1322 483 1376 quod
515 1323 639 1363 etiam
671 1323 722 1362 ad
756 1323 1028 1363 dormientem
1062 1324 1231 1364 veniunt
1270 1325 1521 1365 invocatae?
1569 1327 1670 1366 Tota
1702 1341 1789 1374 res,
1832 1326 1979 1372 Vellei,

209 1385 427 1437 nugatoria
468 1392 555 1426 est:
594 1399 665 1425 vos
704 1390 841 1425 autem
873 1399 956 1425 non
989 1386 1111 1425 modo
1143 1386 1277 1425 oculis
1308 1387 1529 1439 imagines,
1570 1389 1641 1427 sed
1674 1390 1797 1428 etiam
1828 1388 1978 1428 animis

209 1448 453 1488 inculcatis:
486 1453 599 1488 tanta
630 1452 693 1487 est
723 1448 938 1500 inpunitas
960 1448 1183 1500 garriendi.
1232 1449 1428 1488 XXXIX.
1458 1446 1544 1488 109.
1567 1453 1617 1490 At
1638 1463 1762 1504 qnam
1784 1449 2030 1491 licentertflo

210 1510 449 1550 Fluentium
487 1510 732 1564 frequenter
772 1510 962 1550 transitio
1003 1510 1048 1549 fit
1086 1511 1315 1558 visionum,
1356 1516 1401 1550 ut
1440 1525 1461 1551 e
1494 1512 1633 1551 multis
1664 1526 1747 1553 una
1776 1513 1978 1553 videatur.

210 1572 389 1612 Puderet
429 1586 492 1612 me
533 1573 671 1612 dicere
709 1585 794 1611 non
830 1572 1098 1626 intellegere,
1139 1572 1173 1612 si
1207 1586 1279 1612 vos
1311 1573 1391 1625 ipsi
1421 1574 1739 1626 intellegeretis,
1789 1576 1861 1628 qui
1902 1576 1981 1614 ista

211 1633 448 1675 defenditis.
495 1635 589 1683 Quo
622 1635 747 1674 modo
779 1635 888 1674 enim
921 1636 1073 1688 probas
1105 1635 1368 1675 continenter
1409 1636 1613 1689 imagines
1644 1636 1774 1677 ferri?
1815 1642 1905 1684 aut,
1946 1637 1979 1676 si

211 1696 484 1744 continenter,
516 1710 598 1750 quo
632 1695 753 1737 modo
775 1699 1003 1737 aeternae?
1037 1698 1413 1745 Innumerabilitas,
1445 1699 1599 1752 inquis,
1631 1699 1871 1753 suppeditat
1891 1704 1982 1739 ato-

211 1771 387 1798 morum.
438 1761 544 1799 Num
585 1759 731 1798 eadem
771 1772 868 1813 ergo
900 1760 980 1800 ista
1011 1759 1154 1806 faciet,
1188 1765 1232 1799 ut
1262 1761 1342 1800 sint
1372 1761 1513 1800 omnia
1544 1762 1830 1814 sempiterna?
1875 1762 2030 1802 Con-25

208 1818 318 1874 sugis
349 1821 401 1861 ad
432 1821 784 1874 aequilibritatem
813 1845 866 1850 —
889 1822 947 1861 sic
980 1822 1089 1862 enim
1121 1827 1364 1875 ἰσονομίαν,
1395 1825 1429 1863 si
1461 1824 1614 1876 placet,
1646 1823 1906 1877 appellemus
1928 1845 1981 1852 -

211 1888 252 1924 et
289 1885 371 1932 ais,
413 1884 613 1937 quoniam
653 1885 706 1924 sit
745 1889 894 1924 natura
933 1885 1140 1932 mortalis,
1186 1885 1446 1926 inmortalem
1488 1887 1611 1926 etiam
1650 1899 1742 1926 esse
1774 1892 1980 1940 oportere.

318 2134 348 2165 4.
379 2133 590 2172 pei-uenerint
624 2131 704 2164 <210.
745 2133 883 2165 «Scrib.
913 2134 958 2164 t't
992 2134 1044 2164 Ti.
1072 2132 1306 2165 Gracchum
1337 2141 1411 2163 cum
1439 2133 1552 2163 videor
1581 2134 1823 2165 contionantem
1851 2135 1979 2169 videre.

210 2200 259 2207 --
282 2183 315 2213 in
339 2183 538 2222 Capitolium
562 2193 635 2214 cum
657 2184 901 2222 pervenerim,
928 2187 963 2214 ιιι
986 2187 1052 2215 cet.
1088 2184 1208 2224 (Wenn
1231 2192 1263 2213 es
1288 2183 1352 2213 mir
1374 2191 1404 2213 z.
1433 2183 1471 2213 B.
1502 2183 1689 2214 vorlcommt
1713 2193 1744 2214 u.
1764 2193 1788 2214 s.
1806 2193 1865 2223 w„
1891 2186 1982 2216 darm

210 2242 287 2274 saye
310 2234 361 2264 ich
384 2243 415 2264 u.
435 2242 461 2264 s.
482 2243 542 2270 w.,·
568 2234 612 2264 du
635 2234 714 2264 aber
737 2237 828 2274 sayst
850 2244 883 2264 u.
903 2244 928 2265 s.
949 2242 1012 2269 zc.,·
1036 2242 1070 2264 so
1096 2233 1239 2264 ver-hatte
1263 2241 1296 2263 es
1319 2233 1385 2263 sich
1410 2232 1495 2262 auch
1520 2233 1579 2263 mit
1603 2233 1673 2264 dem
1699 2233 1791 2265 Gotte
1814 2243 1846 2264 u.
1872 2243 1897 2265 S.
1924 2234 1982 2274 w.)

212 2281 378 2323 Exemplo
410 2284 509 2314 Cotta
538 2283 711 2319 declarat,
745 2284 827 2323 quid
861 2284 951 2314 inter
984 2285 1122 2313 ceteros
1153 2281 1379 2323 philosophos
1412 2285 1445 2314 et
1483 2283 1672 2323 Epicureos
1698 2284 1833 2315 intersit
1863 2284 1896 2315 in
1930 2285 1984 2315 in-

211 2331 447 2373 terpretandis
483 2334 517 2364 et
553 2332 747 2364 iudicandis
786 2334 869 2364 visis
905 2332 1030 2364 oblatis
1062 2341 1200 2369 rerum,
1239 2340 1329 2372 quae
1367 2342 1435 2363 non
1471 2333 1566 2373 ipsae
1603 2333 1735 2370 adsint,
1773 2334 1982 2375 Epicuream

212 2381 352 2422 (Velleii)
378 2383 548 2414 rationem
575 2392 634 2415 eos
661 2382 852 2422 (Velleium)
880 2384 1067 2414 transferre
1093 2383 1198 2413 etiam
1229 2382 1272 2412 ad
1303 2383 1374 2413 visa
1404 2383 1564 2414 deorum.
1596 2384 1700 2423 igitur
1724 2386 1839 2415 ortum
1864 2387 1918 2416 est
1942 2393 1985 2416 ex

210 2435 246 2462 ut
275 2432 352 2472 tior.
391 2432 472 2463 Eam
506 2432 712 2474 particulam
744 2433 787 2463 ad
820 2432 1021 2473 exemplum
1053 2442 1177 2473 parum
1209 2434 1327 2472 aptum
1361 2441 1438 2464 esse
1475 2436 1636 2464 senserat
1673 2434 1906 2465 Heindortius.
1945 2435 1984 2466 L‘t

212 2481 405 2512 concedam
437 2481 575 2513 defendi
606 2490 729 2522 posse,
764 2485 797 2512 ut
829 2485 902 2512 tum
929 2483 1168 2522 comparative
1200 2483 1350 2521 positum
1377 2492 1445 2513 non
1474 2482 1600 2521 habet,
1637 2484 1732 2523 quod
1768 2485 1799 2515 ei
1834 2493 1983 2525 respon-

212 2530 310 2568 deat,
337 2532 404 2564 δία
432 2534 468 2562 ut
493 2532 558 2562 boc
583 2540 724 2572 quoque
751 2531 947 2562 concedam
972 2531 1080 2562 latere
1106 2532 1139 2563 in
1164 2531 1219 2562 iilo
1245 2532 1302 2562 hoc
1327 2533 1411 2563 idem
1433 2533 1506 2571 fieri
1531 2535 1611 2570 cet,
1639 2542 1706 2564 non
1729 2536 1844 2574 potest
1861 2534 1984 2565 huius-

212 2580 307 2612 modi
332 2580 496 2621 apodosis
521 2590 584 2613 suo
610 2581 720 2612 verbo
746 2590 867 2612 carere
895 2582 986 2618 (cum
1013 2582 1222 2622 praesertim
1248 2584 1327 2614 dicis
1350 2583 1565 2615 audiendum
1592 2585 1652 2623 sit,
1679 2585 1869 2625 praecedat
1885 2586 1981 2625 dico).

212 2631 298 2662 Tum
324 2632 578 2668 necessarium,
606 2630 701 2671 quod
728 2630 881 2662 nonnulli
907 2631 1010 2662 codd.
1037 2630 1187 2668 habent,
1216 2634 1445 2672 perveneram
1477 2633 1628 2674 alioquin
1654 2644 1769 2675 neque
1794 2635 1859 2667 loci
1884 2644 1984 2667 com—

212 2679 433 2711 memorandi
467 2689 571 2712 causa
606 2683 679 2711 erat
710 2689 775 2711 nec
806 2689 978 2711 remanere
1010 2683 1105 2712 recte
1133 2680 1311 2712 diceretur
1336 2682 1443 2722 (quod
1468 2684 1683 2715 contrarium
1710 2687 1763 2716 est
1786 2685 1985 2725 imaginibus

207 2730 499 2769 pervenientibus):
536 2730 569 2760 in
594 2728 762 2769 Capitolio
788 2728 906 2760 velleii
931 2731 1103 2761 sententia
1129 2731 1362 2762 versabantur
1387 2732 1574 2772 imagines;
1613 2742 1692 2765 cum
1719 2736 1818 2766 Cotta
1843 2736 1876 2766 in
1901 2743 1983 2766 eum

213 2778 348 2817 locum,
386 2780 444 2811 ubi
481 2779 556 2811 illae
588 2782 705 2817 erant,
739 2782 901 2817 venerat,
946 2780 979 2810 in
1004 2788 1085 2811 eum
1117 2781 1377 2813 incurrebant.»
1403 2783 1546 2815 MAnvic.
1577 2800 1612 2805 -
1639 2783 1669 2815 4.
1695 2793 1783 2816 nunc
1805 2786 1904 2817 etiam
1929 2784 1981 2823 Qu

213 2838 278 2861 non
300 2830 400 2862 etiam
424 2829 585 2861 Klotzius.
614 2847 648 2852 —
676 2831 707 2861 5.
734 2831 908 2861 democrite
932 2831 954 2861 B
983 2847 1017 2852 —
1045 2831 1076 2861 6.
1103 2832 1341 2870 repraehensus
1364 2834 1390 2863 Α
1417 2848 1452 2853 —
1488 2833 1517 2863 7.
1544 2836 1701 2872 tantaque
1724 2843 1776 2866 res
1798 2835 1933 2866 bacillat
1957 2836 1981 2866 C

219 2896 254 2901 —
280 2879 310 2911 8.
334 2879 477 2919 prabari
501 2882 526 2910 A
558 2896 593 2901 —-
630 2880 730 2919 possit
753 2881 897 2911 omnium
924 2882 1002 2918 (om.
1024 2881 1136 2920 quam)
1161 2880 1190 2913 ⁵21
1217 2899 1251 2904 —
1279 2882 1310 2913 9.
1337 2891 1376 2913 ea
1400 2882 1610 2914 Lambinus:
1637 2892 1680 2915 ea:
1703 2882 1744 2916 ⁵21.
1773 2884 1883 2923 (Quod
1909 2886 1984 2916 Mo-

217 2936 317 2960 serus
341 2929 509 2966 affirmat,
537 2930 569 2961 in
594 2929 716 2961 codice
741 2938 804 2961 suo
827 2933 851 2961 Α
880 2932 1010 2969 {nostro
1037 2932 1075 2969 C)
1101 2933 1301 2972 repperisse
1320 2940 1357 2963 se
1376 2941 1432 2971 ea,
1460 2932 1584 2964 salsum
1603 2934 1680 2973 est.)
1703 2951 1736 2956 —
1764 2935 1815 2965 ⁴0.
1842 2935 1890 2966 illi
1906 2944 1984 2975 erqo

217 2976 269 3011 ⁵21:
303 2988 380 3019 eryo
411 2979 458 3010 illi
489 2980 534 3011 O:
566 2988 645 3020 erqo
674 2980 750 3011 illae
780 2980 856 3011 cod.
886 2979 1137 3020 Glogaviensis.
1166 2998 1200 3003 —
1237 2983 1288 3012 42².
1316 2982 1466 3021 Cercopis
1492 2982 1684 3014 Victorius:
1718 2985 1863 3015 cerconis
1893 2985 1981 3022 AE;

217 3028 365 3058 cerdonis
388 3028 435 3062 B:
469 3030 616 3059 cratonis
645 3037 736 3060 corr.
765 3030 798 3060 in
828 3031 974 3061 cerconis
1006 3030 1029 3061 C
1066 3048 1100 3053 —
1138 3030 1189 3062 44.
1216 3040 1323 3062 meum
1354 3032 1418 3062 alie
1441 3032 1475 3062 in
1500 3032 1564 3063 ΑΕ
1595 3049 1626 3055 -
1656 3034 1708 3064 45.
1733 3033 1866 3072 fuerant
1890 3033 1919 3066 Ἢ
1947 3051 1980 3056 -

213 3079 391 3116 potuerunt
415 3075 475 3108 A¹t
500 3081 679 3116 potuerant
702 3076 777 3109 ΑΕΒ
793 3079 817 3110 C
833 3079 857 3110 E
878 3097 912 3102 —
938 3080 1087 3118 chymere
1111 3083 1137 3111 A
1162 3096 1197 3101 -—
1225 3082 1277 3111 49.
1305 3080 1360 3121 est]
1386 3081 1454 3111 eius
1479 3082 1502 3113 C
1525 3099 1559 3104 —
1585 3081 1638 3113 20.
1665 3085 1700 3113 at
1725 3084 1767 3122 (in
1787 3085 1919 3121 rasura)
1937 3086 1982 3113 A:

219 3125 264 3155 ad
292 3126 316 3157 B
332 3126 356 3158 C
373 3126 395 3157 Ε
429 3143 463 3148 -
496 3127 549 3158 22.
575 3128 602 3158 si
625 3136 684 3158 uos
708 3135 798 3160 corr.
826 3137 867 3159 ex
891 3137 965 3159 suos
988 3132 1012 3161 A
1029 3131 1053 3161 C
1081 3146 1116 3152 —
1150 3130 1202 3161 23.
1228 3132 1306 3170 post
1338 3130 1460 3169 probas
1483 3130 1574 3162 duae
1598 3131 1732 3163 litterae
1758 3142 1879 3164 erasae
1903 3134 1985 3164 sunt

221 3174 255 3205 in
278 3176 304 3206 Α
325 3193 360 3199 —-
387 3175 440 3207 24.
465 3179 572 3208 eterne
597 3179 622 3208 A
643 3195 675 3199 —
702 3178 819 3216 inquid
842 3181 880 3217 Α,
907 3179 1015 3218 inquit
1038 3181 1060 3211 B
1077 3181 1100 3211 (j
1118 3180 1140 3211 Ε
1169 3198 1203 3202 -
1230 3180 1282 3210 25.
1307 3180 1430 3219 sacient
1452 3183 1477 3212 Α
1493 3181 1516 3212 C
1532 3182 1579 3219 E;
1605 3182 1732 3220 faciunt
1748 3183 1772 3214 B
1792 3199 1826 3204 —
1852 3183 1906 3214 26.
1925 3191 1984 3213 ae—

220 3224 461 3263 quilibertatem
484 3226 522 3263 B,
547 3226 805 3265 equilibercatem
827 3230 851 3259 A
869 3229 893 3260 C
908 3229 932 3260 E
959 3247 995 3252 —
1020 3231 1206 3262 isonomian
1231 3231 1255 3260 Α
1271 3229 1295 3260 C
1313 3254 1319 3268 ,
1345 3229 1544 3261 issonomian
1572 3229 1644 3271 (litt.
1663 3230 1755 3263 finali
1772 3240 1861 3263 corr.
1881 3239 1922 3263 ex
1940 3231 1981 3271 m)

222 3272 270 3312 B,
295 3271 466 3312 ysonomici
490 3275 515 3307 E
541 3293 576 3298 —
602 3277 656 3309 27.
680 3277 732 3309 ais
754 3279 788 3309 in
811 3287 880 3310 ras.
907 3281 946 3313 A.

2236 3100 2245 3200 ...θ’
2237 2794 2249 3074 φη·ο-η---,φ,-
2241 2758 2249 2764 ,
