<?xml version="1.0" encoding="UTF-8"?>
<!DOCTYPE html PUBLIC "-//W3C//DTD XHTML 1.0 Transitional//EN"
    "http://www.w3.org/TR/xhtml1/DTD/xhtml1-transitional.dtd">
<html xmlns="http://www.w3.org/1999/xhtml" xml:lang="en" lang="en">
 <head>
  <title>
</title>
<meta http-equiv="Content-Type" content="text/html;charset=utf-8" />
  <meta name='ocr-system' content='tesseract 3.04.00' />
  <meta name='ocr-capabilities' content='ocr_page ocr_carea ocr_par ocr_line ocrx_word'/>
</head>
<body>
  <div class='ocr_page' id='page_1' title='image "./operaquaesupersu04ciceuoft_0751.png"; bbox 0 0 2249 3624; ppageno 0'>
   <div class='ocr_carea' id='block_1_1' title="bbox 38 0 45 96">
    <p class='ocr_par' dir='ltr' id='par_1_1' title="bbox 38 0 45 96">
     <span class='ocr_line' id='line_1_1' title="bbox 38 0 45 96; baseline 0 3528"><span class='ocrx_word' id='word_1_1' title='bbox 38 0 45 96; x_wconf 95' lang='lat' dir='ltr'> </span> 
     </span>
    </p>
   </div>
   <div class='ocr_carea' id='block_1_2' title="bbox 610 114 1971 170">
    <p class='ocr_par' dir='ltr' id='par_1_2' title="bbox 610 114 1971 170">
     <span class='ocr_line' id='line_1_2' title="bbox 610 114 1971 170; baseline 0.001 -14"><span class='ocrx_word' id='word_1_2' title='bbox 610 116 751 156; x_wconf 63' lang='grc' dir='ltr'>ιιω.</span> <span class='ocrx_word' id='word_1_3' title='bbox 794 116 1167 156; x_wconf 46' lang='lat' dir='ltr'>etan—xm.</span> <span class='ocrx_word' id='word_1_4' title='bbox 1210 114 1545 170; x_wconf 58' lang='grc'>53440-147.</span> <span class='ocrx_word' id='word_1_5' title='bbox 1889 118 1971 158; x_wconf 81' lang='lat'>679</span> 
     </span>
    </p>
   </div>
   <div class='ocr_carea' id='block_1_3' title="bbox 196 218 2021 2213">
    <p class='ocr_par' dir='ltr' id='par_1_3' title="bbox 196 218 2021 2213">
     <span class='ocr_line' id='line_1_3' title="bbox 201 218 1970 275; baseline -0.001 -9"><span class='ocrx_word' id='word_1_6' title='bbox 201 237 313 266; x_wconf 89' lang='lat' dir='ltr'>nunc</span> <span class='ocrx_word' id='word_1_7' title='bbox 352 219 528 262; x_wconf 88' lang='lat' dir='ltr'>dicenda</span> <span class='ocrx_word' id='word_1_8' title='bbox 568 226 676 261; x_wconf 90' lang='lat' dir='ltr'>sunt.</span> <span class='ocrx_word' id='word_1_9' title='bbox 754 218 841 261; x_wconf 61' lang='grc'>144.</span> <span class='ocrx_word' id='word_1_10' title='bbox 883 222 995 262; x_wconf 90' lang='lat' dir='ltr'>Talis</span> <span class='ocrx_word' id='word_1_11' title='bbox 1037 229 1098 263; x_wconf 89' lang='lat' dir='ltr'>est</span> <span class='ocrx_word' id='word_1_12' title='bbox 1139 224 1264 275; x_wconf 75' lang='lat' dir='ltr'>igitur</span> <span class='ocrx_word' id='word_1_13' title='bbox 1305 224 1408 264; x_wconf 89' lang='lat' dir='ltr'>ordo</span> <span class='ocrx_word' id='word_1_14' title='bbox 1446 225 1659 264; x_wconf 89' lang='lat' dir='ltr'>actionum</span> <span class='ocrx_word' id='word_1_15' title='bbox 1692 225 1970 273; x_wconf 84' lang='lat' dir='ltr'>adhibendus,</span> 
     </span>
     <span class='ocr_line' id='line_1_4' title="bbox 202 283 1968 341; baseline 0.001 -14"><span class='ocrx_word' id='word_1_16' title='bbox 202 292 265 334; x_wconf 89' lang='lat' dir='ltr'>ut,</span> <span class='ocrx_word' id='word_1_17' title='bbox 305 299 429 340; x_wconf 88' lang='lat' dir='ltr'>quem</span> <span class='ocrx_word' id='word_1_18' title='bbox 461 283 512 325; x_wconf 88' lang='lat' dir='ltr'>ad</span> <span class='ocrx_word' id='word_1_19' title='bbox 544 284 713 324; x_wconf 90' lang='lat' dir='ltr'>modum</span> <span class='ocrx_word' id='word_1_20' title='bbox 746 284 787 323; x_wconf 92' lang='lat' dir='ltr'>in</span> <span class='ocrx_word' id='word_1_21' title='bbox 820 286 1008 325; x_wconf 86' lang='lat' dir='ltr'>oratione</span> <span class='ocrx_word' id='word_1_22' title='bbox 1040 288 1271 333; x_wconf 76' lang='lat' dir='ltr'>constanti,</span> <span class='ocrx_word' id='word_1_23' title='bbox 1313 288 1372 326; x_wconf 91' lang='lat' dir='ltr'>sic</span> <span class='ocrx_word' id='word_1_24' title='bbox 1404 288 1443 326; x_wconf 92' lang='lat' dir='ltr'>in</span> <span class='ocrx_word' id='word_1_25' title='bbox 1479 288 1558 326; x_wconf 84' lang='lat' dir='ltr'>vita</span> <span class='ocrx_word' id='word_1_26' title='bbox 1592 289 1729 327; x_wconf 81' lang='lat' dir='ltr'>onmia</span> <span class='ocrx_word' id='word_1_27' title='bbox 1761 289 1843 328; x_wconf 87' lang='lat' dir='ltr'>sint</span> <span class='ocrx_word' id='word_1_28' title='bbox 1874 296 1968 341; x_wconf 82' lang='lat' dir='ltr'>apta</span> 
     </span>
     <span class='ocr_line' id='line_1_5' title="bbox 201 346 1969 403; baseline 0.001 -14"><span class='ocrx_word' id='word_1_29' title='bbox 201 350 307 389; x_wconf 89' lang='lat' dir='ltr'>inter</span> <span class='ocrx_word' id='word_1_30' title='bbox 346 361 390 388; x_wconf 87' lang='lat' dir='ltr'>se</span> <span class='ocrx_word' id='word_1_31' title='bbox 430 352 471 387; x_wconf 89' lang='lat' dir='ltr'>et</span> <span class='ocrx_word' id='word_1_32' title='bbox 513 346 827 394; x_wconf 84' lang='lat' dir='ltr'>convenientia;</span> <span class='ocrx_word' id='word_1_33' title='bbox 871 353 989 400; x_wconf 85' lang='lat' dir='ltr'>turpe</span> <span class='ocrx_word' id='word_1_34' title='bbox 1034 350 1142 388; x_wconf 90' lang='lat' dir='ltr'>enim</span> <span class='ocrx_word' id='word_1_35' title='bbox 1183 349 1391 403; x_wconf 78' lang='lat' dir='ltr'>valdeque</span> <span class='ocrx_word' id='word_1_36' title='bbox 1432 351 1629 389; x_wconf 86' lang='lat' dir='ltr'>vitiosum</span> <span class='ocrx_word' id='word_1_37' title='bbox 1673 351 1711 389; x_wconf 93' lang='lat' dir='ltr'>in</span> <span class='ocrx_word' id='word_1_38' title='bbox 1749 364 1791 390; x_wconf 92' lang='lat' dir='ltr'>re</span> <span class='ocrx_word' id='word_1_39' title='bbox 1824 364 1969 391; x_wconf 85' lang='lat' dir='ltr'>severa</span> 
     </span>
     <span class='ocr_line' id='line_1_6' title="bbox 202 408 1968 464; baseline 0.001 -13"><span class='ocrx_word' id='word_1_40' title='bbox 202 410 394 452; x_wconf 87' lang='lat' dir='ltr'>convivio</span> <span class='ocrx_word' id='word_1_41' title='bbox 426 410 552 462; x_wconf 86' lang='lat' dir='ltr'>digna</span> <span class='ocrx_word' id='word_1_42' title='bbox 581 414 655 448; x_wconf 90' lang='lat' dir='ltr'>aut</span> <span class='ocrx_word' id='word_1_43' title='bbox 685 408 914 449; x_wconf 83' lang='lat' dir='ltr'>delicatum</span> <span class='ocrx_word' id='word_1_44' title='bbox 946 410 1128 464; x_wconf 83' lang='lat' dir='ltr'>aliquem</span> <span class='ocrx_word' id='word_1_45' title='bbox 1160 412 1316 453; x_wconf 79' lang='lat' dir='ltr'>inferre</span> <span class='ocrx_word' id='word_1_46' title='bbox 1348 427 1598 453; x_wconf 83' lang='lat' dir='ltr'>sermonem.</span> <span class='ocrx_word' id='word_1_47' title='bbox 1639 415 1751 452; x_wconf 84' lang='lat' dir='ltr'>Bene</span> <span class='ocrx_word' id='word_1_48' title='bbox 1775 413 1968 459; x_wconf 86' lang='lat' dir='ltr'>Pericles,</span> 
     </span>
     <span class='ocr_line' id='line_1_7' title="bbox 201 471 2000 529; baseline 0.001 -15"><span class='ocrx_word' id='word_1_49' title='bbox 201 487 294 514; x_wconf 89' lang='lat' dir='ltr'>cum</span> <span class='ocrx_word' id='word_1_50' title='bbox 324 472 497 512; x_wconf 86' lang='lat' dir='ltr'>haberet</span> <span class='ocrx_word' id='word_1_51' title='bbox 528 471 731 523; x_wconf 83' lang='lat' dir='ltr'>collegam</span> <span class='ocrx_word' id='word_1_52' title='bbox 763 472 806 510; x_wconf 89' lang='lat' dir='ltr'>in</span> <span class='ocrx_word' id='word_1_53' title='bbox 839 478 1030 525; x_wconf 89' lang='lat' dir='ltr'>praetura</span> <span class='ocrx_word' id='word_1_54' title='bbox 1054 474 1307 527; x_wconf 83' lang='lat' dir='ltr'>Sophoclem</span> <span class='ocrx_word' id='word_1_55' title='bbox 1342 482 1507 528; x_wconf 90' lang='lat' dir='ltr'>poetam</span> <span class='ocrx_word' id='word_1_56' title='bbox 1540 476 1653 529; x_wconf 88' lang='lat' dir='ltr'>iique</span> <span class='ocrx_word' id='word_1_57' title='bbox 1685 476 1736 515; x_wconf 85' lang='lat' dir='ltr'>de</span> <span class='ocrx_word' id='word_1_58' title='bbox 1758 476 2000 516; x_wconf 88' lang='lat' dir='ltr'>communi5</span> 
     </span>
     <span class='ocr_line' id='line_1_8' title="bbox 200 533 1968 591; baseline 0.001 -15"><span class='ocrx_word' id='word_1_59' title='bbox 200 534 338 576; x_wconf 85' lang='lat' dir='ltr'>officio</span> <span class='ocrx_word' id='word_1_60' title='bbox 369 535 663 574; x_wconf 89' lang='lat' dir='ltr'>convenissent</span> <span class='ocrx_word' id='word_1_61' title='bbox 694 538 734 572; x_wconf 85' lang='lat' dir='ltr'>et</span> <span class='ocrx_word' id='word_1_62' title='bbox 765 546 863 573; x_wconf 87' lang='lat' dir='ltr'>casu</span> <span class='ocrx_word' id='word_1_63' title='bbox 895 533 1103 575; x_wconf 84' lang='lat' dir='ltr'>formosus</span> <span class='ocrx_word' id='word_1_64' title='bbox 1132 550 1234 589; x_wconf 88' lang='lat' dir='ltr'>puer</span> <span class='ocrx_word' id='word_1_65' title='bbox 1255 539 1501 590; x_wconf 84' lang='lat' dir='ltr'>praeteriret</span> <span class='ocrx_word' id='word_1_66' title='bbox 1523 538 1784 591; x_wconf 78' lang='lat' dir='ltr'>dixissetque</span> <span class='ocrx_word' id='word_1_67' title='bbox 1806 538 1968 590; x_wconf 69' lang='lat' dir='ltr'>Sopho-</span> 
     </span>
     <span class='ocr_line' id='line_1_9' title="bbox 199 595 1968 654; baseline 0.001 -16"><span class='ocrx_word' id='word_1_68' title='bbox 199 598 283 638; x_wconf 78' lang='lat' dir='ltr'>cles</span> <span class='ocrx_word' id='word_1_69' title='bbox 328 596 391 637; x_wconf 86' lang='lat' dir='ltr'>«O</span> <span class='ocrx_word' id='word_1_70' title='bbox 424 610 599 650; x_wconf 90' lang='lat' dir='ltr'>puerum</span> <span class='ocrx_word' id='word_1_71' title='bbox 630 595 874 650; x_wconf 85' lang='lat' dir='ltr'>pulchrum,</span> <span class='ocrx_word' id='word_1_72' title='bbox 915 598 1128 638; x_wconf 80' lang='lat' dir='ltr'>Periclel»</span> <span class='ocrx_word' id='word_1_73' title='bbox 1193 602 1269 640; x_wconf 73' lang='lat' dir='ltr'>«At</span> <span class='ocrx_word' id='word_1_74' title='bbox 1302 602 1412 640; x_wconf 88' lang='lat' dir='ltr'>enim</span> <span class='ocrx_word' id='word_1_75' title='bbox 1445 607 1702 654; x_wconf 81' lang='lat' dir='ltr'>praetorem,</span> <span class='ocrx_word' id='word_1_76' title='bbox 1744 599 1968 653; x_wconf 76' lang='lat' dir='ltr'>Sophocle,</span> 
     </span>
     <span class='ocr_line' id='line_1_10' title="bbox 200 659 1968 715; baseline -0.001 -14"><span class='ocrx_word' id='word_1_77' title='bbox 200 661 320 701; x_wconf 89' lang='lat' dir='ltr'>decet</span> <span class='ocrx_word' id='word_1_78' title='bbox 359 672 444 700; x_wconf 91' lang='lat' dir='ltr'>non</span> <span class='ocrx_word' id='word_1_79' title='bbox 483 659 619 699; x_wconf 87' lang='lat' dir='ltr'>solum</span> <span class='ocrx_word' id='word_1_80' title='bbox 660 671 808 698; x_wconf 90' lang='lat' dir='ltr'>manus</span> <span class='ocrx_word' id='word_1_81' title='bbox 847 659 919 698; x_wconf 91' lang='lat' dir='ltr'>sed</span> <span class='ocrx_word' id='word_1_82' title='bbox 953 662 1074 699; x_wconf 88' lang='lat' dir='ltr'>etiam</span> <span class='ocrx_word' id='word_1_83' title='bbox 1109 662 1252 701; x_wconf 90' lang='lat' dir='ltr'>oculos</span> <span class='ocrx_word' id='word_1_84' title='bbox 1285 663 1542 702; x_wconf 77' lang='lat' dir='ltr'>abstinentes</span> <span class='ocrx_word' id='word_1_85' title='bbox 1574 663 1767 702; x_wconf 79' lang='lat' dir='ltr'>habere.»</span> <span class='ocrx_word' id='word_1_86' title='bbox 1831 663 1968 715; x_wconf 88' lang='lat' dir='ltr'>Atque</span> 
     </span>
     <span class='ocr_line' id='line_1_11' title="bbox 198 721 1968 778; baseline 0 -14"><span class='ocrx_word' id='word_1_87' title='bbox 198 725 278 764; x_wconf 90' lang='lat' dir='ltr'>hoc</span> <span class='ocrx_word' id='word_1_88' title='bbox 318 723 428 763; x_wconf 90' lang='lat' dir='ltr'>idem</span> <span class='ocrx_word' id='word_1_89' title='bbox 461 721 690 776; x_wconf 84' lang='lat' dir='ltr'>Sophocles</span> <span class='ocrx_word' id='word_1_90' title='bbox 731 722 764 761; x_wconf 88' lang='lat' dir='ltr'>si</span> <span class='ocrx_word' id='word_1_91' title='bbox 805 721 845 760; x_wconf 90' lang='lat' dir='ltr'>in</span> <span class='ocrx_word' id='word_1_92' title='bbox 885 721 1134 762; x_wconf 82' lang='lat' dir='ltr'>athletarum</span> <span class='ocrx_word' id='word_1_93' title='bbox 1169 725 1414 776; x_wconf 82' lang='lat' dir='ltr'>probatione</span> <span class='ocrx_word' id='word_1_94' title='bbox 1447 725 1645 772; x_wconf 85' lang='lat' dir='ltr'>dixisset,</span> <span class='ocrx_word' id='word_1_95' title='bbox 1689 727 1796 766; x_wconf 83' lang='lat' dir='ltr'>iusta</span> <span class='ocrx_word' id='word_1_96' title='bbox 1830 738 1968 778; x_wconf 87' lang='lat' dir='ltr'>repre-</span> 
     </span>
     <span class='ocr_line' id='line_1_12' title="bbox 196 783 2017 841; baseline 0.002 -15"><span class='ocrx_word' id='word_1_97' title='bbox 196 786 401 827; x_wconf 88' lang='lat' dir='ltr'>hensione</span> <span class='ocrx_word' id='word_1_98' title='bbox 433 785 647 824; x_wconf 89' lang='lat' dir='ltr'>caruisset.</span> <span class='ocrx_word' id='word_1_99' title='bbox 707 785 840 823; x_wconf 82' lang='lat' dir='ltr'>Tanta</span> <span class='ocrx_word' id='word_1_100' title='bbox 872 783 932 824; x_wconf 89' lang='lat' dir='ltr'>vis</span> <span class='ocrx_word' id='word_1_101' title='bbox 964 791 1027 824; x_wconf 89' lang='lat' dir='ltr'>est</span> <span class='ocrx_word' id='word_1_102' title='bbox 1063 791 1103 825; x_wconf 91' lang='lat' dir='ltr'>et</span> <span class='ocrx_word' id='word_1_103' title='bbox 1133 786 1213 825; x_wconf 90' lang='lat' dir='ltr'>loci</span> <span class='ocrx_word' id='word_1_104' title='bbox 1247 793 1286 826; x_wconf 92' lang='lat' dir='ltr'>et</span> <span class='ocrx_word' id='word_1_105' title='bbox 1316 788 1532 840; x_wconf 90' lang='lat' dir='ltr'>temporis.</span> <span class='ocrx_word' id='word_1_106' title='bbox 1593 788 1643 827; x_wconf 90' lang='lat' dir='ltr'>Ut</span> <span class='ocrx_word' id='word_1_107' title='bbox 1674 787 1706 827; x_wconf 89' lang='lat' dir='ltr'>si</span> <span class='ocrx_word' id='word_1_108' title='bbox 1741 789 1831 841; x_wconf 86' lang='lat' dir='ltr'>qui,</span> <span class='ocrx_word' id='word_1_109' title='bbox 1873 802 1965 828; x_wconf 91' lang='lat' dir='ltr'>cum</span> <span class='ocrx_word' id='word_1_110' title='bbox 1986 800 2017 829; x_wconf 89' lang='grc' dir='ltr'>ιο</span> 
     </span>
     <span class='ocr_line' id='line_1_13' title="bbox 198 847 1969 903; baseline 0.001 -14"><span class='ocrx_word' id='word_1_111' title='bbox 198 862 367 890; x_wconf 88' lang='lat' dir='ltr'>causam</span> <span class='ocrx_word' id='word_1_112' title='bbox 399 848 452 888; x_wconf 90' lang='lat' dir='ltr'>sit</span> <span class='ocrx_word' id='word_1_113' title='bbox 480 852 672 894; x_wconf 90' lang='lat' dir='ltr'>acturus,</span> <span class='ocrx_word' id='word_1_114' title='bbox 703 847 746 886; x_wconf 90' lang='lat' dir='ltr'>in</span> <span class='ocrx_word' id='word_1_115' title='bbox 777 848 925 887; x_wconf 87' lang='lat' dir='ltr'>itinere</span> <span class='ocrx_word' id='word_1_116' title='bbox 957 854 1028 887; x_wconf 88' lang='lat' dir='ltr'>aut</span> <span class='ocrx_word' id='word_1_117' title='bbox 1060 849 1099 888; x_wconf 91' lang='lat' dir='ltr'>in</span> <span class='ocrx_word' id='word_1_118' title='bbox 1132 849 1417 889; x_wconf 84' lang='lat' dir='ltr'>ambulatione</span> <span class='ocrx_word' id='word_1_119' title='bbox 1449 863 1588 889; x_wconf 88' lang='lat' dir='ltr'>secum</span> <span class='ocrx_word' id='word_1_120' title='bbox 1622 851 1710 903; x_wconf 38' lang='lat' dir='ltr'>ipse.¹</span> <span class='ocrx_word' id='word_1_121' title='bbox 1744 849 1969 890; x_wconf 83' lang='lat' dir='ltr'>meditetur</span> 
     </span>
     <span class='ocr_line' id='line_1_14' title="bbox 197 909 1968 964; baseline 0 -12"><span class='ocrx_word' id='word_1_122' title='bbox 197 918 268 952; x_wconf 89' lang='lat' dir='ltr'>aut</span> <span class='ocrx_word' id='word_1_123' title='bbox 299 911 332 951; x_wconf 89' lang='lat' dir='ltr'>si</span> <span class='ocrx_word' id='word_1_124' title='bbox 365 909 467 964; x_wconf 93' lang='lat' dir='ltr'>quid</span> <span class='ocrx_word' id='word_1_125' title='bbox 507 910 620 949; x_wconf 90' lang='lat' dir='ltr'>aliud</span> <span class='ocrx_word' id='word_1_126' title='bbox 652 911 848 949; x_wconf 90' lang='lat' dir='ltr'>attentius</span> <span class='ocrx_word' id='word_1_127' title='bbox 881 912 1055 962; x_wconf 82' lang='lat' dir='ltr'>cogitet,</span> <span class='ocrx_word' id='word_1_128' title='bbox 1098 925 1179 950; x_wconf 91' lang='lat' dir='ltr'>non</span> <span class='ocrx_word' id='word_1_129' title='bbox 1213 910 1568 964; x_wconf 87' lang='lat' dir='ltr'>reprebendatur,</span> <span class='ocrx_word' id='word_1_130' title='bbox 1610 919 1649 952; x_wconf 90' lang='lat' dir='ltr'>at</span> <span class='ocrx_word' id='word_1_131' title='bbox 1681 913 1759 951; x_wconf 87' lang='lat' dir='ltr'>hoc</span> <span class='ocrx_word' id='word_1_132' title='bbox 1791 913 1900 952; x_wconf 89' lang='lat' dir='ltr'>idem</span> <span class='ocrx_word' id='word_1_133' title='bbox 1934 914 1968 952; x_wconf 89' lang='lat' dir='ltr'>si</span> 
     </span>
     <span class='ocr_line' id='line_1_15' title="bbox 198 971 1967 1027; baseline 0.001 -13"><span class='ocrx_word' id='word_1_134' title='bbox 198 975 242 1014; x_wconf 89' lang='lat' dir='ltr'>in</span> <span class='ocrx_word' id='word_1_135' title='bbox 274 973 468 1014; x_wconf 91' lang='lat' dir='ltr'>convivio</span> <span class='ocrx_word' id='word_1_136' title='bbox 499 971 646 1019; x_wconf 85' lang='lat' dir='ltr'>faciat,</span> <span class='ocrx_word' id='word_1_137' title='bbox 690 973 942 1012; x_wconf 87' lang='lat' dir='ltr'>inhumanus</span> <span class='ocrx_word' id='word_1_138' title='bbox 974 973 1165 1012; x_wconf 87' lang='lat' dir='ltr'>videatur</span> <span class='ocrx_word' id='word_1_139' title='bbox 1196 974 1358 1014; x_wconf 80' lang='lat' dir='ltr'>inscitia</span> <span class='ocrx_word' id='word_1_140' title='bbox 1394 976 1605 1027; x_wconf 84' lang='lat' dir='ltr'>temporis.</span> <span class='ocrx_word' id='word_1_141' title='bbox 1667 973 1760 1014; x_wconf 60' lang='grc' dir='ltr'>ΜΓ).</span> <span class='ocrx_word' id='word_1_142' title='bbox 1792 975 1872 1015; x_wconf 86' lang='lat' dir='ltr'>Sed</span> <span class='ocrx_word' id='word_1_143' title='bbox 1905 989 1967 1022; x_wconf 88' lang='lat' dir='ltr'>ea,</span> 
     </span>
     <span class='ocr_line' id='line_1_16' title="bbox 198 1035 1965 1090; baseline 0 -13"><span class='ocrx_word' id='word_1_144' title='bbox 198 1049 304 1090; x_wconf 85' lang='lat' dir='ltr'>quae</span> <span class='ocrx_word' id='word_1_145' title='bbox 337 1036 511 1075; x_wconf 88' lang='lat' dir='ltr'>multum</span> <span class='ocrx_word' id='word_1_146' title='bbox 543 1035 594 1074; x_wconf 90' lang='lat' dir='ltr'>ab</span> <span class='ocrx_word' id='word_1_147' title='bbox 626 1035 887 1075; x_wconf 88' lang='lat' dir='ltr'>humanitate</span> <span class='ocrx_word' id='word_1_148' title='bbox 920 1035 1178 1089; x_wconf 84' lang='lat' dir='ltr'>discrepant,</span> <span class='ocrx_word' id='word_1_149' title='bbox 1223 1042 1265 1075; x_wconf 87' lang='lat' dir='ltr'>ut</span> <span class='ocrx_word' id='word_1_150' title='bbox 1297 1037 1329 1075; x_wconf 91' lang='lat' dir='ltr'>si</span> <span class='ocrx_word' id='word_1_151' title='bbox 1363 1038 1434 1089; x_wconf 92' lang='lat' dir='ltr'>qui</span> <span class='ocrx_word' id='word_1_152' title='bbox 1467 1038 1507 1077; x_wconf 93' lang='lat' dir='ltr'>in</span> <span class='ocrx_word' id='word_1_153' title='bbox 1540 1038 1629 1077; x_wconf 88' lang='lat' dir='ltr'>foro</span> <span class='ocrx_word' id='word_1_154' title='bbox 1663 1043 1799 1077; x_wconf 87' lang='lat' dir='ltr'>cantet</span> <span class='ocrx_word' id='word_1_155' title='bbox 1831 1044 1901 1076; x_wconf 88' lang='lat' dir='ltr'>ant</span> <span class='ocrx_word' id='word_1_156' title='bbox 1932 1038 1965 1077; x_wconf 90' lang='lat' dir='ltr'>si</span> 
     </span>
     <span class='ocr_line' id='line_1_17' title="bbox 198 1096 2016 1153; baseline 0.001 -14"><span class='ocrx_word' id='word_1_157' title='bbox 198 1112 282 1153; x_wconf 90' lang='lat' dir='ltr'>qua</span> <span class='ocrx_word' id='word_1_158' title='bbox 314 1104 377 1139; x_wconf 90' lang='lat' dir='ltr'>est</span> <span class='ocrx_word' id='word_1_159' title='bbox 405 1096 486 1138; x_wconf 85' lang='lat' dir='ltr'>alia</span> <span class='ocrx_word' id='word_1_160' title='bbox 517 1110 666 1150; x_wconf 88' lang='lat' dir='ltr'>magna</span> <span class='ocrx_word' id='word_1_161' title='bbox 698 1098 963 1150; x_wconf 85' lang='lat' dir='ltr'>perversitas,</span> <span class='ocrx_word' id='word_1_162' title='bbox 996 1098 1116 1137; x_wconf 88' lang='lat' dir='ltr'>facile</span> <span class='ocrx_word' id='word_1_163' title='bbox 1148 1104 1353 1151; x_wconf 90' lang='lat' dir='ltr'>apparent</span> <span class='ocrx_word' id='word_1_164' title='bbox 1384 1113 1460 1139; x_wconf 91' lang='lat' dir='ltr'>nec</span> <span class='ocrx_word' id='word_1_165' title='bbox 1493 1114 1641 1151; x_wconf 78' lang='lat' dir='ltr'>magno</span> <span class='ocrx_word' id='word_1_166' title='bbox 1674 1114 1799 1153; x_wconf 85' lang='lat' dir='ltr'>opere</span> <span class='ocrx_word' id='word_1_167' title='bbox 1822 1100 2016 1141; x_wconf 73' lang='lat' dir='ltr'>admo-45</span> 
     </span>
     <span class='ocr_line' id='line_1_18' title="bbox 197 1159 1967 1214; baseline 0.001 -12"><span class='ocrx_word' id='word_1_168' title='bbox 197 1162 403 1202; x_wconf 90' lang='lat' dir='ltr'>nitionem</span> <span class='ocrx_word' id='word_1_169' title='bbox 433 1166 474 1200; x_wconf 87' lang='lat' dir='ltr'>et</span> <span class='ocrx_word' id='word_1_170' title='bbox 504 1166 727 1214; x_wconf 89' lang='lat' dir='ltr'>praecepta</span> <span class='ocrx_word' id='word_1_171' title='bbox 758 1159 1016 1200; x_wconf 87' lang='lat' dir='ltr'>desiderant:</span> <span class='ocrx_word' id='word_1_172' title='bbox 1052 1173 1160 1214; x_wconf 88' lang='lat' dir='ltr'>quae</span> <span class='ocrx_word' id='word_1_173' title='bbox 1194 1167 1333 1201; x_wconf 90' lang='lat' dir='ltr'>autem</span> <span class='ocrx_word' id='word_1_174' title='bbox 1365 1175 1491 1214; x_wconf 88' lang='lat' dir='ltr'>parva</span> <span class='ocrx_word' id='word_1_175' title='bbox 1522 1163 1717 1203; x_wconf 83' lang='lat' dir='ltr'>videntur</span> <span class='ocrx_word' id='word_1_176' title='bbox 1748 1176 1839 1203; x_wconf 90' lang='lat' dir='ltr'>esse</span> <span class='ocrx_word' id='word_1_177' title='bbox 1863 1164 1967 1203; x_wconf 89' lang='lat' dir='ltr'>deli-</span> 
     </span>
     <span class='ocr_line' id='line_1_19' title="bbox 198 1222 1965 1277; baseline 0.001 -13"><span class='ocrx_word' id='word_1_178' title='bbox 198 1230 263 1264; x_wconf 86' lang='lat' dir='ltr'>cta</span> <span class='ocrx_word' id='word_1_179' title='bbox 293 1236 432 1277; x_wconf 88' lang='lat' dir='ltr'>neque</span> <span class='ocrx_word' id='word_1_180' title='bbox 463 1236 487 1262; x_wconf 86' lang='lat' dir='ltr'>a</span> <span class='ocrx_word' id='word_1_181' title='bbox 517 1223 659 1263; x_wconf 91' lang='lat' dir='ltr'>multis</span> <span class='ocrx_word' id='word_1_182' title='bbox 690 1223 878 1275; x_wconf 87' lang='lat' dir='ltr'>intellegi</span> <span class='ocrx_word' id='word_1_183' title='bbox 910 1229 1101 1276; x_wconf 89' lang='lat' dir='ltr'>possunt,</span> <span class='ocrx_word' id='word_1_184' title='bbox 1133 1224 1183 1263; x_wconf 85' lang='lat' dir='ltr'>ab</span> <span class='ocrx_word' id='word_1_185' title='bbox 1216 1223 1266 1263; x_wconf 89' lang='lat' dir='ltr'>iis</span> <span class='ocrx_word' id='word_1_186' title='bbox 1298 1228 1361 1263; x_wconf 90' lang='lat' dir='ltr'>est</span> <span class='ocrx_word' id='word_1_187' title='bbox 1392 1222 1632 1277; x_wconf 81' lang='lat' dir='ltr'>diligentius</span> <span class='ocrx_word' id='word_1_188' title='bbox 1656 1225 1965 1266; x_wconf 88' lang='lat' dir='ltr'>declinandum.</span> 
     </span>
     <span class='ocr_line' id='line_1_20' title="bbox 196 1284 1966 1340; baseline 0.001 -13"><span class='ocrx_word' id='word_1_189' title='bbox 196 1287 250 1327; x_wconf 90' lang='lat' dir='ltr'>Ut</span> <span class='ocrx_word' id='word_1_190' title='bbox 279 1287 322 1326; x_wconf 91' lang='lat' dir='ltr'>in</span> <span class='ocrx_word' id='word_1_191' title='bbox 354 1284 502 1325; x_wconf 86' lang='lat' dir='ltr'>fidibus</span> <span class='ocrx_word' id='word_1_192' title='bbox 533 1291 607 1325; x_wconf 89' lang='lat' dir='ltr'>aut</span> <span class='ocrx_word' id='word_1_193' title='bbox 638 1286 769 1333; x_wconf 89' lang='lat' dir='ltr'>tibiis,</span> <span class='ocrx_word' id='word_1_194' title='bbox 802 1286 992 1339; x_wconf 88' lang='lat' dir='ltr'>quamvis</span> <span class='ocrx_word' id='word_1_195' title='bbox 1023 1286 1195 1338; x_wconf 87' lang='lat' dir='ltr'>paulum</span> <span class='ocrx_word' id='word_1_196' title='bbox 1227 1287 1480 1340; x_wconf 87' lang='lat' dir='ltr'>discrepent,</span> <span class='ocrx_word' id='word_1_197' title='bbox 1512 1293 1649 1327; x_wconf 86' lang='lat' dir='ltr'>tamen</span> <span class='ocrx_word' id='word_1_198' title='bbox 1680 1288 1721 1327; x_wconf 93' lang='lat' dir='ltr'>id</span> <span class='ocrx_word' id='word_1_199' title='bbox 1753 1302 1775 1327; x_wconf 83' lang='lat' dir='ltr'>a</span> <span class='ocrx_word' id='word_1_200' title='bbox 1808 1289 1966 1329; x_wconf 83' lang='lat' dir='ltr'>sciente</span> 
     </span>
     <span class='ocr_line' id='line_1_21' title="bbox 198 1347 1967 1403; baseline 0.001 -14"><span class='ocrx_word' id='word_1_201' title='bbox 198 1347 474 1390; x_wconf 84' lang='lat' dir='ltr'>animadverti</span> <span class='ocrx_word' id='word_1_202' title='bbox 505 1348 632 1395; x_wconf 89' lang='lat' dir='ltr'>solet,</span> <span class='ocrx_word' id='word_1_203' title='bbox 663 1348 723 1387; x_wconf 89' lang='lat' dir='ltr'>sic</span> <span class='ocrx_word' id='word_1_204' title='bbox 754 1347 981 1388; x_wconf 88' lang='lat' dir='ltr'>videndum</span> <span class='ocrx_word' id='word_1_205' title='bbox 1013 1355 1076 1388; x_wconf 85' lang='lat' dir='ltr'>est</span> <span class='ocrx_word' id='word_1_206' title='bbox 1106 1349 1148 1388; x_wconf 92' lang='lat' dir='ltr'>in</span> <span class='ocrx_word' id='word_1_207' title='bbox 1180 1349 1262 1389; x_wconf 84' lang='lat' dir='ltr'>vita</span> <span class='ocrx_word' id='word_1_208' title='bbox 1294 1363 1345 1389; x_wconf 92' lang='lat' dir='ltr'>ne</span> <span class='ocrx_word' id='word_1_209' title='bbox 1376 1349 1482 1389; x_wconf 85' lang='lat' dir='ltr'>sorte</span> <span class='ocrx_word' id='word_1_210' title='bbox 1515 1350 1615 1403; x_wconf 88' lang='lat' dir='ltr'>quid</span> <span class='ocrx_word' id='word_1_211' title='bbox 1649 1351 1868 1403; x_wconf 73' lang='lat' dir='ltr'>discrepet,</span> <span class='ocrx_word' id='word_1_212' title='bbox 1901 1351 1967 1390; x_wconf 87' lang='lat' dir='ltr'>vel</span> 
     </span>
     <span class='ocr_line' id='line_1_22' title="bbox 198 1410 2017 1465; baseline 0.001 -13"><span class='ocrx_word' id='word_1_213' title='bbox 198 1411 329 1452; x_wconf 90' lang='lat' dir='ltr'>multo</span> <span class='ocrx_word' id='word_1_214' title='bbox 362 1410 487 1451; x_wconf 86' lang='lat' dir='ltr'>etiam</span> <span class='ocrx_word' id='word_1_215' title='bbox 518 1411 672 1463; x_wconf 88' lang='lat' dir='ltr'>magis,</span> <span class='ocrx_word' id='word_1_216' title='bbox 712 1423 796 1463; x_wconf 88' lang='lat' dir='ltr'>quo</span> <span class='ocrx_word' id='word_1_217' title='bbox 828 1411 960 1451; x_wconf 88' lang='lat' dir='ltr'>maior</span> <span class='ocrx_word' id='word_1_218' title='bbox 991 1417 1030 1450; x_wconf 90' lang='lat' dir='ltr'>et</span> <span class='ocrx_word' id='word_1_219' title='bbox 1060 1410 1210 1451; x_wconf 90' lang='lat' dir='ltr'>melior</span> <span class='ocrx_word' id='word_1_220' title='bbox 1240 1412 1450 1452; x_wconf 86' lang='lat' dir='ltr'>actionum</span> <span class='ocrx_word' id='word_1_221' title='bbox 1483 1426 1606 1465; x_wconf 87' lang='lat' dir='ltr'>quam</span> <span class='ocrx_word' id='word_1_222' title='bbox 1639 1425 1837 1452; x_wconf 88' lang='lat' dir='ltr'>sonorum</span> <span class='ocrx_word' id='word_1_223' title='bbox 1868 1426 2017 1456; x_wconf 72' lang='lat' dir='ltr'>con-20</span> 
     </span>
     <span class='ocr_line' id='line_1_23' title="bbox 200 1470 1969 1527; baseline 0.001 -13"><span class='ocrx_word' id='word_1_224' title='bbox 200 1479 346 1514; x_wconf 88' lang='lat' dir='ltr'>centus</span> <span class='ocrx_word' id='word_1_225' title='bbox 379 1479 453 1514; x_wconf 90' lang='lat' dir='ltr'>est.</span> <span class='ocrx_word' id='word_1_226' title='bbox 515 1474 623 1512; x_wconf 90' lang='lat' dir='ltr'>XLI.</span> <span class='ocrx_word' id='word_1_227' title='bbox 655 1470 749 1512; x_wconf 75' lang='lat'>446.</span> <span class='ocrx_word' id='word_1_228' title='bbox 780 1474 946 1527; x_wconf 91' lang='lat' dir='ltr'>Itaque,</span> <span class='ocrx_word' id='word_1_229' title='bbox 969 1474 1076 1513; x_wconf 90' lang='lat' dir='ltr'>utin</span> <span class='ocrx_word' id='word_1_230' title='bbox 1098 1472 1249 1514; x_wconf 83' lang='lat' dir='ltr'>fidibus</span> <span class='ocrx_word' id='word_1_231' title='bbox 1272 1474 1523 1514; x_wconf 86' lang='lat' dir='ltr'>musicorum</span> <span class='ocrx_word' id='word_1_232' title='bbox 1550 1488 1671 1514; x_wconf 86' lang='lat' dir='ltr'>aures</span> <span class='ocrx_word' id='word_1_233' title='bbox 1703 1476 1766 1514; x_wconf 81' lang='lat' dir='ltr'>vel</span> <span class='ocrx_word' id='word_1_234' title='bbox 1800 1477 1969 1515; x_wconf 87' lang='lat' dir='ltr'>minima</span> 
     </span>
     <span class='ocr_line' id='line_1_24' title="bbox 197 1535 1969 1589; baseline 0 -12"><span class='ocrx_word' id='word_1_235' title='bbox 197 1537 401 1583; x_wconf 87' lang='lat' dir='ltr'>sentiunt,</span> <span class='ocrx_word' id='word_1_236' title='bbox 433 1535 493 1575; x_wconf 89' lang='lat' dir='ltr'>sic</span> <span class='ocrx_word' id='word_1_237' title='bbox 524 1549 624 1580; x_wconf 89' lang='lat' dir='ltr'>nos,</span> <span class='ocrx_word' id='word_1_238' title='bbox 657 1536 691 1575; x_wconf 90' lang='lat' dir='ltr'>si</span> <span class='ocrx_word' id='word_1_239' title='bbox 722 1548 839 1575; x_wconf 88' lang='lat' dir='ltr'>acres</span> <span class='ocrx_word' id='word_1_240' title='bbox 869 1549 916 1576; x_wconf 93' lang='lat' dir='ltr'>ac</span> <span class='ocrx_word' id='word_1_241' title='bbox 949 1536 1170 1589; x_wconf 83' lang='lat' dir='ltr'>diligentes</span> <span class='ocrx_word' id='word_1_242' title='bbox 1203 1549 1294 1576; x_wconf 89' lang='lat' dir='ltr'>esse</span> <span class='ocrx_word' id='word_1_243' title='bbox 1325 1537 1517 1577; x_wconf 82' lang='lat' dir='ltr'>volumus</span> <span class='ocrx_word' id='word_1_244' title='bbox 1588 1538 1969 1578; x_wconf 85' lang='lat' dir='ltr'>animadversores-</span> 
     </span>
     <span class='ocr_line' id='line_1_25' title="bbox 199 1597 1968 1654; baseline 0 -15"><span class='ocrx_word' id='word_1_245' title='bbox 199 1612 282 1654; x_wconf 85' lang='lat' dir='ltr'>que</span> <span class='ocrx_word' id='word_1_246' title='bbox 312 1597 523 1645; x_wconf 87' lang='lat' dir='ltr'>vitiorum,</span> <span class='ocrx_word' id='word_1_247' title='bbox 555 1611 704 1650; x_wconf 84' lang='lat' dir='ltr'>magna</span> <span class='ocrx_word' id='word_1_248' title='bbox 735 1611 860 1652; x_wconf 83' lang='lat' dir='ltr'>saepe</span> <span class='ocrx_word' id='word_1_249' title='bbox 892 1599 1182 1651; x_wconf 81' lang='lat' dir='ltr'>intellegemus</span> <span class='ocrx_word' id='word_1_250' title='bbox 1214 1613 1266 1638; x_wconf 84' lang='lat' dir='ltr'>ex</span> <span class='ocrx_word' id='word_1_251' title='bbox 1288 1600 1439 1652; x_wconf 85' lang='lat' dir='ltr'>parvis.</span> <span class='ocrx_word' id='word_1_252' title='bbox 1481 1600 1546 1638; x_wconf 82' lang='lat' dir='ltr'>Ex</span> <span class='ocrx_word' id='word_1_253' title='bbox 1569 1599 1783 1639; x_wconf 88' lang='lat' dir='ltr'>oculorum</span> <span class='ocrx_word' id='word_1_254' title='bbox 1809 1605 1968 1653; x_wconf 88' lang='lat' dir='ltr'>optutu,</span> 
     </span>
     <span class='ocr_line' id='line_1_26' title="bbox 199 1659 1969 1714; baseline -0.001 -13"><span class='ocrx_word' id='word_1_255' title='bbox 199 1661 522 1714; x_wconf 86' lang='lat' dir='ltr'>superciliorum</span> <span class='ocrx_word' id='word_1_256' title='bbox 561 1665 632 1700; x_wconf 84' lang='lat' dir='ltr'>aut</span> <span class='ocrx_word' id='word_1_257' title='bbox 661 1659 909 1700; x_wconf 85' lang='lat' dir='ltr'>remissione</span> <span class='ocrx_word' id='word_1_258' title='bbox 945 1666 1016 1700; x_wconf 89' lang='lat' dir='ltr'>aut</span> <span class='ocrx_word' id='word_1_259' title='bbox 1047 1662 1351 1708; x_wconf 87' lang='lat' dir='ltr'>contractione,</span> <span class='ocrx_word' id='word_1_260' title='bbox 1392 1675 1445 1701; x_wconf 83' lang='lat' dir='ltr'>ex</span> <span class='ocrx_word' id='word_1_261' title='bbox 1477 1662 1706 1709; x_wconf 85' lang='lat' dir='ltr'>maestitia,</span> <span class='ocrx_word' id='word_1_262' title='bbox 1748 1675 1799 1701; x_wconf 81' lang='lat' dir='ltr'>ex</span> <span class='ocrx_word' id='word_1_263' title='bbox 1830 1661 1969 1701; x_wconf 86' lang='lat' dir='ltr'>hilari-</span> 
     </span>
     <span class='ocr_line' id='line_1_27' title="bbox 198 1723 2019 1771; baseline 0.001 -8"><span class='ocrx_word' id='word_1_264' title='bbox 198 1729 296 1771; x_wconf 86' lang='lat' dir='ltr'>tate,</span> <span class='ocrx_word' id='word_1_265' title='bbox 327 1737 379 1763; x_wconf 85' lang='lat' dir='ltr'>ex</span> <span class='ocrx_word' id='word_1_266' title='bbox 410 1723 511 1771; x_wconf 91' lang='lat' dir='ltr'>risu,</span> <span class='ocrx_word' id='word_1_267' title='bbox 545 1736 597 1763; x_wconf 76' lang='lat' dir='ltr'>ex</span> <span class='ocrx_word' id='word_1_268' title='bbox 628 1723 857 1769; x_wconf 89' lang='lat' dir='ltr'>locutione,</span> <span class='ocrx_word' id='word_1_269' title='bbox 890 1737 942 1763; x_wconf 83' lang='lat' dir='ltr'>ex</span> <span class='ocrx_word' id='word_1_270' title='bbox 973 1724 1201 1770; x_wconf 83' lang='lat' dir='ltr'>reticentia,</span> <span class='ocrx_word' id='word_1_271' title='bbox 1233 1737 1285 1763; x_wconf 83' lang='lat' dir='ltr'>ex</span> <span class='ocrx_word' id='word_1_272' title='bbox 1317 1723 1584 1764; x_wconf 86' lang='lat' dir='ltr'>contentione</span> <span class='ocrx_word' id='word_1_273' title='bbox 1616 1724 1743 1771; x_wconf 86' lang='lat' dir='ltr'>vocis,</span> <span class='ocrx_word' id='word_1_274' title='bbox 1775 1738 1828 1763; x_wconf 82' lang='lat' dir='ltr'>ex</span> <span class='ocrx_word' id='word_1_275' title='bbox 1858 1738 2019 1768; x_wconf 71' lang='lat' dir='ltr'>sum-25</span> 
     </span>
     <span class='ocr_line' id='line_1_28' title="bbox 202 1784 1969 1840; baseline 0 -14"><span class='ocrx_word' id='word_1_276' title='bbox 202 1787 420 1833; x_wconf 87' lang='lat' dir='ltr'>missione,</span> <span class='ocrx_word' id='word_1_277' title='bbox 461 1799 515 1825; x_wconf 77' lang='lat' dir='ltr'>ex</span> <span class='ocrx_word' id='word_1_278' title='bbox 545 1786 694 1825; x_wconf 89' lang='lat' dir='ltr'>ceteris</span> <span class='ocrx_word' id='word_1_279' title='bbox 725 1785 931 1826; x_wconf 90' lang='lat' dir='ltr'>similibus</span> <span class='ocrx_word' id='word_1_280' title='bbox 961 1785 1081 1825; x_wconf 88' lang='lat' dir='ltr'>facile</span> <span class='ocrx_word' id='word_1_281' title='bbox 1113 1784 1412 1833; x_wconf 90' lang='lat' dir='ltr'>iudicabimus,</span> <span class='ocrx_word' id='word_1_282' title='bbox 1453 1785 1554 1839; x_wconf 89' lang='lat' dir='ltr'>quid</span> <span class='ocrx_word' id='word_1_283' title='bbox 1586 1799 1730 1826; x_wconf 90' lang='lat' dir='ltr'>eorum</span> <span class='ocrx_word' id='word_1_284' title='bbox 1763 1792 1855 1840; x_wconf 87' lang='lat' dir='ltr'>apte</span> <span class='ocrx_word' id='word_1_285' title='bbox 1888 1786 1969 1834; x_wconf 83' lang='lat' dir='ltr'>liat,</span> 
     </span>
     <span class='ocr_line' id='line_1_29' title="bbox 200 1846 1970 1903; baseline 0 -15"><span class='ocrx_word' id='word_1_286' title='bbox 200 1849 302 1903; x_wconf 92' lang='lat' dir='ltr'>quid</span> <span class='ocrx_word' id='word_1_287' title='bbox 341 1848 392 1888; x_wconf 90' lang='lat' dir='ltr'>ab</span> <span class='ocrx_word' id='word_1_288' title='bbox 432 1846 569 1888; x_wconf 84' lang='lat' dir='ltr'>officio</span> <span class='ocrx_word' id='word_1_289' title='bbox 602 1854 835 1902; x_wconf 88' lang='lat' dir='ltr'>naturaque</span> <span class='ocrx_word' id='word_1_290' title='bbox 868 1848 1087 1901; x_wconf 84' lang='lat' dir='ltr'>discrepet.</span> <span class='ocrx_word' id='word_1_291' title='bbox 1149 1848 1242 1896; x_wconf 86' lang='lat' dir='ltr'>Quo</span> <span class='ocrx_word' id='word_1_292' title='bbox 1275 1850 1315 1888; x_wconf 89' lang='lat' dir='ltr'>in</span> <span class='ocrx_word' id='word_1_293' title='bbox 1347 1862 1499 1902; x_wconf 86' lang='lat' dir='ltr'>genere</span> <span class='ocrx_word' id='word_1_294' title='bbox 1531 1861 1614 1887; x_wconf 91' lang='lat' dir='ltr'>non</span> <span class='ocrx_word' id='word_1_295' title='bbox 1647 1853 1709 1887; x_wconf 90' lang='lat' dir='ltr'>est</span> <span class='ocrx_word' id='word_1_296' title='bbox 1740 1847 1970 1888; x_wconf 88' lang='lat' dir='ltr'>incommo-</span> 
     </span>
     <span class='ocr_line' id='line_1_30' title="bbox 200 1909 1971 1964; baseline -0.001 -13"><span class='ocrx_word' id='word_1_297' title='bbox 200 1911 323 1959; x_wconf 88' lang='lat' dir='ltr'>dum,</span> <span class='ocrx_word' id='word_1_298' title='bbox 366 1911 488 1964; x_wconf 88' lang='lat' dir='ltr'>quale</span> <span class='ocrx_word' id='word_1_299' title='bbox 521 1910 708 1964; x_wconf 90' lang='lat' dir='ltr'>quidque</span> <span class='ocrx_word' id='word_1_300' title='bbox 742 1924 885 1950; x_wconf 89' lang='lat' dir='ltr'>eorum</span> <span class='ocrx_word' id='word_1_301' title='bbox 915 1910 989 1957; x_wconf 90' lang='lat' dir='ltr'>sit,</span> <span class='ocrx_word' id='word_1_302' title='bbox 1031 1925 1084 1950; x_wconf 85' lang='lat' dir='ltr'>ex</span> <span class='ocrx_word' id='word_1_303' title='bbox 1114 1911 1204 1951; x_wconf 90' lang='lat' dir='ltr'>aliis</span> <span class='ocrx_word' id='word_1_304' title='bbox 1236 1912 1442 1959; x_wconf 88' lang='lat' dir='ltr'>iudicare,</span> <span class='ocrx_word' id='word_1_305' title='bbox 1477 1917 1542 1959; x_wconf 89' lang='lat' dir='ltr'>ut,</span> <span class='ocrx_word' id='word_1_306' title='bbox 1574 1910 1608 1951; x_wconf 90' lang='lat' dir='ltr'>si</span> <span class='ocrx_word' id='word_1_307' title='bbox 1640 1911 1738 1964; x_wconf 90' lang='lat' dir='ltr'>quid</span> <span class='ocrx_word' id='word_1_308' title='bbox 1771 1909 1971 1950; x_wconf 81' lang='lat' dir='ltr'>dedeceat</span> 
     </span>
     <span class='ocr_line' id='line_1_31' title="bbox 201 1972 1971 2026; baseline 0 -14"><span class='ocrx_word' id='word_1_309' title='bbox 201 1974 245 2013; x_wconf 90' lang='lat' dir='ltr'>in</span> <span class='ocrx_word' id='word_1_310' title='bbox 275 1973 372 2021; x_wconf 85' lang='lat' dir='ltr'>illis,</span> <span class='ocrx_word' id='word_1_311' title='bbox 405 1974 582 2012; x_wconf 90' lang='lat' dir='ltr'>vitemus</span> <span class='ocrx_word' id='word_1_312' title='bbox 614 1974 707 2026; x_wconf 90' lang='lat' dir='ltr'>ipsi.</span> <span class='ocrx_word' id='word_1_313' title='bbox 767 1974 831 2013; x_wconf 89' lang='lat' dir='ltr'>Fit</span> <span class='ocrx_word' id='word_1_314' title='bbox 862 1974 972 2013; x_wconf 90' lang='lat' dir='ltr'>enim</span> <span class='ocrx_word' id='word_1_315' title='bbox 1004 1972 1146 2013; x_wconf 84' lang='lat' dir='ltr'>nescio</span> <span class='ocrx_word' id='word_1_316' title='bbox 1180 1987 1263 2026; x_wconf 86' lang='lat' dir='ltr'>quo</span> <span class='ocrx_word' id='word_1_317' title='bbox 1296 1974 1418 2013; x_wconf 89' lang='lat' dir='ltr'>modo</span> <span class='ocrx_word' id='word_1_318' title='bbox 1451 1979 1495 2013; x_wconf 93' lang='lat' dir='ltr'>ut</span> <span class='ocrx_word' id='word_1_319' title='bbox 1524 1974 1655 2025; x_wconf 79' lang='lat' dir='ltr'>magis</span> <span class='ocrx_word' id='word_1_320' title='bbox 1687 1972 1727 2012; x_wconf 89' lang='lat' dir='ltr'>in</span> <span class='ocrx_word' id='word_1_321' title='bbox 1759 1972 1850 2013; x_wconf 88' lang='lat' dir='ltr'>aliis</span> <span class='ocrx_word' id='word_1_322' title='bbox 1882 1987 1971 2013; x_wconf 85' lang='lat' dir='ltr'>cer-</span> 
     </span>
     <span class='ocr_line' id='line_1_32' title="bbox 199 2035 2021 2090; baseline -0.001 -14"><span class='ocrx_word' id='word_1_323' title='bbox 199 2049 346 2076; x_wconf 87' lang='lat' dir='ltr'>namus</span> <span class='ocrx_word' id='word_1_324' title='bbox 389 2049 515 2089; x_wconf 91' lang='lat' dir='ltr'>quam</span> <span class='ocrx_word' id='word_1_325' title='bbox 557 2036 600 2074; x_wconf 88' lang='lat' dir='ltr'>in</span> <span class='ocrx_word' id='word_1_326' title='bbox 638 2035 847 2076; x_wconf 88' lang='lat' dir='ltr'>nobismet</span> <span class='ocrx_word' id='word_1_327' title='bbox 887 2035 1013 2089; x_wconf 89' lang='lat' dir='ltr'>ipsis,</span> <span class='ocrx_word' id='word_1_328' title='bbox 1054 2036 1086 2075; x_wconf 92' lang='lat' dir='ltr'>si</span> <span class='ocrx_word' id='word_1_329' title='bbox 1119 2036 1218 2090; x_wconf 93' lang='lat' dir='ltr'>quid</span> <span class='ocrx_word' id='word_1_330' title='bbox 1251 2036 1519 2089; x_wconf 87' lang='lat' dir='ltr'>delinquitur.</span> <span class='ocrx_word' id='word_1_331' title='bbox 1579 2037 1726 2088; x_wconf 88' lang='lat' dir='ltr'>ltaque</span> <span class='ocrx_word' id='word_1_332' title='bbox 1758 2035 2021 2081; x_wconf 87' lang='lat' dir='ltr'>sacillume30</span> 
     </span>
     <span class='ocr_line' id='line_1_33' title="bbox 200 2097 1972 2152; baseline -0.001 -15"><span class='ocrx_word' id='word_1_333' title='bbox 200 2098 468 2151; x_wconf 87' lang='lat' dir='ltr'>corriguntur</span> <span class='ocrx_word' id='word_1_334' title='bbox 497 2097 539 2137; x_wconf 91' lang='lat' dir='ltr'>in</span> <span class='ocrx_word' id='word_1_335' title='bbox 572 2097 790 2146; x_wconf 81' lang='lat' dir='ltr'>discendo,</span> <span class='ocrx_word' id='word_1_336' title='bbox 823 2111 998 2152; x_wconf 88' lang='lat' dir='ltr'>quorum</span> <span class='ocrx_word' id='word_1_337' title='bbox 1033 2098 1129 2138; x_wconf 82' lang='lat' dir='ltr'>vitia</span> <span class='ocrx_word' id='word_1_338' title='bbox 1160 2099 1376 2138; x_wconf 90' lang='lat' dir='ltr'>imitantur</span> <span class='ocrx_word' id='word_1_339' title='bbox 1407 2098 1654 2138; x_wconf 87' lang='lat' dir='ltr'>emendandi</span> <span class='ocrx_word' id='word_1_340' title='bbox 1687 2110 1809 2136; x_wconf 86' lang='lat' dir='ltr'>causa</span> <span class='ocrx_word' id='word_1_341' title='bbox 1842 2097 1972 2148; x_wconf 79' lang='lat' dir='ltr'>magi-</span> 
     </span>
     <span class='ocr_line' id='line_1_34' title="bbox 199 2158 1971 2213; baseline -0.001 -12"><span class='ocrx_word' id='word_1_342' title='bbox 199 2159 285 2201; x_wconf 85' lang='lat' dir='ltr'>stri.</span> <span class='ocrx_word' id='word_1_343' title='bbox 355 2158 449 2199; x_wconf 75' lang='lat'>447.</span> <span class='ocrx_word' id='word_1_344' title='bbox 494 2162 580 2201; x_wconf 89' lang='lat' dir='ltr'>Nec</span> <span class='ocrx_word' id='word_1_345' title='bbox 621 2174 722 2201; x_wconf 86' lang='lat' dir='ltr'>vero</span> <span class='ocrx_word' id='word_1_346' title='bbox 762 2161 944 2201; x_wconf 87' lang='lat' dir='ltr'>alienum</span> <span class='ocrx_word' id='word_1_347' title='bbox 986 2166 1049 2201; x_wconf 88' lang='lat' dir='ltr'>est</span> <span class='ocrx_word' id='word_1_348' title='bbox 1090 2161 1143 2201; x_wconf 87' lang='lat' dir='ltr'>ad</span> <span class='ocrx_word' id='word_1_349' title='bbox 1186 2174 1234 2200; x_wconf 88' lang='lat' dir='ltr'>ea</span> <span class='ocrx_word' id='word_1_350' title='bbox 1273 2160 1488 2213; x_wconf 89' lang='lat' dir='ltr'>eligenda,</span> <span class='ocrx_word' id='word_1_351' title='bbox 1529 2173 1635 2212; x_wconf 90' lang='lat' dir='ltr'>quae</span> <span class='ocrx_word' id='word_1_352' title='bbox 1669 2158 1971 2200; x_wconf 86' lang='lat' dir='ltr'>dubitationem</span> 
     </span>
    </p>
   </div>
   <div class='ocr_carea' id='block_1_4' title="bbox 201 2350 1975 3288">
    <p class='ocr_par' dir='ltr' id='par_1_4' title="bbox 201 2350 1975 3288">
     <span class='ocr_line' id='line_1_35' title="bbox 289 2350 1969 2392; baseline 0 -10"><span class='ocrx_word' id='word_1_353' title='bbox 289 2352 319 2383; x_wconf 80' lang='grc'>4.</span> <span class='ocrx_word' id='word_1_354' title='bbox 346 2352 450 2392; x_wconf 78' lang='lat' dir='ltr'>iyitur</span> <span class='ocrx_word' id='word_1_355' title='bbox 473 2355 517 2383; x_wconf 82' lang='lat' dir='ltr'>est</span> <span class='ocrx_word' id='word_1_356' title='bbox 541 2360 559 2383; x_wconf 86' lang='lat' dir='ltr'>c</span> <span class='ocrx_word' id='word_1_357' title='bbox 595 2370 638 2374; x_wconf 92' lang='lat'><em>—</em></span> <span class='ocrx_word' id='word_1_358' title='bbox 674 2353 705 2383; x_wconf 65' lang='grc' dir='ltr'>Ξ.</span> <span class='ocrx_word' id='word_1_359' title='bbox 732 2353 923 2383; x_wconf 78' lang='lat' dir='ltr'>constancia</span> <span class='ocrx_word' id='word_1_360' title='bbox 945 2352 992 2383; x_wconf 77' lang='lat' dir='ltr'>sic</span> <span class='ocrx_word' id='word_1_361' title='bbox 1016 2361 1034 2383; x_wconf 86' lang='lat' dir='ltr'>c</span> <span class='ocrx_word' id='word_1_362' title='bbox 1073 2371 1107 2375; x_wconf 87' lang='lat'>—</span> <span class='ocrx_word' id='word_1_363' title='bbox 1146 2356 1226 2391; x_wconf 79' lang='lat' dir='ltr'>apta</span> <span class='ocrx_word' id='word_1_364' title='bbox 1250 2352 1315 2382; x_wconf 80' lang='lat' dir='ltr'>sint</span> <span class='ocrx_word' id='word_1_365' title='bbox 1338 2354 1366 2383; x_wconf 83' lang='lat' dir='ltr'>e!</span> <span class='ocrx_word' id='word_1_366' title='bbox 1389 2353 1476 2382; x_wconf 81' lang='lat' dir='ltr'>inter</span> <span class='ocrx_word' id='word_1_367' title='bbox 1498 2359 1530 2381; x_wconf 90' lang='lat' dir='ltr'>se</span> <span class='ocrx_word' id='word_1_368' title='bbox 1554 2350 1784 2381; x_wconf 79' lang='lat' dir='ltr'>conueniencia</span> <span class='ocrx_word' id='word_1_369' title='bbox 1810 2358 1827 2380; x_wconf 89' lang='lat' dir='ltr'>c</span> <span class='ocrx_word' id='word_1_370' title='bbox 1867 2367 1899 2372; x_wconf 85' lang='lat'><em>-</em></span> <span class='ocrx_word' id='word_1_371' title='bbox 1939 2351 1969 2382; x_wconf 82' lang='lat'>3.</span> 
     </span>
     <span class='ocr_line' id='line_1_36' title="bbox 201 2401 1974 2442; baseline 0 -9"><span class='ocrx_word' id='word_1_372' title='bbox 201 2405 296 2442; x_wconf 62' lang='lat' dir='ltr'>turpe</span> <span class='ocrx_word' id='word_1_373' title='bbox 320 2402 344 2433; x_wconf 90' lang='lat' dir='ltr'>C</span> <span class='ocrx_word' id='word_1_374' title='bbox 372 2403 490 2440; x_wconf 86' lang='lat' dir='ltr'>(etiam</span> <span class='ocrx_word' id='word_1_375' title='bbox 506 2402 556 2442; x_wconf 80' lang='lat' dir='ltr'>a):</span> <span class='ocrx_word' id='word_1_376' title='bbox 583 2405 680 2441; x_wconf 74' lang='lat' dir='ltr'>tui-pe</span> <span class='ocrx_word' id='word_1_377' title='bbox 702 2405 748 2433; x_wconf 84' lang='lat' dir='ltr'>est</span> <span class='ocrx_word' id='word_1_378' title='bbox 772 2410 790 2434; x_wconf 89' lang='lat' dir='ltr'>o</span> <span class='ocrx_word' id='word_1_379' title='bbox 832 2420 866 2425; x_wconf 89' lang='lat'><strong>—</strong></span> <span class='ocrx_word' id='word_1_380' title='bbox 904 2402 934 2432; x_wconf 74' lang='lat'>4.</span> <span class='ocrx_word' id='word_1_381' title='bbox 961 2403 1115 2433; x_wconf 85' lang='lat' dir='ltr'>conuiuio</span> <span class='ocrx_word' id='word_1_382' title='bbox 1139 2403 1241 2442; x_wconf 73' lang='lat' dir='ltr'>diyna</span> <span class='ocrx_word' id='word_1_383' title='bbox 1266 2403 1406 2434; x_wconf 88' lang='lat' dir='ltr'>BHab:</span> <span class='ocrx_word' id='word_1_384' title='bbox 1433 2401 1585 2432; x_wconf 81' lang='lat' dir='ltr'>conuiuio</span> <span class='ocrx_word' id='word_1_385' title='bbox 1610 2401 1745 2440; x_wconf 71' lang='lat' dir='ltr'>diynum</span> <span class='ocrx_word' id='word_1_386' title='bbox 1769 2409 1803 2436; x_wconf 66' lang='grc' dir='ltr'>ος</span> <span class='ocrx_word' id='word_1_387' title='bbox 1831 2402 1974 2433; x_wconf 78' lang='lat' dir='ltr'>com-ivii</span> 
     </span>
     <span class='ocr_line' id='line_1_37' title="bbox 202 2449 1972 2491; baseline 0.001 -9"><span class='ocrx_word' id='word_1_388' title='bbox 202 2452 291 2482; x_wconf 84' lang='lat' dir='ltr'>dicta</span> <span class='ocrx_word' id='word_1_389' title='bbox 313 2459 364 2491; x_wconf 91' lang='lat' dir='ltr'>po</span> <span class='ocrx_word' id='word_1_390' title='bbox 388 2469 432 2473; x_wconf 91' lang='lat'><strong>—</strong></span> <span class='ocrx_word' id='word_1_391' title='bbox 454 2452 486 2483; x_wconf 85' lang='lat'>5.</span> <span class='ocrx_word' id='word_1_392' title='bbox 512 2451 684 2490; x_wconf 73' lang='lat' dir='ltr'>sophoclea</span> <span class='ocrx_word' id='word_1_393' title='bbox 709 2451 766 2483; x_wconf 76' lang='lat' dir='ltr'>Ha.</span> <span class='ocrx_word' id='word_1_394' title='bbox 791 2467 824 2473; x_wconf 88' lang='lat'><strong>—</strong></span> <span class='ocrx_word' id='word_1_395' title='bbox 851 2455 984 2490; x_wconf 80' lang='lat' dir='ltr'>poetam</span> <span class='ocrx_word' id='word_1_396' title='bbox 1001 2452 1044 2482; x_wconf 92' lang='lat' dir='ltr'>C:</span> <span class='ocrx_word' id='word_1_397' title='bbox 1071 2460 1141 2482; x_wconf 90' lang='lat' dir='ltr'>om.</span> <span class='ocrx_word' id='word_1_398' title='bbox 1161 2460 1180 2482; x_wconf 94' lang='grc' dir='ltr'>ο</span> <span class='ocrx_word' id='word_1_399' title='bbox 1209 2469 1242 2474; x_wconf 83' lang='grc'><strong>-</strong></span> <span class='ocrx_word' id='word_1_400' title='bbox 1269 2452 1365 2491; x_wconf 81' lang='lat' dir='ltr'>hique</span> <span class='ocrx_word' id='word_1_401' title='bbox 1391 2449 1473 2489; x_wconf 73' lang='lat' dir='ltr'>ll2a,</span> <span class='ocrx_word' id='word_1_402' title='bbox 1498 2452 1607 2490; x_wconf 77' lang='lat' dir='ltr'>hijque</span> <span class='ocrx_word' id='word_1_403' title='bbox 1631 2459 1648 2481; x_wconf 89' lang='lat' dir='ltr'>c</span> <span class='ocrx_word' id='word_1_404' title='bbox 1678 2468 1709 2473; x_wconf 96' lang='lat'>—</span> <span class='ocrx_word' id='word_1_405' title='bbox 1737 2450 1784 2491; x_wconf 83' lang='lat' dir='ltr'>cle]</span> <span class='ocrx_word' id='word_1_406' title='bbox 1802 2460 1875 2481; x_wconf 79' lang='lat' dir='ltr'>curn</span> <span class='ocrx_word' id='word_1_407' title='bbox 1892 2452 1930 2483; x_wconf 83' lang='lat' dir='ltr'>de</span> <span class='ocrx_word' id='word_1_408' title='bbox 1954 2461 1972 2484; x_wconf 80' lang='lat' dir='ltr'>c</span> 
     </span>
     <span class='ocr_line' id='line_1_38' title="bbox 205 2501 1972 2541; baseline 0.001 -9"><span class='ocrx_word' id='word_1_409' title='bbox 205 2519 239 2523; x_wconf 97' lang='lat'><em>-</em></span> <span class='ocrx_word' id='word_1_410' title='bbox 267 2501 298 2532; x_wconf 83' lang='lat'>7.</span> <span class='ocrx_word' id='word_1_411' title='bbox 317 2501 403 2532; x_wconf 88' lang='lat' dir='ltr'>enim</span> <span class='ocrx_word' id='word_1_412' title='bbox 426 2509 496 2532; x_wconf 93' lang='lat' dir='ltr'>om.</span> <span class='ocrx_word' id='word_1_413' title='bbox 517 2509 535 2532; x_wconf 85' lang='lat' dir='ltr'>c</span> <span class='ocrx_word' id='word_1_414' title='bbox 565 2518 600 2523; x_wconf 94' lang='lat'><strong>—</strong></span> <span class='ocrx_word' id='word_1_415' title='bbox 628 2501 659 2532; x_wconf 82' lang='lat'>9.</span> <span class='ocrx_word' id='word_1_416' title='bbox 677 2501 844 2541; x_wconf 79' lang='lat' dir='ltr'>sophocles</span> <span class='ocrx_word' id='word_1_417' title='bbox 866 2502 925 2532; x_wconf 86' lang='lat' dir='ltr'>hoc</span> <span class='ocrx_word' id='word_1_418' title='bbox 948 2502 1033 2533; x_wconf 84' lang='lat' dir='ltr'>idem</span> <span class='ocrx_word' id='word_1_419' title='bbox 1056 2510 1074 2533; x_wconf 87' lang='lat' dir='ltr'>c</span> <span class='ocrx_word' id='word_1_420' title='bbox 1101 2519 1135 2523; x_wconf 93' lang='lat'>—-</span> <span class='ocrx_word' id='word_1_421' title='bbox 1165 2502 1217 2533; x_wconf 78' lang='lat' dir='ltr'>to.</span> <span class='ocrx_word' id='word_1_422' title='bbox 1236 2503 1287 2533; x_wconf 86' lang='lat' dir='ltr'>uis</span> <span class='ocrx_word' id='word_1_423' title='bbox 1311 2506 1356 2533; x_wconf 84' lang='lat' dir='ltr'>est</span> <span class='ocrx_word' id='word_1_424' title='bbox 1379 2502 1441 2533; x_wconf 83' lang='lat' dir='ltr'>loci</span> <span class='ocrx_word' id='word_1_425' title='bbox 1464 2511 1505 2532; x_wconf 89' lang='lat' dir='ltr'>ac</span> <span class='ocrx_word' id='word_1_426' title='bbox 1528 2501 1682 2540; x_wconf 77' lang='lat' dir='ltr'>temporis</span> <span class='ocrx_word' id='word_1_427' title='bbox 1706 2509 1723 2531; x_wconf 89' lang='lat' dir='ltr'>c</span> <span class='ocrx_word' id='word_1_428' title='bbox 1751 2518 1784 2522; x_wconf 97' lang='lat'><strong>—</strong></span> <span class='ocrx_word' id='word_1_429' title='bbox 1812 2501 1839 2531; x_wconf 79' lang='lat' dir='ltr'>si</span> <span class='ocrx_word' id='word_1_430' title='bbox 1858 2503 1930 2540; x_wconf 79' lang='lat' dir='ltr'>quis</span> <span class='ocrx_word' id='word_1_431' title='bbox 1954 2510 1972 2533; x_wconf 89' lang='lat' dir='ltr'>c</span> 
     </span>
     <span class='ocr_line' id='line_1_39' title="bbox 204 2550 1973 2591; baseline 0.001 -9"><span class='ocrx_word' id='word_1_432' title='bbox 204 2551 256 2582; x_wconf 73' lang='lat'>42.</span> <span class='ocrx_word' id='word_1_433' title='bbox 283 2550 450 2590; x_wconf 78' lang='lat' dir='ltr'>attentius]</span> <span class='ocrx_word' id='word_1_434' title='bbox 475 2554 609 2582; x_wconf 83' lang='lat' dir='ltr'>actenus</span> <span class='ocrx_word' id='word_1_435' title='bbox 633 2559 651 2582; x_wconf 90' lang='lat' dir='ltr'>c</span> <span class='ocrx_word' id='word_1_436' title='bbox 689 2569 723 2573; x_wconf 98' lang='lat'><strong>—</strong></span> <span class='ocrx_word' id='word_1_437' title='bbox 759 2551 818 2582; x_wconf 82' lang='lat' dir='ltr'>hoc</span> <span class='ocrx_word' id='word_1_438' title='bbox 842 2552 971 2591; x_wconf 83' lang='lat' dir='ltr'>quidem</span> <span class='ocrx_word' id='word_1_439' title='bbox 1002 2561 1042 2587; x_wconf 72' lang='grc' dir='ltr'>ας</span> <span class='ocrx_word' id='word_1_440' title='bbox 1080 2553 1138 2584; x_wconf 77' lang='lat' dir='ltr'>hoc</span> <span class='ocrx_word' id='word_1_441' title='bbox 1161 2553 1218 2591; x_wconf 77' lang='lat' dir='ltr'>qui</span> <span class='ocrx_word' id='word_1_442' title='bbox 1244 2552 1327 2583; x_wconf 78' lang='lat' dir='ltr'>idem</span> <span class='ocrx_word' id='word_1_443' title='bbox 1357 2560 1374 2583; x_wconf 85' lang='lat' dir='ltr'>c</span> <span class='ocrx_word' id='word_1_444' title='bbox 1412 2569 1446 2573; x_wconf 91' lang='lat'>—-</span> <span class='ocrx_word' id='word_1_445' title='bbox 1487 2551 1538 2582; x_wconf 75' lang='lat'>43.</span> <span class='ocrx_word' id='word_1_446' title='bbox 1565 2550 1696 2581; x_wconf 78' lang='lat' dir='ltr'>inscitia</span> <span class='ocrx_word' id='word_1_447' title='bbox 1721 2551 1764 2580; x_wconf 72' lang='lat' dir='ltr'>(It</span> <span class='ocrx_word' id='word_1_448' title='bbox 1802 2550 1973 2583; x_wconf 80' lang='lat' dir='ltr'>inscientia</span> 
     </span>
     <span class='ocr_line' id='line_1_40' title="bbox 204 2599 1973 2642; baseline 0 -10"><span class='ocrx_word' id='word_1_449' title='bbox 204 2599 271 2632; x_wconf 85' lang='lat' dir='ltr'>alii.</span> <span class='ocrx_word' id='word_1_450' title='bbox 311 2600 362 2632; x_wconf 83' lang='lat' dir='ltr'>Cf.</span> <span class='ocrx_word' id='word_1_451' title='bbox 390 2599 527 2641; x_wconf 78' lang='lat' dir='ltr'>Madvig</span> <span class='ocrx_word' id='word_1_452' title='bbox 551 2601 596 2632; x_wconf 85' lang='lat' dir='ltr'>ad</span> <span class='ocrx_word' id='word_1_453' title='bbox 621 2601 692 2632; x_wconf 86' lang='lat' dir='ltr'>Cic.</span> <span class='ocrx_word' id='word_1_454' title='bbox 712 2600 755 2632; x_wconf 84' lang='lat' dir='ltr'>de</span> <span class='ocrx_word' id='word_1_455' title='bbox 773 2601 881 2632; x_wconf 82' lang='lat' dir='ltr'>finib.</span> <span class='ocrx_word' id='word_1_456' title='bbox 909 2611 943 2642; x_wconf 86' lang='lat' dir='ltr'>p.</span> <span class='ocrx_word' id='word_1_457' title='bbox 961 2602 1012 2632; x_wconf 82' lang='lat'>95.</span> <span class='ocrx_word' id='word_1_458' title='bbox 1042 2619 1075 2623; x_wconf 98' lang='lat'><strong>—</strong></span> <span class='ocrx_word' id='word_1_459' title='bbox 1103 2603 1166 2633; x_wconf 79' lang='lat' dir='ltr'>Sed</span> <span class='ocrx_word' id='word_1_460' title='bbox 1189 2606 1263 2632; x_wconf 81' lang='lat' dir='ltr'>sunt</span> <span class='ocrx_word' id='word_1_461' title='bbox 1287 2611 1325 2633; x_wconf 87' lang='lat' dir='ltr'>ea</span> <span class='ocrx_word' id='word_1_462' title='bbox 1351 2610 1369 2632; x_wconf 86' lang='lat' dir='ltr'>c</span> <span class='ocrx_word' id='word_1_463' title='bbox 1397 2600 1430 2624; x_wconf 62' lang='grc' dir='ltr'>-ὲ</span> <span class='ocrx_word' id='word_1_464' title='bbox 1459 2600 1511 2632; x_wconf 74' lang='lat'>44.</span> <span class='ocrx_word' id='word_1_465' title='bbox 1538 2601 1564 2631; x_wconf 81' lang='lat' dir='ltr'>si</span> <span class='ocrx_word' id='word_1_466' title='bbox 1589 2601 1661 2639; x_wconf 78' lang='lat' dir='ltr'>quis</span> <span class='ocrx_word' id='word_1_467' title='bbox 1685 2608 1702 2629; x_wconf 87' lang='lat' dir='ltr'>c</span> <span class='ocrx_word' id='word_1_468' title='bbox 1732 2617 1764 2622; x_wconf 86' lang='lat'>—-</span> <span class='ocrx_word' id='word_1_469' title='bbox 1793 2601 1844 2631; x_wconf 75' lang='lat'>45.</span> <span class='ocrx_word' id='word_1_470' title='bbox 1863 2610 1973 2640; x_wconf 77' lang='lat' dir='ltr'>appa-</span> 
     </span>
     <span class='ocr_line' id='line_1_41' title="bbox 203 2650 1969 2692; baseline 0.001 -11"><span class='ocrx_word' id='word_1_471' title='bbox 203 2654 253 2682; x_wconf 85' lang='lat' dir='ltr'>ret</span> <span class='ocrx_word' id='word_1_472' title='bbox 269 2667 315 2674; x_wconf 92' lang='lat'>—-</span> <span class='ocrx_word' id='word_1_473' title='bbox 333 2650 496 2681; x_wconf 78' lang='lat' dir='ltr'>desiderat</span> <span class='ocrx_word' id='word_1_474' title='bbox 520 2651 545 2681; x_wconf 82' lang='lat' dir='ltr'>C</span> <span class='ocrx_word' id='word_1_475' title='bbox 575 2668 607 2671; x_wconf 97' lang='lat'><strong>—</strong></span> <span class='ocrx_word' id='word_1_476' title='bbox 635 2659 757 2691; x_wconf 71' lang='lat' dir='ltr'>mayno</span> <span class='ocrx_word' id='word_1_477' title='bbox 774 2659 870 2690; x_wconf 79' lang='lat' dir='ltr'>opere</span> <span class='ocrx_word' id='word_1_478' title='bbox 895 2660 931 2682; x_wconf 87' lang='lat' dir='ltr'>c:</span> <span class='ocrx_word' id='word_1_479' title='bbox 960 2661 1159 2692; x_wconf 59' lang='lat' dir='ltr'>magnopere</span> <span class='ocrx_word' id='word_1_480' title='bbox 1183 2653 1301 2683; x_wconf 73' lang='grc' dir='ltr'>ΒΗειὶ)</span> <span class='ocrx_word' id='word_1_481' title='bbox 1330 2669 1361 2674; x_wconf 94' lang='lat'>-—</span> <span class='ocrx_word' id='word_1_482' title='bbox 1392 2651 1625 2681; x_wconf 66' lang='lat' dir='ltr'>annnaemitione</span> <span class='ocrx_word' id='word_1_483' title='bbox 1649 2653 1677 2680; x_wconf 84' lang='lat' dir='ltr'>ct</span> <span class='ocrx_word' id='word_1_484' title='bbox 1696 2654 1874 2689; x_wconf 71' lang='lat' dir='ltr'>praecepto</span> <span class='ocrx_word' id='word_1_485' title='bbox 1899 2659 1917 2682; x_wconf 87' lang='lat' dir='ltr'>c</span> <span class='ocrx_word' id='word_1_486' title='bbox 1936 2669 1969 2673; x_wconf 90' lang='lat'>—</span> 
     </span>
     <span class='ocr_line' id='line_1_42' title="bbox 205 2699 1969 2740; baseline -0.001 -8"><span class='ocrx_word' id='word_1_487' title='bbox 205 2701 257 2732; x_wconf 73' lang='lat'>⁴6.</span> <span class='ocrx_word' id='word_1_488' title='bbox 281 2709 393 2740; x_wconf 87' lang='lat' dir='ltr'>praua</span> <span class='ocrx_word' id='word_1_489' title='bbox 417 2701 438 2732; x_wconf 86' lang='lat' dir='ltr'>b</span> <span class='ocrx_word' id='word_1_490' title='bbox 477 2717 511 2722; x_wconf 83' lang='lat'>—</span> <span class='ocrx_word' id='word_1_491' title='bbox 551 2701 603 2731; x_wconf 73' lang='lat'>47.</span> <span class='ocrx_word' id='word_1_492' title='bbox 631 2701 671 2732; x_wconf 83' lang='lat' dir='ltr'>ab</span> <span class='ocrx_word' id='word_1_493' title='bbox 695 2702 742 2731; x_wconf 82' lang='lat' dir='ltr'>his</span> <span class='ocrx_word' id='word_1_494' title='bbox 768 2702 791 2731; x_wconf 85' lang='lat' dir='ltr'>C</span> <span class='ocrx_word' id='word_1_495' title='bbox 833 2717 867 2723; x_wconf 95' lang='lat'><strong>—</strong></span> <span class='ocrx_word' id='word_1_496' title='bbox 907 2702 1158 2732; x_wconf 82' lang='lat' dir='ltr'>declamandum</span> <span class='ocrx_word' id='word_1_497' title='bbox 1181 2710 1199 2732; x_wconf 87' lang='lat' dir='ltr'>c</span> <span class='ocrx_word' id='word_1_498' title='bbox 1237 2719 1270 2722; x_wconf 97' lang='lat'><strong>—</strong></span> <span class='ocrx_word' id='word_1_499' title='bbox 1312 2701 1362 2732; x_wconf 77' lang='grc'>18.</span> <span class='ocrx_word' id='word_1_500' title='bbox 1389 2704 1447 2731; x_wconf 78' lang='lat' dir='ltr'>aut</span> <span class='ocrx_word' id='word_1_501' title='bbox 1473 2709 1542 2730; x_wconf 81' lang='lat' dir='ltr'>oin.</span> <span class='ocrx_word' id='word_1_502' title='bbox 1562 2709 1582 2739; x_wconf 89' lang='lat' dir='ltr'>p</span> <span class='ocrx_word' id='word_1_503' title='bbox 1622 2717 1655 2721; x_wconf 79' lang='lat'>—</span> <span class='ocrx_word' id='word_1_504' title='bbox 1690 2699 1864 2737; x_wconf 70' lang='lat' dir='ltr'>paulutum</span> <span class='ocrx_word' id='word_1_505' title='bbox 1889 2708 1906 2731; x_wconf 88' lang='lat' dir='ltr'>c</span> <span class='ocrx_word' id='word_1_506' title='bbox 1935 2718 1969 2723; x_wconf 88' lang='lat'>—-</span> 
     </span>
     <span class='ocr_line' id='line_1_43' title="bbox 205 2749 1974 2782; baseline -0.001 0"><span class='ocrx_word' id='word_1_507' title='bbox 205 2760 226 2782; x_wconf 88' lang='lat' dir='ltr'>a</span> <span class='ocrx_word' id='word_1_508' title='bbox 249 2751 368 2782; x_wconf 79' lang='lat' dir='ltr'>sciente</span> <span class='ocrx_word' id='word_1_509' title='bbox 391 2758 467 2780; x_wconf 81' lang='lat' dir='ltr'>cum</span> <span class='ocrx_word' id='word_1_510' title='bbox 490 2750 714 2782; x_wconf 82' lang='lat' dir='ltr'>animaduerti</span> <span class='ocrx_word' id='word_1_511' title='bbox 740 2759 761 2782; x_wconf 75' lang='lat' dir='ltr'>a</span> <span class='ocrx_word' id='word_1_512' title='bbox 787 2768 819 2772; x_wconf 96' lang='lat'><strong>—</strong></span> <span class='ocrx_word' id='word_1_513' title='bbox 850 2751 1096 2782; x_wconf 72' lang='lat' dir='ltr'>49.u1‘‹10nc11‹m</span> <span class='ocrx_word' id='word_1_514' title='bbox 1123 2759 1156 2782; x_wconf 86' lang='lat' dir='ltr'>c:</span> <span class='ocrx_word' id='word_1_515' title='bbox 1187 2751 1362 2782; x_wconf 72' lang='lat' dir='ltr'>uiuendum</span> <span class='ocrx_word' id='word_1_516' title='bbox 1387 2751 1506 2781; x_wconf 77' lang='lat' dir='ltr'>Bllab</span> <span class='ocrx_word' id='word_1_517' title='bbox 1535 2768 1567 2772; x_wconf 85' lang='lat'>-</span> <span class='ocrx_word' id='word_1_518' title='bbox 1596 2749 1647 2779; x_wconf 67' lang='lat'>22.</span> <span class='ocrx_word' id='word_1_519' title='bbox 1668 2749 1974 2780; x_wconf 63' lang='lat' dir='ltr'>(mumadam-swes-</span> 
     </span>
     <span class='ocr_line' id='line_1_44' title="bbox 202 2798 1975 2839; baseline -0.001 -8"><span class='ocrx_word' id='word_1_520' title='bbox 202 2808 263 2839; x_wconf 82' lang='lat' dir='ltr'>que</span> <span class='ocrx_word' id='word_1_521' title='bbox 294 2800 338 2830; x_wconf 82' lang='lat' dir='ltr'>C:</span> <span class='ocrx_word' id='word_1_522' title='bbox 377 2800 663 2831; x_wconf 73' lang='lat' dir='ltr'>animadversores</span> <span class='ocrx_word' id='word_1_523' title='bbox 694 2808 732 2834; x_wconf 88' lang='lat'>0;</span> <span class='ocrx_word' id='word_1_524' title='bbox 770 2804 966 2839; x_wconf 72' lang='lat' dir='ltr'>spectatores</span> <span class='ocrx_word' id='word_1_525' title='bbox 991 2800 1341 2838; x_wconf 65' lang='lat' dir='ltr'>animadcerscresquc</span> <span class='ocrx_word' id='word_1_526' title='bbox 1373 2798 1521 2830; x_wconf 67' lang='lat' dir='ltr'>lx&#39;lotzius</span> <span class='ocrx_word' id='word_1_527' title='bbox 1553 2799 1585 2828; x_wconf 88' lang='lat' dir='ltr'>in</span> <span class='ocrx_word' id='word_1_528' title='bbox 1611 2798 1812 2829; x_wconf 67' lang='lat' dir='ltr'>prooemio:</span> <span class='ocrx_word' id='word_1_529' title='bbox 1855 2800 1975 2831; x_wconf 64' lang='lat' dir='ltr'>iudices</span> 
     </span>
     <span class='ocr_line' id='line_1_45' title="bbox 202 2846 1974 2889; baseline -0.001 -9"><span class='ocrx_word' id='word_1_530' title='bbox 202 2850 282 2880; x_wconf 80' lang='lat' dir='ltr'>ante</span> <span class='ocrx_word' id='word_1_531' title='bbox 307 2857 372 2880; x_wconf 87' lang='lat' dir='ltr'>esse</span> <span class='ocrx_word' id='word_1_532' title='bbox 396 2848 553 2879; x_wconf 84' lang='lat' dir='ltr'>inserunt</span> <span class='ocrx_word' id='word_1_533' title='bbox 578 2848 646 2880; x_wconf 86' lang='lat' dir='ltr'>alii.</span> <span class='ocrx_word' id='word_1_534' title='bbox 677 2867 710 2871; x_wconf 86' lang='lat'>—</span> <span class='ocrx_word' id='word_1_535' title='bbox 750 2850 802 2880; x_wconf 67' lang='lat'>⁵23.</span> <span class='ocrx_word' id='word_1_536' title='bbox 828 2859 922 2889; x_wconf 75' lang='lat' dir='ltr'>saepe</span> <span class='ocrx_word' id='word_1_537' title='bbox 945 2849 1160 2889; x_wconf 64' lang='lat' dir='ltr'>intellegimus</span> <span class='ocrx_word' id='word_1_538' title='bbox 1184 2850 1227 2886; x_wconf 64' lang='lat'>12¹3</span> <span class='ocrx_word' id='word_1_539' title='bbox 1254 2849 1469 2888; x_wconf 60' lang='lat' dir='ltr'>intelligemus</span> <span class='ocrx_word' id='word_1_540' title='bbox 1493 2856 1564 2886; x_wconf 66' lang='lat' dir='ltr'>sepe</span> <span class='ocrx_word' id='word_1_541' title='bbox 1590 2854 1607 2876; x_wconf 86' lang='lat' dir='ltr'>c</span> <span class='ocrx_word' id='word_1_542' title='bbox 1635 2863 1668 2867; x_wconf 96' lang='lat'><strong>—</strong></span> <span class='ocrx_word' id='word_1_543' title='bbox 1703 2846 1754 2877; x_wconf 59' lang='lat'>24.</span> <span class='ocrx_word' id='word_1_544' title='bbox 1781 2848 1974 2886; x_wconf 77' lang='lat' dir='ltr'>supercilio-</span> 
     </span>
     <span class='ocr_line' id='line_1_46' title="bbox 202 2897 1973 2938; baseline -0.001 -10"><span class='ocrx_word' id='word_1_545' title='bbox 202 2906 279 2929; x_wconf 88' lang='lat' dir='ltr'>rum</span> <span class='ocrx_word' id='word_1_546' title='bbox 302 2901 362 2928; x_wconf 81' lang='lat' dir='ltr'>aut</span> <span class='ocrx_word' id='word_1_547' title='bbox 384 2898 573 2929; x_wconf 78' lang='lat' dir='ltr'>remissione</span> <span class='ocrx_word' id='word_1_548' title='bbox 596 2898 740 2930; x_wconf 86' lang='lat' dir='ltr'>Bllab:</span> <span class='ocrx_word' id='word_1_549' title='bbox 768 2908 810 2929; x_wconf 69' lang='lat' dir='ltr'>eac</span> <span class='ocrx_word' id='word_1_550' title='bbox 833 2900 1013 2930; x_wconf 81' lang='lat' dir='ltr'>eleualione</span> <span class='ocrx_word' id='word_1_551' title='bbox 1037 2903 1095 2930; x_wconf 84' lang='lat' dir='ltr'>aut</span> <span class='ocrx_word' id='word_1_552' title='bbox 1120 2900 1307 2931; x_wconf 59' lang='lat' dir='ltr'>remissione</span> <span class='ocrx_word' id='word_1_553' title='bbox 1324 2899 1573 2938; x_wconf 68' lang='lat' dir='ltr'>superciliorum</span> <span class='ocrx_word' id='word_1_554' title='bbox 1602 2906 1639 2931; x_wconf 78' lang='lat' dir='ltr'>c·,</span> <span class='ocrx_word' id='word_1_555' title='bbox 1666 2906 1708 2928; x_wconf 48' lang='lat' dir='ltr'>ctu</span> <span class='ocrx_word' id='word_1_556' title='bbox 1723 2897 1973 2936; x_wconf 66' lang='lat' dir='ltr'>supereum-unz</span> 
     </span>
     <span class='ocr_line' id='line_1_47' title="bbox 203 2946 1974 2988; baseline -0.001 -8"><span class='ocrx_word' id='word_1_557' title='bbox 203 2952 262 2980; x_wconf 83' lang='lat' dir='ltr'>aut</span> <span class='ocrx_word' id='word_1_558' title='bbox 284 2949 472 2979; x_wconf 85' lang='lat' dir='ltr'>remissione</span> <span class='ocrx_word' id='word_1_559' title='bbox 495 2957 516 2988; x_wconf 91' lang='lat' dir='ltr'>p</span> <span class='ocrx_word' id='word_1_560' title='bbox 531 2956 549 2980; x_wconf 92' lang='grc' dir='ltr'>ο</span> <span class='ocrx_word' id='word_1_561' title='bbox 579 2966 611 2970; x_wconf 95' lang='grc'><strong>-</strong></span> <span class='ocrx_word' id='word_1_562' title='bbox 647 2952 706 2979; x_wconf 81' lang='lat' dir='ltr'>aut</span> <span class='ocrx_word' id='word_1_563' title='bbox 729 2953 953 2981; x_wconf 75' lang='lat' dir='ltr'>contractione</span> <span class='ocrx_word' id='word_1_564' title='bbox 977 2958 1047 2982; x_wconf 87' lang='lat' dir='ltr'>om.</span> <span class='ocrx_word' id='word_1_565' title='bbox 1067 2958 1084 2980; x_wconf 90' lang='lat' dir='ltr'>c</span> <span class='ocrx_word' id='word_1_566' title='bbox 1112 2967 1145 2971; x_wconf 89' lang='lat'><strong>—</strong></span> <span class='ocrx_word' id='word_1_567' title='bbox 1180 2950 1231 2980; x_wconf 77' lang='lat'>25.</span> <span class='ocrx_word' id='word_1_568' title='bbox 1259 2959 1300 2979; x_wconf 69' lang='lat' dir='ltr'>&lt;w</span> <span class='ocrx_word' id='word_1_569' title='bbox 1324 2949 1492 2979; x_wconf 70' lang='lat' dir='ltr'>reticentia</span> <span class='ocrx_word' id='word_1_570' title='bbox 1518 2950 1596 2988; x_wconf 78' lang='lat' dir='ltr'>post</span> <span class='ocrx_word' id='word_1_571' title='bbox 1619 2947 1842 2977; x_wconf 75' lang='lat' dir='ltr'>summissione</span> <span class='ocrx_word' id='word_1_572' title='bbox 1865 2946 1974 2978; x_wconf 83' lang='lat' dir='ltr'>habet</span> 
     </span>
     <span class='ocr_line' id='line_1_48' title="bbox 206 2997 1970 3038; baseline -0.001 -8"><span class='ocrx_word' id='word_1_573' title='bbox 206 3007 225 3030; x_wconf 83' lang='lat' dir='ltr'>c</span> <span class='ocrx_word' id='word_1_574' title='bbox 254 3015 286 3020; x_wconf 89' lang='lat'><em>-</em></span> <span class='ocrx_word' id='word_1_575' title='bbox 313 3007 356 3029; x_wconf 64' lang='lat' dir='ltr'>ex:</span> <span class='ocrx_word' id='word_1_576' title='bbox 379 2999 582 3029; x_wconf 77' lang='lat' dir='ltr'>contentione</span> <span class='ocrx_word' id='word_1_577' title='bbox 604 3000 691 3029; x_wconf 78' lang='lat' dir='ltr'>vocis</span> <span class='ocrx_word' id='word_1_578' title='bbox 715 3002 743 3030; x_wconf 85' lang='lat' dir='ltr'>et</span> <span class='ocrx_word' id='word_1_579' title='bbox 767 3000 990 3030; x_wconf 72' lang='lat' dir='ltr'>summissione</span> <span class='ocrx_word' id='word_1_580' title='bbox 1005 3003 1035 3030; x_wconf 79' lang='lat' dir='ltr'>ct</span> <span class='ocrx_word' id='word_1_581' title='bbox 1052 3000 1165 3031; x_wconf 78' lang='lat' dir='ltr'>ceteris</span> <span class='ocrx_word' id='word_1_582' title='bbox 1181 3000 1338 3030; x_wconf 79' lang='lat' dir='ltr'>similibus</span> <span class='ocrx_word' id='word_1_583' title='bbox 1353 2999 1451 3038; x_wconf 70' lang='lat' dir='ltr'>facile</span> <span class='ocrx_word' id='word_1_584' title='bbox 1469 2998 1682 3028; x_wconf 77' lang='lat' dir='ltr'>iudicabimus</span> <span class='ocrx_word' id='word_1_585' title='bbox 1706 2997 1836 3028; x_wconf 77' lang='lat' dir='ltr'>Nonius</span> <span class='ocrx_word' id='word_1_586' title='bbox 1853 2998 1970 3037; x_wconf 53' lang='lat' dir='ltr'>ps‘258.</span> 
     </span>
     <span class='ocr_line' id='line_1_49' title="bbox 207 3047 1973 3087; baseline -0.001 -9"><span class='ocrx_word' id='word_1_587' title='bbox 207 3066 249 3071; x_wconf 88' lang='lat'>-</span> <span class='ocrx_word' id='word_1_588' title='bbox 272 3057 316 3079; x_wconf 72' lang='lat' dir='ltr'>ea:</span> <span class='ocrx_word' id='word_1_589' title='bbox 340 3049 563 3079; x_wconf 77' lang='lat' dir='ltr'>summissione</span> <span class='ocrx_word' id='word_1_590' title='bbox 588 3048 630 3079; x_wconf 85' lang='lat' dir='ltr'>C:</span> <span class='ocrx_word' id='word_1_591' title='bbox 657 3051 686 3079; x_wconf 84' lang='lat' dir='ltr'>et</span> <span class='ocrx_word' id='word_1_592' title='bbox 709 3048 918 3079; x_wconf 78' lang='lat' dir='ltr'>submissione</span> <span class='ocrx_word' id='word_1_593' title='bbox 942 3057 960 3080; x_wconf 94' lang='lat' dir='ltr'>o</span> <span class='ocrx_word' id='word_1_594' title='bbox 990 3066 1020 3071; x_wconf 94' lang='lat'><strong>—</strong></span> <span class='ocrx_word' id='word_1_595' title='bbox 1051 3050 1104 3080; x_wconf 70' lang='lat'>⁶26.</span> <span class='ocrx_word' id='word_1_596' title='bbox 1130 3050 1184 3080; x_wconf 84' lang='lat' dir='ltr'>scd</span> <span class='ocrx_word' id='word_1_597' title='bbox 1206 3049 1302 3087; x_wconf 80' lang='lat' dir='ltr'>facilc</span> <span class='ocrx_word' id='word_1_598' title='bbox 1328 3047 1559 3086; x_wconf 75' lang='lat' dir='ltr'>iudicabimus,</span> <span class='ocrx_word' id='word_1_599' title='bbox 1579 3048 1654 3085; x_wconf 70' lang='lat' dir='ltr'>quid</span> <span class='ocrx_word' id='word_1_600' title='bbox 1677 3056 1789 3077; x_wconf 71' lang='lat' dir='ltr'>corum</span> <span class='ocrx_word' id='word_1_601' title='bbox 1814 3048 1910 3078; x_wconf 76' lang='lat' dir='ltr'>aliter</span> <span class='ocrx_word' id='word_1_602' title='bbox 1932 3048 1973 3078; x_wconf 85' lang='lat' dir='ltr'>ab</span> 
     </span>
     <span class='ocr_line' id='line_1_50' title="bbox 207 3096 1971 3138; baseline -0.001 -9"><span class='ocrx_word' id='word_1_603' title='bbox 207 3098 316 3138; x_wconf 78' lang='lat' dir='ltr'>officio</span> <span class='ocrx_word' id='word_1_604' title='bbox 340 3101 527 3137; x_wconf 81' lang='lat' dir='ltr'>naturaque</span> <span class='ocrx_word' id='word_1_605' title='bbox 551 3099 707 3137; x_wconf 70' lang='lat' dir='ltr'>discrepet</span> <span class='ocrx_word' id='word_1_606' title='bbox 739 3098 868 3129; x_wconf 71' lang='lat' dir='ltr'>Nonius</span> <span class='ocrx_word' id='word_1_607' title='bbox 894 3107 926 3138; x_wconf 87' lang='lat' dir='ltr'>p.</span> <span class='ocrx_word' id='word_1_608' title='bbox 944 3097 1016 3129; x_wconf 67' lang='lat'>234.</span> <span class='ocrx_word' id='word_1_609' title='bbox 1061 3116 1095 3121; x_wconf 92' lang='lat'>-—</span> <span class='ocrx_word' id='word_1_610' title='bbox 1139 3099 1354 3129; x_wconf 70' lang='lat' dir='ltr'>iudicabimus</span> <span class='ocrx_word' id='word_1_611' title='bbox 1386 3107 1474 3128; x_wconf 81' lang='lat' dir='ltr'>corr.</span> <span class='ocrx_word' id='word_1_612' title='bbox 1503 3106 1542 3128; x_wconf 78' lang='lat' dir='ltr'>cx</span> <span class='ocrx_word' id='word_1_613' title='bbox 1570 3098 1753 3128; x_wconf 76' lang='lat' dir='ltr'>iudicamus</span> <span class='ocrx_word' id='word_1_614' title='bbox 1783 3105 1800 3127; x_wconf 92' lang='lat' dir='ltr'>c</span> <span class='ocrx_word' id='word_1_615' title='bbox 1843 3114 1875 3118; x_wconf 91' lang='lat'><em>-</em></span> <span class='ocrx_word' id='word_1_616' title='bbox 1919 3096 1971 3127; x_wconf 67' lang='lat'>28.</span> 
     </span>
     <span class='ocr_line' id='line_1_51' title="bbox 209 3146 1968 3186; baseline -0.001 -8"><span class='ocrx_word' id='word_1_617' title='bbox 209 3147 359 3178; x_wconf 79' lang='lat' dir='ltr'>dedeceat</span> <span class='ocrx_word' id='word_1_618' title='bbox 389 3154 462 3178; x_wconf 79' lang='lat' dir='ltr'>ac:</span> <span class='ocrx_word' id='word_1_619' title='bbox 499 3147 609 3178; x_wconf 85' lang='lat' dir='ltr'>deceat</span> <span class='ocrx_word' id='word_1_620' title='bbox 639 3148 714 3184; x_wconf 86' lang='lat' dir='ltr'>llb;</span> <span class='ocrx_word' id='word_1_621' title='bbox 751 3156 813 3178; x_wconf 87' lang='lat' dir='ltr'>non</span> <span class='ocrx_word' id='word_1_622' title='bbox 839 3148 950 3179; x_wconf 74' lang='lat' dir='ltr'>deceat</span> <span class='ocrx_word' id='word_1_623' title='bbox 977 3148 1000 3179; x_wconf 89' lang='lat' dir='ltr'><strong>B</strong></span> <span class='ocrx_word' id='word_1_624' title='bbox 1045 3166 1076 3171; x_wconf 85' lang='lat'><strong>—</strong></span> <span class='ocrx_word' id='word_1_625' title='bbox 1120 3148 1172 3179; x_wconf 72' lang='lat'>29.</span> <span class='ocrx_word' id='word_1_626' title='bbox 1198 3149 1231 3178; x_wconf 81' lang='lat' dir='ltr'>in</span> <span class='ocrx_word' id='word_1_627' title='bbox 1256 3148 1318 3178; x_wconf 72' lang='lat' dir='ltr'>iliis</span> <span class='ocrx_word' id='word_1_628' title='bbox 1349 3156 1388 3178; x_wconf 86' lang='lat' dir='ltr'>a:</span> <span class='ocrx_word' id='word_1_629' title='bbox 1426 3148 1455 3177; x_wconf 86' lang='lat' dir='ltr'>in</span> <span class='ocrx_word' id='word_1_630' title='bbox 1482 3147 1554 3178; x_wconf 80' lang='lat' dir='ltr'>illos</span> <span class='ocrx_word' id='word_1_631' title='bbox 1583 3147 1737 3184; x_wconf 85' lang='lat' dir='ltr'>Bllbc;</span> <span class='ocrx_word' id='word_1_632' title='bbox 1776 3146 1859 3177; x_wconf 81' lang='lat' dir='ltr'>ulios</span> <span class='ocrx_word' id='word_1_633' title='bbox 1887 3155 1906 3186; x_wconf 90' lang='lat' dir='ltr'>p</span> <span class='ocrx_word' id='word_1_634' title='bbox 1935 3163 1968 3167; x_wconf 86' lang='lat'>—</span> 
     </span>
     <span class='ocr_line' id='line_1_52' title="bbox 209 3194 1972 3238; baseline -0.001 -10"><span class='ocrx_word' id='word_1_635' title='bbox 209 3196 263 3228; x_wconf 93' lang='grc'>30.</span> <span class='ocrx_word' id='word_1_636' title='bbox 289 3196 508 3235; x_wconf 82' lang='lat' dir='ltr'>delinquimus</span> <span class='ocrx_word' id='word_1_637' title='bbox 529 3206 550 3237; x_wconf 91' lang='lat' dir='ltr'>p</span> <span class='ocrx_word' id='word_1_638' title='bbox 575 3214 610 3218; x_wconf 97' lang='lat'><strong>—</strong></span> <span class='ocrx_word' id='word_1_639' title='bbox 638 3197 690 3228; x_wconf 75' lang='lat'>31.</span> <span class='ocrx_word' id='word_1_640' title='bbox 717 3197 934 3238; x_wconf 69' lang='lat' dir='ltr'>corriyuntur</span> <span class='ocrx_word' id='word_1_641' title='bbox 955 3198 1041 3229; x_wconf 84' lang='lat' dir='ltr'>uitia</span> <span class='ocrx_word' id='word_1_642' title='bbox 1064 3198 1097 3229; x_wconf 87' lang='lat' dir='ltr'>in</span> <span class='ocrx_word' id='word_1_643' title='bbox 1121 3198 1270 3229; x_wconf 79' lang='lat' dir='ltr'>discendo</span> <span class='ocrx_word' id='word_1_644' title='bbox 1295 3205 1436 3237; x_wconf 77' lang='lat' dir='ltr'>quorum</span> <span class='ocrx_word' id='word_1_645' title='bbox 1459 3197 1634 3228; x_wconf 81' lang='lat' dir='ltr'>imitantur</span> <span class='ocrx_word' id='word_1_646' title='bbox 1659 3205 1676 3228; x_wconf 89' lang='lat' dir='ltr'>c</span> <span class='ocrx_word' id='word_1_647' title='bbox 1705 3215 1736 3219; x_wconf 94' lang='lat'><em>-</em></span> <span class='ocrx_word' id='word_1_648' title='bbox 1765 3196 1933 3228; x_wconf 82' lang='lat' dir='ltr'>imitentur</span> <span class='ocrx_word' id='word_1_649' title='bbox 1948 3194 1972 3227; x_wconf 92' lang='lat' dir='ltr'><strong>B</strong></span> 
     </span>
     <span class='ocr_line' id='line_1_53' title="bbox 213 3245 712 3288; baseline 0.002 -11"><span class='ocrx_word' id='word_1_650' title='bbox 213 3262 249 3269; x_wconf 94' lang='lat'>—</span> <span class='ocrx_word' id='word_1_651' title='bbox 275 3245 329 3277; x_wconf 75' lang='lat'>32.</span> <span class='ocrx_word' id='word_1_652' title='bbox 355 3246 399 3278; x_wconf 86' lang='lat' dir='ltr'>ad</span> <span class='ocrx_word' id='word_1_653' title='bbox 420 3254 461 3278; x_wconf 85' lang='lat' dir='ltr'>ea</span> <span class='ocrx_word' id='word_1_654' title='bbox 482 3247 656 3288; x_wconf 68' lang='lat' dir='ltr'>dirigenda</span> <span class='ocrx_word' id='word_1_655' title='bbox 678 3255 712 3287; x_wconf 89' lang='lat' dir='ltr'>p.</span> 
     </span>
    </p>
   </div>
  </div>
 </body>
</html>
