2249 3624
295 74 349 119 72
574 77 902 120 FRAGMENTA
931 77 1361 119 ACADEMICORUM
1391 77 1779 119 POSTERIORUM.

408 189 474 232 49.
505 192 664 232 Nonius
695 205 735 244 p.
767 187 860 231 447.
914 189 1158 230 Gallinas.
1191 190 1272 233 Cic.
1305 189 1627 232 Academicorum
1657 190 1722 232 lib.
1750 191 1839 231 III:
1871 190 1942 244 qui
1970 189 2052 244 gal-

294 254 402 296 linas
423 277 474 284 --
495 254 635 295 dicere
665 253 869 294 solebant.
900 267 953 288 :-
984 252 1173 292 Lucullus
1203 250 1230 304 S
1263 249 1329 292 57.

974 396 1054 432 Ex
1079 395 1250 432 LIBRO
1276 395 1373 431 1111.

404 498 471 540 20.
501 499 661 539 Nonius
694 512 734 552 p.
765 495 831 538 69.
884 496 1189 550 Adstipulari
1224 497 1401 549 positum
1430 502 1485 537 est
1513 498 1716 540 adsentiri.
1771 497 1850 538 Cic.
1879 496 1922 537 in
1951 497 2054 539 Aca-

259 563 451 603 &denzicis
479 562 544 602 lib.
575 563 682 602 IIII:
711 561 862 601 falsum
893 573 985 600 esse
1006 582 1058 589 --
1078 558 1324 599 Antiochus.
1355 575 1409 595 Ξ
1438 561 1626 600 Lucullus
1656 559 1683 612 ἕ
1717 557 1783 600 67.

402 621 469 665 24.
500 625 660 664 Nonius
691 637 730 677 p.
754 622 829 664 65:
859 623 1131 665 Maeniana
1161 622 1208 661 ab
1238 622 1439 662 inventore
1469 635 1603 662 eorum
1624 624 1781 664 Maenio
1810 623 1916 663 dicta
1944 630 2054 669 sunt;

287 688 387 727 unde
417 693 451 727 et
480 687 663 727 columna
691 687 864 728 Maenia.
912 687 993 727 Cic.
1027 685 1351 725 Academicorum
1382 685 1444 724 lib.
1469 687 1581 725 IIII:
1617 685 1717 725 item
1747 686 1840 735 ille,
1872 700 1966 726 cum
1987 699 2055 726 ae-

288 754 466 798 stuaret,
498 754 708 797 veterum,
739 754 785 790 ut
815 750 1154 796 Maenianorum‚
1185 748 1246 787 sic
1266 747 1608 788 Academicorum
1640 748 1747 788 viam
1780 754 1946 789 secutus
1978 752 2054 788 est.

287 827 341 849 :z
371 813 561 853 Lucullus
591 810 618 865 ὃ
650 810 718 852 70.

238 882 273 911 ⁴0
399 872 466 915 22.
497 875 659 914 Nonius
689 889 728 928 p.
751 872 816 914 99.
864 875 1097 920 Dolitum‚
1129 873 1230 925 quod
1249 873 1429 912 dolatum
1454 886 1530 912 usu
1559 873 1722 920 dicitur,
1755 874 1856 926 quod
1886 878 1940 913 est
1962 885 2056 925 per-

286 949 441 977 cacsum
469 937 528 977 vel
557 938 744 977 abrasum
763 938 822 977 vel
842 938 1024 989 effossum
1046 970 1055 979 .
1078 966 1087 976 .
1111 937 1245 976 Cicero
1275 936 1494 974 dolatum
1514 936 1839 977 Academicorum
1860 937 1926 976 lib.
1947 938 2055 976 IIII.-

287 1013 370 1040 non
402 1000 513 1040 enim
545 1005 608 1040 est
638 1013 659 1040 e
691 1013 791 1040 saxo
825 1000 1011 1053 sculptus
1043 1003 1114 1038 aut
1145 1012 1166 1037 e
1198 998 1343 1038 robore
1376 998 1552 1037 dolatus.
1576 1013 1628 1032 Ξ
1659 999 1754 1038 Luc.
1786 998 1814 1050 §
1849 996 1942 1039 400.

399 1060 465 1103 23.
496 1063 655 1103 Nonius
686 1076 726 1115 p.
748 1059 841 1101 464.
893 1064 1074 1102 Ιέαυηφη
1101 1062 1268 1113 fulvum.
1319 1061 1398 1100 Cic.
1431 1061 1552 1100 Acad.
1588 1062 1612 1100 l.
1645 1062 1753 1100 IIII:
1788 1062 1886 1115 quia
1916 1062 2057 1102 nohis-

287 1128 371 1165 met
400 1125 502 1178 ipsis
531 1130 617 1165 tum
647 1125 907 1172 caeruleum,
939 1130 1027 1165 tum
1055 1137 1199 1164 ravum
1230 1123 1407 1172 videtur,
1440 1123 1641 1177 quodque
1671 1137 1782 1164 nunc
1803 1137 1826 1164 a
1847 1124 1935 1164 sole
1958 1138 2057 1164 con-

238 1187 470 1230 relucet...
501 1203 554 1223 z
584 1188 682 1227 Luc.
715 1185 743 1239 §
777 1184 870 1226 405.

400 1247 467 1289 24.
499 1250 658 1290 Nonius
691 1263 732 1302 p.
764 1246 859 1289 407.
905 1249 1189 1289 Emanclare
1219 1255 1273 1289 est
1298 1250 1450 1302 perpeti
1478 1251 1537 1290 cel
1566 1262 1770 1302 superare.
1819 1250 1900 1290 Cic.
1934 1249 2057 1292 Acad.

287 1313 313 1352 l.
344 1312 453 1351 IIII:
495 1313 705 1366 credoque
748 1311 1004 1352 Clitomacho
1041 1312 1098 1353 ita
1129 1312 1324 1352 scribenti
1355 1318 1402 1354 ut
1430 1313 1599 1353 Herculi
1631 1313 1841 1366 quendam
1871 1312 2055 1354 lahorem

288 1374 566 1415 exanclatum.
597 1389 650 1410 =
681 1375 777 1415 Luc.
809 1373 837 1426 §
870 1371 963 1414 408.

399 1435 467 1477 25.
500 1437 658 1477 Nonius
680 1451 720 1490 p.
744 1434 837 1477 463.
869 1438 1059 1490 Pinque
1084 1438 1259 1490 positum
1284 1451 1361 1490 pro
1385 1438 1571 1489 impedito
1592 1444 1625 1477 et
1647 1438 1789 1490 inepto.
1822 1439 1903 1479 Cic.
1929 1438 2054 1479 Acad.

238 1508 274 1537 20
288 1500 315 1540 l.
348 1500 460 1539 IIII:
492 1500 606 1552 quod
637 1499 719 1552 ipsi
739 1522 790 1529 -·-
812 1500 1081 1540 contrarium.
1113 1516 1165 1535 :-
1197 1502 1293 1540 Luc.
1327 1499 1354 1553 §
1389 1498 1482 1539 409.

399 1561 466 1602 26.
498 1562 656 1602 Nonius
687 1578 725 1616 p.
758 1559 852 1602 422.
896 1564 1213 1615 Infinitatem.
1265 1564 1344 1607 Cic.
1377 1563 1499 1603 Acad.
1531 1564 1594 1603 lib.
1625 1564 1737 1602 IIII:
1769 1569 1810 1604 at
1839 1563 1918 1604 hoc
1948 1564 2058 1604 Ana-

287 1625 508 1666 ximandro
530 1648 582 1655 --
602 1623 864 1666 infinitatem.
896 1641 948 1661 z
980 1627 1074 1665 Luc.
1106 1625 1134 1678 §
1168 1623 1261 1666 448.

401 1686 467 1727 27.
499 1688 661 1728 Nonius
693 1703 732 1741 p.
764 1687 830 1728 65.
891 1690 1112 1729 Natrices
1151 1690 1338 1728 dicuntur
1378 1701 1524 1739 unques
1559 1694 1752 1728 natantes.
1811 1690 1890 1730 Cic.
1933 1688 2054 1730 Acad.

288 1751 352 1793 lib.
384 1752 496 1790 IIII:
528 1751 586 1790 sic
619 1752 729 1791 enim
760 1752 883 1791 vultis
904 1774 956 1780 --
979 1751 1126 1791 fecerit
1156 1767 1207 1786 z
1239 1753 1334 1791 Luc.
1366 1750 1393 1803 ἓ
1427 1749 1519 1790 420.

236 1823 272 1850 25
400 1811 466 1853 28.
498 1814 659 1853 Nonius
690 1828 729 1866 p.
763 1811 856 1854 489.
915 1815 1193 1854 Uncinatum
1224 1814 1270 1853 ab
1300 1827 1415 1853 unco.
1463 1814 1545 1853 Cic.
1580 1812 1699 1853 Acad.
1733 1815 1798 1854 lib.
1828 1815 1937 1854 IIII:
1968 1828 2058 1864 nec,

286 1876 457 1923 utillo,
502 1876 577 1929 qui
617 1876 776 1928 asperis
821 1881 860 1917 et
897 1876 1072 1916 hamatis
1114 1876 1409 1930 uncinatisque
1440 1877 1698 1930 corpusculis
1729 1882 1925 1919 concreta
1953 1878 2058 1919 haec

288 1952 379 1979 esse
411 1938 533 1978 dicat.
565 1953 617 1973 --
648 1940 744 1978 Luc.
780 1938 807 1991 §
841 1936 934 1978 421.

400 1999 467 2040 29.
498 2001 725 2041 Martianus
758 2002 927 2055 Capella
950 2004 996 2048 V,
1027 2000 1055 2053 ἕ
1077 1999 1157 2040 517
1189 2017 1227 2054 p.
1251 1999 1331 2040 444-
1359 2003 1423 2042 ed.
1447 2003 1582 2056 Kopp.
1636 2004 1843 2044 Vitandum
1872 2005 2059 2045 similiter

286 2077 333 2104 ne
362 2065 404 2104 in
434 2064 564 2104 eodem
593 2064 675 2103 loco
706 2070 785 2104 tres
815 2071 882 2104 aut
903 2071 1090 2117 quattuor
1121 2065 1258 2116 lonqas
1288 2065 1490 2117 brevesque
1511 2067 1695 2105 continuo
1720 2080 1931 2118 ponamuS,
1967 2081 2058 2108 neve

237 2137 273 2165 30
287 2128 330 2167 in
373 2127 600 2167 notissimos
635 2139 771 2166 versus
814 2133 848 2166 ct
888 2129 1064 2167 maocime
1109 2128 1286 2166 heroicos
1325 2134 1527 2168 structura
1564 2129 1759 2180 fundatur
1796 2130 2056 2182 iambicosquc

286 2202 440 2236 versus,
475 2190 652 2242 quamvis
681 2203 745 2229 eos
775 2190 909 2229 Cicero
939 2203 1018 2229 non
1048 2192 1159 2229 evitet
1183 2222 1190 2230 .
1214 2220 1222 2229 .
1247 2220 1257 2229 .
1278 2196 1311 2229 et
1341 2192 1492 2230 heroici
1521 2204 1657 2231 ‘versus
1683 2193 1798 2243 finem
1818 2193 1876 2231 vel
1897 2193 2057 2231 initium

286 2266 365 2292 non
394 2253 573 2299 declinet,
604 2265 693 2291 cum
721 2253 842 2291 dicit:
874 2266 898 2292 0
931 2253 1127 2292 miserum
1159 2253 1225 2292 cui
1258 2266 1429 2306 peccare
1462 2254 1634 2301 licebat,
1666 2261 1700 2293 et
1731 2256 1773 2294 in
1793 2254 2055 2294 Academicis:

288 2315 420 2355 latent
460 2315 539 2354 ista
581 2315 742 2363 omnia,
786 2316 938 2363 Varro,
980 2316 1141 2368 magnis
1174 2316 1393 2356 obscurata
1425 2320 1466 2356 et
1496 2317 1747 2357 circumfusa
1778 2317 1971 2357 tenebris.
2003 2332 2056 2352 Ξ

288 2378 383 2417 Luc.
413 2376 441 2429 §
474 2374 568 2426 422.

238 2449 274 2479 35
400 2438 467 2479 30.
497 2439 657 2479 Nonius
688 2454 726 2493 p.
759 2436 861 2479 40⁶2:
910 2441 949 2479 Ε
979 2442 1182 2492 reqione
1215 2443 1391 2493 positum
1435 2447 1490 2481 est
1520 2455 1570 2481 ex
1601 2443 1777 2482 adverso.
1825 2442 1902 2483 Cic.
1932 2441 2054 2483 Acad.

288 2502 354 2541 lib.
388 2503 497 2541 IIII:
542 2515 620 2542 nec
661 2516 736 2555 ego
774 2516 857 2542 non
902 2503 957 2542 ita
989 2533 998 2542 .
1033 2517 1105 2542 vos
1144 2505 1268 2543 etiam
1308 2505 1446 2544 dicitis
1479 2519 1569 2545 esse
1602 2519 1623 2544 e
1654 2505 1827 2557 regione
1859 2505 1979 2545 nobis
2011 2506 2053 2545 in

290 2565 498 2605 contraria
528 2570 645 2618 parte
676 2570 834 2613 terrae,
866 2565 937 2619 qui
970 2565 1156 2606 adversis
1186 2567 1374 2620 vestigiis
1406 2571 1517 2607 stent
1538 2572 1683 2607 contra
1703 2571 1844 2607 nostra
1865 2568 2054 2620 vestigia.

289 2641 342 2662 z
374 2628 469 2667 Luc.
499 2625 528 2679 §
561 2625 655 2667 423.

376 2813 406 2844 4.
432 2812 576 2844 Krische
601 2822 635 2854 p.
656 2812 695 2843 60
720 2814 857 2851 erravit,
885 2822 965 2845 cum
990 2823 1008 2844 a
1030 2814 1139 2845 Nonio
1166 2814 1232 2845 boc
1256 2814 1334 2846 loco
1360 2824 1490 2847 novum
1517 2815 1747 2854 fragmentum
1774 2825 1814 2847 ex
1839 2815 1928 2847 libro
1953 2817 1980 2847 II
2005 2816 2056 2848 al-

287 2863 395 2895 latum
428 2862 577 2903 putavit;
611 2862 780 2903 deceptus
813 2865 867 2894 est
891 2864 982 2895 enin]
1009 2864 1257 2904 depravatione
1288 2865 1319 2896 in
1346 2867 1515 2906 scriptura
1542 2866 1658 2904 Nouii,
1692 2865 1736 2896 ab
1763 2866 1836 2898 eius
1862 2866 2055 2898 editoribus

288 2912 444 2944 nondum
469 2913 639 2949 correcta,
666 2912 697 2942 in
717 2921 786 2952 quo
811 2922 893 2944 vera
919 2913 1021 2945 lectio
1046 2915 1068 2944 ii
1094 2913 1177 2944 abiit
1200 2914 1233 2944 in
1257 2914 1309 2944 lib,
1329 2916 1376 2952 ΙΙ;
1404 2925 1434 2945 v.
1457 2924 1561 2956 supra
1587 2916 1629 2945 ad
1655 2924 1688 2956 p.
1708 2916 1760 2954 22,
1782 2916 1832 2947 43.
1852 2935 1894 2939 -
1917 2917 1948 2947 7.
1967 2917 2054 2958 item]

286 2963 405 2993 iterum
429 2961 531 2993 codd.
551 2962 650 2993 Nonii
678 2979 711 2984 -—
740 2962 770 2993 8.
795 2963 895 3003 viam]
920 2964 1073 2995 umbram
1097 2963 1199 2994 codd.
1227 2964 1297 2995 Cic.
1321 2983 1355 2987 —
1384 2966 1435 2995 402.
1462 2974 1546 2996 saa-o
1571 2969 1628 2995 aut
1651 2966 1756 2996 cultus
1780 2974 1796 2997 e
1816 2966 1933 2998 robore
1950 2966 2052 2997 codd.

286 3012 385 3043 Nonii
414 3029 447 3034 —
476 3011 526 3042 43.
551 3011 680 3050 saluum
704 3011 782 3042 cod.
811 3013 944 3050 Bamb„
972 3013 1064 3044 unde
1086 3015 1214 3054 flauum
1238 3014 1466 3047 scribendum
1491 3015 1628 3046 videtur
1652 3033 1685 3036 —
1715 3016 1766 3046 47.
1792 3019 1827 3046 ut
1852 3025 1921 3047 om.
1948 3016 2051 3046 codd.

289 3061 359 3092 Cic.
389 3078 423 3082 —
458 3061 509 3091 40.
537 3062 763 3100 impedimento
791 3062 869 3093 cod.
897 3063 1019 3094 Bainb.
1048 3080 1082 3084 —
1116 3064 1168 3094 b26.
1202 3065 1393 3102 corporibus
1424 3065 1525 3096 codd.
1559 3064 1703 3102 Luculli,
1739 3066 1911 3096 incertum
1936 3066 2053 3096 utrum

287 3120 407 3142 errore
432 3109 653 3142 librariorum
678 3120 720 3142 an
746 3111 789 3142 ita
807 3111 943 3143 dederit
968 3114 1041 3153 ipse
1061 3114 1181 3143 Cicero
1209 3114 1238 3144 in
1266 3114 1379 3153 priore
1404 3116 1604 3154 scriptione.
1626 3132 1659 3136 —
1688 3114 1739 3146 33.
1760 3116 1883 3153 omnia,
1908 3115 2051 3151 Luculle,

286 3161 407 3191 crassis
429 3161 592 3191 occultata
616 3165 644 3192 et
667 3170 695 3192 c.
722 3165 743 3192 t.
765 3162 833 3192 Cic.
854 3164 885 3193 in
912 3162 1071 3201 Lucullo,
1098 3172 1187 3203 quae
1213 3164 1286 3204 ipse
1312 3165 1431 3204 postea
1457 3165 1524 3203 sic,
1552 3166 1586 3195 ut
1611 3165 1703 3205 apud
1729 3159 1906 3205 Capellam
1930 3164 2052 3204 legun-

287 3211 361 3249 tur,
388 3210 525 3243 videtur
548 3213 722 3251 mutasse3
751 3211 792 3244 cf.
821 3213 963 3244 Krische
988 3222 1021 3255 p.
1048 3213 1087 3245 63
1113 3222 1165 3255 sq.
1196 3231 1229 3236 —
1257 3214 1308 3246 37.
1336 3217 1417 3247 stent
1447 3216 1491 3246 ad
1517 3218 1634 3246 contra
1656 3215 1794 3257 vcstiyia
1817 3214 1918 3247 codd.
1937 3215 2048 3247 Nonii.
