<?xml version="1.0" encoding="UTF-8"?>
<!DOCTYPE html PUBLIC "-//W3C//DTD XHTML 1.0 Transitional//EN"
    "http://www.w3.org/TR/xhtml1/DTD/xhtml1-transitional.dtd">
<html xmlns="http://www.w3.org/1999/xhtml" xml:lang="en" lang="en">
 <head>
  <title>
</title>
<meta http-equiv="Content-Type" content="text/html;charset=utf-8" />
  <meta name='ocr-system' content='tesseract 3.04.00' />
  <meta name='ocr-capabilities' content='ocr_page ocr_carea ocr_par ocr_line ocrx_word'/>
</head>
<body>
  <div class='ocr_page' id='page_1' title='image "./operaquaesupersu04ciceuoft_0422.png"; bbox 0 0 2249 3624; ppageno 0'>
   <div class='ocr_carea' id='block_1_1' title="bbox 320 120 1485 165">
    <p class='ocr_par' dir='ltr' id='par_1_1' title="bbox 320 120 1485 165">
     <span class='ocr_line' id='line_1_1' title="bbox 320 120 1485 165; baseline -0.002 -1"><span class='ocrx_word' id='word_1_1' title='bbox 320 120 402 165; x_wconf 86' lang='lat'>378</span> <span class='ocrx_word' id='word_1_2' title='bbox 917 124 987 164; x_wconf 92' lang='lat' dir='ltr'>DE</span> <span class='ocrx_word' id='word_1_3' title='bbox 1020 122 1241 165; x_wconf 90' lang='lat' dir='ltr'>DEORUM</span> <span class='ocrx_word' id='word_1_4' title='bbox 1271 120 1485 163; x_wconf 89' lang='lat' dir='ltr'><strong>NATURA</strong></span> 
     </span>
    </p>
   </div>
   <div class='ocr_carea' id='block_1_2' title="bbox 263 228 2097 2472">
    <p class='ocr_par' dir='ltr' id='par_1_2' title="bbox 263 228 2097 2472">
     <span class='ocr_line' id='line_1_2' title="bbox 319 228 2088 284; baseline 0 -12"><span class='ocrx_word' id='word_1_5' title='bbox 319 233 362 273; x_wconf 92' lang='lat' dir='ltr'>in</span> <span class='ocrx_word' id='word_1_6' title='bbox 392 231 579 271; x_wconf 72' lang='lat' dir='ltr'>mundo?</span> <span class='ocrx_word' id='word_1_7' title='bbox 619 232 725 270; x_wconf 92' lang='lat' dir='ltr'>Tum</span> <span class='ocrx_word' id='word_1_8' title='bbox 754 230 1061 284; x_wconf 80' lang='lat' dir='ltr'>Xenophanes,</span> <span class='ocrx_word' id='word_1_9' title='bbox 1094 229 1165 282; x_wconf 92' lang='lat' dir='ltr'>qui</span> <span class='ocrx_word' id='word_1_10' title='bbox 1195 233 1332 269; x_wconf 90' lang='lat' dir='ltr'>mente</span> <span class='ocrx_word' id='word_1_11' title='bbox 1353 228 1549 269; x_wconf 89' lang='lat' dir='ltr'>adiuncta</span> <span class='ocrx_word' id='word_1_12' title='bbox 1570 242 1693 269; x_wconf 90' lang='lat' dir='ltr'>omne</span> <span class='ocrx_word' id='word_1_13' title='bbox 1714 232 1942 282; x_wconf 87' lang='lat' dir='ltr'>praeterea,</span> <span class='ocrx_word' id='word_1_14' title='bbox 1974 230 2088 283; x_wconf 90' lang='lat' dir='ltr'>quod</span> 
     </span>
     <span class='ocr_line' id='line_1_3' title="bbox 320 291 2089 345; baseline -0.001 -10"><span class='ocrx_word' id='word_1_15' title='bbox 320 299 430 335; x_wconf 89' lang='lat' dir='ltr'>esset</span> <span class='ocrx_word' id='word_1_16' title='bbox 459 292 687 340; x_wconf 85' lang='lat' dir='ltr'>infinitum,</span> <span class='ocrx_word' id='word_1_17' title='bbox 718 292 844 332; x_wconf 91' lang='lat' dir='ltr'>deum</span> <span class='ocrx_word' id='word_1_18' title='bbox 875 292 1006 333; x_wconf 90' lang='lat' dir='ltr'>voluit</span> <span class='ocrx_word' id='word_1_19' title='bbox 1036 305 1147 338; x_wconf 90' lang='lat' dir='ltr'>esse,</span> <span class='ocrx_word' id='word_1_20' title='bbox 1180 291 1231 331; x_wconf 91' lang='lat' dir='ltr'>de</span> <span class='ocrx_word' id='word_1_21' title='bbox 1261 291 1354 344; x_wconf 90' lang='lat' dir='ltr'>ipsa</span> <span class='ocrx_word' id='word_1_22' title='bbox 1383 296 1522 331; x_wconf 84' lang='lat' dir='ltr'>mente</span> <span class='ocrx_word' id='word_1_23' title='bbox 1552 291 1652 331; x_wconf 89' lang='lat' dir='ltr'>item</span> <span class='ocrx_word' id='word_1_24' title='bbox 1682 291 2013 345; x_wconf 85' lang='lat' dir='ltr'>reprehenditur,</span> <span class='ocrx_word' id='word_1_25' title='bbox 2042 296 2089 333; x_wconf 87' lang='lat' dir='ltr'>ut</span> 
     </span>
     <span class='ocr_line' id='line_1_4' title="bbox 319 353 2088 408; baseline -0.001 -11"><span class='ocrx_word' id='word_1_26' title='bbox 319 356 468 404; x_wconf 87' lang='lat' dir='ltr'>ceteri,</span> <span class='ocrx_word' id='word_1_27' title='bbox 515 356 566 396; x_wconf 91' lang='lat' dir='ltr'>de</span> <span class='ocrx_word' id='word_1_28' title='bbox 610 355 816 396; x_wconf 89' lang='lat' dir='ltr'>infinitate</span> <span class='ocrx_word' id='word_1_29' title='bbox 856 361 994 396; x_wconf 90' lang='lat' dir='ltr'>autem</span> <span class='ocrx_word' id='word_1_30' title='bbox 1035 353 1345 401; x_wconf 87' lang='lat' dir='ltr'>vehementius,</span> <span class='ocrx_word' id='word_1_31' title='bbox 1392 354 1434 393; x_wconf 91' lang='lat' dir='ltr'>in</span> <span class='ocrx_word' id='word_1_32' title='bbox 1477 367 1560 407; x_wconf 92' lang='lat' dir='ltr'>qua</span> <span class='ocrx_word' id='word_1_33' title='bbox 1598 354 1704 394; x_wconf 87' lang='lat' dir='ltr'>nihil</span> <span class='ocrx_word' id='word_1_34' title='bbox 1734 367 1872 408; x_wconf 88' lang='lat' dir='ltr'>neque</span> <span class='ocrx_word' id='word_1_35' title='bbox 1903 354 2088 395; x_wconf 89' lang='lat' dir='ltr'>sentiens</span> 
     </span>
     <span class='ocr_line' id='line_1_5' title="bbox 318 416 2088 473; baseline -0.001 -14"><span class='ocrx_word' id='word_1_36' title='bbox 318 432 458 473; x_wconf 89' lang='lat' dir='ltr'>neque</span> <span class='ocrx_word' id='word_1_37' title='bbox 489 418 759 459; x_wconf 85' lang='lat' dir='ltr'>coniunctum</span> <span class='ocrx_word' id='word_1_38' title='bbox 791 423 928 472; x_wconf 90' lang='lat' dir='ltr'>potest</span> <span class='ocrx_word' id='word_1_39' title='bbox 958 431 1062 457; x_wconf 88' lang='lat' dir='ltr'>esse.</span> <span class='ocrx_word' id='word_1_40' title='bbox 1112 418 1214 456; x_wconf 90' lang='lat' dir='ltr'>Nam</span> <span class='ocrx_word' id='word_1_41' title='bbox 1247 416 1514 456; x_wconf 87' lang='lat' dir='ltr'>Parmenides</span> <span class='ocrx_word' id='word_1_42' title='bbox 1546 417 1716 469; x_wconf 90' lang='lat' dir='ltr'>quidem</span> <span class='ocrx_word' id='word_1_43' title='bbox 1751 417 2088 457; x_wconf 89' lang='lat' dir='ltr'>commenticium</span> 
     </span>
     <span class='ocr_line' id='line_1_6' title="bbox 286 478 2089 536; baseline -0.002 -14"><span class='ocrx_word' id='word_1_44' title='bbox 286 491 305 522; x_wconf 82' lang='lat'>5</span> <span class='ocrx_word' id='word_1_45' title='bbox 320 481 521 536; x_wconf 84' lang='lat' dir='ltr'>quiddam</span> <span class='ocrx_word' id='word_1_46' title='bbox 543 493 722 521; x_wconf 89' lang='lat' dir='ltr'>coronae</span> <span class='ocrx_word' id='word_1_47' title='bbox 744 480 881 520; x_wconf 89' lang='lat' dir='ltr'>simile</span> <span class='ocrx_word' id='word_1_48' title='bbox 903 478 1052 519; x_wconf 86' lang='lat' dir='ltr'>efficit:</span> <span class='ocrx_word' id='word_1_49' title='bbox 1085 479 1304 530; x_wconf 77' lang='grc' dir='ltr'>στεφάνην</span> <span class='ocrx_word' id='word_1_50' title='bbox 1325 479 1522 532; x_wconf 86' lang='lat' dir='ltr'>appellat,</span> <span class='ocrx_word' id='word_1_51' title='bbox 1553 479 1792 520; x_wconf 72' lang='lat' dir='ltr'>continente</span> <span class='ocrx_word' id='word_1_52' title='bbox 1814 479 1962 519; x_wconf 91' lang='lat' dir='ltr'>ardore</span> <span class='ocrx_word' id='word_1_53' title='bbox 1984 479 2089 519; x_wconf 89' lang='lat' dir='ltr'>lucis</span> 
     </span>
     <span class='ocr_line' id='line_1_7' title="bbox 319 541 2090 596; baseline -0.001 -13"><span class='ocrx_word' id='word_1_54' title='bbox 319 544 485 590; x_wconf 91' lang='lat' dir='ltr'>orbem,</span> <span class='ocrx_word' id='word_1_55' title='bbox 518 543 589 596; x_wconf 90' lang='lat' dir='ltr'>qui</span> <span class='ocrx_word' id='word_1_56' title='bbox 620 543 760 595; x_wconf 85' lang='lat' dir='ltr'>cingat</span> <span class='ocrx_word' id='word_1_57' title='bbox 790 542 973 589; x_wconf 87' lang='lat' dir='ltr'>caelum,</span> <span class='ocrx_word' id='word_1_58' title='bbox 1006 555 1130 595; x_wconf 90' lang='lat' dir='ltr'>quem</span> <span class='ocrx_word' id='word_1_59' title='bbox 1162 541 1348 594; x_wconf 90' lang='lat' dir='ltr'>appellat</span> <span class='ocrx_word' id='word_1_60' title='bbox 1378 541 1523 580; x_wconf 87' lang='lat' dir='ltr'>deum:</span> <span class='ocrx_word' id='word_1_61' title='bbox 1554 541 1597 580; x_wconf 92' lang='lat' dir='ltr'>in</span> <span class='ocrx_word' id='word_1_62' title='bbox 1629 555 1714 595; x_wconf 91' lang='lat' dir='ltr'>quo</span> <span class='ocrx_word' id='word_1_63' title='bbox 1745 554 1883 595; x_wconf 91' lang='lat' dir='ltr'>neque</span> <span class='ocrx_word' id='word_1_64' title='bbox 1913 541 2090 594; x_wconf 86' lang='lat' dir='ltr'>figuram</span> 
     </span>
     <span class='ocr_line' id='line_1_8' title="bbox 319 603 2090 658; baseline -0.001 -13"><span class='ocrx_word' id='word_1_65' title='bbox 319 606 503 646; x_wconf 90' lang='lat' dir='ltr'>divinam</span> <span class='ocrx_word' id='word_1_66' title='bbox 545 618 685 658; x_wconf 90' lang='lat' dir='ltr'>neque</span> <span class='ocrx_word' id='word_1_67' title='bbox 725 618 895 645; x_wconf 91' lang='lat' dir='ltr'>sensum</span> <span class='ocrx_word' id='word_1_68' title='bbox 934 604 1157 658; x_wconf 89' lang='lat' dir='ltr'>quisquam</span> <span class='ocrx_word' id='word_1_69' title='bbox 1198 603 1400 656; x_wconf 87' lang='lat' dir='ltr'>suspicari</span> <span class='ocrx_word' id='word_1_70' title='bbox 1443 608 1602 656; x_wconf 84' lang='lat' dir='ltr'>potest:</span> <span class='ocrx_word' id='word_1_71' title='bbox 1644 603 1860 657; x_wconf 89' lang='lat' dir='ltr'>multaque</span> <span class='ocrx_word' id='word_1_72' title='bbox 1902 603 2090 643; x_wconf 90' lang='lat' dir='ltr'>eiusdem</span> 
     </span>
     <span class='ocr_line' id='line_1_9' title="bbox 318 665 2092 720; baseline -0.001 -13"><span class='ocrx_word' id='word_1_73' title='bbox 318 668 431 708; x_wconf 90' lang='lat' dir='ltr'>modi</span> <span class='ocrx_word' id='word_1_74' title='bbox 464 672 669 715; x_wconf 91' lang='lat' dir='ltr'>monstra;</span> <span class='ocrx_word' id='word_1_75' title='bbox 704 666 860 720; x_wconf 91' lang='lat' dir='ltr'>quippe</span> <span class='ocrx_word' id='word_1_76' title='bbox 893 667 966 720; x_wconf 90' lang='lat' dir='ltr'>qui</span> <span class='ocrx_word' id='word_1_77' title='bbox 996 666 1173 713; x_wconf 90' lang='lat' dir='ltr'>bellum,</span> <span class='ocrx_word' id='word_1_78' title='bbox 1207 665 1278 720; x_wconf 91' lang='lat' dir='ltr'>qui</span> <span class='ocrx_word' id='word_1_79' title='bbox 1311 665 1586 712; x_wconf 78' lang='lat' dir='ltr'>discordiam,</span> <span class='ocrx_word' id='word_1_80' title='bbox 1619 667 1693 719; x_wconf 90' lang='lat' dir='ltr'>qui</span> <span class='ocrx_word' id='word_1_81' title='bbox 1723 665 1993 718; x_wconf 81' lang='lat' dir='ltr'>cupiditatem</span> <span class='ocrx_word' id='word_1_82' title='bbox 2025 678 2092 705; x_wconf 89' lang='lat' dir='ltr'>ce-</span> 
     </span>
     <span class='ocr_line' id='line_1_10' title="bbox 317 728 2090 783; baseline -0.001 -14"><span class='ocrx_word' id='word_1_83' title='bbox 317 734 491 783; x_wconf 88' lang='lat' dir='ltr'>teraque</span> <span class='ocrx_word' id='word_1_84' title='bbox 530 730 695 783; x_wconf 88' lang='lat' dir='ltr'>generis</span> <span class='ocrx_word' id='word_1_85' title='bbox 736 729 925 768; x_wconf 90' lang='lat' dir='ltr'>eiusdem</span> <span class='ocrx_word' id='word_1_86' title='bbox 966 729 1017 768; x_wconf 88' lang='lat' dir='ltr'>ad</span> <span class='ocrx_word' id='word_1_87' title='bbox 1049 728 1172 768; x_wconf 90' lang='lat' dir='ltr'>deum</span> <span class='ocrx_word' id='word_1_88' title='bbox 1210 733 1399 775; x_wconf 90' lang='lat' dir='ltr'>revocet,</span> <span class='ocrx_word' id='word_1_89' title='bbox 1432 741 1540 781; x_wconf 87' lang='lat' dir='ltr'>quae</span> <span class='ocrx_word' id='word_1_90' title='bbox 1572 728 1638 768; x_wconf 89' lang='lat' dir='ltr'>vel</span> <span class='ocrx_word' id='word_1_91' title='bbox 1670 729 1814 768; x_wconf 92' lang='lat' dir='ltr'>morbo</span> <span class='ocrx_word' id='word_1_92' title='bbox 1846 728 1911 768; x_wconf 89' lang='lat' dir='ltr'>vel</span> <span class='ocrx_word' id='word_1_93' title='bbox 1943 741 2090 768; x_wconf 91' lang='lat' dir='ltr'>somno</span> 
     </span>
     <span class='ocr_line' id='line_1_11' title="bbox 267 790 2092 845; baseline 0 -13"><span class='ocrx_word' id='word_1_94' title='bbox 267 791 382 833; x_wconf 67' lang='lat' dir='ltr'>lovel</span> <span class='ocrx_word' id='word_1_95' title='bbox 420 792 631 832; x_wconf 88' lang='lat' dir='ltr'>oblivione</span> <span class='ocrx_word' id='word_1_96' title='bbox 671 791 738 831; x_wconf 87' lang='lat' dir='ltr'>vel</span> <span class='ocrx_word' id='word_1_97' title='bbox 776 796 978 831; x_wconf 78' lang='lat' dir='ltr'>vetustate</span> <span class='ocrx_word' id='word_1_98' title='bbox 1019 791 1232 837; x_wconf 88' lang='lat' dir='ltr'>delentur,</span> <span class='ocrx_word' id='word_1_99' title='bbox 1274 790 1505 843; x_wconf 86' lang='lat' dir='ltr'>eademque</span> <span class='ocrx_word' id='word_1_100' title='bbox 1538 790 1589 830; x_wconf 89' lang='lat' dir='ltr'>de</span> <span class='ocrx_word' id='word_1_101' title='bbox 1628 791 1856 840; x_wconf 90' lang='lat' dir='ltr'>sideribus,</span> <span class='ocrx_word' id='word_1_102' title='bbox 1889 805 1996 845; x_wconf 88' lang='lat' dir='ltr'>quae</span> <span class='ocrx_word' id='word_1_103' title='bbox 2026 805 2092 832; x_wconf 89' lang='lat' dir='ltr'>re-</span> 
     </span>
     <span class='ocr_line' id='line_1_12' title="bbox 317 850 2092 907; baseline 0 -13"><span class='ocrx_word' id='word_1_104' title='bbox 317 855 526 907; x_wconf 89' lang='lat' dir='ltr'>prehensa</span> <span class='ocrx_word' id='word_1_105' title='bbox 566 855 607 893; x_wconf 92' lang='lat' dir='ltr'>in</span> <span class='ocrx_word' id='word_1_106' title='bbox 650 854 732 894; x_wconf 91' lang='lat' dir='ltr'>alio</span> <span class='ocrx_word' id='word_1_107' title='bbox 775 854 856 894; x_wconf 89' lang='lat' dir='ltr'>iam</span> <span class='ocrx_word' id='word_1_108' title='bbox 898 854 939 893; x_wconf 93' lang='lat' dir='ltr'>in</span> <span class='ocrx_word' id='word_1_109' title='bbox 979 854 1058 893; x_wconf 88' lang='lat' dir='ltr'>hoc</span> <span class='ocrx_word' id='word_1_110' title='bbox 1101 853 1357 893; x_wconf 88' lang='lat' dir='ltr'>omittantur.</span> <span class='ocrx_word' id='word_1_111' title='bbox 1421 853 1513 892; x_wconf 87' lang='lat' dir='ltr'>XII.</span> <span class='ocrx_word' id='word_1_112' title='bbox 1547 850 1612 892; x_wconf 72' lang='lat'>⁶29.</span> <span class='ocrx_word' id='word_1_113' title='bbox 1643 853 1919 906; x_wconf 90' lang='lat' dir='ltr'>Empedocles</span> <span class='ocrx_word' id='word_1_114' title='bbox 1951 859 2092 894; x_wconf 90' lang='lat' dir='ltr'>autem</span> 
     </span>
     <span class='ocr_line' id='line_1_13' title="bbox 318 915 2094 970; baseline 0.001 -14"><span class='ocrx_word' id='word_1_115' title='bbox 318 917 448 956; x_wconf 87' lang='lat' dir='ltr'>multa</span> <span class='ocrx_word' id='word_1_116' title='bbox 486 917 567 957; x_wconf 90' lang='lat' dir='ltr'>alia</span> <span class='ocrx_word' id='word_1_117' title='bbox 607 930 786 970; x_wconf 86' lang='lat' dir='ltr'>peccans</span> <span class='ocrx_word' id='word_1_118' title='bbox 830 916 873 955; x_wconf 91' lang='lat' dir='ltr'>in</span> <span class='ocrx_word' id='word_1_119' title='bbox 915 916 1089 956; x_wconf 88' lang='lat' dir='ltr'>deorum</span> <span class='ocrx_word' id='word_1_120' title='bbox 1129 916 1329 969; x_wconf 86' lang='lat' dir='ltr'>opinione</span> <span class='ocrx_word' id='word_1_121' title='bbox 1371 916 1624 968; x_wconf 87' lang='lat' dir='ltr'>turpissume</span> <span class='ocrx_word' id='word_1_122' title='bbox 1663 915 1830 955; x_wconf 85' lang='lat' dir='ltr'>labitur.</span> <span class='ocrx_word' id='word_1_123' title='bbox 1885 917 2094 965; x_wconf 85' lang='lat' dir='ltr'>Quattuor</span> 
     </span>
     <span class='ocr_line' id='line_1_14' title="bbox 317 978 2092 1033; baseline 0.001 -14"><span class='ocrx_word' id='word_1_124' title='bbox 317 980 428 1019; x_wconf 91' lang='lat' dir='ltr'>enim</span> <span class='ocrx_word' id='word_1_125' title='bbox 460 987 649 1026; x_wconf 89' lang='lat' dir='ltr'>naturas,</span> <span class='ocrx_word' id='word_1_126' title='bbox 683 993 735 1019; x_wconf 88' lang='lat' dir='ltr'>ex</span> <span class='ocrx_word' id='word_1_127' title='bbox 768 981 923 1033; x_wconf 89' lang='lat' dir='ltr'>quibus</span> <span class='ocrx_word' id='word_1_128' title='bbox 956 979 1094 1019; x_wconf 90' lang='lat' dir='ltr'>omnia</span> <span class='ocrx_word' id='word_1_129' title='bbox 1127 984 1318 1018; x_wconf 85' lang='lat' dir='ltr'>constare</span> <span class='ocrx_word' id='word_1_130' title='bbox 1353 982 1512 1024; x_wconf 88' lang='lat' dir='ltr'>censet,</span> <span class='ocrx_word' id='word_1_131' title='bbox 1545 978 1709 1017; x_wconf 88' lang='lat' dir='ltr'>divinas</span> <span class='ocrx_word' id='word_1_132' title='bbox 1741 992 1832 1019; x_wconf 90' lang='lat' dir='ltr'>esse</span> <span class='ocrx_word' id='word_1_133' title='bbox 1854 979 1956 1027; x_wconf 89' lang='lat' dir='ltr'>vult,</span> <span class='ocrx_word' id='word_1_134' title='bbox 1988 993 2092 1033; x_wconf 89' lang='lat' dir='ltr'>quas</span> 
     </span>
     <span class='ocr_line' id='line_1_15' title="bbox 318 1040 2091 1095; baseline 0.001 -13"><span class='ocrx_word' id='word_1_135' title='bbox 318 1048 358 1082; x_wconf 91' lang='lat' dir='ltr'>et</span> <span class='ocrx_word' id='word_1_136' title='bbox 403 1043 517 1082; x_wconf 83' lang='lat' dir='ltr'>nasei</span> <span class='ocrx_word' id='word_1_137' title='bbox 560 1048 600 1082; x_wconf 91' lang='lat' dir='ltr'>et</span> <span class='ocrx_word' id='word_1_138' title='bbox 642 1042 832 1095; x_wconf 85' lang='lat' dir='ltr'>extingui</span> <span class='ocrx_word' id='word_1_139' title='bbox 872 1042 1140 1095; x_wconf 86' lang='lat' dir='ltr'>perspicuum</span> <span class='ocrx_word' id='word_1_140' title='bbox 1186 1046 1248 1080; x_wconf 88' lang='lat' dir='ltr'>est</span> <span class='ocrx_word' id='word_1_141' title='bbox 1291 1045 1331 1079; x_wconf 89' lang='lat' dir='ltr'>et</span> <span class='ocrx_word' id='word_1_142' title='bbox 1371 1053 1497 1079; x_wconf 86' lang='lat' dir='ltr'>sensu</span> <span class='ocrx_word' id='word_1_143' title='bbox 1530 1040 1641 1078; x_wconf 87' lang='lat' dir='ltr'>omni</span> <span class='ocrx_word' id='word_1_144' title='bbox 1673 1053 1828 1081; x_wconf 87' lang='lat' dir='ltr'>carere.</span> <span class='ocrx_word' id='word_1_145' title='bbox 1876 1043 1962 1082; x_wconf 91' lang='lat' dir='ltr'>Nec</span> <span class='ocrx_word' id='word_1_146' title='bbox 1992 1056 2091 1083; x_wconf 89' lang='lat' dir='ltr'>vero</span> 
     </span>
     <span class='ocr_line' id='line_1_16' title="bbox 267 1102 2092 1158; baseline 0.001 -14"><span class='ocrx_word' id='word_1_147' title='bbox 267 1116 302 1144; x_wconf 68' lang='lat'>45</span> <span class='ocrx_word' id='word_1_148' title='bbox 316 1105 583 1157; x_wconf 82' lang='lat' dir='ltr'>Protagoras,</span> <span class='ocrx_word' id='word_1_149' title='bbox 630 1105 701 1158; x_wconf 92' lang='lat' dir='ltr'>qui</span> <span class='ocrx_word' id='word_1_150' title='bbox 743 1118 835 1144; x_wconf 89' lang='lat' dir='ltr'>sese</span> <span class='ocrx_word' id='word_1_151' title='bbox 878 1109 1003 1157; x_wconf 88' lang='lat' dir='ltr'>negat</span> <span class='ocrx_word' id='word_1_152' title='bbox 1043 1104 1210 1143; x_wconf 92' lang='lat' dir='ltr'>omnino</span> <span class='ocrx_word' id='word_1_153' title='bbox 1243 1103 1293 1142; x_wconf 91' lang='lat' dir='ltr'>de</span> <span class='ocrx_word' id='word_1_154' title='bbox 1327 1102 1417 1141; x_wconf 91' lang='lat' dir='ltr'>deis</span> <span class='ocrx_word' id='word_1_155' title='bbox 1449 1102 1602 1141; x_wconf 89' lang='lat' dir='ltr'>habere</span> <span class='ocrx_word' id='word_1_156' title='bbox 1635 1102 1746 1156; x_wconf 93' lang='lat' dir='ltr'>quod</span> <span class='ocrx_word' id='word_1_157' title='bbox 1778 1103 1962 1158; x_wconf 84' lang='lat' dir='ltr'>liqueat,</span> <span class='ocrx_word' id='word_1_158' title='bbox 1995 1105 2092 1153; x_wconf 90' lang='lat' dir='ltr'>sint,</span> 
     </span>
     <span class='ocr_line' id='line_1_17' title="bbox 315 1164 2092 1221; baseline -0.001 -15"><span class='ocrx_word' id='word_1_159' title='bbox 315 1180 398 1206; x_wconf 92' lang='lat' dir='ltr'>non</span> <span class='ocrx_word' id='word_1_160' title='bbox 446 1168 529 1207; x_wconf 91' lang='lat' dir='ltr'>sint</span> <span class='ocrx_word' id='word_1_161' title='bbox 566 1168 766 1221; x_wconf 88' lang='lat' dir='ltr'>qualesve</span> <span class='ocrx_word' id='word_1_162' title='bbox 807 1168 909 1214; x_wconf 91' lang='lat' dir='ltr'>sint,</span> <span class='ocrx_word' id='word_1_163' title='bbox 952 1167 1178 1219; x_wconf 82' lang='lat' dir='ltr'>quicquam</span> <span class='ocrx_word' id='word_1_164' title='bbox 1209 1165 1376 1205; x_wconf 87' lang='lat' dir='ltr'>videtur</span> <span class='ocrx_word' id='word_1_165' title='bbox 1407 1164 1457 1203; x_wconf 90' lang='lat' dir='ltr'>de</span> <span class='ocrx_word' id='word_1_166' title='bbox 1490 1170 1638 1204; x_wconf 90' lang='lat' dir='ltr'>natura</span> <span class='ocrx_word' id='word_1_167' title='bbox 1669 1165 1843 1205; x_wconf 91' lang='lat' dir='ltr'>deorum</span> <span class='ocrx_word' id='word_1_168' title='bbox 1874 1167 2092 1220; x_wconf 90' lang='lat' dir='ltr'>suspicari.</span> 
     </span>
     <span class='ocr_line' id='line_1_18' title="bbox 317 1228 2092 1283; baseline 0.001 -15"><span class='ocrx_word' id='word_1_169' title='bbox 317 1229 463 1277; x_wconf 74' lang='lat' dir='ltr'>Quid?</span> <span class='ocrx_word' id='word_1_170' title='bbox 502 1231 787 1276; x_wconf 85' lang='lat' dir='ltr'>Democritus,</span> <span class='ocrx_word' id='word_1_171' title='bbox 832 1230 903 1283; x_wconf 91' lang='lat' dir='ltr'>qui</span> <span class='ocrx_word' id='word_1_172' title='bbox 947 1236 1034 1268; x_wconf 89' lang='lat' dir='ltr'>tum</span> <span class='ocrx_word' id='word_1_173' title='bbox 1076 1228 1278 1281; x_wconf 83' lang='lat' dir='ltr'>imagines</span> <span class='ocrx_word' id='word_1_174' title='bbox 1312 1240 1539 1280; x_wconf 89' lang='lat' dir='ltr'>earumque</span> <span class='ocrx_word' id='word_1_175' title='bbox 1572 1228 1814 1268; x_wconf 86' lang='lat' dir='ltr'>circumitus</span> <span class='ocrx_word' id='word_1_176' title='bbox 1845 1229 1887 1269; x_wconf 91' lang='lat' dir='ltr'>in</span> <span class='ocrx_word' id='word_1_177' title='bbox 1920 1231 2092 1270; x_wconf 92' lang='lat' dir='ltr'>deorum</span> 
     </span>
     <span class='ocr_line' id='line_1_19' title="bbox 315 1290 2092 1344; baseline 0.001 -12"><span class='ocrx_word' id='word_1_178' title='bbox 315 1306 490 1332; x_wconf 88' lang='lat' dir='ltr'>numero</span> <span class='ocrx_word' id='word_1_179' title='bbox 523 1292 671 1340; x_wconf 85' lang='lat' dir='ltr'>refert,</span> <span class='ocrx_word' id='word_1_180' title='bbox 704 1297 791 1332; x_wconf 91' lang='lat' dir='ltr'>tum</span> <span class='ocrx_word' id='word_1_181' title='bbox 822 1291 934 1331; x_wconf 86' lang='lat' dir='ltr'>illam</span> <span class='ocrx_word' id='word_1_182' title='bbox 968 1297 1179 1337; x_wconf 86' lang='lat' dir='ltr'>naturam,</span> <span class='ocrx_word' id='word_1_183' title='bbox 1214 1303 1322 1344; x_wconf 89' lang='lat' dir='ltr'>quae</span> <span class='ocrx_word' id='word_1_184' title='bbox 1354 1290 1558 1341; x_wconf 85' lang='lat' dir='ltr'>imagines</span> <span class='ocrx_word' id='word_1_185' title='bbox 1585 1290 1802 1330; x_wconf 82' lang='lat' dir='ltr'>fundatae</span> <span class='ocrx_word' id='word_1_186' title='bbox 1824 1293 1975 1340; x_wconf 90' lang='lat' dir='ltr'>mittat,</span> <span class='ocrx_word' id='word_1_187' title='bbox 2006 1298 2092 1332; x_wconf 90' lang='lat' dir='ltr'>tum</span> 
     </span>
     <span class='ocr_line' id='line_1_20' title="bbox 316 1353 2093 1407; baseline 0 -13"><span class='ocrx_word' id='word_1_188' title='bbox 316 1355 532 1394; x_wconf 89' lang='lat' dir='ltr'>scientiam</span> <span class='ocrx_word' id='word_1_189' title='bbox 565 1355 984 1407; x_wconf 85' lang='lat' dir='ltr'>intellegentiamque</span> <span class='ocrx_word' id='word_1_190' title='bbox 1017 1360 1222 1400; x_wconf 83' lang='lat' dir='ltr'>nostram,</span> <span class='ocrx_word' id='word_1_191' title='bbox 1256 1365 1396 1392; x_wconf 87' lang='lat' dir='ltr'>nonne</span> <span class='ocrx_word' id='word_1_192' title='bbox 1428 1353 1470 1391; x_wconf 92' lang='lat' dir='ltr'>in</span> <span class='ocrx_word' id='word_1_193' title='bbox 1503 1353 1687 1392; x_wconf 85' lang='lat' dir='ltr'>maximo</span> <span class='ocrx_word' id='word_1_194' title='bbox 1711 1367 1852 1393; x_wconf 90' lang='lat' dir='ltr'>errore</span> <span class='ocrx_word' id='word_1_195' title='bbox 1874 1356 2093 1394; x_wconf 75' lang='lat' dir='ltr'>versatur?</span> 
     </span>
     <span class='ocr_line' id='line_1_21' title="bbox 263 1416 2095 1470; baseline 0 -15"><span class='ocrx_word' id='word_1_196' title='bbox 263 1426 300 1456; x_wconf 77' lang='lat'>20</span> <span class='ocrx_word' id='word_1_197' title='bbox 317 1416 419 1457; x_wconf 90' lang='lat' dir='ltr'>Cum</span> <span class='ocrx_word' id='word_1_198' title='bbox 450 1418 558 1457; x_wconf 91' lang='lat' dir='ltr'>idem</span> <span class='ocrx_word' id='word_1_199' title='bbox 593 1418 784 1464; x_wconf 89' lang='lat' dir='ltr'>omnino,</span> <span class='ocrx_word' id='word_1_200' title='bbox 818 1417 916 1470; x_wconf 91' lang='lat' dir='ltr'>quia</span> <span class='ocrx_word' id='word_1_201' title='bbox 949 1417 1051 1455; x_wconf 90' lang='lat' dir='ltr'>nihil</span> <span class='ocrx_word' id='word_1_202' title='bbox 1084 1429 1249 1469; x_wconf 85' lang='lat' dir='ltr'>semper</span> <span class='ocrx_word' id='word_1_203' title='bbox 1276 1429 1350 1454; x_wconf 91' lang='lat' dir='ltr'>suo</span> <span class='ocrx_word' id='word_1_204' title='bbox 1375 1420 1484 1455; x_wconf 84' lang='lat' dir='ltr'>statu</span> <span class='ocrx_word' id='word_1_205' title='bbox 1508 1421 1689 1462; x_wconf 90' lang='lat' dir='ltr'>maneat,</span> <span class='ocrx_word' id='word_1_206' title='bbox 1722 1422 1843 1469; x_wconf 87' lang='lat' dir='ltr'>neget</span> <span class='ocrx_word' id='word_1_207' title='bbox 1865 1429 1956 1456; x_wconf 87' lang='lat' dir='ltr'>esse</span> <span class='ocrx_word' id='word_1_208' title='bbox 1978 1416 2095 1469; x_wconf 88' lang='lat' dir='ltr'>quic-</span> 
     </span>
     <span class='ocr_line' id='line_1_22' title="bbox 315 1477 2093 1532; baseline -0.001 -13"><span class='ocrx_word' id='word_1_209' title='bbox 315 1492 440 1532; x_wconf 88' lang='lat' dir='ltr'>quam</span> <span class='ocrx_word' id='word_1_210' title='bbox 473 1481 792 1532; x_wconf 87' lang='lat' dir='ltr'>sempiternum,</span> <span class='ocrx_word' id='word_1_211' title='bbox 826 1493 965 1518; x_wconf 88' lang='lat' dir='ltr'>nonne</span> <span class='ocrx_word' id='word_1_212' title='bbox 998 1479 1121 1518; x_wconf 85' lang='lat' dir='ltr'>deum</span> <span class='ocrx_word' id='word_1_213' title='bbox 1146 1479 1317 1518; x_wconf 86' lang='lat' dir='ltr'>omnino</span> <span class='ocrx_word' id='word_1_214' title='bbox 1350 1479 1406 1517; x_wconf 87' lang='lat' dir='ltr'>ita</span> <span class='ocrx_word' id='word_1_215' title='bbox 1438 1477 1566 1525; x_wconf 89' lang='lat' dir='ltr'>tollit,</span> <span class='ocrx_word' id='word_1_216' title='bbox 1600 1484 1644 1518; x_wconf 88' lang='lat' dir='ltr'>ut</span> <span class='ocrx_word' id='word_1_217' title='bbox 1671 1478 1826 1518; x_wconf 91' lang='lat' dir='ltr'>nullam</span> <span class='ocrx_word' id='word_1_218' title='bbox 1849 1479 2093 1532; x_wconf 90' lang='lat' dir='ltr'>opinionem</span> 
     </span>
     <span class='ocr_line' id='line_1_23' title="bbox 315 1541 2094 1595; baseline 0 -14"><span class='ocrx_word' id='word_1_219' title='bbox 315 1543 403 1581; x_wconf 91' lang='lat' dir='ltr'>eius</span> <span class='ocrx_word' id='word_1_220' title='bbox 436 1543 638 1595; x_wconf 86' lang='lat' dir='ltr'>reliquam</span> <span class='ocrx_word' id='word_1_221' title='bbox 671 1542 828 1582; x_wconf 80' lang='lat' dir='ltr'>faciat?</span> <span class='ocrx_word' id='word_1_222' title='bbox 870 1542 1012 1590; x_wconf 76' lang='lat' dir='ltr'>Quid?</span> <span class='ocrx_word' id='word_1_223' title='bbox 1046 1547 1133 1588; x_wconf 63' lang='lat' dir='ltr'>aer,</span> <span class='ocrx_word' id='word_1_224' title='bbox 1167 1554 1250 1594; x_wconf 87' lang='lat' dir='ltr'>quo</span> <span class='ocrx_word' id='word_1_225' title='bbox 1282 1542 1490 1592; x_wconf 83' lang='lat' dir='ltr'>Diogenes</span> <span class='ocrx_word' id='word_1_226' title='bbox 1521 1541 1812 1592; x_wconf 88' lang='lat' dir='ltr'>Apolloniates</span> <span class='ocrx_word' id='word_1_227' title='bbox 1844 1542 1975 1581; x_wconf 80' lang='lat' dir='ltr'>utitur</span> <span class='ocrx_word' id='word_1_228' title='bbox 2000 1541 2094 1589; x_wconf 87' lang='lat' dir='ltr'>deo,</span> 
     </span>
     <span class='ocr_line' id='line_1_24' title="bbox 317 1601 2095 1657; baseline 0.001 -14"><span class='ocrx_word' id='word_1_229' title='bbox 317 1617 443 1657; x_wconf 87' lang='lat' dir='ltr'>quem</span> <span class='ocrx_word' id='word_1_230' title='bbox 476 1617 645 1643; x_wconf 89' lang='lat' dir='ltr'>sensum</span> <span class='ocrx_word' id='word_1_231' title='bbox 677 1605 831 1644; x_wconf 80' lang='lat' dir='ltr'>habere</span> <span class='ocrx_word' id='word_1_232' title='bbox 864 1609 1003 1657; x_wconf 82' lang='lat' dir='ltr'>potest</span> <span class='ocrx_word' id='word_1_233' title='bbox 1033 1610 1104 1644; x_wconf 88' lang='lat' dir='ltr'>aut</span> <span class='ocrx_word' id='word_1_234' title='bbox 1137 1617 1262 1657; x_wconf 86' lang='lat' dir='ltr'>quam</span> <span class='ocrx_word' id='word_1_235' title='bbox 1295 1603 1470 1642; x_wconf 84' lang='lat' dir='ltr'>formam</span> <span class='ocrx_word' id='word_1_236' title='bbox 1494 1603 1595 1642; x_wconf 71' lang='lat' dir='ltr'>dei?</span> <span class='ocrx_word' id='word_1_237' title='bbox 1638 1601 1705 1643; x_wconf 85' lang='lat'>30.</span> <span class='ocrx_word' id='word_1_238' title='bbox 1726 1604 1813 1643; x_wconf 89' lang='lat' dir='ltr'>Iam</span> <span class='ocrx_word' id='word_1_239' title='bbox 1837 1603 1887 1643; x_wconf 90' lang='lat' dir='ltr'>de</span> <span class='ocrx_word' id='word_1_240' title='bbox 1910 1603 2095 1644; x_wconf 86' lang='lat' dir='ltr'>Platonis</span> 
     </span>
     <span class='ocr_line' id='line_1_25' title="bbox 314 1665 2095 1719; baseline 0.001 -15"><span class='ocrx_word' id='word_1_241' title='bbox 314 1666 596 1706; x_wconf 86' lang='lat' dir='ltr'>inconstantia</span> <span class='ocrx_word' id='word_1_242' title='bbox 629 1667 800 1719; x_wconf 82' lang='lat' dir='ltr'>longum</span> <span class='ocrx_word' id='word_1_243' title='bbox 835 1673 897 1706; x_wconf 82' lang='lat' dir='ltr'>est</span> <span class='ocrx_word' id='word_1_244' title='bbox 929 1666 1088 1713; x_wconf 64' lang='lat' dir='ltr'>dicere,</span> <span class='ocrx_word' id='word_1_245' title='bbox 1122 1667 1195 1719; x_wconf 85' lang='lat' dir='ltr'>qui</span> <span class='ocrx_word' id='word_1_246' title='bbox 1226 1667 1266 1705; x_wconf 92' lang='lat' dir='ltr'>in</span> <span class='ocrx_word' id='word_1_247' title='bbox 1289 1666 1460 1704; x_wconf 88' lang='lat' dir='ltr'>Timaeo</span> <span class='ocrx_word' id='word_1_248' title='bbox 1495 1671 1656 1717; x_wconf 84' lang='lat' dir='ltr'>patrem</span> <span class='ocrx_word' id='word_1_249' title='bbox 1688 1666 1813 1705; x_wconf 88' lang='lat' dir='ltr'>huius</span> <span class='ocrx_word' id='word_1_250' title='bbox 1846 1665 1989 1705; x_wconf 90' lang='lat' dir='ltr'>mundi</span> <span class='ocrx_word' id='word_1_251' title='bbox 2019 1679 2095 1706; x_wconf 92' lang='lat' dir='ltr'>no-</span> 
     </span>
     <span class='ocr_line' id='line_1_26' title="bbox 265 1728 2094 1782; baseline 0.001 -14"><span class='ocrx_word' id='word_1_252' title='bbox 265 1740 302 1769; x_wconf 76' lang='lat'>25</span> <span class='ocrx_word' id='word_1_253' title='bbox 316 1731 461 1770; x_wconf 87' lang='lat' dir='ltr'>minari</span> <span class='ocrx_word' id='word_1_254' title='bbox 494 1735 618 1782; x_wconf 83' lang='lat' dir='ltr'>neget</span> <span class='ocrx_word' id='word_1_255' title='bbox 649 1743 793 1782; x_wconf 87' lang='lat' dir='ltr'>posse,</span> <span class='ocrx_word' id='word_1_256' title='bbox 826 1729 869 1769; x_wconf 88' lang='lat' dir='ltr'>iu</span> <span class='ocrx_word' id='word_1_257' title='bbox 901 1730 1058 1781; x_wconf 84' lang='lat' dir='ltr'>Legum</span> <span class='ocrx_word' id='word_1_258' title='bbox 1090 1735 1230 1768; x_wconf 88' lang='lat' dir='ltr'>autem</span> <span class='ocrx_word' id='word_1_259' title='bbox 1264 1728 1404 1775; x_wconf 89' lang='lat' dir='ltr'>libris,</span> <span class='ocrx_word' id='word_1_260' title='bbox 1437 1729 1537 1781; x_wconf 89' lang='lat' dir='ltr'>quid</span> <span class='ocrx_word' id='word_1_261' title='bbox 1571 1729 1624 1768; x_wconf 89' lang='lat' dir='ltr'>sit</span> <span class='ocrx_word' id='word_1_262' title='bbox 1656 1729 1828 1768; x_wconf 88' lang='lat' dir='ltr'>omnino</span> <span class='ocrx_word' id='word_1_263' title='bbox 1861 1729 1989 1775; x_wconf 90' lang='lat' dir='ltr'>deus,</span> <span class='ocrx_word' id='word_1_264' title='bbox 2021 1742 2094 1769; x_wconf 87' lang='lat' dir='ltr'>an-</span> 
     </span>
     <span class='ocr_line' id='line_1_27' title="bbox 316 1791 2093 1846; baseline 0.001 -15"><span class='ocrx_word' id='word_1_265' title='bbox 316 1793 425 1845; x_wconf 89' lang='lat' dir='ltr'>quiri</span> <span class='ocrx_word' id='word_1_266' title='bbox 458 1798 651 1846; x_wconf 89' lang='lat' dir='ltr'>oportere</span> <span class='ocrx_word' id='word_1_267' title='bbox 684 1805 769 1831; x_wconf 88' lang='lat' dir='ltr'>non</span> <span class='ocrx_word' id='word_1_268' title='bbox 801 1798 981 1831; x_wconf 87' lang='lat' dir='ltr'>censeat.</span> <span class='ocrx_word' id='word_1_269' title='bbox 1030 1791 1154 1839; x_wconf 89' lang='lat' dir='ltr'>Quod</span> <span class='ocrx_word' id='word_1_270' title='bbox 1179 1805 1275 1831; x_wconf 90' lang='lat' dir='ltr'>vero</span> <span class='ocrx_word' id='word_1_271' title='bbox 1308 1791 1398 1831; x_wconf 90' lang='lat' dir='ltr'>sine</span> <span class='ocrx_word' id='word_1_272' title='bbox 1423 1804 1598 1844; x_wconf 87' lang='lat' dir='ltr'>corpore</span> <span class='ocrx_word' id='word_1_273' title='bbox 1622 1791 1708 1830; x_wconf 92' lang='lat' dir='ltr'>ullo</span> <span class='ocrx_word' id='word_1_274' title='bbox 1731 1791 1855 1831; x_wconf 90' lang='lat' dir='ltr'>deum</span> <span class='ocrx_word' id='word_1_275' title='bbox 1878 1791 1966 1831; x_wconf 89' lang='lat' dir='ltr'>vult</span> <span class='ocrx_word' id='word_1_276' title='bbox 1988 1805 2093 1840; x_wconf 86' lang='lat' dir='ltr'>esse,</span> 
     </span>
     <span class='ocr_line' id='line_1_28' title="bbox 315 1851 2093 1909; baseline 0.001 -16"><span class='ocrx_word' id='word_1_277' title='bbox 315 1851 376 1909; x_wconf 89' lang='lat' dir='ltr'>[ut</span> <span class='ocrx_word' id='word_1_278' title='bbox 399 1854 545 1894; x_wconf 90' lang='lat' dir='ltr'>Graeci</span> <span class='ocrx_word' id='word_1_279' title='bbox 580 1854 744 1901; x_wconf 89' lang='lat' dir='ltr'>dicunt,</span> <span class='ocrx_word' id='word_1_280' title='bbox 776 1852 1045 1907; x_wconf 70' lang='grc' dir='ltr'>ιῖσώματον,]</span> <span class='ocrx_word' id='word_1_281' title='bbox 1080 1854 1122 1893; x_wconf 91' lang='lat' dir='ltr'>id</span> <span class='ocrx_word' id='word_1_282' title='bbox 1156 1854 1280 1907; x_wconf 87' lang='lat' dir='ltr'>quale</span> <span class='ocrx_word' id='word_1_283' title='bbox 1314 1867 1405 1893; x_wconf 87' lang='lat' dir='ltr'>esse</span> <span class='ocrx_word' id='word_1_284' title='bbox 1437 1853 1588 1907; x_wconf 88' lang='lat' dir='ltr'>possit,</span> <span class='ocrx_word' id='word_1_285' title='bbox 1619 1854 1806 1906; x_wconf 85' lang='lat' dir='ltr'>intellegi</span> <span class='ocrx_word' id='word_1_286' title='bbox 1829 1868 1913 1893; x_wconf 87' lang='lat' dir='ltr'>non</span> <span class='ocrx_word' id='word_1_287' title='bbox 1934 1860 2093 1907; x_wconf 82' lang='lat' dir='ltr'>potest3</span> 
     </span>
     <span class='ocr_line' id='line_1_29' title="bbox 314 1915 2094 1969; baseline -0.001 -13"><span class='ocrx_word' id='word_1_288' title='bbox 314 1922 452 1957; x_wconf 88' lang='lat' dir='ltr'>careat</span> <span class='ocrx_word' id='word_1_289' title='bbox 482 1917 592 1957; x_wconf 89' lang='lat' dir='ltr'>enim</span> <span class='ocrx_word' id='word_1_290' title='bbox 624 1930 749 1957; x_wconf 89' lang='lat' dir='ltr'>sensu</span> <span class='ocrx_word' id='word_1_291' title='bbox 781 1931 953 1957; x_wconf 82' lang='lat' dir='ltr'>neccsse</span> <span class='ocrx_word' id='word_1_292' title='bbox 986 1922 1069 1964; x_wconf 89' lang='lat' dir='ltr'>est,</span> <span class='ocrx_word' id='word_1_293' title='bbox 1103 1923 1241 1956; x_wconf 86' lang='lat' dir='ltr'>careat</span> <span class='ocrx_word' id='word_1_294' title='bbox 1263 1916 1387 1955; x_wconf 84' lang='lat' dir='ltr'>etiam</span> <span class='ocrx_word' id='word_1_295' title='bbox 1416 1915 1660 1969; x_wconf 87' lang='lat' dir='ltr'>prudentia,</span> <span class='ocrx_word' id='word_1_296' title='bbox 1694 1922 1833 1956; x_wconf 85' lang='lat' dir='ltr'>careat</span> <span class='ocrx_word' id='word_1_297' title='bbox 1854 1916 2094 1969; x_wconf 85' lang='lat' dir='ltr'>voluptate:</span> 
     </span>
     <span class='ocr_line' id='line_1_30' title="bbox 314 1978 2095 2032; baseline 0 -14"><span class='ocrx_word' id='word_1_298' title='bbox 314 1992 422 2032; x_wconf 91' lang='lat' dir='ltr'>quae</span> <span class='ocrx_word' id='word_1_299' title='bbox 455 1980 596 2019; x_wconf 83' lang='lat' dir='ltr'>onmia</span> <span class='ocrx_word' id='word_1_300' title='bbox 627 1993 709 2019; x_wconf 90' lang='lat' dir='ltr'>una</span> <span class='ocrx_word' id='word_1_301' title='bbox 741 1994 834 2020; x_wconf 90' lang='lat' dir='ltr'>cum</span> <span class='ocrx_word' id='word_1_302' title='bbox 867 1982 1040 2020; x_wconf 88' lang='lat' dir='ltr'>deorum</span> <span class='ocrx_word' id='word_1_303' title='bbox 1083 1980 1254 2019; x_wconf 87' lang='lat' dir='ltr'>notione</span> <span class='ocrx_word' id='word_1_304' title='bbox 1288 1978 1684 2031; x_wconf 84' lang='lat' dir='ltr'>conprehendimus.</span> <span class='ocrx_word' id='word_1_305' title='bbox 1733 1980 1846 2019; x_wconf 89' lang='lat' dir='ltr'>Idem</span> <span class='ocrx_word' id='word_1_306' title='bbox 1879 1984 1920 2019; x_wconf 90' lang='lat' dir='ltr'>et</span> <span class='ocrx_word' id='word_1_307' title='bbox 1950 1979 1994 2018; x_wconf 90' lang='lat' dir='ltr'>in</span> <span class='ocrx_word' id='word_1_308' title='bbox 2026 1979 2095 2018; x_wconf 85' lang='lat' dir='ltr'>Ti-</span> 
     </span>
     <span class='ocr_line' id='line_1_31' title="bbox 263 2040 2097 2096; baseline -0.001 -14"><span class='ocrx_word' id='word_1_309' title='bbox 263 2052 300 2082; x_wconf 84' lang='lat'>30</span> <span class='ocrx_word' id='word_1_310' title='bbox 315 2054 433 2081; x_wconf 88' lang='lat' dir='ltr'>maeo</span> <span class='ocrx_word' id='word_1_311' title='bbox 472 2040 572 2081; x_wconf 90' lang='lat' dir='ltr'>dicit</span> <span class='ocrx_word' id='word_1_312' title='bbox 613 2047 653 2081; x_wconf 89' lang='lat' dir='ltr'>et</span> <span class='ocrx_word' id='word_1_313' title='bbox 692 2042 733 2081; x_wconf 90' lang='lat' dir='ltr'>in</span> <span class='ocrx_word' id='word_1_314' title='bbox 773 2043 950 2096; x_wconf 87' lang='lat' dir='ltr'>Legibus</span> <span class='ocrx_word' id='word_1_315' title='bbox 994 2048 1034 2082; x_wconf 90' lang='lat' dir='ltr'>et</span> <span class='ocrx_word' id='word_1_316' title='bbox 1065 2044 1265 2081; x_wconf 87' lang='lat' dir='ltr'>mundum</span> <span class='ocrx_word' id='word_1_317' title='bbox 1299 2040 1423 2081; x_wconf 85' lang='lat' dir='ltr'>deum</span> <span class='ocrx_word' id='word_1_318' title='bbox 1457 2055 1547 2081; x_wconf 88' lang='lat' dir='ltr'>esse</span> <span class='ocrx_word' id='word_1_319' title='bbox 1581 2047 1622 2081; x_wconf 89' lang='lat' dir='ltr'>et</span> <span class='ocrx_word' id='word_1_320' title='bbox 1653 2042 1811 2082; x_wconf 89' lang='lat' dir='ltr'>caelum</span> <span class='ocrx_word' id='word_1_321' title='bbox 1844 2047 1885 2081; x_wconf 90' lang='lat' dir='ltr'>et</span> <span class='ocrx_word' id='word_1_322' title='bbox 1913 2047 2025 2082; x_wconf 90' lang='lat' dir='ltr'>astra</span> <span class='ocrx_word' id='word_1_323' title='bbox 2056 2046 2097 2081; x_wconf 89' lang='lat' dir='ltr'>et</span> 
     </span>
     <span class='ocr_line' id='line_1_32' title="bbox 313 2104 2096 2159; baseline 0 -16"><span class='ocrx_word' id='word_1_324' title='bbox 313 2110 467 2144; x_wconf 89' lang='lat' dir='ltr'>terram</span> <span class='ocrx_word' id='word_1_325' title='bbox 500 2110 541 2144; x_wconf 87' lang='lat' dir='ltr'>et</span> <span class='ocrx_word' id='word_1_326' title='bbox 571 2106 732 2145; x_wconf 90' lang='lat' dir='ltr'>animos</span> <span class='ocrx_word' id='word_1_327' title='bbox 765 2111 805 2144; x_wconf 88' lang='lat' dir='ltr'>et</span> <span class='ocrx_word' id='word_1_328' title='bbox 828 2119 920 2152; x_wconf 88' lang='lat' dir='ltr'>eos,</span> <span class='ocrx_word' id='word_1_329' title='bbox 954 2120 1059 2159; x_wconf 88' lang='lat' dir='ltr'>quos</span> <span class='ocrx_word' id='word_1_330' title='bbox 1083 2105 1286 2144; x_wconf 90' lang='lat' dir='ltr'>maiorum</span> <span class='ocrx_word' id='word_1_331' title='bbox 1310 2104 1513 2144; x_wconf 86' lang='lat' dir='ltr'>institutis</span> <span class='ocrx_word' id='word_1_332' title='bbox 1538 2105 1792 2158; x_wconf 78' lang='lat' dir='ltr'>accepimus,</span> <span class='ocrx_word' id='word_1_333' title='bbox 1826 2117 1934 2158; x_wconf 88' lang='lat' dir='ltr'>quae</span> <span class='ocrx_word' id='word_1_334' title='bbox 1959 2110 2000 2144; x_wconf 90' lang='lat' dir='ltr'>et</span> <span class='ocrx_word' id='word_1_335' title='bbox 2021 2117 2096 2157; x_wconf 92' lang='lat' dir='ltr'>per</span> 
     </span>
     <span class='ocr_line' id='line_1_33' title="bbox 315 2165 2095 2221; baseline 0.001 -16"><span class='ocrx_word' id='word_1_336' title='bbox 315 2180 359 2206; x_wconf 89' lang='lat' dir='ltr'>se</span> <span class='ocrx_word' id='word_1_337' title='bbox 391 2172 486 2206; x_wconf 87' lang='lat' dir='ltr'>sunt</span> <span class='ocrx_word' id='word_1_338' title='bbox 516 2166 621 2207; x_wconf 84' lang='lat' dir='ltr'>falsa</span> <span class='ocrx_word' id='word_1_339' title='bbox 652 2170 875 2221; x_wconf 85' lang='lat' dir='ltr'>perspicue</span> <span class='ocrx_word' id='word_1_340' title='bbox 909 2175 949 2209; x_wconf 89' lang='lat' dir='ltr'>et</span> <span class='ocrx_word' id='word_1_341' title='bbox 990 2169 1100 2207; x_wconf 87' lang='lat' dir='ltr'>inter</span> <span class='ocrx_word' id='word_1_342' title='bbox 1132 2182 1175 2207; x_wconf 87' lang='lat' dir='ltr'>se</span> <span class='ocrx_word' id='word_1_343' title='bbox 1209 2166 1480 2207; x_wconf 80' lang='lat' dir='ltr'>veliementer</span> <span class='ocrx_word' id='word_1_344' title='bbox 1511 2167 1801 2219; x_wconf 87' lang='lat' dir='ltr'>repugnantia.</span> <span class='ocrx_word' id='word_1_345' title='bbox 1854 2165 1922 2206; x_wconf 74' lang='grc'>31.</span> <span class='ocrx_word' id='word_1_346' title='bbox 1953 2168 2095 2221; x_wconf 88' lang='lat' dir='ltr'>Atque</span> 
     </span>
     <span class='ocr_line' id='line_1_34' title="bbox 314 2229 2093 2284; baseline 0.001 -16"><span class='ocrx_word' id='word_1_347' title='bbox 314 2229 438 2269; x_wconf 87' lang='lat' dir='ltr'>etiam</span> <span class='ocrx_word' id='word_1_348' title='bbox 470 2230 707 2283; x_wconf 87' lang='lat' dir='ltr'>Xenophon</span> <span class='ocrx_word' id='word_1_349' title='bbox 739 2232 1007 2284; x_wconf 84' lang='lat' dir='ltr'>paucioribus</span> <span class='ocrx_word' id='word_1_350' title='bbox 1039 2231 1178 2270; x_wconf 86' lang='lat' dir='ltr'>verbis</span> <span class='ocrx_word' id='word_1_351' title='bbox 1211 2230 1358 2269; x_wconf 83' lang='lat' dir='ltr'>eadem</span> <span class='ocrx_word' id='word_1_352' title='bbox 1390 2229 1477 2269; x_wconf 85' lang='lat' dir='ltr'>fere</span> <span class='ocrx_word' id='word_1_353' title='bbox 1509 2236 1683 2282; x_wconf 82' lang='lat' dir='ltr'>peccat3</span> <span class='ocrx_word' id='word_1_354' title='bbox 1712 2229 1809 2269; x_wconf 88' lang='lat' dir='ltr'>facit</span> <span class='ocrx_word' id='word_1_355' title='bbox 1831 2230 1941 2269; x_wconf 90' lang='lat' dir='ltr'>enim</span> <span class='ocrx_word' id='word_1_356' title='bbox 1964 2230 2006 2269; x_wconf 90' lang='lat' dir='ltr'>in</span> <span class='ocrx_word' id='word_1_357' title='bbox 2028 2229 2093 2276; x_wconf 91' lang='lat' dir='ltr'>iis,</span> 
     </span>
     <span class='ocr_line' id='line_1_35' title="bbox 315 2292 2093 2345; baseline -0.001 -13"><span class='ocrx_word' id='word_1_358' title='bbox 315 2306 424 2345; x_wconf 89' lang='lat' dir='ltr'>quae</span> <span class='ocrx_word' id='word_1_359' title='bbox 455 2306 478 2332; x_wconf 86' lang='lat' dir='ltr'>a</span> <span class='ocrx_word' id='word_1_360' title='bbox 511 2293 681 2333; x_wconf 86' lang='lat' dir='ltr'>Socrate</span> <span class='ocrx_word' id='word_1_361' title='bbox 715 2294 824 2333; x_wconf 83' lang='lat' dir='ltr'>dicta</span> <span class='ocrx_word' id='word_1_362' title='bbox 856 2294 1038 2340; x_wconf 90' lang='lat' dir='ltr'>rettulit,</span> <span class='ocrx_word' id='word_1_363' title='bbox 1073 2294 1286 2332; x_wconf 87' lang='lat' dir='ltr'>Socratem</span> <span class='ocrx_word' id='word_1_364' title='bbox 1321 2293 1623 2345; x_wconf 85' lang='lat' dir='ltr'>disputantem,</span> <span class='ocrx_word' id='word_1_365' title='bbox 1655 2292 1829 2332; x_wconf 86' lang='lat' dir='ltr'>formam</span> <span class='ocrx_word' id='word_1_366' title='bbox 1854 2292 1921 2332; x_wconf 90' lang='lat' dir='ltr'>dei</span> <span class='ocrx_word' id='word_1_367' title='bbox 1945 2293 2093 2345; x_wconf 91' lang='lat' dir='ltr'>quaeri</span> 
     </span>
     <span class='ocr_line' id='line_1_36' title="bbox 263 2353 2093 2409; baseline 0.001 -17"><span class='ocrx_word' id='word_1_368' title='bbox 263 2363 399 2394; x_wconf 81' lang='lat' dir='ltr'>35non</span> <span class='ocrx_word' id='word_1_369' title='bbox 439 2362 654 2409; x_wconf 87' lang='lat' dir='ltr'>oportere,</span> <span class='ocrx_word' id='word_1_370' title='bbox 697 2356 965 2409; x_wconf 89' lang='lat' dir='ltr'>eundemque</span> <span class='ocrx_word' id='word_1_371' title='bbox 1003 2362 1043 2396; x_wconf 86' lang='lat' dir='ltr'>et</span> <span class='ocrx_word' id='word_1_372' title='bbox 1085 2356 1216 2396; x_wconf 90' lang='lat' dir='ltr'>solem</span> <span class='ocrx_word' id='word_1_373' title='bbox 1251 2360 1290 2395; x_wconf 84' lang='lat' dir='ltr'>et</span> <span class='ocrx_word' id='word_1_374' title='bbox 1321 2356 1506 2394; x_wconf 90' lang='lat' dir='ltr'>animum</span> <span class='ocrx_word' id='word_1_375' title='bbox 1540 2354 1663 2394; x_wconf 90' lang='lat' dir='ltr'>deum</span> <span class='ocrx_word' id='word_1_376' title='bbox 1697 2354 1858 2402; x_wconf 90' lang='lat' dir='ltr'>dicere,</span> <span class='ocrx_word' id='word_1_377' title='bbox 1896 2359 1937 2394; x_wconf 90' lang='lat' dir='ltr'>et</span> <span class='ocrx_word' id='word_1_378' title='bbox 1967 2353 2093 2394; x_wconf 91' lang='lat' dir='ltr'>modo</span> 
     </span>
     <span class='ocr_line' id='line_1_37' title="bbox 315 2416 2093 2472; baseline -0.001 -15"><span class='ocrx_word' id='word_1_379' title='bbox 315 2431 462 2466; x_wconf 89' lang='lat' dir='ltr'>unum,</span> <span class='ocrx_word' id='word_1_380' title='bbox 493 2424 580 2458; x_wconf 91' lang='lat' dir='ltr'>tum</span> <span class='ocrx_word' id='word_1_381' title='bbox 613 2424 752 2459; x_wconf 90' lang='lat' dir='ltr'>autem</span> <span class='ocrx_word' id='word_1_382' title='bbox 785 2419 926 2472; x_wconf 89' lang='lat' dir='ltr'>plures</span> <span class='ocrx_word' id='word_1_383' title='bbox 959 2420 1081 2458; x_wconf 88' lang='lat' dir='ltr'>deos:</span> <span class='ocrx_word' id='word_1_384' title='bbox 1115 2432 1220 2472; x_wconf 89' lang='lat' dir='ltr'>quae</span> <span class='ocrx_word' id='word_1_385' title='bbox 1253 2423 1350 2457; x_wconf 87' lang='lat' dir='ltr'>suut</span> <span class='ocrx_word' id='word_1_386' title='bbox 1380 2417 1513 2457; x_wconf 86' lang='lat' dir='ltr'>isdem</span> <span class='ocrx_word' id='word_1_387' title='bbox 1545 2417 1587 2456; x_wconf 91' lang='lat' dir='ltr'>in</span> <span class='ocrx_word' id='word_1_388' title='bbox 1620 2417 1763 2457; x_wconf 90' lang='lat' dir='ltr'>erratis</span> <span class='ocrx_word' id='word_1_389' title='bbox 1794 2416 1906 2465; x_wconf 88' lang='lat' dir='ltr'>fere,</span> <span class='ocrx_word' id='word_1_390' title='bbox 1939 2416 2093 2470; x_wconf 90' lang='lat' dir='ltr'>quibus</span> 
     </span>
    </p>
   </div>
   <div class='ocr_carea' id='block_1_3' title="bbox 313 2644 2094 3287">
    <p class='ocr_par' dir='ltr' id='par_1_3' title="bbox 313 2644 2094 3287">
     <span class='ocr_line' id='line_1_38' title="bbox 401 2644 2094 2686; baseline -0.001 -8"><span class='ocrx_word' id='word_1_391' title='bbox 401 2648 432 2679; x_wconf 69' lang='lat'>2.</span> <span class='ocrx_word' id='word_1_392' title='bbox 458 2648 563 2678; x_wconf 70' lang='lat' dir='ltr'>noluit</span> <span class='ocrx_word' id='word_1_393' title='bbox 588 2647 611 2678; x_wconf 93' lang='lat' dir='ltr'>C</span> <span class='ocrx_word' id='word_1_394' title='bbox 639 2664 675 2669; x_wconf 96' lang='lat'><strong>—</strong></span> <span class='ocrx_word' id='word_1_395' title='bbox 708 2644 964 2686; x_wconf 59' lang='lat' dir='ltr'>refilzenderelur</span> <span class='ocrx_word' id='word_1_396' title='bbox 995 2648 1019 2678; x_wconf 82' lang='grc' dir='ltr'>Α</span> <span class='ocrx_word' id='word_1_397' title='bbox 1037 2648 1084 2683; x_wconf 77' lang='lat' dir='ltr'>C;</span> <span class='ocrx_word' id='word_1_398' title='bbox 1119 2647 1369 2686; x_wconf 70' lang='lat' dir='ltr'>reprehenderet</span> <span class='ocrx_word' id='word_1_399' title='bbox 1394 2655 1484 2677; x_wconf 87' lang='lat' dir='ltr'>corr.</span> <span class='ocrx_word' id='word_1_400' title='bbox 1512 2647 1544 2677; x_wconf 91' lang='lat' dir='ltr'>in</span> <span class='ocrx_word' id='word_1_401' title='bbox 1569 2645 1819 2683; x_wconf 71' lang='lat' dir='ltr'>reprehenditur</span> <span class='ocrx_word' id='word_1_402' title='bbox 1842 2645 1866 2676; x_wconf 95' lang='lat' dir='ltr'><strong>B</strong></span> <span class='ocrx_word' id='word_1_403' title='bbox 1895 2662 1929 2667; x_wconf 84' lang='lat'>-—</span> <span class='ocrx_word' id='word_1_404' title='bbox 1957 2644 1988 2677; x_wconf 80' lang='lat'>4.</span> <span class='ocrx_word' id='word_1_405' title='bbox 2015 2654 2094 2676; x_wconf 83' lang='lat' dir='ltr'>con-</span> 
     </span>
     <span class='ocr_line' id='line_1_39' title="bbox 313 2695 2091 2734; baseline -0.003 -4"><span class='ocrx_word' id='word_1_406' title='bbox 313 2699 492 2730; x_wconf 67' lang='lat' dir='ltr'>uentieiam</span> <span class='ocrx_word' id='word_1_407' title='bbox 517 2697 543 2730; x_wconf 69' lang='grc' dir='ltr'><em>Ἦ</em></span> <span class='ocrx_word' id='word_1_408' title='bbox 572 2715 605 2718; x_wconf 94' lang='grc'><strong>-</strong></span> <span class='ocrx_word' id='word_1_409' title='bbox 633 2698 664 2728; x_wconf 85' lang='lat'>5.</span> <span class='ocrx_word' id='word_1_410' title='bbox 691 2697 794 2727; x_wconf 72' lang='lat' dir='ltr'>simile</span> <span class='ocrx_word' id='word_1_411' title='bbox 821 2697 863 2727; x_wconf 79' lang='lat' dir='ltr'>E:</span> <span class='ocrx_word' id='word_1_412' title='bbox 891 2697 1029 2727; x_wconf 78' lang='lat' dir='ltr'>similem</span> <span class='ocrx_word' id='word_1_413' title='bbox 1053 2698 1077 2727; x_wconf 79' lang='lat' dir='ltr'>A</span> <span class='ocrx_word' id='word_1_414' title='bbox 1094 2698 1116 2728; x_wconf 85' lang='lat' dir='ltr'>B</span> <span class='ocrx_word' id='word_1_415' title='bbox 1134 2699 1177 2731; x_wconf 79' lang='lat' dir='ltr'>C;</span> <span class='ocrx_word' id='word_1_416' title='bbox 1205 2697 1452 2728; x_wconf 75' lang='lat' dir='ltr'>similitudinem</span> <span class='ocrx_word' id='word_1_417' title='bbox 1479 2698 1518 2732; x_wconf 82' lang='lat' dir='ltr'>P;</span> <span class='ocrx_word' id='word_1_418' title='bbox 1545 2696 1759 2726; x_wconf 77' lang='lat' dir='ltr'>simililudine</span> <span class='ocrx_word' id='word_1_419' title='bbox 1779 2696 1802 2725; x_wconf 93' lang='lat' dir='ltr'>O</span> <span class='ocrx_word' id='word_1_420' title='bbox 1825 2712 1858 2716; x_wconf 95' lang='lat'>—</span> <span class='ocrx_word' id='word_1_421' title='bbox 1886 2695 1990 2734; x_wconf 74' lang='lat' dir='ltr'>effecit</span> <span class='ocrx_word' id='word_1_422' title='bbox 2013 2696 2037 2726; x_wconf 92' lang='lat' dir='ltr'>P</span> <span class='ocrx_word' id='word_1_423' title='bbox 2057 2712 2091 2718; x_wconf 92' lang='lat'>—-</span> 
     </span>
     <span class='ocr_line' id='line_1_40' title="bbox 315 2743 2093 2789; baseline -0.002 -10"><span class='ocrx_word' id='word_1_424' title='bbox 315 2745 509 2789; x_wconf 66' lang='grc' dir='ltr'>στεφάνην</span> <span class='ocrx_word' id='word_1_425' title='bbox 534 2747 736 2778; x_wconf 73' lang='lat' dir='ltr'>Werferus:</span> <span class='ocrx_word' id='word_1_426' title='bbox 764 2747 888 2784; x_wconf 70' lang='lat' dir='ltr'>stefano</span> <span class='ocrx_word' id='word_1_427' title='bbox 907 2743 966 2781; x_wconf 73' lang='lat' dir='ltr'>A¹;</span> <span class='ocrx_word' id='word_1_428' title='bbox 994 2747 1148 2785; x_wconf 65' lang='lat' dir='ltr'>stephane</span> <span class='ocrx_word' id='word_1_429' title='bbox 1165 2748 1213 2782; x_wconf 66' lang='grc' dir='ltr'>(ἲς</span> <span class='ocrx_word' id='word_1_430' title='bbox 1241 2748 1389 2786; x_wconf 70' lang='lat' dir='ltr'>stefmzcn</span> <span class='ocrx_word' id='word_1_431' title='bbox 1414 2745 1475 2781; x_wconf 66' lang='lat' dir='ltr'>A²3</span> <span class='ocrx_word' id='word_1_432' title='bbox 1503 2746 1665 2784; x_wconf 77' lang='lat' dir='ltr'>Istefanen</span> <span class='ocrx_word' id='word_1_433' title='bbox 1690 2746 1815 2785; x_wconf 85' lang='lat' dir='ltr'>(prima</span> <span class='ocrx_word' id='word_1_434' title='bbox 1840 2744 1952 2776; x_wconf 81' lang='lat' dir='ltr'>littera</span> <span class='ocrx_word' id='word_1_435' title='bbox 1978 2743 2093 2776; x_wconf 88' lang='lat' dir='ltr'>deleta</span> 
     </span>
     <span class='ocr_line' id='line_1_41' title="bbox 315 2795 2094 2837; baseline -0.002 -8"><span class='ocrx_word' id='word_1_436' title='bbox 315 2801 349 2829; x_wconf 87' lang='lat' dir='ltr'>et</span> <span class='ocrx_word' id='word_1_437' title='bbox 373 2807 549 2837; x_wconf 67' lang='lat' dir='ltr'>superscr.</span> <span class='ocrx_word' id='word_1_438' title='bbox 576 2801 606 2827; x_wconf 76' lang='lat' dir='ltr'>ec</span> <span class='ocrx_word' id='word_1_439' title='bbox 630 2805 694 2837; x_wconf 83' lang='lat' dir='ltr'>per</span> <span class='ocrx_word' id='word_1_440' title='bbox 711 2796 973 2836; x_wconf 55' lang='lat' dir='ltr'>compendium}</span> <span class='ocrx_word' id='word_1_441' title='bbox 1001 2796 1047 2830; x_wconf 75' lang='lat'>[33</span> <span class='ocrx_word' id='word_1_442' title='bbox 1074 2796 1250 2834; x_wconf 74' lang='lat' dir='ltr'>sleplmnen</span> <span class='ocrx_word' id='word_1_443' title='bbox 1277 2797 1299 2826; x_wconf 73' lang='lat' dir='ltr'>E</span> <span class='ocrx_word' id='word_1_444' title='bbox 1316 2798 1337 2827; x_wconf 88' lang='grc' dir='ltr'><em>Ρ</em></span> <span class='ocrx_word' id='word_1_445' title='bbox 1352 2797 1376 2826; x_wconf 81' lang='lat' dir='ltr'><em>O</em></span> <span class='ocrx_word' id='word_1_446' title='bbox 1399 2814 1431 2817; x_wconf 87' lang='lat'><strong>—</strong></span> <span class='ocrx_word' id='word_1_447' title='bbox 1459 2796 1643 2826; x_wconf 57' lang='lat' dir='ltr'>continente</span> <span class='ocrx_word' id='word_1_448' title='bbox 1666 2796 1788 2825; x_wconf 76' lang='lat' dir='ltr'>ardore</span> <span class='ocrx_word' id='word_1_449' title='bbox 1808 2795 1987 2826; x_wconf 84' lang='lat' dir='ltr'>Davisius:</span> <span class='ocrx_word' id='word_1_450' title='bbox 2015 2804 2094 2826; x_wconf 84' lang='lat' dir='ltr'>con-</span> 
     </span>
     <span class='ocr_line' id='line_1_42' title="bbox 314 2842 2090 2885; baseline -0.002 -7"><span class='ocrx_word' id='word_1_451' title='bbox 314 2849 467 2879; x_wconf 65' lang='lat' dir='ltr'>timentem</span> <span class='ocrx_word' id='word_1_452' title='bbox 492 2848 645 2877; x_wconf 78' lang='lat' dir='ltr'>ardorem</span> <span class='ocrx_word' id='word_1_453' title='bbox 670 2845 697 2878; x_wconf 70' lang='lat'>‘21</span> <span class='ocrx_word' id='word_1_454' title='bbox 719 2864 752 2867; x_wconf 81' lang='lat'>—</span> <span class='ocrx_word' id='word_1_455' title='bbox 781 2848 810 2877; x_wconf 81' lang='grc' dir='ltr'>ϋ.</span> <span class='ocrx_word' id='word_1_456' title='bbox 837 2847 949 2885; x_wconf 57' lang='lat' dir='ltr'>cingat</span> <span class='ocrx_word' id='word_1_457' title='bbox 974 2846 1176 2876; x_wconf 79' lang='lat' dir='ltr'>Ernestius:</span> <span class='ocrx_word' id='word_1_458' title='bbox 1204 2847 1304 2884; x_wconf 64' lang='lat' dir='ltr'>cinyia</span> <span class='ocrx_word' id='word_1_459' title='bbox 1329 2844 1356 2877; x_wconf 69' lang='lat'>⁵21</span> <span class='ocrx_word' id='word_1_460' title='bbox 1381 2863 1411 2867; x_wconf 82' lang='lat'>--</span> <span class='ocrx_word' id='word_1_461' title='bbox 1440 2845 1470 2876; x_wconf 88' lang='lat'>8.</span> <span class='ocrx_word' id='word_1_462' title='bbox 1494 2846 1582 2875; x_wconf 66' lang='lat' dir='ltr'>modi</span> <span class='ocrx_word' id='word_1_463' title='bbox 1609 2844 1851 2876; x_wconf 81' lang='lat' dir='ltr'>Heindorfius:</span> <span class='ocrx_word' id='word_1_464' title='bbox 1882 2852 1950 2875; x_wconf 87' lang='lat' dir='ltr'>om.</span> <span class='ocrx_word' id='word_1_465' title='bbox 1971 2842 2038 2876; x_wconf 58' lang='lat'>210</span> <span class='ocrx_word' id='word_1_466' title='bbox 2054 2860 2090 2866; x_wconf 90' lang='lat'>—</span> 
     </span>
     <span class='ocr_line' id='line_1_43' title="bbox 315 2894 2093 2934; baseline -0.002 -6"><span class='ocrx_word' id='word_1_467' title='bbox 315 2898 345 2928; x_wconf 85' lang='lat'>9.</span> <span class='ocrx_word' id='word_1_468' title='bbox 374 2901 500 2928; x_wconf 72' lang='lat' dir='ltr'>revocet</span> <span class='ocrx_word' id='word_1_469' title='bbox 523 2896 668 2927; x_wconf 81' lang='lat' dir='ltr'>Orcllius</span> <span class='ocrx_word' id='word_1_470' title='bbox 702 2897 750 2933; x_wconf 85' lang='lat' dir='ltr'>(in</span> <span class='ocrx_word' id='word_1_471' title='bbox 776 2896 1031 2933; x_wconf 82' lang='lat' dir='ltr'>adnotatione):</span> <span class='ocrx_word' id='word_1_472' title='bbox 1067 2900 1201 2926; x_wconf 66' lang='lat' dir='ltr'>reuocat</span> <span class='ocrx_word' id='word_1_473' title='bbox 1226 2894 1296 2927; x_wconf 55' lang='lat'>*210</span> <span class='ocrx_word' id='word_1_474' title='bbox 1325 2912 1359 2916; x_wconf 86' lang='lat'>—</span> <span class='ocrx_word' id='word_1_475' title='bbox 1394 2895 1444 2925; x_wconf 31' lang='lat'>110⁴</span> <span class='ocrx_word' id='word_1_476' title='bbox 1473 2896 1692 2934; x_wconf 75' lang='lat' dir='ltr'>repraehensa</span> <span class='ocrx_word' id='word_1_477' title='bbox 1717 2895 1781 2926; x_wconf 78' lang='lat' dir='ltr'>AC</span> <span class='ocrx_word' id='word_1_478' title='bbox 1812 2913 1846 2917; x_wconf 83' lang='lat'><em>-</em></span> <span class='ocrx_word' id='word_1_479' title='bbox 1881 2895 1933 2926; x_wconf 80' lang='grc' dir='ltr'>Μ.</span> <span class='ocrx_word' id='word_1_480' title='bbox 1959 2895 1993 2925; x_wconf 79' lang='lat' dir='ltr'>in</span> <span class='ocrx_word' id='word_1_481' title='bbox 2025 2895 2093 2925; x_wconf 79' lang='lat' dir='ltr'>alio</span> 
     </span>
     <span class='ocr_line' id='line_1_44' title="bbox 314 2943 2092 2984; baseline -0.002 -6"><span class='ocrx_word' id='word_1_482' title='bbox 314 2949 384 2978; x_wconf 80' lang='lat' dir='ltr'>iam</span> <span class='ocrx_word' id='word_1_483' title='bbox 408 2946 458 2978; x_wconf 61' lang='lat' dir='ltr'>Ql:</span> <span class='ocrx_word' id='word_1_484' title='bbox 493 2948 560 2977; x_wconf 75' lang='lat' dir='ltr'>ium</span> <span class='ocrx_word' id='word_1_485' title='bbox 592 2949 623 2976; x_wconf 76' lang='lat' dir='ltr'>in</span> <span class='ocrx_word' id='word_1_486' title='bbox 654 2947 720 2977; x_wconf 73' lang='lat' dir='ltr'>alio</span> <span class='ocrx_word' id='word_1_487' title='bbox 752 2947 776 2977; x_wconf 93' lang='lat' dir='ltr'>O</span> <span class='ocrx_word' id='word_1_488' title='bbox 807 2963 840 2968; x_wconf 81' lang='lat'>—-</span> <span class='ocrx_word' id='word_1_489' title='bbox 875 2945 1063 2984; x_wconf 59' lang='lat' dir='ltr'>empedodes</span> <span class='ocrx_word' id='word_1_490' title='bbox 1087 2948 1110 2975; x_wconf 70' lang='lat' dir='ltr'>A</span> <span class='ocrx_word' id='word_1_491' title='bbox 1127 2943 1163 2975; x_wconf 65' lang='lat'>(2¹</span> <span class='ocrx_word' id='word_1_492' title='bbox 1191 2961 1225 2966; x_wconf 88' lang='lat'>-—</span> <span class='ocrx_word' id='word_1_493' title='bbox 1258 2944 1308 2974; x_wconf 65' lang='lat'>113.</span> <span class='ocrx_word' id='word_1_494' title='bbox 1336 2948 1487 2975; x_wconf 69' lang='lat' dir='ltr'>constare</span> <span class='ocrx_word' id='word_1_495' title='bbox 1510 2946 1597 2979; x_wconf 72' lang='lat' dir='ltr'>vzclt,</span> <span class='ocrx_word' id='word_1_496' title='bbox 1628 2946 1759 2975; x_wconf 66' lang='lat' dir='ltr'>divinas</span> <span class='ocrx_word' id='word_1_497' title='bbox 1782 2951 1847 2975; x_wconf 82' lang='lat' dir='ltr'>esse</span> <span class='ocrx_word' id='word_1_498' title='bbox 1870 2947 1977 2975; x_wconf 79' lang='lat' dir='ltr'>censet</span> <span class='ocrx_word' id='word_1_499' title='bbox 2001 2945 2026 2975; x_wconf 93' lang='lat' dir='ltr'>O</span> <span class='ocrx_word' id='word_1_500' title='bbox 2049 2962 2092 2968; x_wconf 85' lang='lat'>-</span> 
     </span>
     <span class='ocr_line' id='line_1_45' title="bbox 318 2994 2093 3036; baseline -0.002 -8"><span class='ocrx_word' id='word_1_501' title='bbox 318 2997 369 3030; x_wconf 68' lang='lat'>44..</span> <span class='ocrx_word' id='word_1_502' title='bbox 395 2998 487 3028; x_wconf 67' lang='lat' dir='ltr'>nasci</span> <span class='ocrx_word' id='word_1_503' title='bbox 510 2998 726 3036; x_wconf 68' lang='lat' dir='ltr'>crtinyuique</span> <span class='ocrx_word' id='word_1_504' title='bbox 751 2998 823 3036; x_wconf 74' lang='lat' dir='ltr'>(que</span> <span class='ocrx_word' id='word_1_505' title='bbox 847 2995 890 3026; x_wconf 83' lang='lat' dir='ltr'>ab</span> <span class='ocrx_word' id='word_1_506' title='bbox 916 2995 1115 3025; x_wconf 69' lang='lat' dir='ltr'>recentiore</span> <span class='ocrx_word' id='word_1_507' title='bbox 1143 2995 1202 3033; x_wconf 80' lang='lat' dir='ltr'>ni)</span> <span class='ocrx_word' id='word_1_508' title='bbox 1230 2995 1253 3025; x_wconf 90' lang='lat' dir='ltr'>C</span> <span class='ocrx_word' id='word_1_509' title='bbox 1284 3010 1317 3016; x_wconf 89' lang='lat'><em>-</em></span> <span class='ocrx_word' id='word_1_510' title='bbox 1347 2996 1398 3024; x_wconf 61' lang='grc' dir='ltr'>Μ.</span> <span class='ocrx_word' id='word_1_511' title='bbox 1426 2994 1545 3026; x_wconf 73' lang='lat' dir='ltr'>habere</span> <span class='ocrx_word' id='word_1_512' title='bbox 1569 3004 1638 3025; x_wconf 75' lang='lat' dir='ltr'>oui.</span> <span class='ocrx_word' id='word_1_513' title='bbox 1667 2997 1692 3026; x_wconf 80' lang='lat' dir='ltr'><strong>A</strong></span> <span class='ocrx_word' id='word_1_514' title='bbox 1712 2996 1735 3025; x_wconf 95' lang='lat' dir='ltr'>C</span> <span class='ocrx_word' id='word_1_515' title='bbox 1752 2996 1775 3026; x_wconf 92' lang='lat' dir='ltr'>P</span> <span class='ocrx_word' id='word_1_516' title='bbox 1797 3012 1831 3017; x_wconf 90' lang='lat'>—</span> <span class='ocrx_word' id='word_1_517' title='bbox 1859 2995 1910 3025; x_wconf 69' lang='lat'>46.</span> <span class='ocrx_word' id='word_1_518' title='bbox 1937 2994 2093 3025; x_wconf 72' lang='lat' dir='ltr'>uideatur</span> 
     </span>
     <span class='ocr_line' id='line_1_46' title="bbox 318 3043 2091 3087; baseline -0.002 -9"><span class='ocrx_word' id='word_1_519' title='bbox 318 3047 390 3084; x_wconf 81' lang='lat' dir='ltr'>(litt.</span> <span class='ocrx_word' id='word_1_520' title='bbox 411 3056 432 3077; x_wconf 83' lang='lat' dir='ltr'><strong><em>a</em></strong></span> <span class='ocrx_word' id='word_1_521' title='bbox 450 3047 584 3087; x_wconf 83' lang='lat' dir='ltr'>punctis</span> <span class='ocrx_word' id='word_1_522' title='bbox 604 3048 730 3084; x_wconf 78' lang='lat' dir='ltr'>notata)</span> <span class='ocrx_word' id='word_1_523' title='bbox 750 3046 773 3076; x_wconf 88' lang='lat' dir='ltr'>B</span> <span class='ocrx_word' id='word_1_524' title='bbox 795 3063 828 3067; x_wconf 92' lang='lat'>—-</span> <span class='ocrx_word' id='word_1_525' title='bbox 860 3046 907 3075; x_wconf 74' lang='lat'>47.</span> <span class='ocrx_word' id='word_1_526' title='bbox 929 3053 1107 3083; x_wconf 76' lang='lat' dir='ltr'>eorumque</span> <span class='ocrx_word' id='word_1_527' title='bbox 1131 3043 1159 3075; x_wconf 70' lang='grc' dir='ltr'>Ἡ</span> <span class='ocrx_word' id='word_1_528' title='bbox 1180 3062 1215 3066; x_wconf 94' lang='lat'>—-</span> <span class='ocrx_word' id='word_1_529' title='bbox 1238 3045 1396 3075; x_wconf 76' lang='lat' dir='ltr'>circuilus</span> <span class='ocrx_word' id='word_1_530' title='bbox 1421 3045 1444 3075; x_wconf 69' lang='lat' dir='ltr'>li</span> <span class='ocrx_word' id='word_1_531' title='bbox 1459 3046 1496 3075; x_wconf 94' lang='lat' dir='ltr'>O.</span> <span class='ocrx_word' id='word_1_532' title='bbox 1525 3045 1573 3076; x_wconf 84' lang='lat' dir='ltr'>Cf.</span> <span class='ocrx_word' id='word_1_533' title='bbox 1595 3046 1620 3076; x_wconf 94' lang='lat' dir='ltr'>ll</span> <span class='ocrx_word' id='word_1_534' title='bbox 1649 3044 1666 3085; x_wconf 64' lang='grc' dir='ltr'>ἓ</span> <span class='ocrx_word' id='word_1_535' title='bbox 1686 3045 1760 3076; x_wconf 76' lang='grc'>455.</span> <span class='ocrx_word' id='word_1_536' title='bbox 1783 3060 1818 3066; x_wconf 91' lang='lat'>-</span> <span class='ocrx_word' id='word_1_537' title='bbox 1848 3044 1898 3075; x_wconf 69' lang='lat'>⁴8.</span> <span class='ocrx_word' id='word_1_538' title='bbox 1917 3052 2091 3074; x_wconf 81' lang='lat' dir='ltr'>numerum</span> 
     </span>
     <span class='ocr_line' id='line_1_47' title="bbox 318 3093 2086 3134; baseline -0.002 -6"><span class='ocrx_word' id='word_1_539' title='bbox 318 3096 520 3128; x_wconf 77' lang='lat' dir='ltr'>Lambinus.</span> <span class='ocrx_word' id='word_1_540' title='bbox 542 3113 576 3118; x_wconf 88' lang='lat'>—</span> <span class='ocrx_word' id='word_1_541' title='bbox 604 3100 671 3126; x_wconf 75' lang='lat' dir='ltr'>tum</span> <span class='ocrx_word' id='word_1_542' title='bbox 694 3097 889 3127; x_wconf 73' lang='lat' dir='ltr'>sententiam</span> <span class='ocrx_word' id='word_1_543' title='bbox 913 3093 940 3127; x_wconf 64' lang='lat'>⁸21</span> <span class='ocrx_word' id='word_1_544' title='bbox 970 3113 1003 3117; x_wconf 87' lang='lat'>—-</span> <span class='ocrx_word' id='word_1_545' title='bbox 1031 3095 1083 3125; x_wconf 64' lang='grc' dir='ltr'>Ἥ.</span> <span class='ocrx_word' id='word_1_546' title='bbox 1110 3095 1202 3124; x_wconf 68' lang='lat' dir='ltr'>tollat</span> <span class='ocrx_word' id='word_1_547' title='bbox 1227 3093 1307 3133; x_wconf 78' lang='lat' dir='ltr'>(sed</span> <span class='ocrx_word' id='word_1_548' title='bbox 1326 3103 1347 3123; x_wconf 82' lang='grc' dir='ltr'>α.</span> <span class='ocrx_word' id='word_1_549' title='bbox 1365 3093 1533 3133; x_wconf 80' lang='lat' dir='ltr'>obscura)</span> <span class='ocrx_word' id='word_1_550' title='bbox 1560 3096 1583 3126; x_wconf 90' lang='lat' dir='ltr'>A</span> <span class='ocrx_word' id='word_1_551' title='bbox 1610 3112 1653 3117; x_wconf 88' lang='lat'>—-</span> <span class='ocrx_word' id='word_1_552' title='bbox 1677 3095 1730 3125; x_wconf 69' lang='lat'>22.</span> <span class='ocrx_word' id='word_1_553' title='bbox 1757 3095 1902 3134; x_wconf 58' lang='lat' dir='ltr'>diogenis</span> <span class='ocrx_word' id='word_1_554' title='bbox 1929 3096 1953 3125; x_wconf 85' lang='lat' dir='ltr'>A</span> <span class='ocrx_word' id='word_1_555' title='bbox 1969 3094 2031 3125; x_wconf 91' lang='lat' dir='ltr'>BC</span> <span class='ocrx_word' id='word_1_556' title='bbox 2052 3109 2086 3114; x_wconf 96' lang='lat'><strong>—</strong></span> 
     </span>
     <span class='ocr_line' id='line_1_48' title="bbox 319 3140 2085 3186; baseline -0.002 -10"><span class='ocrx_word' id='word_1_557' title='bbox 319 3146 556 3186; x_wconf 74' lang='lat' dir='ltr'>appolloniates</span> <span class='ocrx_word' id='word_1_558' title='bbox 579 3147 603 3176; x_wconf 88' lang='lat' dir='ltr'>A</span> <span class='ocrx_word' id='word_1_559' title='bbox 621 3146 644 3176; x_wconf 74' lang='lat'>(2</span> <span class='ocrx_word' id='word_1_560' title='bbox 662 3145 684 3175; x_wconf 75' lang='grc' dir='ltr'>Ε</span> <span class='ocrx_word' id='word_1_561' title='bbox 705 3163 739 3166; x_wconf 93' lang='grc'><strong>-</strong></span> <span class='ocrx_word' id='word_1_562' title='bbox 760 3146 811 3176; x_wconf 67' lang='grc' dir='ltr'>ΞΟ.</span> <span class='ocrx_word' id='word_1_563' title='bbox 831 3144 907 3184; x_wconf 79' lang='lat' dir='ltr'>non]</span> <span class='ocrx_word' id='word_1_564' title='bbox 926 3153 984 3175; x_wconf 73' lang='lat' dir='ltr'>nos</span> <span class='ocrx_word' id='word_1_565' title='bbox 1002 3146 1025 3176; x_wconf 93' lang='lat' dir='ltr'>C</span> <span class='ocrx_word' id='word_1_566' title='bbox 1047 3162 1080 3166; x_wconf 98' lang='lat'><strong>—</strong></span> <span class='ocrx_word' id='word_1_567' title='bbox 1107 3145 1158 3175; x_wconf 73' lang='lat'>27.</span> <span class='ocrx_word' id='word_1_568' title='bbox 1178 3148 1212 3174; x_wconf 78' lang='lat' dir='ltr'>ut</span> <span class='ocrx_word' id='word_1_569' title='bbox 1230 3162 1246 3166; x_wconf 96' lang='lat'><em>-</em></span> <span class='ocrx_word' id='word_1_570' title='bbox 1260 3162 1277 3166; x_wconf 97' lang='lat'>-</span> <span class='ocrx_word' id='word_1_571' title='bbox 1294 3140 1504 3186; x_wconf 71' lang='grc' dir='ltr'>ἀσώματον</span> <span class='ocrx_word' id='word_1_572' title='bbox 1523 3145 1725 3177; x_wconf 79' lang='lat' dir='ltr'>Heindorflo</span> <span class='ocrx_word' id='word_1_573' title='bbox 1742 3147 1886 3177; x_wconf 86' lang='lat' dir='ltr'>auctore</span> <span class='ocrx_word' id='word_1_574' title='bbox 1903 3142 2085 3176; x_wconf 85' lang='lat' dir='ltr'>seclusi.—</span> 
     </span>
     <span class='ocr_line' id='line_1_49' title="bbox 319 3193 2088 3235; baseline -0.002 -8"><span class='ocrx_word' id='word_1_575' title='bbox 319 3199 489 3228; x_wconf 79' lang='lat' dir='ltr'>asomalon</span> <span class='ocrx_word' id='word_1_576' title='bbox 514 3197 537 3225; x_wconf 87' lang='grc' dir='ltr'>Α</span> <span class='ocrx_word' id='word_1_577' title='bbox 556 3195 578 3225; x_wconf 80' lang='grc' dir='ltr'>Β</span> <span class='ocrx_word' id='word_1_578' title='bbox 595 3196 618 3225; x_wconf 71' lang='lat' dir='ltr'>t:</span> <span class='ocrx_word' id='word_1_579' title='bbox 635 3195 658 3225; x_wconf 86' lang='lat' dir='ltr'>E</span> <span class='ocrx_word' id='word_1_580' title='bbox 676 3204 681 3227; x_wconf 69' lang='lat' dir='ltr'><strong><em>z</em></strong></span> <span class='ocrx_word' id='word_1_581' title='bbox 709 3198 951 3225; x_wconf 47' lang='lat' dir='ltr'>autitosomaton</span> <span class='ocrx_word' id='word_1_582' title='bbox 976 3197 999 3227; x_wconf 92' lang='lat' dir='ltr'>P</span> <span class='ocrx_word' id='word_1_583' title='bbox 1021 3212 1053 3216; x_wconf 97' lang='lat'><strong>—</strong></span> <span class='ocrx_word' id='word_1_584' title='bbox 1080 3195 1133 3225; x_wconf 66' lang='grc'><em>(29.</em></span> <span class='ocrx_word' id='word_1_585' title='bbox 1153 3193 1406 3235; x_wconf 71' lang='grc' dir='ltr'>εοηρἶιθηάίηιαε</span> <span class='ocrx_word' id='word_1_586' title='bbox 1430 3199 1453 3227; x_wconf 81' lang='grc' dir='ltr'>Α</span> <span class='ocrx_word' id='word_1_587' title='bbox 1470 3197 1494 3227; x_wconf 87' lang='grc' dir='ltr'>Ε</span> <span class='ocrx_word' id='word_1_588' title='bbox 1516 3214 1549 3218; x_wconf 98' lang='grc'>-</span> <span class='ocrx_word' id='word_1_589' title='bbox 1574 3196 1624 3226; x_wconf 72' lang='grc'>31.</span> <span class='ocrx_word' id='word_1_590' title='bbox 1645 3196 1811 3227; x_wconf 80' lang='lat' dir='ltr'>malorum</span> <span class='ocrx_word' id='word_1_591' title='bbox 1826 3195 1850 3226; x_wconf 89' lang='lat' dir='ltr'>B</span> <span class='ocrx_word' id='word_1_592' title='bbox 1872 3212 1905 3217; x_wconf 95' lang='lat'>—-</span> <span class='ocrx_word' id='word_1_593' title='bbox 1933 3194 1984 3227; x_wconf 78' lang='lat'>32.</span> <span class='ocrx_word' id='word_1_594' title='bbox 2002 3193 2088 3225; x_wconf 76' lang='lat' dir='ltr'>inter</span> 
     </span>
     <span class='ocr_line' id='line_1_50' title="bbox 318 3243 1846 3287; baseline 0 -9"><span class='ocrx_word' id='word_1_595' title='bbox 318 3255 383 3279; x_wconf 80' lang='lat' dir='ltr'>sese</span> <span class='ocrx_word' id='word_1_596' title='bbox 408 3246 432 3277; x_wconf 96' lang='lat' dir='ltr'>O</span> <span class='ocrx_word' id='word_1_597' title='bbox 460 3263 493 3267; x_wconf 84' lang='lat'>-—</span> <span class='ocrx_word' id='word_1_598' title='bbox 522 3244 574 3278; x_wconf 76' lang='lat'><strong>33..</strong></span> <span class='ocrx_word' id='word_1_599' title='bbox 602 3245 635 3277; x_wconf 78' lang='lat' dir='ltr'>in</span> <span class='ocrx_word' id='word_1_600' title='bbox 658 3246 706 3279; x_wconf 73' lang='lat' dir='ltr'>lais</span> <span class='ocrx_word' id='word_1_601' title='bbox 730 3243 758 3277; x_wconf 67' lang='lat' dir='ltr'>&lt;u</span> <span class='ocrx_word' id='word_1_602' title='bbox 787 3263 820 3267; x_wconf 97' lang='lat'><strong>—</strong></span> <span class='ocrx_word' id='word_1_603' title='bbox 848 3245 899 3277; x_wconf 74' lang='lat'>35.</span> <span class='ocrx_word' id='word_1_604' title='bbox 926 3246 1021 3277; x_wconf 79' lang='lat' dir='ltr'>deum</span> <span class='ocrx_word' id='word_1_605' title='bbox 1045 3253 1223 3286; x_wconf 85' lang='lat' dir='ltr'>superscr.</span> <span class='ocrx_word' id='word_1_606' title='bbox 1251 3253 1296 3276; x_wconf 88' lang='lat' dir='ltr'>m.</span> <span class='ocrx_word' id='word_1_607' title='bbox 1324 3254 1396 3277; x_wconf 82' lang='lat' dir='ltr'>sec.</span> <span class='ocrx_word' id='word_1_608' title='bbox 1423 3245 1487 3278; x_wconf 83' lang='lat' dir='ltr'>scd</span> <span class='ocrx_word' id='word_1_609' title='bbox 1511 3246 1652 3287; x_wconf 83' lang='lat' dir='ltr'>antiqua</span> <span class='ocrx_word' id='word_1_610' title='bbox 1678 3245 1785 3278; x_wconf 85' lang='lat' dir='ltr'>habet</span> <span class='ocrx_word' id='word_1_611' title='bbox 1808 3247 1846 3278; x_wconf 89' lang='lat' dir='ltr'>A.</span> 
     </span>
    </p>
   </div>
  </div>
 </body>
</html>
