<?xml version="1.0" encoding="UTF-8"?>
<!DOCTYPE html PUBLIC "-//W3C//DTD XHTML 1.0 Transitional//EN"
    "http://www.w3.org/TR/xhtml1/DTD/xhtml1-transitional.dtd">
<html xmlns="http://www.w3.org/1999/xhtml" xml:lang="en" lang="en">
 <head>
  <title>
</title>
<meta http-equiv="Content-Type" content="text/html;charset=utf-8" />
  <meta name='ocr-system' content='tesseract 3.04.00' />
  <meta name='ocr-capabilities' content='ocr_page ocr_carea ocr_par ocr_line ocrx_word'/>
</head>
<body>
  <div class='ocr_page' id='page_1' title='image "./operaquaesupersu04ciceuoft_0803.png"; bbox 0 0 2249 3624; ppageno 0'>
   <div class='ocr_carea' id='block_1_1' title="bbox 659 170 2001 225">
    <p class='ocr_par' dir='ltr' id='par_1_1' title="bbox 659 170 2001 225">
     <span class='ocr_line' id='line_1_1' title="bbox 659 170 2001 225; baseline -0.001 -14"><span class='ocrx_word' id='word_1_1' title='bbox 659 174 745 212; x_wconf 72' lang='lat' dir='ltr'>Lm.</span> <span class='ocrx_word' id='word_1_2' title='bbox 768 173 837 212; x_wconf 84' lang='lat'>111.</span> <span class='ocrx_word' id='word_1_3' title='bbox 879 172 1265 213; x_wconf 61' lang='lat' dir='ltr'>emxx-xxr</span> <span class='ocrx_word' id='word_1_4' title='bbox 1308 171 1367 225; x_wconf 80' lang='lat'>§§</span> <span class='ocrx_word' id='word_1_5' title='bbox 1391 170 1578 211; x_wconf 70' lang='lat'>76-82,</span> <span class='ocrx_word' id='word_1_6' title='bbox 1920 170 2001 211; x_wconf 67' lang='lat'>7⁶20</span> 
     </span>
    </p>
   </div>
   <div class='ocr_carea' id='block_1_2' title="bbox 234 279 2061 2582">
    <p class='ocr_par' dir='ltr' id='par_1_2' title="bbox 234 279 2061 2149">
     <span class='ocr_line' id='line_1_2' title="bbox 236 279 2002 333; baseline -0.003 -11"><span class='ocrx_word' id='word_1_7' title='bbox 236 288 305 323; x_wconf 85' lang='lat' dir='ltr'>aut</span> <span class='ocrx_word' id='word_1_8' title='bbox 346 283 484 322; x_wconf 80' lang='lat' dir='ltr'>vivum</span> <span class='ocrx_word' id='word_1_9' title='bbox 525 286 595 319; x_wconf 89' lang='lat' dir='ltr'>aut</span> <span class='ocrx_word' id='word_1_10' title='bbox 634 284 841 319; x_wconf 87' lang='lat' dir='ltr'>mortuum</span> <span class='ocrx_word' id='word_1_11' title='bbox 884 280 1123 331; x_wconf 83' lang='lat' dir='ltr'>lugurtbam</span> <span class='ocrx_word' id='word_1_12' title='bbox 1172 294 1214 319; x_wconf 81' lang='lat' dir='ltr'>se</span> <span class='ocrx_word' id='word_1_13' title='bbox 1261 280 1302 319; x_wconf 88' lang='lat' dir='ltr'>in</span> <span class='ocrx_word' id='word_1_14' title='bbox 1351 284 1597 332; x_wconf 85' lang='lat' dir='ltr'>potestatem</span> <span class='ocrx_word' id='word_1_15' title='bbox 1644 279 1786 333; x_wconf 89' lang='lat' dir='ltr'>populi</span> <span class='ocrx_word' id='word_1_16' title='bbox 1831 280 2002 318; x_wconf 80' lang='lat' dir='ltr'>Romani</span> 
     </span>
     <span class='ocr_line' id='line_1_3' title="bbox 236 341 2003 395; baseline -0.003 -10"><span class='ocrx_word' id='word_1_17' title='bbox 236 345 510 385; x_wconf 87' lang='lat' dir='ltr'>redacturum.</span> <span class='ocrx_word' id='word_1_18' title='bbox 573 343 716 394; x_wconf 80' lang='lat' dir='ltr'>ltaque</span> <span class='ocrx_word' id='word_1_19' title='bbox 758 341 891 381; x_wconf 86' lang='lat' dir='ltr'>sactus</span> <span class='ocrx_word' id='word_1_20' title='bbox 933 349 995 381; x_wconf 89' lang='lat' dir='ltr'>est</span> <span class='ocrx_word' id='word_1_21' title='bbox 1038 342 1106 380; x_wconf 88' lang='lat' dir='ltr'>ille</span> <span class='ocrx_word' id='word_1_22' title='bbox 1142 343 1311 395; x_wconf 79' lang='lat' dir='ltr'>quidem</span> <span class='ocrx_word' id='word_1_23' title='bbox 1345 342 1513 388; x_wconf 77' lang='lat' dir='ltr'>consul,</span> <span class='ocrx_word' id='word_1_24' title='bbox 1555 342 1626 380; x_wconf 85' lang='lat' dir='ltr'>scd</span> <span class='ocrx_word' id='word_1_25' title='bbox 1660 356 1682 381; x_wconf 88' lang='lat' dir='ltr'>a</span> <span class='ocrx_word' id='word_1_26' title='bbox 1715 341 1794 380; x_wconf 91' lang='lat' dir='ltr'>lide</span> <span class='ocrx_word' id='word_1_27' title='bbox 1826 342 2003 381; x_wconf 87' lang='lat' dir='ltr'>iustitia-</span> 
     </span>
     <span class='ocr_line' id='line_1_4' title="bbox 236 404 2003 461; baseline -0.002 -15"><span class='ocrx_word' id='word_1_28' title='bbox 236 421 316 461; x_wconf 89' lang='lat' dir='ltr'>que</span> <span class='ocrx_word' id='word_1_29' title='bbox 349 406 560 451; x_wconf 81' lang='lat' dir='ltr'>discessit,</span> <span class='ocrx_word' id='word_1_30' title='bbox 602 405 672 457; x_wconf 85' lang='lat' dir='ltr'>qui</span> <span class='ocrx_word' id='word_1_31' title='bbox 716 406 916 457; x_wconf 91' lang='lat' dir='ltr'>optimum</span> <span class='ocrx_word' id='word_1_32' title='bbox 959 411 997 444; x_wconf 88' lang='lat' dir='ltr'>et</span> <span class='ocrx_word' id='word_1_33' title='bbox 1036 405 1328 455; x_wconf 82' lang='lat' dir='ltr'>gravissimum</span> <span class='ocrx_word' id='word_1_34' title='bbox 1370 405 1523 450; x_wconf 69' lang='lat' dir='ltr'>civvm,</span> <span class='ocrx_word' id='word_1_35' title='bbox 1565 405 1684 443; x_wconf 87' lang='lat' dir='ltr'>cuius</span> <span class='ocrx_word' id='word_1_36' title='bbox 1718 404 1877 455; x_wconf 77' lang='lat' dir='ltr'>legatus</span> <span class='ocrx_word' id='word_1_37' title='bbox 1909 409 2003 443; x_wconf 85' lang='lat' dir='ltr'>eta</span> 
     </span>
     <span class='ocr_line' id='line_1_5' title="bbox 237 466 2003 523; baseline -0.003 -14"><span class='ocrx_word' id='word_1_38' title='bbox 237 484 320 523; x_wconf 89' lang='lat' dir='ltr'>quo</span> <span class='ocrx_word' id='word_1_39' title='bbox 353 469 502 508; x_wconf 88' lang='lat' dir='ltr'>missus</span> <span class='ocrx_word' id='word_1_40' title='bbox 536 473 667 513; x_wconf 89' lang='lat' dir='ltr'>essct,</span> <span class='ocrx_word' id='word_1_41' title='bbox 711 467 751 505; x_wconf 91' lang='lat' dir='ltr'>in</span> <span class='ocrx_word' id='word_1_42' title='bbox 786 467 986 506; x_wconf 79' lang='lat' dir='ltr'>invidiam</span> <span class='ocrx_word' id='word_1_43' title='bbox 1021 467 1124 506; x_wconf 83' lang='lat' dir='ltr'>falso</span> <span class='ocrx_word' id='word_1_44' title='bbox 1158 467 1330 506; x_wconf 88' lang='lat' dir='ltr'>crimine</span> <span class='ocrx_word' id='word_1_45' title='bbox 1362 466 1602 506; x_wconf 75' lang='lat' dir='ltr'>adduxerit.</span> <span class='ocrx_word' id='word_1_46' title='bbox 1662 466 1728 505; x_wconf 74' lang='lat'>80.</span> <span class='ocrx_word' id='word_1_47' title='bbox 1770 468 1828 506; x_wconf 88' lang='lat' dir='ltr'>Ne</span> <span class='ocrx_word' id='word_1_48' title='bbox 1862 471 2003 505; x_wconf 87' lang='lat' dir='ltr'>noster</span> 
     </span>
     <span class='ocr_line' id='line_1_6' title="bbox 236 529 2037 584; baseline -0.001 -15"><span class='ocrx_word' id='word_1_49' title='bbox 236 531 405 584; x_wconf 90' lang='lat' dir='ltr'>quidem</span> <span class='ocrx_word' id='word_1_50' title='bbox 429 529 700 569; x_wconf 79' lang='lat' dir='ltr'>Gratidianus</span> <span class='ocrx_word' id='word_1_51' title='bbox 733 529 869 568; x_wconf 83' lang='lat' dir='ltr'>oflicio</span> <span class='ocrx_word' id='word_1_52' title='bbox 904 529 980 568; x_wconf 86' lang='lat' dir='ltr'>viri</span> <span class='ocrx_word' id='word_1_53' title='bbox 1014 529 1111 567; x_wconf 90' lang='lat' dir='ltr'>boni</span> <span class='ocrx_word' id='word_1_54' title='bbox 1146 529 1311 568; x_wconf 82' lang='lat' dir='ltr'>functus</span> <span class='ocrx_word' id='word_1_55' title='bbox 1345 535 1407 569; x_wconf 91' lang='lat' dir='ltr'>est</span> <span class='ocrx_word' id='word_1_56' title='bbox 1438 536 1537 575; x_wconf 88' lang='lat' dir='ltr'>tum,</span> <span class='ocrx_word' id='word_1_57' title='bbox 1571 543 1662 568; x_wconf 87' lang='lat' dir='ltr'>cum</span> <span class='ocrx_word' id='word_1_58' title='bbox 1697 535 1863 582; x_wconf 90' lang='lat' dir='ltr'>praetor</span> <span class='ocrx_word' id='word_1_59' title='bbox 1893 533 2037 568; x_wconf 74' lang='lat' dir='ltr'>esset-²5</span> 
     </span>
     <span class='ocr_line' id='line_1_7' title="bbox 234 590 2003 646; baseline -0.002 -14"><span class='ocrx_word' id='word_1_60' title='bbox 234 593 545 646; x_wconf 72' lang='lat' dir='ltr'>collegiumque</span> <span class='ocrx_word' id='word_1_61' title='bbox 578 591 833 644; x_wconf 88' lang='lat' dir='ltr'>praetorium</span> <span class='ocrx_word' id='word_1_62' title='bbox 866 592 1019 630; x_wconf 90' lang='lat' dir='ltr'>tribuni</span> <span class='ocrx_word' id='word_1_63' title='bbox 1049 591 1156 643; x_wconf 86' lang='lat' dir='ltr'>plebi</span> <span class='ocrx_word' id='word_1_64' title='bbox 1180 591 1484 636; x_wconf 73' lang='lat' dir='ltr'>adhibuissent,</span> <span class='ocrx_word' id='word_1_65' title='bbox 1519 597 1561 629; x_wconf 92' lang='lat' dir='ltr'>ut</span> <span class='ocrx_word' id='word_1_66' title='bbox 1592 605 1657 630; x_wconf 80' lang='lat' dir='ltr'>rcs</span> <span class='ocrx_word' id='word_1_67' title='bbox 1690 592 1922 630; x_wconf 86' lang='lat' dir='ltr'>nummaria</span> <span class='ocrx_word' id='word_1_68' title='bbox 1953 590 2003 629; x_wconf 88' lang='lat' dir='ltr'>de</span> 
     </span>
     <span class='ocr_line' id='line_1_8' title="bbox 235 654 2005 705; baseline -0.001 -11"><span class='ocrx_word' id='word_1_69' title='bbox 235 655 443 694; x_wconf 89' lang='lat' dir='ltr'>communi</span> <span class='ocrx_word' id='word_1_70' title='bbox 475 655 684 694; x_wconf 81' lang='lat' dir='ltr'>sententia</span> <span class='ocrx_word' id='word_1_71' title='bbox 715 655 1059 700; x_wconf 87' lang='lat' dir='ltr'>constitueretur;</span> <span class='ocrx_word' id='word_1_72' title='bbox 1094 654 1322 693; x_wconf 88' lang='lat' dir='ltr'>iactabatur</span> <span class='ocrx_word' id='word_1_73' title='bbox 1354 655 1461 692; x_wconf 84' lang='lat' dir='ltr'>euim</span> <span class='ocrx_word' id='word_1_74' title='bbox 1497 654 1756 705; x_wconf 76' lang='lat' dir='ltr'>temporibus</span> <span class='ocrx_word' id='word_1_75' title='bbox 1780 654 1861 692; x_wconf 91' lang='lat' dir='ltr'>illis</span> <span class='ocrx_word' id='word_1_76' title='bbox 1886 666 2005 692; x_wconf 84' lang='lat' dir='ltr'>num-</span> 
     </span>
     <span class='ocr_line' id='line_1_9' title="bbox 234 716 2006 770; baseline -0.001 -14"><span class='ocrx_word' id='word_1_77' title='bbox 234 732 324 757; x_wconf 86' lang='lat' dir='ltr'>mus</span> <span class='ocrx_word' id='word_1_78' title='bbox 356 718 427 763; x_wconf 89' lang='lat' dir='ltr'>sic,</span> <span class='ocrx_word' id='word_1_79' title='bbox 460 723 502 757; x_wconf 84' lang='lat' dir='ltr'>ut</span> <span class='ocrx_word' id='word_1_80' title='bbox 532 731 653 757; x_wconf 89' lang='lat' dir='ltr'>nemo</span> <span class='ocrx_word' id='word_1_81' title='bbox 688 722 829 770; x_wconf 88' lang='lat' dir='ltr'>posset</span> <span class='ocrx_word' id='word_1_82' title='bbox 851 718 971 761; x_wconf 89' lang='lat' dir='ltr'>scire,</span> <span class='ocrx_word' id='word_1_83' title='bbox 996 717 1096 769; x_wconf 87' lang='lat' dir='ltr'>quid</span> <span class='ocrx_word' id='word_1_84' title='bbox 1120 716 1306 756; x_wconf 78' lang='lat' dir='ltr'>liaberet.</span> <span class='ocrx_word' id='word_1_85' title='bbox 1361 717 1707 768; x_wconf 70' lang='lat' dir='ltr'>Conscripserunt</span> <span class='ocrx_word' id='word_1_86' title='bbox 1730 716 2006 755; x_wconf 88' lang='lat' dir='ltr'>communiter</span> 
     </span>
     <span class='ocr_line' id='line_1_10' title="bbox 234 778 2003 832; baseline -0.001 -14"><span class='ocrx_word' id='word_1_87' title='bbox 234 779 414 820; x_wconf 85' lang='lat' dir='ltr'>edictum</span> <span class='ocrx_word' id='word_1_88' title='bbox 455 794 546 819; x_wconf 89' lang='lat' dir='ltr'>cum</span> <span class='ocrx_word' id='word_1_89' title='bbox 588 792 724 832; x_wconf 82' lang='lat' dir='ltr'>poena</span> <span class='ocrx_word' id='word_1_90' title='bbox 761 785 888 832; x_wconf 84' lang='lat' dir='ltr'>atque</span> <span class='ocrx_word' id='word_1_91' title='bbox 930 780 1086 818; x_wconf 89' lang='lat' dir='ltr'>iudicio</span> <span class='ocrx_word' id='word_1_92' title='bbox 1119 780 1512 831; x_wconf 83' lang='lat' dir='ltr'>constitucruntque</span> <span class='ocrx_word' id='word_1_93' title='bbox 1555 784 1596 817; x_wconf 90' lang='lat' dir='ltr'>ut</span> <span class='ocrx_word' id='word_1_94' title='bbox 1629 792 1773 817; x_wconf 85' lang='lat' dir='ltr'>omncs</span> <span class='ocrx_word' id='word_1_95' title='bbox 1806 778 1929 818; x_wconf 89' lang='lat' dir='ltr'>simul</span> <span class='ocrx_word' id='word_1_96' title='bbox 1963 778 2003 816; x_wconf 91' lang='lat' dir='ltr'>in</span> 
     </span>
     <span class='ocr_line' id='line_1_11' title="bbox 235 841 2055 896; baseline -0.003 -15"><span class='ocrx_word' id='word_1_97' title='bbox 235 848 369 882; x_wconf 86' lang='lat' dir='ltr'>rostra</span> <span class='ocrx_word' id='word_1_98' title='bbox 402 849 496 896; x_wconf 89' lang='lat' dir='ltr'>post</span> <span class='ocrx_word' id='word_1_99' title='bbox 528 842 744 882; x_wconf 81' lang='lat' dir='ltr'>meridiem</span> <span class='ocrx_word' id='word_1_100' title='bbox 777 842 1065 881; x_wconf 82' lang='lat' dir='ltr'>escenderent.</span> <span class='ocrx_word' id='word_1_101' title='bbox 1117 844 1168 882; x_wconf 87' lang='lat' dir='ltr'>Et</span> <span class='ocrx_word' id='word_1_102' title='bbox 1199 843 1324 881; x_wconf 82' lang='lat' dir='ltr'>ceteri</span> <span class='ocrx_word' id='word_1_103' title='bbox 1357 841 1528 894; x_wconf 60' lang='lat' dir='ltr'>quidem</span> <span class='ocrx_word' id='word_1_104' title='bbox 1561 841 1666 880; x_wconf 89' lang='lat' dir='ltr'>alius</span> <span class='ocrx_word' id='word_1_105' title='bbox 1698 841 1803 880; x_wconf 88' lang='lat' dir='ltr'>alio:</span> <span class='ocrx_word' id='word_1_106' title='bbox 1848 841 2055 881; x_wconf 74' lang='lat' dir='ltr'>Mariusw</span> 
     </span>
     <span class='ocr_line' id='line_1_12' title="bbox 241 903 2003 958; baseline -0.002 -14"><span class='ocrx_word' id='word_1_107' title='bbox 241 905 292 944; x_wconf 91' lang='lat' dir='ltr'>ab</span> <span class='ocrx_word' id='word_1_108' title='bbox 325 905 535 946; x_wconf 83' lang='lat' dir='ltr'>subselliis</span> <span class='ocrx_word' id='word_1_109' title='bbox 568 906 609 944; x_wconf 94' lang='lat' dir='ltr'>in</span> <span class='ocrx_word' id='word_1_110' title='bbox 639 911 772 944; x_wconf 89' lang='lat' dir='ltr'>rostra</span> <span class='ocrx_word' id='word_1_111' title='bbox 802 909 915 943; x_wconf 87' lang='lat' dir='ltr'>recta</span> <span class='ocrx_word' id='word_1_112' title='bbox 946 905 1089 956; x_wconf 83' lang='lat' dir='ltr'>idque,</span> <span class='ocrx_word' id='word_1_113' title='bbox 1122 904 1234 958; x_wconf 83' lang='lat' dir='ltr'>quod</span> <span class='ocrx_word' id='word_1_114' title='bbox 1256 904 1532 943; x_wconf 87' lang='lat' dir='ltr'>communiter</span> <span class='ocrx_word' id='word_1_115' title='bbox 1553 904 1831 955; x_wconf 81' lang='lat' dir='ltr'>compositum</span> <span class='ocrx_word' id='word_1_116' title='bbox 1857 903 2003 949; x_wconf 84' lang='lat' dir='ltr'>suerat,</span> 
     </span>
     <span class='ocr_line' id='line_1_13' title="bbox 234 965 2004 1020; baseline -0.002 -13"><span class='ocrx_word' id='word_1_117' title='bbox 234 968 346 1007; x_wconf 89' lang='lat' dir='ltr'>solus</span> <span class='ocrx_word' id='word_1_118' title='bbox 380 968 526 1008; x_wconf 81' lang='lat' dir='ltr'>edixit.</span> <span class='ocrx_word' id='word_1_119' title='bbox 586 969 638 1006; x_wconf 89' lang='lat' dir='ltr'>Et</span> <span class='ocrx_word' id='word_1_120' title='bbox 670 981 718 1007; x_wconf 88' lang='lat' dir='ltr'>ea</span> <span class='ocrx_word' id='word_1_121' title='bbox 748 981 828 1013; x_wconf 87' lang='lat' dir='ltr'>res,</span> <span class='ocrx_word' id='word_1_122' title='bbox 861 968 895 1006; x_wconf 90' lang='lat' dir='ltr'>si</span> <span class='ocrx_word' id='word_1_123' title='bbox 927 969 1108 1020; x_wconf 84' lang='lat' dir='ltr'>quaeris,</span> <span class='ocrx_word' id='word_1_124' title='bbox 1142 969 1178 1007; x_wconf 83' lang='lat' dir='ltr'>ei</span> <span class='ocrx_word' id='word_1_125' title='bbox 1212 980 1362 1019; x_wconf 80' lang='lat' dir='ltr'>magno</span> <span class='ocrx_word' id='word_1_126' title='bbox 1386 967 1535 1005; x_wconf 86' lang='lat' dir='ltr'>honori</span> <span class='ocrx_word' id='word_1_127' title='bbox 1558 966 1654 1005; x_wconf 87' lang='lat' dir='ltr'>suit:</span> <span class='ocrx_word' id='word_1_128' title='bbox 1689 966 1881 1004; x_wconf 90' lang='lat' dir='ltr'>omnibus</span> <span class='ocrx_word' id='word_1_129' title='bbox 1904 965 2004 1005; x_wconf 81' lang='lat' dir='ltr'>vicis</span> 
     </span>
     <span class='ocr_line' id='line_1_14' title="bbox 234 1027 2007 1081; baseline -0.002 -12"><span class='ocrx_word' id='word_1_130' title='bbox 234 1035 413 1077; x_wconf 79' lang='lat' dir='ltr'>statuae,</span> <span class='ocrx_word' id='word_1_131' title='bbox 441 1031 492 1069; x_wconf 89' lang='lat' dir='ltr'>ad</span> <span class='ocrx_word' id='word_1_132' title='bbox 525 1044 595 1070; x_wconf 89' lang='lat' dir='ltr'>eas</span> <span class='ocrx_word' id='word_1_133' title='bbox 627 1035 706 1076; x_wconf 91' lang='lat' dir='ltr'>tus,</span> <span class='ocrx_word' id='word_1_134' title='bbox 739 1030 861 1070; x_wconf 88' lang='lat' dir='ltr'>cerei.</span> <span class='ocrx_word' id='word_1_135' title='bbox 924 1030 1034 1078; x_wconf 85' lang='lat' dir='ltr'>Quid</span> <span class='ocrx_word' id='word_1_136' title='bbox 1069 1031 1224 1069; x_wconf 76' lang='lat' dir='ltr'>multa?</span> <span class='ocrx_word' id='word_1_137' title='bbox 1256 1042 1378 1069; x_wconf 90' lang='lat' dir='ltr'>nemo</span> <span class='ocrx_word' id='word_1_138' title='bbox 1414 1043 1610 1081; x_wconf 82' lang='lat' dir='ltr'>umquam</span> <span class='ocrx_word' id='word_1_139' title='bbox 1644 1028 1900 1067; x_wconf 86' lang='lat' dir='ltr'>multitudini</span> <span class='ocrx_word' id='word_1_140' title='bbox 1928 1027 2007 1066; x_wconf 83' lang='lat' dir='ltr'>fuit</span> 
     </span>
     <span class='ocr_line' id='line_1_15' title="bbox 234 1090 2005 1145; baseline -0.003 -13"><span class='ocrx_word' id='word_1_141' title='bbox 234 1093 380 1132; x_wconf 86' lang='lat' dir='ltr'>carior.</span> <span class='ocrx_word' id='word_1_142' title='bbox 440 1090 507 1132; x_wconf 83' lang='grc'>81.</span> <span class='ocrx_word' id='word_1_143' title='bbox 542 1093 651 1132; x_wconf 87' lang='lat' dir='ltr'>Haec</span> <span class='ocrx_word' id='word_1_144' title='bbox 684 1099 802 1139; x_wconf 88' lang='lat' dir='ltr'>sunt,</span> <span class='ocrx_word' id='word_1_145' title='bbox 836 1106 943 1145; x_wconf 88' lang='lat' dir='ltr'>quae</span> <span class='ocrx_word' id='word_1_146' title='bbox 975 1094 1227 1132; x_wconf 82' lang='lat' dir='ltr'>conturbent</span> <span class='ocrx_word' id='word_1_147' title='bbox 1258 1094 1298 1132; x_wconf 91' lang='lat' dir='ltr'>iu</span> <span class='ocrx_word' id='word_1_148' title='bbox 1331 1091 1634 1131; x_wconf 72' lang='lat' dir='ltr'>deliberatione</span> <span class='ocrx_word' id='word_1_149' title='bbox 1658 1104 1740 1129; x_wconf 91' lang='lat' dir='ltr'>non</span> <span class='ocrx_word' id='word_1_150' title='bbox 1766 1102 2005 1142; x_wconf 77' lang='lat' dir='ltr'>numquam,</span> 
     </span>
     <span class='ocr_line' id='line_1_16' title="bbox 234 1151 2056 1208; baseline -0.003 -14"><span class='ocrx_word' id='word_1_151' title='bbox 234 1169 326 1195; x_wconf 89' lang='lat' dir='ltr'>cum</span> <span class='ocrx_word' id='word_1_152' title='bbox 358 1155 423 1201; x_wconf 90' lang='lat' dir='ltr'>id,</span> <span class='ocrx_word' id='word_1_153' title='bbox 464 1156 505 1194; x_wconf 91' lang='lat' dir='ltr'>iu</span> <span class='ocrx_word' id='word_1_154' title='bbox 538 1168 623 1208; x_wconf 85' lang='lat' dir='ltr'>quo</span> <span class='ocrx_word' id='word_1_155' title='bbox 657 1155 835 1194; x_wconf 88' lang='lat' dir='ltr'>violatur</span> <span class='ocrx_word' id='word_1_156' title='bbox 865 1156 1080 1208; x_wconf 88' lang='lat' dir='ltr'>aequitas,</span> <span class='ocrx_word' id='word_1_157' title='bbox 1114 1169 1195 1195; x_wconf 90' lang='lat' dir='ltr'>non</span> <span class='ocrx_word' id='word_1_158' title='bbox 1227 1156 1283 1194; x_wconf 87' lang='lat' dir='ltr'>ita</span> <span class='ocrx_word' id='word_1_159' title='bbox 1317 1167 1533 1204; x_wconf 83' lang='lat' dir='ltr'>magnum,</span> <span class='ocrx_word' id='word_1_160' title='bbox 1567 1153 1668 1192; x_wconf 89' lang='lat' dir='ltr'>illud</span> <span class='ocrx_word' id='word_1_161' title='bbox 1701 1158 1861 1198; x_wconf 86' lang='lat' dir='ltr'>autem,</span> <span class='ocrx_word' id='word_1_162' title='bbox 1895 1151 2005 1204; x_wconf 89' lang='lat' dir='ltr'>quod</span> <span class='ocrx_word' id='word_1_163' title='bbox 2022 1162 2056 1189; x_wconf 71' lang='lat'>⁴5</span> 
     </span>
     <span class='ocr_line' id='line_1_17' title="bbox 235 1213 2007 1270; baseline -0.003 -13"><span class='ocrx_word' id='word_1_164' title='bbox 235 1230 287 1257; x_wconf 80' lang='lat' dir='ltr'>ex</span> <span class='ocrx_word' id='word_1_165' title='bbox 320 1231 370 1257; x_wconf 91' lang='lat' dir='ltr'>eo</span> <span class='ocrx_word' id='word_1_166' title='bbox 403 1218 585 1270; x_wconf 87' lang='lat' dir='ltr'>paritur,</span> <span class='ocrx_word' id='word_1_167' title='bbox 618 1231 890 1270; x_wconf 86' lang='lat' dir='ltr'>permagnum</span> <span class='ocrx_word' id='word_1_168' title='bbox 924 1218 1109 1264; x_wconf 89' lang='lat' dir='ltr'>videtur,</span> <span class='ocrx_word' id='word_1_169' title='bbox 1143 1224 1186 1257; x_wconf 90' lang='lat' dir='ltr'>ut</span> <span class='ocrx_word' id='word_1_170' title='bbox 1218 1218 1349 1257; x_wconf 75' lang='lat' dir='ltr'>Mario</span> <span class='ocrx_word' id='word_1_171' title='bbox 1382 1217 1623 1269; x_wconf 80' lang='lat' dir='ltr'>praeripere</span> <span class='ocrx_word' id='word_1_172' title='bbox 1657 1215 1829 1266; x_wconf 85' lang='lat' dir='ltr'>collegis</span> <span class='ocrx_word' id='word_1_173' title='bbox 1863 1219 1902 1253; x_wconf 89' lang='lat' dir='ltr'>et</span> <span class='ocrx_word' id='word_1_174' title='bbox 1935 1213 2007 1252; x_wconf 84' lang='lat' dir='ltr'>tri-</span> 
     </span>
     <span class='ocr_line' id='line_1_18' title="bbox 235 1278 2007 1333; baseline -0.003 -14"><span class='ocrx_word' id='word_1_175' title='bbox 235 1281 357 1319; x_wconf 91' lang='lat' dir='ltr'>bunis</span> <span class='ocrx_word' id='word_1_176' title='bbox 400 1280 509 1331; x_wconf 92' lang='lat' dir='ltr'>plebi</span> <span class='ocrx_word' id='word_1_177' title='bbox 553 1280 800 1333; x_wconf 85' lang='lat' dir='ltr'>popularem</span> <span class='ocrx_word' id='word_1_178' title='bbox 843 1280 1016 1331; x_wconf 82' lang='lat' dir='ltr'>gratiam</span> <span class='ocrx_word' id='word_1_179' title='bbox 1059 1295 1141 1319; x_wconf 90' lang='lat' dir='ltr'>non</span> <span class='ocrx_word' id='word_1_180' title='bbox 1182 1281 1235 1319; x_wconf 88' lang='lat' dir='ltr'>ita</span> <span class='ocrx_word' id='word_1_181' title='bbox 1279 1286 1424 1332; x_wconf 88' lang='lat' dir='ltr'>turpe,</span> <span class='ocrx_word' id='word_1_182' title='bbox 1464 1278 1680 1318; x_wconf 82' lang='lat' dir='ltr'>consulem</span> <span class='ocrx_word' id='word_1_183' title='bbox 1714 1278 1765 1316; x_wconf 90' lang='lat' dir='ltr'>ob</span> <span class='ocrx_word' id='word_1_184' title='bbox 1799 1291 1890 1316; x_wconf 88' lang='lat' dir='ltr'>eam</span> <span class='ocrx_word' id='word_1_185' title='bbox 1922 1290 2007 1315; x_wconf 86' lang='lat' dir='ltr'>rem</span> 
     </span>
     <span class='ocr_line' id='line_1_19' title="bbox 235 1341 2007 1396; baseline -0.002 -14"><span class='ocrx_word' id='word_1_186' title='bbox 235 1342 346 1390; x_wconf 90' lang='lat' dir='ltr'>lieri,</span> <span class='ocrx_word' id='word_1_187' title='bbox 389 1342 505 1396; x_wconf 89' lang='lat' dir='ltr'>quod</span> <span class='ocrx_word' id='word_1_188' title='bbox 544 1343 623 1382; x_wconf 89' lang='lat' dir='ltr'>sibi</span> <span class='ocrx_word' id='word_1_189' title='bbox 666 1350 752 1382; x_wconf 83' lang='lat' dir='ltr'>tum</span> <span class='ocrx_word' id='word_1_190' title='bbox 792 1349 1087 1395; x_wconf 86' lang='lat' dir='ltr'>proposuerat,</span> <span class='ocrx_word' id='word_1_191' title='bbox 1130 1343 1251 1382; x_wconf 88' lang='lat' dir='ltr'>valde</span> <span class='ocrx_word' id='word_1_192' title='bbox 1285 1342 1383 1381; x_wconf 91' lang='lat' dir='ltr'>utile</span> <span class='ocrx_word' id='word_1_193' title='bbox 1417 1341 1646 1380; x_wconf 86' lang='lat' dir='ltr'>videbatur.</span> <span class='ocrx_word' id='word_1_194' title='bbox 1709 1341 1789 1379; x_wconf 85' lang='lat' dir='ltr'>Sed</span> <span class='ocrx_word' id='word_1_195' title='bbox 1822 1341 2007 1380; x_wconf 88' lang='lat' dir='ltr'>omnium</span> 
     </span>
     <span class='ocr_line' id='line_1_20' title="bbox 235 1402 2008 1459; baseline -0.003 -14"><span class='ocrx_word' id='word_1_196' title='bbox 235 1419 317 1445; x_wconf 86' lang='lat' dir='ltr'>una</span> <span class='ocrx_word' id='word_1_197' title='bbox 348 1405 491 1457; x_wconf 89' lang='lat' dir='ltr'>regula</span> <span class='ocrx_word' id='word_1_198' title='bbox 523 1411 604 1452; x_wconf 88' lang='lat' dir='ltr'>est,</span> <span class='ocrx_word' id='word_1_199' title='bbox 637 1418 763 1459; x_wconf 89' lang='lat' dir='ltr'>quam</span> <span class='ocrx_word' id='word_1_200' title='bbox 798 1406 870 1444; x_wconf 89' lang='lat' dir='ltr'>tibi</span> <span class='ocrx_word' id='word_1_201' title='bbox 903 1406 1028 1458; x_wconf 89' lang='lat' dir='ltr'>cupio</span> <span class='ocrx_word' id='word_1_202' title='bbox 1063 1419 1154 1445; x_wconf 89' lang='lat' dir='ltr'>esse</span> <span class='ocrx_word' id='word_1_203' title='bbox 1187 1405 1468 1445; x_wconf 87' lang='lat' dir='ltr'>notissimam:</span> <span class='ocrx_word' id='word_1_204' title='bbox 1501 1409 1571 1443; x_wconf 86' lang='lat' dir='ltr'>aut</span> <span class='ocrx_word' id='word_1_205' title='bbox 1603 1403 1727 1449; x_wconf 90' lang='lat' dir='ltr'>illud,</span> <span class='ocrx_word' id='word_1_206' title='bbox 1761 1402 1872 1456; x_wconf 89' lang='lat' dir='ltr'>quod</span> <span class='ocrx_word' id='word_1_207' title='bbox 1907 1402 2008 1440; x_wconf 88' lang='lat' dir='ltr'>utile</span> 
     </span>
     <span class='ocr_line' id='line_1_21' title="bbox 236 1464 2059 1521; baseline -0.003 -14"><span class='ocrx_word' id='word_1_208' title='bbox 236 1468 424 1514; x_wconf 83' lang='lat' dir='ltr'>videtur,</span> <span class='ocrx_word' id='word_1_209' title='bbox 464 1473 582 1521; x_wconf 88' lang='lat' dir='ltr'>turpe</span> <span class='ocrx_word' id='word_1_210' title='bbox 616 1482 667 1508; x_wconf 89' lang='lat' dir='ltr'>ne</span> <span class='ocrx_word' id='word_1_211' title='bbox 700 1469 778 1514; x_wconf 86' lang='lat' dir='ltr'>sit,</span> <span class='ocrx_word' id='word_1_212' title='bbox 818 1473 912 1514; x_wconf 89' lang='lat' dir='ltr'>aut,</span> <span class='ocrx_word' id='word_1_213' title='bbox 950 1469 983 1507; x_wconf 92' lang='lat' dir='ltr'>si</span> <span class='ocrx_word' id='word_1_214' title='bbox 1017 1474 1134 1521; x_wconf 86' lang='lat' dir='ltr'>turpe</span> <span class='ocrx_word' id='word_1_215' title='bbox 1168 1474 1252 1515; x_wconf 90' lang='lat' dir='ltr'>est,</span> <span class='ocrx_word' id='word_1_216' title='bbox 1286 1481 1336 1506; x_wconf 87' lang='lat' dir='ltr'>ue</span> <span class='ocrx_word' id='word_1_217' title='bbox 1372 1467 1563 1506; x_wconf 88' lang='lat' dir='ltr'>videatur</span> <span class='ocrx_word' id='word_1_218' title='bbox 1594 1480 1685 1505; x_wconf 88' lang='lat' dir='ltr'>esse</span> <span class='ocrx_word' id='word_1_219' title='bbox 1721 1466 1835 1505; x_wconf 90' lang='lat' dir='ltr'>utile.</span> <span class='ocrx_word' id='word_1_220' title='bbox 1898 1464 2007 1512; x_wconf 83' lang='lat' dir='ltr'>Quid</span> <span class='ocrx_word' id='word_1_221' title='bbox 2024 1475 2059 1503; x_wconf 65' lang='lat'>2«)</span> 
     </span>
     <span class='ocr_line' id='line_1_22' title="bbox 235 1529 2011 1584; baseline -0.002 -14"><span class='ocrx_word' id='word_1_222' title='bbox 235 1531 390 1584; x_wconf 74' lang='lat' dir='ltr'>igitur?</span> <span class='ocrx_word' id='word_1_223' title='bbox 421 1544 702 1584; x_wconf 89' lang='lat' dir='ltr'>possumusne</span> <span class='ocrx_word' id='word_1_224' title='bbox 735 1536 804 1570; x_wconf 90' lang='lat' dir='ltr'>aut</span> <span class='ocrx_word' id='word_1_225' title='bbox 837 1531 953 1570; x_wconf 92' lang='lat' dir='ltr'>illum</span> <span class='ocrx_word' id='word_1_226' title='bbox 985 1532 1162 1570; x_wconf 84' lang='lat' dir='ltr'>Marium</span> <span class='ocrx_word' id='word_1_227' title='bbox 1198 1532 1330 1570; x_wconf 91' lang='lat' dir='ltr'>virum</span> <span class='ocrx_word' id='word_1_228' title='bbox 1362 1530 1518 1570; x_wconf 89' lang='lat' dir='ltr'>bonum</span> <span class='ocrx_word' id='word_1_229' title='bbox 1551 1529 1735 1568; x_wconf 84' lang='lat' dir='ltr'>iudicare</span> <span class='ocrx_word' id='word_1_230' title='bbox 1767 1534 1837 1567; x_wconf 90' lang='lat' dir='ltr'>aut</span> <span class='ocrx_word' id='word_1_231' title='bbox 1868 1529 2011 1567; x_wconf 70' lang='lat' dir='ltr'>hunc?</span> 
     </span>
     <span class='ocr_line' id='line_1_23' title="bbox 235 1592 2009 1646; baseline -0.003 -12"><span class='ocrx_word' id='word_1_232' title='bbox 235 1594 410 1646; x_wconf 83' lang='lat' dir='ltr'>Explica</span> <span class='ocrx_word' id='word_1_233' title='bbox 451 1599 575 1646; x_wconf 86' lang='lat' dir='ltr'>atque</span> <span class='ocrx_word' id='word_1_234' title='bbox 618 1598 769 1633; x_wconf 81' lang='lat' dir='ltr'>excute</span> <span class='ocrx_word' id='word_1_235' title='bbox 809 1593 1139 1645; x_wconf 80' lang='lat' dir='ltr'>intellegentiam</span> <span class='ocrx_word' id='word_1_236' title='bbox 1183 1598 1317 1639; x_wconf 89' lang='lat' dir='ltr'>tuam,</span> <span class='ocrx_word' id='word_1_237' title='bbox 1359 1598 1403 1632; x_wconf 91' lang='lat' dir='ltr'>ut</span> <span class='ocrx_word' id='word_1_238' title='bbox 1443 1592 1611 1638; x_wconf 85' lang='lat' dir='ltr'>videas,</span> <span class='ocrx_word' id='word_1_239' title='bbox 1656 1604 1763 1644; x_wconf 86' lang='lat' dir='ltr'>quae</span> <span class='ocrx_word' id='word_1_240' title='bbox 1804 1592 1928 1630; x_wconf 88' lang='lat' dir='ltr'>sitin</span> <span class='ocrx_word' id='word_1_241' title='bbox 1961 1604 2009 1630; x_wconf 91' lang='lat' dir='ltr'>ea</span> 
     </span>
     <span class='ocr_line' id='line_1_24' title="bbox 238 1653 2007 1710; baseline -0.003 -13"><span class='ocrx_word' id='word_1_242' title='bbox 238 1657 401 1710; x_wconf 88' lang='lat' dir='ltr'>species</span> <span class='ocrx_word' id='word_1_243' title='bbox 436 1653 600 1710; x_wconf 84' lang='lat' dir='ltr'>[forma]</span> <span class='ocrx_word' id='word_1_244' title='bbox 637 1662 678 1695; x_wconf 89' lang='lat' dir='ltr'>et</span> <span class='ocrx_word' id='word_1_245' title='bbox 711 1656 825 1695; x_wconf 88' lang='lat' dir='ltr'>notio</span> <span class='ocrx_word' id='word_1_246' title='bbox 859 1656 934 1695; x_wconf 89' lang='lat' dir='ltr'>viri</span> <span class='ocrx_word' id='word_1_247' title='bbox 968 1656 1079 1695; x_wconf 88' lang='lat' dir='ltr'>boni.</span> <span class='ocrx_word' id='word_1_248' title='bbox 1142 1656 1260 1696; x_wconf 85' lang='lat' dir='ltr'>Cadit</span> <span class='ocrx_word' id='word_1_249' title='bbox 1291 1669 1390 1706; x_wconf 86' lang='lat' dir='ltr'>ergo</span> <span class='ocrx_word' id='word_1_250' title='bbox 1423 1655 1465 1693; x_wconf 88' lang='lat' dir='ltr'>in</span> <span class='ocrx_word' id='word_1_251' title='bbox 1499 1655 1627 1694; x_wconf 83' lang='lat' dir='ltr'>virum</span> <span class='ocrx_word' id='word_1_252' title='bbox 1659 1655 1816 1692; x_wconf 88' lang='lat' dir='ltr'>bonum</span> <span class='ocrx_word' id='word_1_253' title='bbox 1843 1653 2007 1692; x_wconf 89' lang='lat' dir='ltr'>mentiri</span> 
     </span>
     <span class='ocr_line' id='line_1_25' title="bbox 239 1715 2008 1771; baseline -0.004 -11"><span class='ocrx_word' id='word_1_254' title='bbox 239 1718 511 1760; x_wconf 84' lang='lat' dir='ltr'>emolumenti</span> <span class='ocrx_word' id='word_1_255' title='bbox 556 1719 616 1758; x_wconf 92' lang='lat' dir='ltr'>sui</span> <span class='ocrx_word' id='word_1_256' title='bbox 660 1731 807 1764; x_wconf 87' lang='lat' dir='ltr'>causa,</span> <span class='ocrx_word' id='word_1_257' title='bbox 850 1718 1082 1764; x_wconf 83' lang='lat' dir='ltr'>criminari,</span> <span class='ocrx_word' id='word_1_258' title='bbox 1125 1718 1386 1771; x_wconf 87' lang='lat' dir='ltr'>praeripere,</span> <span class='ocrx_word' id='word_1_259' title='bbox 1429 1717 1604 1756; x_wconf 74' lang='lat' dir='ltr'>fallere?</span> <span class='ocrx_word' id='word_1_260' title='bbox 1666 1716 1777 1754; x_wconf 81' lang='lat' dir='ltr'>Nihil</span> <span class='ocrx_word' id='word_1_261' title='bbox 1819 1715 2008 1767; x_wconf 75' lang='lat' dir='ltr'>profecto</span> 
     </span>
     <span class='ocr_line' id='line_1_26' title="bbox 237 1778 2059 1833; baseline -0.003 -12"><span class='ocrx_word' id='word_1_262' title='bbox 237 1783 388 1822; x_wconf 90' lang='lat' dir='ltr'>minus.</span> <span class='ocrx_word' id='word_1_263' title='bbox 448 1778 515 1820; x_wconf 71' lang='lat'>82.</span> <span class='ocrx_word' id='word_1_264' title='bbox 549 1782 623 1820; x_wconf 87' lang='lat' dir='ltr'>Est</span> <span class='ocrx_word' id='word_1_265' title='bbox 653 1794 751 1833; x_wconf 84' lang='lat' dir='ltr'>ergo</span> <span class='ocrx_word' id='word_1_266' title='bbox 786 1781 869 1820; x_wconf 90' lang='lat' dir='ltr'>ulla</span> <span class='ocrx_word' id='word_1_267' title='bbox 902 1794 966 1819; x_wconf 89' lang='lat' dir='ltr'>res</span> <span class='ocrx_word' id='word_1_268' title='bbox 1001 1782 1099 1820; x_wconf 89' lang='lat' dir='ltr'>tanti</span> <span class='ocrx_word' id='word_1_269' title='bbox 1131 1787 1204 1820; x_wconf 88' lang='lat' dir='ltr'>aut</span> <span class='ocrx_word' id='word_1_270' title='bbox 1235 1779 1501 1819; x_wconf 89' lang='lat' dir='ltr'>commodum</span> <span class='ocrx_word' id='word_1_271' title='bbox 1537 1779 1665 1817; x_wconf 89' lang='lat' dir='ltr'>ullum</span> <span class='ocrx_word' id='word_1_272' title='bbox 1700 1784 1779 1817; x_wconf 76' lang='lat' dir='ltr'>tani</span> <span class='ocrx_word' id='word_1_273' title='bbox 1813 1783 2059 1830; x_wconf 72' lang='lat' dir='ltr'>expeten-25</span> 
     </span>
     <span class='ocr_line' id='line_1_27' title="bbox 239 1840 2010 1896; baseline -0.003 -12"><span class='ocrx_word' id='word_1_274' title='bbox 239 1846 362 1892; x_wconf 91' lang='lat' dir='ltr'>dum,</span> <span class='ocrx_word' id='word_1_275' title='bbox 405 1850 447 1884; x_wconf 88' lang='lat' dir='ltr'>ut</span> <span class='ocrx_word' id='word_1_276' title='bbox 491 1844 567 1883; x_wconf 89' lang='lat' dir='ltr'>viri</span> <span class='ocrx_word' id='word_1_277' title='bbox 611 1844 710 1882; x_wconf 88' lang='lat' dir='ltr'>boni</span> <span class='ocrx_word' id='word_1_278' title='bbox 752 1849 790 1882; x_wconf 90' lang='lat' dir='ltr'>et</span> <span class='ocrx_word' id='word_1_279' title='bbox 831 1844 1099 1896; x_wconf 87' lang='lat' dir='ltr'>splendorem</span> <span class='ocrx_word' id='word_1_280' title='bbox 1141 1849 1180 1881; x_wconf 87' lang='lat' dir='ltr'>et</span> <span class='ocrx_word' id='word_1_281' title='bbox 1222 1856 1375 1880; x_wconf 87' lang='lat' dir='ltr'>nomen</span> <span class='ocrx_word' id='word_1_282' title='bbox 1408 1842 1599 1880; x_wconf 74' lang='lat' dir='ltr'>amittas?</span> <span class='ocrx_word' id='word_1_283' title='bbox 1662 1840 1772 1887; x_wconf 84' lang='lat' dir='ltr'>Quid</span> <span class='ocrx_word' id='word_1_284' title='bbox 1806 1840 2010 1892; x_wconf 86' lang='lat' dir='ltr'>estquod</span> 
     </span>
     <span class='ocr_line' id='line_1_28' title="bbox 236 1902 2009 1958; baseline -0.003 -12"><span class='ocrx_word' id='word_1_285' title='bbox 236 1908 398 1948; x_wconf 81' lang='lat' dir='ltr'>adferre</span> <span class='ocrx_word' id='word_1_286' title='bbox 437 1913 597 1946; x_wconf 84' lang='lat' dir='ltr'>tautum</span> <span class='ocrx_word' id='word_1_287' title='bbox 639 1906 794 1945; x_wconf 88' lang='lat' dir='ltr'>utilitas</span> <span class='ocrx_word' id='word_1_288' title='bbox 826 1906 926 1952; x_wconf 90' lang='lat' dir='ltr'>ista,</span> <span class='ocrx_word' id='word_1_289' title='bbox 969 1919 1076 1958; x_wconf 86' lang='lat' dir='ltr'>quae</span> <span class='ocrx_word' id='word_1_290' title='bbox 1108 1905 1279 1951; x_wconf 84' lang='lat' dir='ltr'>dicitur,</span> <span class='ocrx_word' id='word_1_291' title='bbox 1322 1904 1476 1956; x_wconf 85' lang='lat' dir='ltr'>possit,</span> <span class='ocrx_word' id='word_1_292' title='bbox 1517 1908 1719 1955; x_wconf 81' lang='lat' dir='ltr'>quantum</span> <span class='ocrx_word' id='word_1_293' title='bbox 1751 1903 1934 1949; x_wconf 88' lang='lat' dir='ltr'>auferre,</span> <span class='ocrx_word' id='word_1_294' title='bbox 1977 1902 2009 1941; x_wconf 89' lang='lat' dir='ltr'>si</span> 
     </span>
     <span class='ocr_line' id='line_1_29' title="bbox 235 1964 2007 2019; baseline -0.005 -9"><span class='ocrx_word' id='word_1_295' title='bbox 235 1971 336 2010; x_wconf 86' lang='lat' dir='ltr'>boni</span> <span class='ocrx_word' id='word_1_296' title='bbox 381 1970 454 2009; x_wconf 85' lang='lat' dir='ltr'>viri</span> <span class='ocrx_word' id='word_1_297' title='bbox 494 1983 648 2008; x_wconf 87' lang='lat' dir='ltr'>nomen</span> <span class='ocrx_word' id='word_1_298' title='bbox 691 1969 915 2019; x_wconf 89' lang='lat' dir='ltr'>eripuerit,</span> <span class='ocrx_word' id='word_1_299' title='bbox 958 1967 1080 2007; x_wconf 86' lang='lat' dir='ltr'>tidem</span> <span class='ocrx_word' id='word_1_300' title='bbox 1117 1968 1399 2019; x_wconf 81' lang='lat' dir='ltr'>iustitiamque</span> <span class='ocrx_word' id='word_1_301' title='bbox 1433 1966 1690 2005; x_wconf 76' lang='lat' dir='ltr'>detraxerit?</span> <span class='ocrx_word' id='word_1_302' title='bbox 1753 1965 1863 2012; x_wconf 85' lang='lat' dir='ltr'>Quid</span> <span class='ocrx_word' id='word_1_303' title='bbox 1897 1964 2007 2003; x_wconf 86' lang='lat' dir='ltr'>enim</span> 
     </span>
     <span class='ocr_line' id='line_1_30' title="bbox 237 2027 2009 2082; baseline -0.005 -9"><span class='ocrx_word' id='word_1_304' title='bbox 237 2035 432 2079; x_wconf 87' lang='lat' dir='ltr'>interest,</span> <span class='ocrx_word' id='word_1_305' title='bbox 474 2038 611 2072; x_wconf 89' lang='lat' dir='ltr'>utrum</span> <span class='ocrx_word' id='word_1_306' title='bbox 657 2045 710 2070; x_wconf 74' lang='lat' dir='ltr'>ex</span> <span class='ocrx_word' id='word_1_307' title='bbox 752 2031 920 2070; x_wconf 88' lang='lat' dir='ltr'>homine</span> <span class='ocrx_word' id='word_1_308' title='bbox 963 2044 1006 2070; x_wconf 90' lang='lat' dir='ltr'>se</span> <span class='ocrx_word' id='word_1_309' title='bbox 1049 2036 1263 2070; x_wconf 88' lang='lat' dir='ltr'>convertat</span> <span class='ocrx_word' id='word_1_310' title='bbox 1305 2030 1398 2082; x_wconf 86' lang='lat' dir='ltr'>quis</span> <span class='ocrx_word' id='word_1_311' title='bbox 1441 2029 1482 2067; x_wconf 91' lang='lat' dir='ltr'>in</span> <span class='ocrx_word' id='word_1_312' title='bbox 1514 2028 1702 2074; x_wconf 85' lang='lat' dir='ltr'>beluam,</span> <span class='ocrx_word' id='word_1_313' title='bbox 1744 2042 1795 2067; x_wconf 85' lang='lat' dir='ltr'>an</span> <span class='ocrx_word' id='word_1_314' title='bbox 1827 2027 2009 2066; x_wconf 85' lang='lat' dir='ltr'>hominis</span> 
     </span>
     <span class='ocr_line' id='line_1_31' title="bbox 236 2093 2061 2149; baseline -0.004 -13"><span class='ocrx_word' id='word_1_315' title='bbox 236 2096 369 2149; x_wconf 87' lang='lat' dir='ltr'>figura</span> <span class='ocrx_word' id='word_1_316' title='bbox 400 2095 688 2134; x_wconf 87' lang='lat' dir='ltr'>inmanitatem</span> <span class='ocrx_word' id='word_1_317' title='bbox 723 2100 838 2146; x_wconf 84' lang='lat' dir='ltr'>gerat</span> <span class='ocrx_word' id='word_1_318' title='bbox 869 2093 1045 2133; x_wconf 77' lang='lat' dir='ltr'>beluae?</span> <span class='ocrx_word' id='word_1_319' title='bbox 2023 2098 2061 2129; x_wconf 90' lang='grc' dir='ltr'>3ο</span> 
     </span>
    </p>

    <p class='ocr_par' dir='ltr' id='par_1_3' title="bbox 237 2152 2060 2582">
     <span class='ocr_line' id='line_1_32' title="bbox 351 2152 2010 2209; baseline -0.005 -12"><span class='ocrx_word' id='word_1_320' title='bbox 351 2158 463 2198; x_wconf 81' lang='lat' dir='ltr'>XXI.</span> <span class='ocrx_word' id='word_1_321' title='bbox 498 2158 641 2205; x_wconf 77' lang='lat' dir='ltr'>Quid?</span> <span class='ocrx_word' id='word_1_322' title='bbox 675 2157 747 2209; x_wconf 90' lang='lat' dir='ltr'>qui</span> <span class='ocrx_word' id='word_1_323' title='bbox 779 2157 919 2195; x_wconf 82' lang='lat' dir='ltr'>omnia</span> <span class='ocrx_word' id='word_1_324' title='bbox 950 2162 1062 2195; x_wconf 88' lang='lat' dir='ltr'>recta</span> <span class='ocrx_word' id='word_1_325' title='bbox 1095 2160 1135 2195; x_wconf 88' lang='lat' dir='ltr'>et</span> <span class='ocrx_word' id='word_1_326' title='bbox 1168 2155 1345 2194; x_wconf 86' lang='lat' dir='ltr'>honesta</span> <span class='ocrx_word' id='word_1_327' title='bbox 1378 2154 1618 2206; x_wconf 82' lang='lat' dir='ltr'>neglegunt,</span> <span class='ocrx_word' id='word_1_328' title='bbox 1651 2152 1749 2191; x_wconf 89' lang='lat' dir='ltr'>dum</span> <span class='ocrx_word' id='word_1_329' title='bbox 1783 2152 1904 2191; x_wconf 89' lang='lat' dir='ltr'>modo</span> <span class='ocrx_word' id='word_1_330' title='bbox 1938 2164 2010 2203; x_wconf 90' lang='lat' dir='ltr'>po-</span> 
     </span>
     <span class='ocr_line' id='line_1_33' title="bbox 238 2216 2010 2272; baseline -0.006 -11"><span class='ocrx_word' id='word_1_331' title='bbox 238 2222 409 2261; x_wconf 89' lang='lat' dir='ltr'>tentiam</span> <span class='ocrx_word' id='word_1_332' title='bbox 442 2224 774 2272; x_wconf 87' lang='lat' dir='ltr'>consequantur,</span> <span class='ocrx_word' id='word_1_333' title='bbox 816 2232 953 2257; x_wconf 88' lang='lat' dir='ltr'>noune</span> <span class='ocrx_word' id='word_1_334' title='bbox 988 2218 1095 2257; x_wconf 85' lang='lat' dir='ltr'>idem</span> <span class='ocrx_word' id='word_1_335' title='bbox 1128 2217 1286 2257; x_wconf 90' lang='lat' dir='ltr'>faciunt</span> <span class='ocrx_word' id='word_1_336' title='bbox 1318 2217 1430 2270; x_wconf 83' lang='lat' dir='ltr'>quod</span> <span class='ocrx_word' id='word_1_337' title='bbox 1464 2217 1520 2262; x_wconf 88' lang='lat' dir='ltr'>is,</span> <span class='ocrx_word' id='word_1_338' title='bbox 1561 2216 1630 2269; x_wconf 80' lang='lat' dir='ltr'>qui</span> <span class='ocrx_word' id='word_1_339' title='bbox 1665 2216 1786 2254; x_wconf 87' lang='lat' dir='ltr'>etiam</span> <span class='ocrx_word' id='word_1_340' title='bbox 1819 2228 2010 2253; x_wconf 84' lang='lat' dir='ltr'>socerum</span> 
     </span>
     <span class='ocr_line' id='line_1_34' title="bbox 237 2276 2012 2333; baseline -0.006 -10"><span class='ocrx_word' id='word_1_341' title='bbox 237 2284 392 2324; x_wconf 88' lang='lat' dir='ltr'>habere</span> <span class='ocrx_word' id='word_1_342' title='bbox 426 2282 555 2322; x_wconf 87' lang='lat' dir='ltr'>voluit</span> <span class='ocrx_word' id='word_1_343' title='bbox 588 2295 695 2328; x_wconf 89' lang='lat' dir='ltr'>eum,</span> <span class='ocrx_word' id='word_1_344' title='bbox 729 2281 847 2320; x_wconf 88' lang='lat' dir='ltr'>cuius</span> <span class='ocrx_word' id='word_1_345' title='bbox 880 2281 969 2332; x_wconf 78' lang='lat' dir='ltr'>ipse</span> <span class='ocrx_word' id='word_1_346' title='bbox 1003 2280 1179 2319; x_wconf 86' lang='lat' dir='ltr'>audacia</span> <span class='ocrx_word' id='word_1_347' title='bbox 1211 2286 1361 2333; x_wconf 89' lang='lat' dir='ltr'>potens</span> <span class='ocrx_word' id='word_1_348' title='bbox 1394 2281 1530 2319; x_wconf 74' lang='lat' dir='ltr'>esset?</span> <span class='ocrx_word' id='word_1_349' title='bbox 1585 2278 1690 2318; x_wconf 86' lang='lat' dir='ltr'>Utile</span> <span class='ocrx_word' id='word_1_350' title='bbox 1723 2277 1760 2316; x_wconf 88' lang='lat' dir='ltr'>ei</span> <span class='ocrx_word' id='word_1_351' title='bbox 1793 2276 2012 2315; x_wconf 85' lang='lat' dir='ltr'>videbatur</span> 
     </span>
     <span class='ocr_line' id='line_1_35' title="bbox 238 2341 2010 2399; baseline -0.005 -14"><span class='ocrx_word' id='word_1_352' title='bbox 238 2347 464 2399; x_wconf 85' lang='lat' dir='ltr'>plurimum</span> <span class='ocrx_word' id='word_1_353' title='bbox 498 2358 622 2396; x_wconf 83' lang='lat' dir='ltr'>posse</span> <span class='ocrx_word' id='word_1_354' title='bbox 654 2344 827 2382; x_wconf 87' lang='lat' dir='ltr'>alterius</span> <span class='ocrx_word' id='word_1_355' title='bbox 860 2342 1031 2381; x_wconf 88' lang='lat' dir='ltr'>invidia.</span> <span class='ocrx_word' id='word_1_356' title='bbox 1080 2343 1123 2381; x_wconf 85' lang='lat' dir='ltr'>ld</span> <span class='ocrx_word' id='word_1_357' title='bbox 1157 2356 1281 2395; x_wconf 85' lang='lat' dir='ltr'>quam</span> <span class='ocrx_word' id='word_1_358' title='bbox 1314 2342 1516 2381; x_wconf 88' lang='lat' dir='ltr'>iniustum</span> <span class='ocrx_word' id='word_1_359' title='bbox 1549 2342 1589 2380; x_wconf 88' lang='lat' dir='ltr'>in</span> <span class='ocrx_word' id='word_1_360' title='bbox 1622 2341 1796 2394; x_wconf 83' lang='lat' dir='ltr'>patriam</span> <span class='ocrx_word' id='word_1_361' title='bbox 1824 2345 1864 2378; x_wconf 88' lang='lat' dir='ltr'>et</span> <span class='ocrx_word' id='word_1_362' title='bbox 1887 2352 2010 2391; x_wconf 84' lang='lat' dir='ltr'>quam</span> 
     </span>
     <span class='ocr_line' id='line_1_36' title="bbox 240 2402 2060 2461; baseline -0.004 -14"><span class='ocrx_word' id='word_1_363' title='bbox 240 2414 359 2461; x_wconf 87' lang='lat' dir='ltr'>turpe</span> <span class='ocrx_word' id='word_1_364' title='bbox 395 2405 451 2460; x_wconf 85' lang='lat' dir='ltr'>[et</span> <span class='ocrx_word' id='word_1_365' title='bbox 483 2420 607 2460; x_wconf 87' lang='lat' dir='ltr'>quam</span> <span class='ocrx_word' id='word_1_366' title='bbox 639 2403 805 2458; x_wconf 88' lang='lat' dir='ltr'>inutile]</span> <span class='ocrx_word' id='word_1_367' title='bbox 841 2411 973 2451; x_wconf 85' lang='lat' dir='ltr'>esset,</span> <span class='ocrx_word' id='word_1_368' title='bbox 1017 2418 1097 2444; x_wconf 87' lang='lat' dir='ltr'>non</span> <span class='ocrx_word' id='word_1_369' title='bbox 1133 2405 1313 2443; x_wconf 75' lang='lat' dir='ltr'>videbat.</span> <span class='ocrx_word' id='word_1_370' title='bbox 1375 2405 1469 2455; x_wconf 88' lang='lat' dir='ltr'>Ipse</span> <span class='ocrx_word' id='word_1_371' title='bbox 1512 2409 1652 2443; x_wconf 87' lang='lat' dir='ltr'>autem</span> <span class='ocrx_word' id='word_1_372' title='bbox 1694 2416 1812 2442; x_wconf 62' lang='lat' dir='ltr'>soci-r</span> <span class='ocrx_word' id='word_1_373' title='bbox 1854 2402 1893 2440; x_wconf 92' lang='lat' dir='ltr'>in</span> <span class='ocrx_word' id='word_1_374' title='bbox 1939 2414 2008 2439; x_wconf 88' lang='lat' dir='ltr'>ore</span> <span class='ocrx_word' id='word_1_375' title='bbox 2025 2413 2060 2440; x_wconf 81' lang='lat'>35</span> 
     </span>
     <span class='ocr_line' id='line_1_37' title="bbox 239 2465 2010 2522; baseline -0.004 -13"><span class='ocrx_word' id='word_1_376' title='bbox 239 2483 407 2522; x_wconf 86' lang='lat' dir='ltr'>semper</span> <span class='ocrx_word' id='word_1_377' title='bbox 438 2470 619 2508; x_wconf 88' lang='lat' dir='ltr'>Graecos</span> <span class='ocrx_word' id='word_1_378' title='bbox 661 2482 804 2508; x_wconf 85' lang='lat' dir='ltr'>versus</span> <span class='ocrx_word' id='word_1_379' title='bbox 846 2468 896 2507; x_wconf 88' lang='lat' dir='ltr'>de</span> <span class='ocrx_word' id='word_1_380' title='bbox 938 2467 1180 2506; x_wconf 82' lang='lat' dir='ltr'>Phoenissis</span> <span class='ocrx_word' id='word_1_381' title='bbox 1220 2466 1420 2512; x_wconf 88' lang='lat' dir='ltr'>habebat,</span> <span class='ocrx_word' id='word_1_382' title='bbox 1461 2480 1566 2518; x_wconf 86' lang='lat' dir='ltr'>quos</span> <span class='ocrx_word' id='word_1_383' title='bbox 1609 2465 1741 2504; x_wconf 85' lang='lat' dir='ltr'>dicam</span> <span class='ocrx_word' id='word_1_384' title='bbox 1775 2470 1818 2503; x_wconf 87' lang='lat' dir='ltr'>ut</span> <span class='ocrx_word' id='word_1_385' title='bbox 1851 2468 2010 2517; x_wconf 89' lang='lat' dir='ltr'>potero,</span> 
     </span>
     <span class='ocr_line' id='line_1_38' title="bbox 240 2529 1537 2582; baseline -0.004 -11"><span class='ocrx_word' id='word_1_386' title='bbox 240 2531 450 2572; x_wconf 88' lang='lat' dir='ltr'>incondite</span> <span class='ocrx_word' id='word_1_387' title='bbox 482 2531 680 2576; x_wconf 88' lang='lat' dir='ltr'>fortasse,</span> <span class='ocrx_word' id='word_1_388' title='bbox 714 2531 786 2569; x_wconf 89' lang='lat' dir='ltr'>sed</span> <span class='ocrx_word' id='word_1_389' title='bbox 819 2536 956 2569; x_wconf 87' lang='lat' dir='ltr'>tamen</span> <span class='ocrx_word' id='word_1_390' title='bbox 990 2535 1034 2569; x_wconf 90' lang='lat' dir='ltr'>ut</span> <span class='ocrx_word' id='word_1_391' title='bbox 1065 2543 1130 2568; x_wconf 90' lang='lat' dir='ltr'>res</span> <span class='ocrx_word' id='word_1_392' title='bbox 1164 2530 1295 2582; x_wconf 86' lang='lat' dir='ltr'>possit</span> <span class='ocrx_word' id='word_1_393' title='bbox 1326 2529 1537 2580; x_wconf 78' lang='lat' dir='ltr'>intellegi:</span> 
     </span>
    </p>
   </div>
   <div class='ocr_carea' id='block_1_3' title="bbox 1032 2639 1999 2645">
    <p class='ocr_par' dir='ltr' id='par_1_4' title="bbox 1032 2639 1999 2645">
     <span class='ocr_line' id='line_1_39' title="bbox 1032 2639 1999 2645; baseline 0 0"><span class='ocrx_word' id='word_1_394' title='bbox 1032 2639 1999 2645; x_wconf 95' lang='lat' dir='ltr'> </span> 
     </span>
    </p>
   </div>
   <div class='ocr_carea' id='block_1_4' title="bbox 239 2705 2016 3345">
    <p class='ocr_par' dir='ltr' id='par_1_5' title="bbox 239 2705 2016 3345">
     <span class='ocr_line' id='line_1_40' title="bbox 329 2705 2014 2749; baseline -0.004 -8"><span class='ocrx_word' id='word_1_395' title='bbox 329 2711 358 2742; x_wconf 66' lang='lat'>4.</span> <span class='ocrx_word' id='word_1_396' title='bbox 386 2712 416 2741; x_wconf 81' lang='grc' dir='ltr'>ἰη</span> <span class='ocrx_word' id='word_1_397' title='bbox 444 2719 512 2741; x_wconf 88' lang='lat' dir='ltr'>om.</span> <span class='ocrx_word' id='word_1_398' title='bbox 535 2710 571 2741; x_wconf 76' lang='lat'>13¹</span> <span class='ocrx_word' id='word_1_399' title='bbox 587 2710 625 2741; x_wconf 90' lang='lat'>11¹</span> <span class='ocrx_word' id='word_1_400' title='bbox 641 2719 661 2741; x_wconf 84' lang='lat' dir='ltr'>a</span> <span class='ocrx_word' id='word_1_401' title='bbox 687 2727 722 2731; x_wconf 86' lang='lat'>—</span> <span class='ocrx_word' id='word_1_402' title='bbox 750 2710 780 2740; x_wconf 84' lang='grc'>5.</span> <span class='ocrx_word' id='word_1_403' title='bbox 799 2709 1010 2749; x_wconf 54' lang='lat' dir='ltr'>matidianus</span> <span class='ocrx_word' id='word_1_404' title='bbox 1034 2717 1125 2739; x_wconf 79' lang='lat' dir='ltr'>corr.</span> <span class='ocrx_word' id='word_1_405' title='bbox 1147 2709 1179 2738; x_wconf 87' lang='lat' dir='ltr'>in</span> <span class='ocrx_word' id='word_1_406' title='bbox 1204 2708 1415 2739; x_wconf 53' lang='lat' dir='ltr'>(matidianus</span> <span class='ocrx_word' id='word_1_407' title='bbox 1438 2716 1458 2737; x_wconf 82' lang='lat' dir='ltr'>a</span> <span class='ocrx_word' id='word_1_408' title='bbox 1484 2722 1518 2727; x_wconf 88' lang='lat'>—-</span> <span class='ocrx_word' id='word_1_409' title='bbox 1547 2705 1621 2735; x_wconf 42' lang='lat' dir='ltr'>lurni</span> <span class='ocrx_word' id='word_1_410' title='bbox 1638 2705 1703 2734; x_wconf 51' lang='lat' dir='ltr'>¹uiri</span> <span class='ocrx_word' id='word_1_411' title='bbox 1728 2713 1745 2734; x_wconf 87' lang='lat' dir='ltr'>c</span> <span class='ocrx_word' id='word_1_412' title='bbox 1777 2721 1807 2727; x_wconf 74' lang='lat'>—</span> <span class='ocrx_word' id='word_1_413' title='bbox 1836 2706 1864 2733; x_wconf 71' lang='grc' dir='ltr'>Γ»,</span> <span class='ocrx_word' id='word_1_414' title='bbox 1882 2708 2014 2743; x_wconf 79' lang='lat' dir='ltr'>praelo-</span> 
     </span>
     <span class='ocr_line' id='line_1_41' title="bbox 240 2753 2012 2799; baseline -0.004 -7"><span class='ocrx_word' id='word_1_415' title='bbox 240 2762 328 2792; x_wconf 78' lang='lat' dir='ltr'>rium</span> <span class='ocrx_word' id='word_1_416' title='bbox 355 2761 378 2792; x_wconf 89' lang='lat' dir='ltr'>B</span> <span class='ocrx_word' id='word_1_417' title='bbox 396 2761 500 2792; x_wconf 82' lang='lat' dir='ltr'>llab:</span> <span class='ocrx_word' id='word_1_418' title='bbox 524 2764 719 2799; x_wconf 77' lang='lat' dir='ltr'>praetorum</span> <span class='ocrx_word' id='word_1_419' title='bbox 743 2768 790 2798; x_wconf 87' lang='lat' dir='ltr'>cp</span> <span class='ocrx_word' id='word_1_420' title='bbox 818 2776 850 2780; x_wconf 91' lang='lat'><em>-</em></span> <span class='ocrx_word' id='word_1_421' title='bbox 875 2759 960 2798; x_wconf 79' lang='lat' dir='ltr'>plebi</span> <span class='ocrx_word' id='word_1_422' title='bbox 980 2757 1098 2790; x_wconf 82' lang='lat' dir='ltr'>wab:</span> <span class='ocrx_word' id='word_1_423' title='bbox 1125 2759 1168 2797; x_wconf 17' lang='lat' dir='ltr'>pt(</span> <span class='ocrx_word' id='word_1_424' title='bbox 1191 2766 1226 2793; x_wconf 69' lang='lat' dir='ltr'>c„</span> <span class='ocrx_word' id='word_1_425' title='bbox 1251 2758 1336 2796; x_wconf 67' lang='lat' dir='ltr'>pleni</span> <span class='ocrx_word' id='word_1_426' title='bbox 1357 2758 1396 2792; x_wconf 68' lang='grc'>15;</span> <span class='ocrx_word' id='word_1_427' title='bbox 1421 2756 1521 2795; x_wconf 69' lang='lat' dir='ltr'>plebis</span> <span class='ocrx_word' id='word_1_428' title='bbox 1548 2756 1587 2785; x_wconf 82' lang='grc' dir='ltr'><strong>ΙΙ“-’</strong></span> <span class='ocrx_word' id='word_1_429' title='bbox 1612 2771 1646 2776; x_wconf 86' lang='lat'><em>-</em></span> <span class='ocrx_word' id='word_1_430' title='bbox 1675 2755 1704 2784; x_wconf 80' lang='lat'>7.</span> <span class='ocrx_word' id='word_1_431' title='bbox 1726 2753 2012 2785; x_wconf 65' lang='grc' dir='ltr'>ι’(ιυΙαΙιαΙαι-ειιὶηι</span> 
     </span>
     <span class='ocr_line' id='line_1_42' title="bbox 241 2804 2016 2848; baseline -0.003 -8"><span class='ocrx_word' id='word_1_432' title='bbox 241 2829 289 2833; x_wconf 93' lang='grc'>--</span> <span class='ocrx_word' id='word_1_433' title='bbox 307 2811 383 2848; x_wconf 81' lang='lat' dir='ltr'>quid</span> <span class='ocrx_word' id='word_1_434' title='bbox 407 2810 539 2840; x_wconf 75' lang='lat' dir='ltr'>haberet</span> <span class='ocrx_word' id='word_1_435' title='bbox 572 2809 640 2840; x_wconf 81' lang='lat' dir='ltr'>del.</span> <span class='ocrx_word' id='word_1_436' title='bbox 669 2808 870 2840; x_wconf 86' lang='lat' dir='ltr'>Lambinus.</span> <span class='ocrx_word' id='word_1_437' title='bbox 907 2826 941 2830; x_wconf 86' lang='lat'><em>-</em></span> <span class='ocrx_word' id='word_1_438' title='bbox 983 2809 1046 2839; x_wconf 76' lang='lat' dir='ltr'>illis</span> <span class='ocrx_word' id='word_1_439' title='bbox 1071 2817 1138 2838; x_wconf 78' lang='lat' dir='ltr'>oui.</span> <span class='ocrx_word' id='word_1_440' title='bbox 1168 2809 1195 2839; x_wconf 84' lang='lat'>11</span> <span class='ocrx_word' id='word_1_441' title='bbox 1233 2825 1266 2829; x_wconf 97' lang='lat'><strong>—</strong></span> <span class='ocrx_word' id='word_1_442' title='bbox 1308 2809 1358 2837; x_wconf 66' lang='lat'>40.</span> <span class='ocrx_word' id='word_1_443' title='bbox 1386 2807 1590 2836; x_wconf 72' lang='lat' dir='ltr'>escenderent</span> <span class='ocrx_word' id='word_1_444' title='bbox 1623 2804 1764 2835; x_wconf 75' lang='lat' dir='ltr'>ss¹u¹a1</span> <span class='ocrx_word' id='word_1_445' title='bbox 1805 2806 2016 2835; x_wconf 73' lang='lat' dir='ltr'>ascenderent</span> 
     </span>
     <span class='ocr_line' id='line_1_43' title="bbox 242 2855 2014 2895; baseline -0.005 -4"><span class='ocrx_word' id='word_1_446' title='bbox 242 2860 352 2895; x_wconf 68' lang='lat' dir='ltr'><strong>ss2bc;</strong></span> <span class='ocrx_word' id='word_1_447' title='bbox 379 2861 607 2891; x_wconf 75' lang='lat' dir='ltr'>descenderent</span> <span class='ocrx_word' id='word_1_448' title='bbox 627 2859 666 2890; x_wconf 71' lang='lat'>{1²</span> <span class='ocrx_word' id='word_1_449' title='bbox 685 2876 719 2880; x_wconf 77' lang='lat'>——</span> <span class='ocrx_word' id='word_1_450' title='bbox 749 2859 799 2888; x_wconf 78' lang='lat' dir='ltr'>ll.</span> <span class='ocrx_word' id='word_1_451' title='bbox 821 2859 861 2888; x_wconf 79' lang='lat' dir='ltr'>ab</span> <span class='ocrx_word' id='word_1_452' title='bbox 887 2859 993 2889; x_wconf 79' lang='lat' dir='ltr'>sslla:</span> <span class='ocrx_word' id='word_1_453' title='bbox 1020 2868 1041 2888; x_wconf 88' lang='lat' dir='ltr'>a</span> <span class='ocrx_word' id='word_1_454' title='bbox 1064 2859 1111 2889; x_wconf 87' lang='lat' dir='ltr'>bc</span> <span class='ocrx_word' id='word_1_455' title='bbox 1139 2875 1173 2879; x_wconf 91' lang='lat'>—</span> <span class='ocrx_word' id='word_1_456' title='bbox 1200 2861 1298 2895; x_wconf 76' lang='lat' dir='ltr'>atque</span> <span class='ocrx_word' id='word_1_457' title='bbox 1324 2857 1408 2895; x_wconf 67' lang='lat' dir='ltr'>quod</span> <span class='ocrx_word' id='word_1_458' title='bbox 1432 2855 1647 2886; x_wconf 69' lang='lat' dir='ltr'>cummuniter</span> <span class='ocrx_word' id='word_1_459' title='bbox 1664 2855 1812 2884; x_wconf 81' lang='lat' dir='ltr'>--solus</span> <span class='ocrx_word' id='word_1_460' title='bbox 1836 2855 1919 2884; x_wconf 65' lang='lat' dir='ltr'>‹lu-it</span> <span class='ocrx_word' id='word_1_461' title='bbox 1946 2856 2014 2884; x_wconf 70' lang='lat' dir='ltr'>No-</span> 
     </span>
     <span class='ocr_line' id='line_1_44' title="bbox 242 2904 2010 2950; baseline -0.005 -9"><span class='ocrx_word' id='word_1_462' title='bbox 242 2911 317 2941; x_wconf 87' lang='lat' dir='ltr'>nius</span> <span class='ocrx_word' id='word_1_463' title='bbox 345 2918 375 2950; x_wconf 87' lang='lat' dir='ltr'>p.</span> <span class='ocrx_word' id='word_1_464' title='bbox 393 2910 466 2941; x_wconf 75' lang='lat'>257.</span> <span class='ocrx_word' id='word_1_465' title='bbox 499 2928 532 2931; x_wconf 97' lang='lat'><strong>—</strong></span> <span class='ocrx_word' id='word_1_466' title='bbox 562 2910 611 2940; x_wconf 72' lang='lat'>42.</span> <span class='ocrx_word' id='word_1_467' title='bbox 639 2909 730 2939; x_wconf 68' lang='lat' dir='ltr'>uictis</span> <span class='ocrx_word' id='word_1_468' title='bbox 754 2911 862 2938; x_wconf 63' lang='lat' dir='ltr'>statue</span> <span class='ocrx_word' id='word_1_469' title='bbox 885 2916 921 2941; x_wconf 82' lang='lat' dir='ltr'>a;</span> <span class='ocrx_word' id='word_1_470' title='bbox 949 2909 1146 2938; x_wconf 64' lang='lat' dir='ltr'>uictstalzmc</span> <span class='ocrx_word' id='word_1_471' title='bbox 1170 2909 1189 2938; x_wconf 91' lang='lat' dir='ltr'>b</span> <span class='ocrx_word' id='word_1_472' title='bbox 1216 2925 1249 2929; x_wconf 89' lang='lat'><strong>—</strong></span> <span class='ocrx_word' id='word_1_473' title='bbox 1285 2908 1331 2937; x_wconf 73' lang='lat'>153.</span> <span class='ocrx_word' id='word_1_474' title='bbox 1359 2907 1431 2936; x_wconf 62' lang='lat' dir='ltr'>[lias</span> <span class='ocrx_word' id='word_1_475' title='bbox 1456 2914 1476 2936; x_wconf 83' lang='lat' dir='ltr'>a</span> <span class='ocrx_word' id='word_1_476' title='bbox 1503 2922 1536 2927; x_wconf 82' lang='lat'><em>—</em></span> <span class='ocrx_word' id='word_1_477' title='bbox 1572 2905 1618 2936; x_wconf 69' lang='lat' dir='ltr'>tt.</span> <span class='ocrx_word' id='word_1_478' title='bbox 1645 2904 1836 2934; x_wconf 72' lang='lat' dir='ltr'>conturbent</span> <span class='ocrx_word' id='word_1_479' title='bbox 1856 2905 1877 2934; x_wconf 82' lang='lat' dir='ltr'>B</span> <span class='ocrx_word' id='word_1_480' title='bbox 1895 2905 1918 2934; x_wconf 84' lang='grc' dir='ltr'>Η</span> <span class='ocrx_word' id='word_1_481' title='bbox 1936 2905 2010 2935; x_wconf 75' lang='lat' dir='ltr'>ab:</span> 
     </span>
     <span class='ocr_line' id='line_1_45' title="bbox 239 2953 2015 2997; baseline -0.005 -7"><span class='ocrx_word' id='word_1_482' title='bbox 239 2958 437 2990; x_wconf 75' lang='lat' dir='ltr'>conturbant</span> <span class='ocrx_word' id='word_1_483' title='bbox 462 2967 479 2989; x_wconf 89' lang='lat' dir='ltr'>c</span> <span class='ocrx_word' id='word_1_484' title='bbox 508 2976 542 2981; x_wconf 86' lang='lat'>—-</span> <span class='ocrx_word' id='word_1_485' title='bbox 572 2960 622 2990; x_wconf 77' lang='lat'>45.</span> <span class='ocrx_word' id='word_1_486' title='bbox 644 2960 725 2990; x_wconf 78' lang='lat' dir='ltr'>Cwn</span> <span class='ocrx_word' id='word_1_487' title='bbox 741 2959 846 2996; x_wconf 75' lang='lat' dir='ltr'>inquit</span> <span class='ocrx_word' id='word_1_488' title='bbox 863 2958 1011 2987; x_wconf 74' lang='lat' dir='ltr'>uiolatur</span> <span class='ocrx_word' id='word_1_489' title='bbox 1029 2958 1054 2988; x_wconf 87' lang='lat' dir='ltr'>ll</span> <span class='ocrx_word' id='word_1_490' title='bbox 1077 2975 1109 2979; x_wconf 92' lang='lat'>——</span> <span class='ocrx_word' id='word_1_491' title='bbox 1138 2957 1198 2997; x_wconf 74' lang='lat' dir='ltr'>ila]</span> <span class='ocrx_word' id='word_1_492' title='bbox 1219 2961 1286 2986; x_wconf 75' lang='lat' dir='ltr'>tam</span> <span class='ocrx_word' id='word_1_493' title='bbox 1306 2956 1329 2986; x_wconf 85' lang='lat' dir='ltr'>ll</span> <span class='ocrx_word' id='word_1_494' title='bbox 1360 2973 1393 2976; x_wconf 97' lang='lat'><strong>—</strong></span> <span class='ocrx_word' id='word_1_495' title='bbox 1428 2954 1472 2984; x_wconf 78' lang='lat'>17.</span> <span class='ocrx_word' id='word_1_496' title='bbox 1491 2953 1575 2992; x_wconf 71' lang='lat' dir='ltr'>plebi</span> <span class='ocrx_word' id='word_1_497' title='bbox 1603 2954 1622 2983; x_wconf 82' lang='lat' dir='ltr'>u</span> <span class='ocrx_word' id='word_1_498' title='bbox 1641 2953 1677 2983; x_wconf 84' lang='grc' dir='ltr'>ΙΙ1</span> <span class='ocrx_word' id='word_1_499' title='bbox 1693 2954 1764 2984; x_wconf 79' lang='lat' dir='ltr'>ab:</span> <span class='ocrx_word' id='word_1_500' title='bbox 1789 2954 1823 2992; x_wconf 73' lang='lat' dir='ltr'>pt</span> <span class='ocrx_word' id='word_1_501' title='bbox 1855 2962 1890 2990; x_wconf 83' lang='lat' dir='ltr'>c,</span> <span class='ocrx_word' id='word_1_502' title='bbox 1913 2953 2015 2992; x_wconf 76' lang='lat' dir='ltr'>plebis</span> 
     </span>
     <span class='ocr_line' id='line_1_46' title="bbox 243 3004 2015 3046; baseline -0.004 -7"><span class='ocrx_word' id='word_1_503' title='bbox 243 3008 285 3039; x_wconf 80' lang='lat' dir='ltr'>H²</span> <span class='ocrx_word' id='word_1_504' title='bbox 318 3025 352 3030; x_wconf 87' lang='lat'>-</span> <span class='ocrx_word' id='word_1_505' title='bbox 387 3017 457 3039; x_wconf 81' lang='lat' dir='ltr'>rem</span> <span class='ocrx_word' id='word_1_506' title='bbox 481 3017 550 3039; x_wconf 88' lang='lat' dir='ltr'>om.</span> <span class='ocrx_word' id='word_1_507' title='bbox 573 3009 598 3039; x_wconf 88' lang='lat' dir='ltr'>H</span> <span class='ocrx_word' id='word_1_508' title='bbox 633 3025 666 3029; x_wconf 90' lang='lat'><strong>—</strong></span> <span class='ocrx_word' id='word_1_509' title='bbox 704 3008 754 3038; x_wconf 65' lang='lat'>1¹9.</span> <span class='ocrx_word' id='word_1_510' title='bbox 783 3009 879 3046; x_wconf 73' lang='lat' dir='ltr'>cupio</span> <span class='ocrx_word' id='word_1_511' title='bbox 904 3007 958 3037; x_wconf 76' lang='lat' dir='ltr'>tibi</span> <span class='ocrx_word' id='word_1_512' title='bbox 984 3015 1002 3037; x_wconf 82' lang='lat' dir='ltr'><strong>c</strong></span> <span class='ocrx_word' id='word_1_513' title='bbox 1037 3024 1070 3028; x_wconf 64' lang='lat'><em>-</em></span> <span class='ocrx_word' id='word_1_514' title='bbox 1107 3007 1158 3037; x_wconf 63' lang='lat'>²20.</span> <span class='ocrx_word' id='word_1_515' title='bbox 1185 3016 1243 3037; x_wconf 77' lang='lat' dir='ltr'>nec</span> <span class='ocrx_word' id='word_1_516' title='bbox 1267 3007 1423 3035; x_wconf 75' lang='lat' dir='ltr'>uidentur</span> <span class='ocrx_word' id='word_1_517' title='bbox 1446 3005 1465 3034; x_wconf 93' lang='lat' dir='ltr'>b</span> <span class='ocrx_word' id='word_1_518' title='bbox 1492 3020 1525 3024; x_wconf 89' lang='lat'>—</span> <span class='ocrx_word' id='word_1_519' title='bbox 1557 3004 1640 3041; x_wconf 64' lang='lat' dir='ltr'>(mid</span> <span class='ocrx_word' id='word_1_520' title='bbox 1666 3012 1742 3042; x_wconf 67' lang='lat' dir='ltr'>eryo</span> <span class='ocrx_word' id='word_1_521' title='bbox 1768 3013 1788 3034; x_wconf 83' lang='lat' dir='ltr'>a</span> <span class='ocrx_word' id='word_1_522' title='bbox 1815 3021 1848 3024; x_wconf 86' lang='lat'>——</span> <span class='ocrx_word' id='word_1_523' title='bbox 1878 3004 1929 3034; x_wconf 56' lang='lat'>¹2¹.</span> <span class='ocrx_word' id='word_1_524' title='bbox 1957 3006 2015 3032; x_wconf 79' lang='lat' dir='ltr'>aut</span> 
     </span>
     <span class='ocr_line' id='line_1_47' title="bbox 241 3053 2015 3096; baseline -0.004 -8"><span class='ocrx_word' id='word_1_525' title='bbox 241 3059 326 3088; x_wconf 81' lang='lat' dir='ltr'>hunc</span> <span class='ocrx_word' id='word_1_526' title='bbox 350 3066 384 3089; x_wconf 84' lang='lat' dir='ltr'>c:</span> <span class='ocrx_word' id='word_1_527' title='bbox 426 3062 525 3096; x_wconf 82' lang='lat' dir='ltr'>alque</span> <span class='ocrx_word' id='word_1_528' title='bbox 548 3059 632 3088; x_wconf 71' lang='lat' dir='ltr'>hunc</span> <span class='ocrx_word' id='word_1_529' title='bbox 658 3058 680 3088; x_wconf 79' lang='grc' dir='ltr'>Β</span> <span class='ocrx_word' id='word_1_530' title='bbox 699 3058 722 3088; x_wconf 86' lang='lat' dir='ltr'>ll</span> <span class='ocrx_word' id='word_1_531' title='bbox 739 3058 791 3088; x_wconf 79' lang='lat' dir='ltr'>ab</span> <span class='ocrx_word' id='word_1_532' title='bbox 826 3074 859 3078; x_wconf 88' lang='lat'>—-</span> <span class='ocrx_word' id='word_1_533' title='bbox 897 3058 950 3088; x_wconf 69' lang='lat'>22.</span> <span class='ocrx_word' id='word_1_534' title='bbox 977 3057 1109 3095; x_wconf 66' lang='lat' dir='ltr'>‹wplica</span> <span class='ocrx_word' id='word_1_535' title='bbox 1134 3060 1234 3095; x_wconf 75' lang='lat' dir='ltr'>alque</span> <span class='ocrx_word' id='word_1_536' title='bbox 1258 3059 1373 3085; x_wconf 64' lang='lat' dir='ltr'>excute</span> <span class='ocrx_word' id='word_1_537' title='bbox 1390 3071 1437 3076; x_wconf 89' lang='lat'>--</span> <span class='ocrx_word' id='word_1_538' title='bbox 1457 3055 1486 3083; x_wconf 74' lang='grc' dir='ltr'>ιἰι</span> <span class='ocrx_word' id='word_1_539' title='bbox 1513 3063 1550 3083; x_wconf 79' lang='lat' dir='ltr'>ed</span> <span class='ocrx_word' id='word_1_540' title='bbox 1575 3054 1693 3091; x_wconf 78' lang='lat' dir='ltr'>species</span> <span class='ocrx_word' id='word_1_541' title='bbox 1715 3055 1814 3092; x_wconf 75' lang='lat' dir='ltr'>firma</span> <span class='ocrx_word' id='word_1_542' title='bbox 1839 3055 1927 3084; x_wconf 79' lang='lat' dir='ltr'>nolio</span> <span class='ocrx_word' id='word_1_543' title='bbox 1953 3053 2015 3082; x_wconf 73' lang='lat' dir='ltr'>riri</span> 
     </span>
     <span class='ocr_line' id='line_1_48' title="bbox 243 3103 2014 3147; baseline -0.003 -10"><span class='ocrx_word' id='word_1_544' title='bbox 243 3108 316 3138; x_wconf 80' lang='lat' dir='ltr'>boni</span> <span class='ocrx_word' id='word_1_545' title='bbox 342 3108 472 3138; x_wconf 68' lang='lat' dir='ltr'>Nonius</span> <span class='ocrx_word' id='word_1_546' title='bbox 499 3116 530 3147; x_wconf 90' lang='lat' dir='ltr'>p.</span> <span class='ocrx_word' id='word_1_547' title='bbox 548 3108 628 3141; x_wconf 74' lang='lat'>5300;</span> <span class='ocrx_word' id='word_1_548' title='bbox 655 3107 844 3146; x_wconf 53' lang='lat' dir='ltr'>eaplicau</span> <span class='ocrx_word' id='word_1_549' title='bbox 863 3107 1116 3145; x_wconf 70' lang='lat' dir='ltr'>intelleyenliam</span> <span class='ocrx_word' id='word_1_550' title='bbox 1140 3110 1232 3136; x_wconf 79' lang='lat' dir='ltr'>tuam</span> <span class='ocrx_word' id='word_1_551' title='bbox 1259 3105 1350 3135; x_wconf 73' lang='lat' dir='ltr'>idem</span> <span class='ocrx_word' id='word_1_552' title='bbox 1377 3113 1408 3143; x_wconf 85' lang='lat' dir='ltr'>p.</span> <span class='ocrx_word' id='word_1_553' title='bbox 1425 3103 1499 3133; x_wconf 60' lang='lat'>298.</span> <span class='ocrx_word' id='word_1_554' title='bbox 1529 3120 1562 3123; x_wconf 97' lang='lat'><strong>—</strong></span> <span class='ocrx_word' id='word_1_555' title='bbox 1592 3103 1622 3132; x_wconf 77' lang='lat' dir='ltr'>in</span> <span class='ocrx_word' id='word_1_556' title='bbox 1650 3111 1719 3133; x_wconf 82' lang='lat' dir='ltr'>om,</span> <span class='ocrx_word' id='word_1_557' title='bbox 1742 3104 1764 3133; x_wconf 90' lang='grc' dir='ltr'>Η</span> <span class='ocrx_word' id='word_1_558' title='bbox 1796 3120 1830 3124; x_wconf 89' lang='grc'><strong>-</strong></span> <span class='ocrx_word' id='word_1_559' title='bbox 1866 3103 1915 3134; x_wconf 72' lang='lat'>253.</span> <span class='ocrx_word' id='word_1_560' title='bbox 1943 3112 2014 3140; x_wconf 71' lang='lat' dir='ltr'>spe-</span> 
     </span>
     <span class='ocr_line' id='line_1_49' title="bbox 243 3151 2013 3195; baseline -0.003 -8"><span class='ocrx_word' id='word_1_561' title='bbox 243 3158 305 3188; x_wconf 83' lang='lat' dir='ltr'>cies</span> <span class='ocrx_word' id='word_1_562' title='bbox 321 3182 326 3186; x_wconf 93' lang='lat'>.</span> <span class='ocrx_word' id='word_1_563' title='bbox 341 3157 471 3195; x_wconf 80' lang='lat' dir='ltr'>forma.</span> <span class='ocrx_word' id='word_1_564' title='bbox 494 3161 522 3187; x_wconf 78' lang='lat' dir='ltr'>et</span> <span class='ocrx_word' id='word_1_565' title='bbox 546 3158 633 3187; x_wconf 75' lang='lat' dir='ltr'>notio</span> <span class='ocrx_word' id='word_1_566' title='bbox 659 3165 695 3188; x_wconf 79' lang='lat' dir='ltr'>a:</span> <span class='ocrx_word' id='word_1_567' title='bbox 723 3157 826 3194; x_wconf 74' lang='lat' dir='ltr'>specie</span> <span class='ocrx_word' id='word_1_568' title='bbox 848 3157 957 3195; x_wconf 80' lang='lat' dir='ltr'>forma</span> <span class='ocrx_word' id='word_1_569' title='bbox 983 3159 1012 3186; x_wconf 81' lang='lat' dir='ltr'>et</span> <span class='ocrx_word' id='word_1_570' title='bbox 1034 3157 1123 3186; x_wconf 71' lang='lat' dir='ltr'>notio</span> <span class='ocrx_word' id='word_1_571' title='bbox 1149 3165 1211 3195; x_wconf 87' lang='lat' dir='ltr'>cp.</span> <span class='ocrx_word' id='word_1_572' title='bbox 1252 3156 1317 3185; x_wconf 76' lang='lat' dir='ltr'>Aut</span> <span class='ocrx_word' id='word_1_573' title='bbox 1341 3153 1459 3191; x_wconf 74' lang='lat' dir='ltr'>specics</span> <span class='ocrx_word' id='word_1_574' title='bbox 1483 3154 1541 3182; x_wconf 84' lang='lat' dir='ltr'>aut</span> <span class='ocrx_word' id='word_1_575' title='bbox 1563 3153 1674 3191; x_wconf 75' lang='lat' dir='ltr'>[orma</span> <span class='ocrx_word' id='word_1_576' title='bbox 1699 3151 1908 3182; x_wconf 67' lang='lat' dir='ltr'>eliciendum</span> <span class='ocrx_word' id='word_1_577' title='bbox 1935 3160 2013 3181; x_wconf 72' lang='lat' dir='ltr'>esse</span> 
     </span>
     <span class='ocr_line' id='line_1_50' title="bbox 246 3199 2011 3246; baseline -0.005 -9"><span class='ocrx_word' id='word_1_578' title='bbox 246 3206 443 3237; x_wconf 84' lang='lat' dir='ltr'>docuerunt</span> <span class='ocrx_word' id='word_1_579' title='bbox 461 3207 592 3246; x_wconf 77' lang='lat' dir='ltr'>Krarup</span> <span class='ocrx_word' id='word_1_580' title='bbox 619 3209 652 3237; x_wconf 84' lang='lat' dir='ltr'>et</span> <span class='ocrx_word' id='word_1_581' title='bbox 670 3206 805 3244; x_wconf 70' lang='lat' dir='ltr'>Madxig</span> <span class='ocrx_word' id='word_1_582' title='bbox 832 3207 969 3245; x_wconf 73' lang='lat' dir='ltr'>(opusc.</span> <span class='ocrx_word' id='word_1_583' title='bbox 989 3206 1087 3237; x_wconf 82' lang='lat' dir='ltr'>acad.</span> <span class='ocrx_word' id='word_1_584' title='bbox 1110 3207 1118 3236; x_wconf 92' lang='lat' dir='ltr'>l</span> <span class='ocrx_word' id='word_1_585' title='bbox 1139 3215 1169 3246; x_wconf 93' lang='lat' dir='ltr'>p.</span> <span class='ocrx_word' id='word_1_586' title='bbox 1184 3205 1275 3241; x_wconf 68' lang='lat'>:3:37);</span> <span class='ocrx_word' id='word_1_587' title='bbox 1302 3204 1414 3241; x_wconf 74' lang='lat' dir='ltr'>forma</span> <span class='ocrx_word' id='word_1_588' title='bbox 1438 3201 1505 3232; x_wconf 76' lang='lat' dir='ltr'>dcl.</span> <span class='ocrx_word' id='word_1_589' title='bbox 1528 3202 1636 3235; x_wconf 76' lang='lat' dir='ltr'>Lund.</span> <span class='ocrx_word' id='word_1_590' title='bbox 1663 3204 1782 3241; x_wconf 75' lang='lat' dir='ltr'>species</span> <span class='ocrx_word' id='word_1_591' title='bbox 1805 3200 1888 3232; x_wconf 80' lang='lat' dir='ltr'>secl.</span> <span class='ocrx_word' id='word_1_592' title='bbox 1906 3199 2011 3230; x_wconf 71' lang='lat' dir='ltr'>Klotz.</span> 
     </span>
     <span class='ocr_line' id='line_1_51' title="bbox 250 3251 2012 3295; baseline -0.003 -9"><span class='ocrx_word' id='word_1_593' title='bbox 250 3274 283 3278; x_wconf 93' lang='lat'>—</span> <span class='ocrx_word' id='word_1_594' title='bbox 312 3256 363 3286; x_wconf 65' lang='grc' dir='ltr'>Ξῖ.</span> <span class='ocrx_word' id='word_1_595' title='bbox 388 3257 488 3295; x_wconf 69' lang='lat' dir='ltr'>possit</span> <span class='ocrx_word' id='word_1_596' title='bbox 514 3265 583 3287; x_wconf 80' lang='lat' dir='ltr'>om.</span> <span class='ocrx_word' id='word_1_597' title='bbox 603 3257 636 3293; x_wconf 83' lang='lat' dir='ltr'>b,</span> <span class='ocrx_word' id='word_1_598' title='bbox 663 3258 743 3287; x_wconf 81' lang='lat' dir='ltr'>ante</span> <span class='ocrx_word' id='word_1_599' title='bbox 769 3256 894 3286; x_wconf 66' lang='lat' dir='ltr'>utilitas</span> <span class='ocrx_word' id='word_1_600' title='bbox 920 3257 1014 3295; x_wconf 84' lang='lat' dir='ltr'>ponit</span> <span class='ocrx_word' id='word_1_601' title='bbox 1040 3265 1060 3287; x_wconf 89' lang='lat' dir='ltr'>a</span> <span class='ocrx_word' id='word_1_602' title='bbox 1088 3273 1120 3276; x_wconf 87' lang='lat'>—</span> <span class='ocrx_word' id='word_1_603' title='bbox 1152 3256 1200 3285; x_wconf 74' lang='lat'>28.</span> <span class='ocrx_word' id='word_1_604' title='bbox 1228 3253 1348 3292; x_wconf 75' lang='lat' dir='ltr'>eripuit</span> <span class='ocrx_word' id='word_1_605' title='bbox 1372 3261 1393 3283; x_wconf 82' lang='lat' dir='ltr'>a</span> <span class='ocrx_word' id='word_1_606' title='bbox 1419 3270 1453 3274; x_wconf 92' lang='lat'><em>-</em></span> <span class='ocrx_word' id='word_1_607' title='bbox 1484 3253 1536 3284; x_wconf 66' lang='lat'>⁴20.</span> <span class='ocrx_word' id='word_1_608' title='bbox 1555 3253 1694 3284; x_wconf 76' lang='lat' dir='ltr'>hominis</span> <span class='ocrx_word' id='word_1_609' title='bbox 1711 3252 1755 3284; x_wconf 88' lang='lat' dir='ltr'>C:</span> <span class='ocrx_word' id='word_1_610' title='bbox 1784 3253 1814 3283; x_wconf 78' lang='lat' dir='ltr'>in</span> <span class='ocrx_word' id='word_1_611' title='bbox 1832 3251 1970 3281; x_wconf 72' lang='grc' dir='ltr'>Ιιωηὶιιὸε</span> <span class='ocrx_word' id='word_1_612' title='bbox 1995 3257 2012 3280; x_wconf 95' lang='grc' dir='ltr'>ο</span> 
     </span>
     <span class='ocr_line' id='line_1_52' title="bbox 252 3304 1466 3345; baseline -0.002 -9"><span class='ocrx_word' id='word_1_613' title='bbox 252 3322 284 3328; x_wconf 92' lang='grc'>-</span> <span class='ocrx_word' id='word_1_614' title='bbox 315 3305 366 3336; x_wconf 82' lang='grc'>35.</span> <span class='ocrx_word' id='word_1_615' title='bbox 394 3308 423 3336; x_wconf 84' lang='lat' dir='ltr'>et</span> <span class='ocrx_word' id='word_1_616' title='bbox 447 3314 549 3344; x_wconf 81' lang='lat' dir='ltr'>quam</span> <span class='ocrx_word' id='word_1_617' title='bbox 574 3306 688 3338; x_wconf 71' lang='lat' dir='ltr'>inutile</span> <span class='ocrx_word' id='word_1_618' title='bbox 712 3314 783 3338; x_wconf 84' lang='lat' dir='ltr'>om.</span> <span class='ocrx_word' id='word_1_619' title='bbox 804 3306 841 3344; x_wconf 84' lang='lat' dir='ltr'>C,</span> <span class='ocrx_word' id='word_1_620' title='bbox 869 3314 933 3345; x_wconf 79' lang='lat' dir='ltr'>ego</span> <span class='ocrx_word' id='word_1_621' title='bbox 958 3304 1098 3337; x_wconf 80' lang='lat' dir='ltr'>seclusi.</span> <span class='ocrx_word' id='word_1_622' title='bbox 1128 3321 1164 3327; x_wconf 91' lang='lat'>—</span> <span class='ocrx_word' id='word_1_623' title='bbox 1192 3304 1245 3334; x_wconf 75' lang='lat'>37.</span> <span class='ocrx_word' id='word_1_624' title='bbox 1270 3311 1322 3334; x_wconf 78' lang='lat' dir='ltr'>res</span> <span class='ocrx_word' id='word_1_625' title='bbox 1346 3310 1414 3334; x_wconf 87' lang='lat' dir='ltr'>om.</span> <span class='ocrx_word' id='word_1_626' title='bbox 1436 3310 1466 3334; x_wconf 87' lang='lat' dir='ltr'>c.</span> 
     </span>
    </p>
   </div>
  </div>
 </body>
</html>
