2249 3624
321 99 403 141 580
756 157 759 165 Ἦ
1098 100 1167 140 DE
1197 99 1338 140 FATO

319 221 404 248 non
441 207 632 260 sequitur
670 211 718 246 ut
755 219 808 246 ne
844 204 1055 258 adpetitus
1093 206 1263 258 quidem
1301 207 1355 245 sit
1389 206 1434 245 in
1471 209 1616 245 nostra
1646 209 1866 258 potestate.
1926 207 1980 248 At
2007 207 2087 250 hoc

319 277 588 325 sequeretur,
620 270 653 309 si
686 269 828 309 omnia
857 267 1050 321 perfectis
1082 274 1123 307 et
1153 268 1453 321 principalibus
1481 268 1617 307 causis
1637 267 1728 307 fieri
1752 268 2005 318 diceremus,
2028 276 2085 321 ut,

318 348 412 375 cum
454 347 527 374 eae
564 345 715 372 causae
753 344 836 370 non
874 335 1014 369 essent
1055 330 1097 369 in
1138 336 1279 370 nostra
1319 335 1546 383 potestate,
1590 344 1641 369 ne
1673 329 1745 369 ille
1778 331 1946 384 quidem
1978 338 2087 373 esset

317 398 360 436 in
398 402 539 436 nostra
576 399 797 447 potestate.
858 389 924 430 42.
969 392 1103 440 Quam
1144 392 1197 431 ob
1228 406 1316 432 rem
1350 392 1422 445 qui
1454 393 1513 431 ita
1543 391 1674 431 fatum
1704 392 1999 442 introducunt,
2040 401 2086 436 ut

285 460 608 499 suecessitatem
638 456 881 508 adiungant,
914 455 956 493 in
987 468 1058 494 eos
1089 454 1245 494 valebit
1274 454 1347 494 illa
1377 454 1604 494 conclusio.
1652 454 1734 502 Qui
1766 460 1905 495 autem
1938 470 2085 498 causas

315 521 600 562 antecedentis
632 532 716 557 non
748 517 888 556 dicent
920 516 1124 569 perfectas
1156 530 1295 569 neque
1327 516 1597 569 principalis,
1628 516 1671 556 in
1693 530 1764 557 eos
1788 517 1894 557 nihil
1914 519 2083 560 valebit.

315 584 439 633 Quod
480 583 592 623 enim
629 581 822 620 dicantur
860 579 1133 620 adsensiones
1173 577 1261 618 fieri
1299 579 1435 619 causis
1473 579 1743 631 antepositis,
1783 579 1825 619 id
1866 581 1993 634 quale
2033 583 2086 623 sit

312 647 436 687 facile
475 659 499 685 a
536 658 580 684 se
618 642 819 696 explicari
856 647 987 694 putat.
1047 643 1152 681 Nam
1190 655 1443 695 quamquam
1483 641 1678 681 adsensio
1715 655 1799 682 non
1830 643 1965 696 possit
1993 643 2084 684 fieri

312 709 392 749 nisi
426 711 635 748 commota
668 705 780 752 viso,
812 710 966 750 tamen,
1000 717 1093 743 cum
1124 704 1165 743 id
1197 705 1331 744 visum
1365 704 1600 757 proximam
1623 717 1791 743 causam
1814 703 1977 753 babeat,
2000 719 2084 746 non

262 770 605 824 aoprincipalem,
643 769 749 807 hanc
792 767 917 807 habet
955 767 1180 814 rationem,
1224 772 1270 806 ut
1308 766 1564 820 Chrysippus
1605 766 1715 814 vult,
1758 780 1884 821 quam
1925 769 2083 810 dudum

309 834 517 879 diximus,
550 844 635 870 non
666 835 711 870 ut
742 829 814 869 illa
844 829 1015 883 quidem
1047 826 1136 868 fieri
1169 829 1302 882 possit
1333 829 1448 868 nulla
1479 829 1518 868 vi
1543 829 1807 869 extrinsecus
1830 830 2081 870 excitata—

307 909 481 937 necesse
513 900 577 935 est
606 892 717 933 enim
749 892 1045 932 adsensionem
1078 892 1166 931 viso
1198 892 1451 931 commoveri
1476 913 1548 938 —,
1570 891 1644 931 sed
1675 892 1898 933 revertitur
1928 892 1981 932 ad
2013 907 2081 947 cy-

306 959 490 999 lindrum
527 963 569 997 et
605 956 658 996 ad
700 956 909 995 turbinem
951 968 1095 1002 suum,
1148 968 1256 1007 quae
1297 954 1456 993 moveri
1496 954 1682 1006 incipere
1723 954 1805 994 nisi
1837 955 1957 1008 pulsa
1996 969 2079 995 non

305 1027 497 1075 possunt.
557 1019 602 1059 ld
633 1023 771 1058 autem
803 1032 897 1058 cum
928 1017 1090 1063 accidit,
1123 1022 1270 1069 suapte
1302 1022 1463 1064 natura,
1496 1016 1611 1070 quod
1642 1022 1848 1069 superest,
1880 1023 1921 1058 et
1952 1017 2080 1071 cylin-

256 1091 292 1118 45
306 1086 426 1125 drum
458 1082 570 1123 volvi
603 1087 644 1121 et
675 1081 833 1120 versari
867 1081 1076 1120 turbinem
1109 1084 1240 1131 putat.

420 1146 532 1186 xlx.
563 1141 630 1183 43.
662 1143 714 1183 Ut
744 1143 890 1196 igitur,
922 1142 1081 1195 inquit,
1114 1141 1186 1194 qui
1220 1141 1421 1193 protrusit
1452 1141 1708 1194 cylindrum,
1751 1141 1868 1182 dedit
1899 1142 1936 1182 ei
1966 1143 2080 1195 prin-

303 1211 461 1264 cipium
500 1206 719 1253 motionis,
761 1205 1068 1246 volubilitatem
1106 1211 1245 1244 autem
1288 1217 1369 1243 non
1409 1203 1546 1251 dedit,
1593 1205 1652 1244 sic
1690 1206 1825 1245 visum
1869 1205 2078 1245 obiectum

301 1273 501 1325 inprimet
538 1268 642 1309 illud
681 1267 852 1321 quidem
897 1273 938 1307 et
974 1267 1094 1320 qnasi
1133 1266 1315 1319 signabit
1353 1266 1396 1306 in
1427 1267 1569 1306 animo
1602 1281 1719 1307 suam
1761 1267 1962 1321 speciem,
2004 1268 2079 1308 sed

301 1334 499 1375 adsensio
539 1338 683 1372 nostra
721 1332 799 1371 erit
828 1332 871 1370 in
903 1336 1133 1383 potestate,
1172 1343 1330 1382 eaque,
1369 1343 1492 1384 quem
1524 1330 1576 1369 ad
1608 1331 1780 1370 modum
1812 1330 1855 1369 in
1889 1330 2078 1384 cylindro

250 1397 457 1437 20dictum
490 1401 573 1442 est,
614 1394 877 1434 extrinsecus
909 1393 1050 1446 pulsa,
1092 1392 1204 1445 quod
1235 1392 1445 1445 reliquum
1478 1399 1560 1440 est,
1601 1399 1747 1447 suapte
1780 1393 1819 1433 vi
1857 1399 1899 1432 et
1930 1399 2080 1435 natura

299 1460 548 1501 movebitur.
590 1456 714 1505 Quod
747 1457 781 1496 si
814 1456 958 1509 aliqua
988 1469 1054 1495 res
1087 1454 1326 1494 efficeretur
1349 1455 1440 1495 sine
1462 1468 1586 1494 causa
1607 1455 1904 1503 antecedente,
1926 1455 2077 1496 falsum

301 1528 412 1562 esset
442 1522 581 1561 omnia
612 1520 698 1560 fato
730 1520 844 1567 fieri,
884 1520 949 1558 sin
981 1519 1200 1565 omnibus,
1243 1531 1534 1571 quaecumque
1567 1514 1694 1565 fiunt,
1725 1517 1814 1556 veri
1846 1518 1982 1558 simile
2015 1523 2078 1558 est

299 1598 467 1625 causam
498 1583 772 1629 antecedere,
809 1581 911 1636 quid
943 1581 1097 1621 adferri
1128 1581 1300 1634 poterit,
1333 1594 1407 1620 cur
1437 1593 1523 1619 non
1556 1579 1694 1620 omnia
1725 1579 1809 1619 fato
1833 1577 1921 1620 fieri
1943 1580 2078 1621 faten-

298 1648 398 1687 dum
430 1647 512 1686 sit?
558 1645 691 1685 modo.
714 1644 1004 1697 intellegatur,
1048 1657 1152 1697 quae
1194 1644 1247 1682 sit
1278 1655 1494 1682 causarum
1528 1641 1740 1682 distinctio
1781 1654 1829 1682 ac
1861 1642 2076 1683 dissimili-

248 1710 412 1749 25tudo.
471 1706 539 1748 44.
571 1709 685 1747 Haec
714 1721 807 1747 cum
839 1708 896 1746 ita
928 1708 1008 1746 sint
1039 1719 1062 1745 a
1095 1706 1324 1760 Chrysippo
1358 1704 1591 1757 explicata,
1624 1704 1657 1744 si
1689 1704 1773 1752 illi,
1815 1705 1887 1757 qui
1919 1709 2074 1758 negant

296 1771 571 1811 adsensiones
601 1770 687 1809 fato
721 1767 833 1816 fieri,
865 1769 894 1820 †
923 1768 1132 1808 fateantur
1163 1774 1303 1808 tamen
1335 1781 1404 1807 eas
1436 1781 1519 1807 non
1552 1767 1641 1806 sine
1674 1767 1763 1807 viso
1797 1768 2072 1808 antecedente

295 1833 408 1881 fieri,
445 1834 527 1873 alia
558 1833 663 1872 ratio
697 1837 784 1879 est3
825 1831 898 1871 sed
931 1833 966 1871 si
998 1831 1237 1871 concedunt
1267 1830 1427 1870 anteire
1459 1830 1546 1870 visa
1583 1843 1659 1869 nec
1691 1834 1831 1870 tamen
1862 1829 1949 1870 fato
1982 1828 2070 1870 fieri

295 1896 592 1942 adsensiones,
633 1894 747 1946 quod
789 1895 980 1947 proxima
1016 1893 1089 1934 illa
1129 1899 1170 1933 et
1201 1893 1421 1933 continens
1454 1906 1580 1932 causa
1611 1905 1696 1932 non
1728 1898 1896 1932 moveat
1924 1893 2073 1933 adsen-

295 1959 472 2005 sionem,
504 1958 599 1997 vide
630 1970 683 1996 ne
714 1956 824 1996 idem
857 1956 1010 1996 dicant.
1056 1957 1200 2010 Neque
1224 1957 1335 1996 enim
1361 1955 1619 2009 Chrysippus
1651 1954 1891 1995 concedens
1922 1955 2073 1995 adsen-

245 2028 282 2058 30
296 2022 426 2062 sionis
457 2020 693 2074 proximam
725 2025 766 2059 et
797 2021 1082 2059 continentem
1114 2032 1279 2060 causam
1312 2033 1403 2060 esse
1433 2020 1476 2059 in
1504 2020 1594 2060 viso
1621 2020 1799 2074 positam
1822 2032 1960 2074 neque
1983 2033 2072 2060 eam

295 2187 436 2220 dicendi
459 2188 524 2218 sint
548 2188 592 2218 ita
619 2186 751 2217 dictum
778 2188 831 2217 est
856 2187 956 2226 quasi
981 2187 1071 2227 sequi
1095 2189 1325 2227 sequeretur,
1351 2188 1389 2218 ut
1413 2186 1497 2218 infra
1525 2185 1601 2226 §42
1625 2187 1729 2227 possit
1749 2187 1823 2227 fieri
1848 2186 1980 2218 dictum
2005 2187 2069 2225 est,

294 2239 394 2279 quasi
417 2237 547 2276 habere,
572 2246 642 2268 non
665 2237 758 2268 habet
782 2240 994 2277 sequeretur
1020 2256 1053 2260 —
1078 2242 1280 2278 potestaten-2<
1303 2247 1369 2269 non
1392 2239 1438 2276 A,
1469 2240 1629 2277 potestate
1653 2238 1697 2268 ad
1719 2246 1797 2276 non,
1825 2235 1888 2268 sed
1913 2237 1956 2267 ad
1980 2236 2013 2267 in
2038 2239 2074 2267 at

295 2290 331 2320 et
355 2287 482 2319 deinde
508 2288 540 2318 in
565 2287 599 2317 id
623 2295 714 2318 corr.
734 2287 757 2317 B
787 2304 821 2309 --
860 2288 889 2318 4.
917 2288 961 2318 ad
985 2286 1023 2318 C¹
1042 2305 1076 2309 —
1104 2290 1134 2319 ἓ.
1161 2291 1199 2319 ut
1221 2297 1296 2319 cum
1320 2289 1353 2319 in
1372 2295 1481 2326 marg.
1500 2288 1524 2318 B
1553 2304 1588 2308 —-
1620 2291 1656 2318 ut
1679 2296 1753 2318 cum
1777 2287 1876 2318 etiam
1900 2286 2072 2326 sepulchra

293 2338 495 2378 contemplor
518 2338 559 2374 B,
592 2337 656 2368 sed
680 2338 779 2377 signo
803 2339 883 2367 ante
908 2338 1011 2368 etiam
1041 2337 1202 2378 adposito
1226 2339 1260 2370 in
1285 2346 1396 2376 marg.
1424 2337 1632 2368 adnotatum
1657 2338 1733 2368 est:
1771 2337 1812 2368 ab
1836 2347 1872 2369 eo
1896 2337 1982 2375 loco,
2009 2345 2072 2376 quo

292 2388 444 2427 superius
467 2388 505 2418 de
528 2396 665 2426 corpore
688 2387 776 2418 timei
799 2387 1027 2426 interposc'lwn
1052 2392 1109 2427 est,
1142 2397 1245 2429 usque
1269 2389 1331 2419 huc
1351 2388 1515 2427 peruenit.
1559 2388 1652 2426 Quod
1675 2396 1755 2418 uero
1778 2389 1928 2428 sequitur
1950 2389 1985 2420 in
2006 2388 2070 2428 fine

292 2442 338 2470 est
361 2437 436 2468 libri
458 2438 590 2468 secundi
614 2438 652 2468 de
675 2438 882 2468 diuinatione
904 2446 1007 2476 usqae
1030 2447 1094 2477 quo
1119 2439 1156 2469 de
1180 2440 1296 2478 topicis
1319 2438 1435 2477 incipit
1458 2437 1547 2476 loqui
1573 2437 1633 2475 (cf.
1661 2437 1704 2468 de
1731 2435 1867 2477 legibus
1894 2438 1919 2468 11
1944 2437 2010 2478 §5)
2032 2453 2066 2459 -

293 2488 322 2520 3.
346 2488 407 2518 hae
432 2496 474 2518 ex
499 2496 589 2518 corr.
609 2486 637 2517 V
654 2489 688 2518 et
705 2488 730 2518 O
757 2504 794 2509 —
822 2496 861 2518 ne
884 2487 937 2518 ille
953 2491 1174 2527 --poteslate
1198 2498 1268 2520 om.
1288 2489 1368 2527 AB,
1404 2489 1437 2519 in
1463 2496 1572 2528 marg.
1595 2487 1630 2526 V,
1667 2496 1758 2528 quae
1785 2496 2002 2528 quamquam
2026 2496 2069 2519 ex

291 2539 431 2578 ingenio
449 2537 604 2578 profecta
624 2537 751 2575 iudico,
768 2547 852 2569 vere
871 2539 990 2569 tamen
1008 2537 1169 2578 suppleta
1189 2548 1268 2570 esse
1287 2539 1450 2570 videntur
1465 2555 1499 2560 —
1520 2538 1551 2570 4.
1568 2538 1606 2569 ob
1622 2547 1692 2569 rem
1709 2539 1743 2569 in
1756 2539 1908 2569 rasA—
1929 2538 1960 2568 6.
1976 2541 2070 2568 ante—

292 2589 436 2619 cedentes
452 2588 534 2618 BVO
555 2606 589 2610 —
613 2588 818 2627 principales
842 2587 932 2619 AVO
960 2605 994 2609 -—
1024 2591 1103 2628 post
1126 2589 1248 2619 valebit
1272 2597 1394 2620 rasura
1421 2589 1453 2619 in
1472 2589 1507 2626 Β,
1534 2588 1567 2619 in
1593 2596 1661 2627 qua
1687 2588 1774 2628 quod
1790 2588 1875 2618 enim
1899 2587 2068 2627 scriptum

292 2637 399 2669 fuisse
423 2637 562 2669 videtur
598 2656 632 2661 -
670 2639 722 2670 40.
748 2638 889 2669 habeant
917 2636 955 2669 B¹
983 2655 1018 2659 —
1056 2647 1159 2679 quam
1184 2640 1307 2671 dadum
1330 2638 1487 2679 diximus]
1513 2640 1548 2670 in
1572 2637 1627 2670 illa
1653 2637 1797 2679 quidem
1822 2639 1942 2678 parte,
1973 2637 2066 2669 unde

293 2688 421 2719 Gellius
452 2688 690 2729 deprompsit,
729 2695 820 2727 quae
851 2687 928 2725 Vll,
953 2687 971 2717 '2
996 2694 1048 2727 sq.
1076 2688 1216 2720 disserit
1257 2707 1300 2711 —
1346 2689 1398 2721 44.
1424 2693 1570 2720 natm-ae
1593 2691 1619 2720 A
1665 2706 1699 2711 —
1749 2689 1801 2720 46.
1826 2688 1943 2727 inquid
1965 2687 2004 2719 B¹
2029 2703 2064 2709 —

291 2739 497 2777 quilindrum
519 2736 614 2770 A¹V²
639 2754 674 2760 —
703 2738 754 2769 49.
781 2746 895 2777 eaque,
923 2736 986 2768 sed
1011 2746 1073 2777 que
1096 2746 1173 2778 sup.
1193 2736 1250 2769 lin.
1271 2740 1297 2769 A
1326 2756 1361 2760 —
1389 2739 1565 2778 quilyndro
1589 2738 1679 2777 A1V,
1707 2738 1874 2778 quilindro
1898 2737 1922 2768 B
1952 2754 1986 2759 —
2012 2736 2064 2768 20.

289 2789 429 2819 relicum
452 2786 491 2820 Βι
524 2806 559 2810 —-
596 2788 649 2819 ⁶23.
676 2788 754 2827 quid
778 2796 848 2819 orn.
867 2787 912 2824 B,
947 2787 1033 2826 qaod
1055 2788 1126 2826 AV,
1160 2787 1224 2819 sed
1249 2788 1283 2819 in
1308 2790 1333 2819 A
1361 2797 1407 2820 m.
1436 2797 1508 2820 sec.
1537 2788 1711 2825 deletum,
1748 2788 1782 2818 in
1808 2787 1834 2817 V
1859 2796 1906 2818 m.
1933 2795 2005 2818 sec.
2031 2786 2066 2817 in

291 2839 370 2879 quid
399 2847 490 2870 corr.
529 2855 563 2860 —
609 2839 731 2877 poterit
755 2838 800 2868 V:
833 2840 938 2877 potest
961 2837 1074 2875 ABO,
1108 2837 1172 2868 sed
1202 2840 1227 2869 A
1260 2839 1294 2869 in
1318 2847 1388 2870 ras.
1414 2839 1586 2879 scriptum
1616 2837 1742 2876 habet,
1783 2845 1865 2869 cum
1902 2836 2063 2877 primitus

287 2886 408 2926 polerit
433 2887 464 2916 in
489 2885 544 2917 illo
570 2895 710 2926 quoque
736 2886 850 2918 fuerit.
884 2903 919 2908 —
956 2887 1010 2917 26.
1034 2887 1207 2926 fateantur
1230 2892 1339 2920 tamen
1363 2897 1418 2920 eas
1441 2898 1507 2920 non
1531 2889 1574 2927 C,
1612 2887 1707 2928 quod
1739 2895 1820 2918 cum
1851 2885 1976 2917 falsum
2008 2884 2062 2923 sit,

291 2935 482 2968 Lambinus
511 2945 577 2967 non
607 2936 754 2973 delevit,
787 2938 895 2968 Heine
922 2937 1137 2968 «Stoicorum
1165 2937 1208 2968 de
1234 2938 1303 2969 sato
1328 2938 1507 2968 doctrina»
1534 2937 1603 2978 pfl
1625 2937 1796 2977 fateantur
1819 2936 1853 2966 in
1876 2935 2065 2975 infitiantur

291 2987 454 3020 correxit,
482 2994 609 3016 censor
633 2986 721 3018 illius
745 2985 823 3017 libri
849 2987 881 3017 in
908 2987 968 3017 Lit.
990 2985 1181 3017 Centralbl.
1201 2987 1333 3019 a.11860
1359 2988 1419 3018 N0.
1437 2987 1471 3018 Μ
1499 2987 1672 3026 satuentur
1695 2989 1805 3017 tamen
1828 2992 1884 3015 eas
1906 2984 1974 3015 sine
1994 2983 2064 3014 viso

290 3034 520 3067 scribendum
546 3043 625 3067 esse
650 3036 816 3067 indicavit
835 3053 869 3058 —
897 3036 950 3067 29.
970 3036 1136 3067 uidex-*ne
1159 3038 1186 3067 A
1213 3054 1247 3058 —-
1275 3037 1477 3068 adsensionis
1500 3044 1591 3068 corr.
1610 3045 1703 3067 man.
1724 3043 1795 3067 sec.
1816 3034 1850 3065 in
1867 3033 2064 3065 assensiones

289 3086 337 3122 A,
369 3085 575 3115 adsensiones
598 3094 688 3117 corr.
708 3087 740 3116 in
765 3086 962 3117 assensionis
984 3087 1008 3117 B
1034 3102 1069 3107 -—
1109 3086 1161 3117 30.
1183 3087 1330 3126 positam
1352 3095 1457 3127 neque
1479 3095 1553 3117 eam
1578 3087 1666 3125 (eam
1690 3086 1724 3116 in
1741 3093 1808 3116 ras.
1824 3085 1864 3123 A)
1890 3084 1935 3115 C:
1960 3090 2062 3122 neque

292 3136 395 3167 eiecit
411 3134 612 3173 Lambinus,
640 3144 748 3174 quem
773 3144 898 3167 omnes
923 3136 1076 3167 editores
1100 3137 1212 3167 secuti
1237 3139 1333 3174 sunt;
1360 3136 1446 3168 salso
1470 3136 1513 3168 illi
1539 3136 1704 3177 quidem,
1731 3144 1812 3167 cum
1837 3143 1928 3175 qnae
1947 3133 2060 3172 Chry-

290 3186 412 3225 sippus
442 3193 510 3215 non
541 3185 738 3216 concedere
769 3185 896 3216 dicitur
927 3194 996 3217 non
1027 3184 1321 3217 antecedentibus
1353 3185 1473 3217 verbis
1502 3194 1577 3218 eam
1607 3183 2056 3221 causam--necessariam,

290 3232 355 3265 sed
378 3233 610 3275 sequentibus
633 3237 668 3266 ut
691 3235 719 3266 si
741 3235 855 3266 omnia
869 3251 886 3258 ··
900 3251 918 3258 -—
933 3235 1125 3268 necessariis
1147 3236 1404 3267 contineantur.
