2249 3624
545 154 633 195 Lm.
666 155 716 194 u.
758 155 855 195 cst.
886 152 1213 194 xxi-xxiv.
1253 151 1311 205 §5
1345 150 1533 192 47-502.
1837 146 1920 189 537

154 278 236 306 non
268 262 488 317 potuisset,
520 261 628 301 facta
659 274 742 300 non
776 266 900 300 esset.
948 260 1085 313 Atque
1115 260 1195 299 hoc
1227 265 1367 299 contra
1400 260 1537 298 omnia
1570 263 1731 297 ostenta
1763 257 1918 296 valeat:

154 338 377 379 numquam
419 324 530 377 quod
571 322 659 364 fieri
700 337 780 363 non
815 324 996 376 potuerit
1028 336 1119 361 esse
1152 323 1327 367 sactum,
1369 323 1431 360 sin
1467 322 1669 374 potuerit,
1711 334 1792 358 non
1826 334 1918 357 esse

153 388 398 430 mirandum.
461 386 686 425 Causarum
727 387 836 425 enim
872 386 1078 435 ignoratio
1111 386 1151 424 in
1186 399 1227 423 re
1261 398 1366 423 nova
1401 385 1660 423 mirationem
1693 382 1808 428 sacit;
1851 395 1919 420 ea-

151 452 243 491 dem
278 449 483 501 ignoratio
523 448 555 487 si
594 450 634 487 in
669 446 792 487 rebus
826 448 986 486 usitatis
1019 453 1101 493 est,
1143 462 1224 486 non
1259 449 1465 486 miramur.
1529 448 1626 485 Nam
1661 446 1732 498 qui
1766 445 1917 483 mulam

149 512 362 568 peperisse
395 511 585 556 miratur,
626 512 659 549 is
702 524 786 564 quo
825 510 947 548 modo
985 522 1094 562 equa
1133 511 1285 562 pariat,
1327 515 1398 547 aut
1430 510 1599 547 omnino
1631 522 1738 561 qnae
1774 514 1950 546 naturas

148 581 310 631 partum
352 573 575 613 animantis
618 573 743 612 faciat
782 574 957 623 ignorat.
1023 573 1103 610 Sed
1144 573 1253 624 quod
1296 572 1441 609 crebro
1475 572 1587 610 videt
1620 584 1700 610 non
1735 570 1918 615 miratur,

148 638 270 678 etiam
309 636 342 676 si
383 649 455 675 cur
493 634 560 674 liat
599 635 757 681 nescit;
806 634 920 687 quod
954 639 1049 672 ante
1083 647 1165 672 non
1200 634 1322 680 vidit,
1366 634 1403 673 id
1437 635 1468 672 si
1502 635 1663 679 evenit,
1706 638 1916 671 ostentum

147 713 237 740 esse
269 704 422 738 censet.
484 699 622 736 Utrum
655 697 799 747 igitur,
839 709 931 734 cuin
965 697 1155 748 concepit
1187 698 1321 742 mula,
1354 710 1404 735 an
1439 710 1530 735 cum
1566 696 1744 748 peperit,
1778 700 1918 733 osten—

145 768 231 802 tum
272 763 367 800 est?
436 758 502 798 50.
546 759 773 811 Conceptio
818 765 962 796 contra
1007 765 1194 797 naturam
1239 759 1442 805 sortasse,
1487 759 1559 797 scd
1605 765 1746 812 partus
1789 769 1916 809 prope

145 824 420 863 necessarius.

260 885 413 924 xxiii.
448 884 527 924 Sed
562 884 661 937 quid
695 885 844 936 plura?
885 883 1030 922 Ortum
1054 884 1271 922 videamus
1296 884 1606 936 haruspicinae,
1631 884 1686 922 sic
1709 881 1917 921 facillume

143 947 242 1002 quid
290 947 439 986 habeat
484 948 742 986 auctoritatis
790 946 1080 986 iudicabimus.
1155 948 1289 996 Tages
1336 947 1504 999 quidam
1548 946 1698 984 dicitur
1739 945 1775 983 in
1817 956 1916 994 agro

141 1009 453 1063 Tarquiniensi,
491 1023 584 1049 cum
618 1015 725 1049 terra
757 1015 946 1048 araretur
985 1014 1026 1047 et
1057 1009 1196 1048 sulcus
1229 1010 1355 1047 altius
1389 1015 1496 1048 essct
1532 1010 1779 1060 impressus,
1812 1007 1918 1044 exti-

141 1075 240 1113 tisse
282 1077 454 1124 repente
496 1077 536 1111 et
566 1086 659 1110 eum
693 1070 856 1111 adlatus
890 1085 1002 1117 esse,
1043 1071 1112 1124 qui
1146 1071 1299 1110 arabat.
1364 1072 1398 1109 ls
1432 1077 1569 1110 autem
1603 1073 1758 1119 Tages,
1801 1075 1845 1107 ut
1876 1070 1915 1107 in

140 1135 258 1174 libris
290 1140 352 1172 est
375 1134 669 1179 Etruscorum,
704 1134 851 1186 puerili
887 1134 1027 1186 specie
1060 1134 1212 1173 dicitur
1242 1134 1376 1179 visus,
1410 1134 1482 1172 sed
1516 1134 1635 1172 senili
1669 1133 1797 1171 fuisse
1823 1140 1968 1185 pru-15

141 1197 295 1237 dentia.
340 1197 440 1235 Eius
473 1197 673 1250 adspectu
709 1211 800 1236 cum
834 1197 1109 1247 obstipuisset
1141 1196 1345 1235 bubulcus
1378 1197 1684 1248 clamoremque
1718 1196 1916 1234 maiorem

141 1274 230 1300 cum
264 1259 541 1298 admiratione
575 1259 795 1305 edidisset,
829 1272 1079 1297 concursum
1113 1272 1204 1297 esse
1236 1258 1389 1297 factum
1425 1265 1640 1311 totamque
1671 1256 1783 1296 brevi
1816 1264 1918 1296 tem-

141 1335 243 1376 pore
275 1323 315 1361 in
349 1336 440 1361 eum
477 1322 612 1360 locum
637 1322 846 1361 Etruriam
871 1322 1140 1364 convenisse:
1174 1327 1259 1360 tum
1285 1321 1399 1360 illum
1425 1322 1543 1373 plura
1569 1322 1750 1360 locutum
1776 1321 1917 1359 multis

139 1384 421 1430 audientibus,
454 1385 524 1436 qui
558 1384 698 1423 omnia
732 1384 856 1423 verba
890 1384 980 1423 eius
1013 1384 1260 1435 exceperint
1283 1384 1516 1437 litterisque
1539 1384 1797 1429 mandarint;
1830 1397 1918 1421 om-

139 1460 231 1487 nem
265 1452 404 1486 autem
437 1447 670 1485 orationem
704 1446 832 1485 fuisse
867 1460 982 1493 eam,
1024 1460 1106 1499 qua
1145 1446 1434 1499 haruspicinae
1474 1446 1692 1498 disciplina
1732 1446 1967 1485 contine-20

138 1516 275 1555 retum
318 1522 407 1548 eam
448 1515 593 1561 postea
631 1509 812 1548 crevisse
852 1508 975 1548 rebus
1013 1509 1131 1547 novis
1174 1510 1477 1561 cognoscendis
1510 1515 1551 1548 et
1582 1508 1631 1546 ad
1667 1509 1811 1547 eadem
1846 1508 1917 1548 illa

138 1572 344 1626 principia
379 1570 622 1610 referendis.
683 1571 796 1611 Haec
828 1572 1066 1624 accepimus
1098 1570 1149 1611 ab
1181 1572 1302 1624 ipsis,
1335 1573 1435 1611 haec.
1468 1573 1619 1623 scripta
1654 1576 1917 1614 conservant,

138 1635 250 1674 hunc
282 1633 437 1672 fontem
470 1633 626 1672 habent
658 1633 920 1686 disciplinae.
972 1632 1038 1673 51.
1071 1636 1175 1673 Num
1209 1648 1308 1685 ergo
1341 1649 1448 1687 opus
1482 1640 1544 1672 est
1576 1633 1625 1672 ad
1660 1635 1761 1672 haec
1794 1634 1916 1672 resel-

138 1696 260 1736 lenda
286 1696 526 1735 Carneade?
560 1709 656 1734 num
681 1697 894 1748 Epicuro?
928 1702 1045 1736 estne
1079 1697 1301 1749 quisquam
1332 1698 1384 1736 ita
1418 1697 1652 1749 desipiens,
1679 1697 1750 1748 qui
1774 1696 1916 1735 credat

139 1764 353 1798 exaratum
396 1771 512 1802 esse,
560 1757 683 1797 deum
726 1758 859 1798 dicam
902 1773 952 1798 an
997 1759 1240 1798 homiuem?
1303 1760 1344 1799 Si
1386 1759 1533 1804 deum,
1575 1772 1648 1797 cur
1689 1773 1731 1798 se
1772 1765 1966 1797 contram

137 1828 326 1861 naturam
370 1821 410 1859 in
455 1826 605 1859 terram
647 1820 877 1867 abdiderit,
924 1826 967 1860 ut
1006 1820 1241 1873 patefactus
1283 1829 1422 1861 aratro
1470 1821 1604 1860 lucem
1650 1821 1914 1873 adspiceret?

139 1884 278 1933 Quid?
311 1882 419 1921 idem
455 1896 596 1922 nonne
628 1889 794 1935 poterat
827 1884 930 1922 deus
963 1883 1209 1922 hominibus
1243 1884 1506 1936 disciplinam
1540 1885 1756 1936 superiore
1779 1898 1800 1922 e
1824 1883 1914 1922 loco

137 1947 329 1986 tradere?
390 1944 433 1984 Si
475 1951 613 1984 autem
654 1946 778 1985 homo
819 1947 889 1985 ille
931 1947 1065 1998 Tages
1106 1945 1203 1992 fuit,
1249 1960 1428 1999 quonam
1473 1947 1597 1985 modo
1642 1947 1774 1998 potuit
1807 1952 1915 1984 terra

137 2021 363 2063 oppressus
396 2007 563 2047 vivere?
595 2006 704 2048 unde
739 2022 864 2061 porro
897 2008 966 2048 illa
1001 2009 1148 2060 potuit,
1182 2022 1289 2061 quae
1322 2009 1499 2048 docebat
1530 2009 1659 2055 alios,
1692 2010 1781 2061 ipse
1809 2009 1914 2048 didi-

136 2073 273 2112 cisse?
336 2070 415 2109 Sed
449 2083 527 2123 ego
559 2071 852 2123 insipientior,
885 2085 1010 2125 qnam
1044 2072 1104 2111 illi
1138 2073 1238 2125 ipsi,
1272 2074 1345 2126 qui
1377 2074 1454 2113 ista
1488 2072 1684 2118 credunt,
1718 2072 1787 2125 qui
1823 2071 1963 2124 qui-30

136 2133 230 2174 dem
263 2139 407 2172 contra
438 2146 508 2172 eos
540 2139 623 2172 tam
657 2133 727 2172 diu
757 2134 981 2186 disputem.

248 2196 399 2235 xxiv,
432 2198 561 2235 Vetus
594 2202 731 2235 autem
764 2197 866 2236 illud
903 2197 1072 2236 Catonis
1104 2197 1330 2237 admodum
1365 2198 1513 2237 scitum
1547 2205 1631 2245 est,
1673 2198 1743 2251 qui
1775 2196 1914 2235 mirari

135 2272 178 2298 se
199 2258 355 2304 aiebat,
379 2258 493 2312 quod
517 2271 598 2297 non
622 2258 776 2298 rideret
797 2258 1028 2311 haruspex,
1054 2260 1318 2310 haruspicem
1344 2274 1435 2299 cun]
1462 2261 1645 2300 vidisset.
1685 2258 1750 2298 ἰὴ).
1775 2259 1914 2306 Quota

136 2322 244 2362 enim
278 2334 470 2374 quaeque
502 2334 566 2359 res
599 2321 739 2360 evenit
770 2322 982 2375 praedicta
1010 2323 1060 2361 ab
1085 2323 1206 2361 istis?
1239 2328 1308 2361 aut
1332 2323 1363 2361 si
1389 2324 1528 2362 evenit
1551 2324 1786 2376 quippiam,
1811 2320 1911 2374 quid

134 2384 287 2424 adferri
319 2389 477 2437 potest,
521 2397 595 2422 cur
626 2396 711 2422 non
744 2398 841 2423 casu
877 2385 917 2423 id
951 2385 1170 2423 evenerit?
1224 2386 1308 2424 Rex
1342 2386 1529 2431 Prusias,
1562 2400 1653 2424 cum
1688 2384 1962 2424 llannibali35

134 2447 243 2500 apud
276 2460 369 2486 eum
402 2446 611 2485 exsulanti
646 2446 879 2498 depugnari
914 2447 1117 2499 placeret,
1162 2448 1340 2498 negabat
1371 2462 1414 2486 se
1447 2448 1622 2494 andere,
1667 2447 1779 2500 quod
1815 2453 1911 2486 exta

134 2509 416 2562 prohiberent.
479 2509 583 2547 «Ain
616 2511 687 2548 tu?
720 2510 867 2562 inquit,
900 2510 1148 2548 carunculae
1182 2510 1380 2549 vitulinae
1413 2511 1543 2553 mavis
1576 2523 1699 2563 quam
1733 2510 1907 2561 impera⁰

133 2572 210 2611 tori
240 2573 367 2611 veteri
399 2572 623 2610 credere?»
670 2572 809 2619 Quid?
843 2572 932 2624 ipse
957 2572 1129 2619 Caesar,
1163 2586 1299 2611 cuma
1324 2586 1486 2611 summo
1516 2573 1738 2625 haruspice
1768 2584 1909 2611 mone-

132 2639 244 2673 retur
284 2647 335 2673 ne
367 2634 409 2672 in
438 2633 622 2673 Africam
653 2642 748 2674 ante
779 2635 967 2674 brumam
998 2635 1318 2681 transmitteret,
1343 2648 1480 2673 nonne
1504 2635 1760 2673 transmisit?
1794 2632 1907 2686 quod

1932 829 1966 856 to

216 2839 247 2870 2.
272 2838 323 2869 sin
340 2839 464 2878 poterit
486 2836 524 2869 B¹
564 2856 598 2860 —
642 2839 672 2869 3.
699 2839 955 2870 admirationem
982 2838 1109 2868 Bakius
1149 2855 1182 2859 —
1224 2838 1254 2868 (3.
1282 2838 1450 2867 miramur
1473 2839 1512 2869 ΑΙ
1550 2854 1586 2859 —-
1628 2838 1657 2868 7.
1685 2838 1772 2877 ante]
1798 2841 1909 2868 aulem

133 2887 253 2920 Salisb.
283 2906 317 2912 -
357 2889 408 2920 42.
434 2888 553 2919 habeat
576 2888 733 2927 Erlang.:
761 2889 857 2919 habet
882 2890 906 2920 C
945 2906 978 2910 —
1022 2892 1096 2927 [aye
1122 2887 1158 2918 Α1
1195 2904 1230 2909 -
1270 2888 1321 2919 43.
1348 2888 1453 2918 alcius
1478 2890 1502 2917 A
1538 2905 1572 2910 —
1617 2889 1668 2919 46.
1695 2888 1909 2927 obstupuisset

132 2937 240 2969 Bwo
267 2954 301 2959 —
339 2939 388 2969 47.
416 2938 568 2968 ededissec
591 2940 617 2969 A
659 2956 690 2960 —
738 2939 788 2969 ⁴9*
815 2939 916 2969 verba
940 2939 1008 2969 eius
1033 2940 1080 2968 C:
1119 2938 1187 2967 eius
1209 2937 1308 2966 verba
1335 2939 1359 2966 (a)
1398 2954 1431 2958 —-
1470 2938 1705 2968 mandauerint
1731 2939 1755 2969 t)
1785 2954 1818 2959 —
1853 2938 1906 2969 QO,

131 2987 320 3027 disciplinae
336 2986 377 3017 V¹
398 3005 431 3010 —
459 2988 512 3018 22.
531 2988 697 3026 accepi13¹
717 3005 750 3009 ——
778 2990 858 3027 ipsis
875 2989 930 3027 qui
947 2990 1026 3019 haec
1042 2990 1081 3025 A,
1101 2987 1163 3017 sed
1183 2987 1238 3025 qui
1263 2995 1340 3026 sup.
1362 2986 1417 3017 lin.
1439 2996 1483 3017 m.
1506 2996 1577 3018 sec.
1601 3005 1634 3009 —
1664 2987 1717 3019 ⁶24.
1736 2988 1826 3028 mam]
1844 2998 1910 3019 non

132 3037 159 3067 Α
190 3054 224 3059 —
262 3037 315 3068 25.
342 3037 450 3068 dicam
473 3046 517 3068 an
541 3038 703 3068 hominem
727 3039 752 3068 si
777 3039 872 3068 deum
902 3040 933 3069 in
965 3047 1074 3077 marg.
1104 3038 1211 3068 babet
1244 3038 1266 3068 B
1307 3055 1339 3059 ——
1377 3038 1404 3067 si
1429 3038 1508 3067 detis
1538 3047 1579 3068 ex
1612 3038 1688 3069 cod.
1726 3038 1908 3070 Baliolensi

132 3085 291 3118 Davisius
316 3104 358 3108 ——
381 3088 435 3118 ⁶26.
462 3087 637 3118 abdiderat
663 3088 872 3124 Lambinus,
907 3088 1034 3118 abdidit
1058 3088 1208 3118 klotzius
1237 3105 1270 3108 —
1305 3088 1464 3124 aspiceret
1489 3088 1545 3118 AV
1576 3106 1607 3109 -
1637 3089 1690 3120 ²29.
1717 3098 1788 3127 opr.
1815 3091 1839 3119 A
1870 3106 1902 3112 —

133 3133 185 3165 3⁴.
211 3136 267 3166 diu
290 3136 323 3167 in
348 3145 416 3168 ras.
442 3136 551 3167 habet
576 3139 601 3168 Α
636 3155 670 3160 -—
710 3137 762 3168 34.
791 3138 962 3177 quippiam
986 3138 1061 3169 AV:
1097 3138 1267 3176 quidpiam
1292 3137 1314 3167 B
1326 3137 1349 3165 (⁷)
1389 3155 1423 3159 -
1461 3138 1512 3169 35
1539 3138 1693 3169 Annibali
1718 3140 1742 3167 Ο
1777 3156 1809 3160 -
1851 3138 1905 3170 36.

134 3189 214 3223 aput
238 3187 262 3216 A
291 3204 324 3208 —
361 3187 413 3217 37.
440 3188 496 3218 ain
520 3190 555 3217 tu
579 3188 621 3218 B:
660 3196 704 3218 an
728 3191 764 3218 lu
787 3188 897 3224 Avo,
922 3189 979 3219 vin
1003 3192 1038 3218 tu
1062 3187 1206 3222 Salisb.;
1245 3186 1287 3217 cf.
1316 3187 1361 3219 11.
1391 3186 1489 3226 §446
1517 3205 1550 3210 —
1587 3189 1703 3228 inquid
1727 3190 1753 3219 Α
1782 3205 1815 3209 -—-
1852 3188 1904 3220 38.

134 3241 155 3263 a
176 3233 347 3272 Spurinna
369 3236 544 3275 haruspice
574 3238 753 3277 ingeniose
785 3238 944 3270 Davisius
976 3238 1125 3269 coniecit
1163 3254 1197 3259 -
1241 3236 1293 3268 39.
1328 3238 1525 3270 tramitteret
1549 3237 1671 3276 A13v¹,
1706 3238 1768 3269 sed
1800 3238 1904 3269 iidem

134 3282 260 3318 deinde
283 3287 465 3318 transmisit
491 3303 526 3311 -
557 3296 623 3319 non
649 3289 698 3320 Αἱ,
