2249 3624
263 143 309 186 7⁴
320 145 345 186 Ξ.)
983 140 1053 180 DE
1086 139 1310 180 OFFICHS

267 250 540 298 sententiam,
581 262 673 289 cum
704 248 857 287 virtute
888 258 1117 299 congruere
1150 258 1337 298 semper,
1381 250 1517 285 cetera
1549 249 1710 291 autem,
1754 258 1862 299 quae
1893 259 2037 287 secun-

269 315 369 355 dum
400 319 589 354 naturam
621 315 786 358 essent,
830 310 886 349 ita
917 309 1079 361 legere,
1121 309 1155 348 si
1187 322 1234 348 ea
1267 308 1411 348 virtuti
1442 321 1526 347 non
1558 313 1853 361 repugnarent.
1915 307 2039 356 Quod

269 391 365 418 cum
396 377 453 417 ita
484 375 555 422 sit,
597 378 744 427 putant
775 371 946 426 quidam
976 372 1084 411 hanc
1116 371 1470 423 comparationem
1503 383 1589 409 non
1620 375 1732 410 recte
1762 369 2040 410 introductam

267 453 346 480 nec
378 439 547 479 omnino
580 436 629 476 de
665 450 713 475 eo
749 449 902 489 genere
935 435 1159 488 quicquam
1192 432 1537 486 praecipiendum
1570 430 1713 473 fuisse.
1767 434 1903 487 Atque
1934 432 2039 472 illud

236 501 439 556 5quidem
484 501 738 547 honestum,
784 498 897 551 quod
942 496 1111 551 proprie
1157 509 1339 549 vereque
1385 493 1562 542 dicitur,
1608 494 1651 534 id
1697 495 1740 535 in
1785 496 2039 549 sapientibus

269 569 332 604 est
362 563 463 603 solis
494 574 631 615 neque
663 574 686 601 a
717 561 868 600 virtute
901 559 1043 600 divelli
1074 571 1273 612 umquam
1307 562 1464 610 potest.
1527 557 1574 596 In
1604 557 1655 596 iis
1688 563 1841 605 autem,
1873 558 1916 598 in
1948 558 2041 611 qui-

267 627 345 666 bus
376 624 582 678 sapientia
611 623 796 678 perfecta
826 636 908 663 non
940 627 1022 670 est,
1054 622 1191 675 ipsum
1223 620 1328 661 illud
1361 619 1531 674 quidem
1563 619 1796 672 perfectum
1816 620 2041 661 honestum

268 688 384 729 nullo
416 687 561 734 modo,
595 685 891 726 similitudines
923 685 1092 726 honesti
1123 697 1217 724 esse
1248 688 1437 736 possunt.
1499 679 1568 722 44.
1604 682 1717 723 Haec
1750 683 1861 723 enim
1891 681 2042 731 officia,

270 751 321 791 de
352 751 505 804 quibus
535 749 600 789 his
631 749 748 789 libris
780 748 1068 801 disputamus,
1108 746 1245 786 media
1279 745 1405 786 Stoici
1445 745 1683 798 appellant:
1728 758 1775 785 ea
1806 745 2043 785 communia

220 825 255 854 »io
269 819 365 854 sunt
396 819 436 853 et
465 813 545 852 late
578 816 742 865 patent,
788 824 895 864 quae
929 816 969 851 et
998 810 1154 863 ingenii
1185 809 1371 848 bonitate
1414 807 1534 847 multi
1578 814 1824 848 assecuntur
1865 813 1906 848 et
1947 821 2043 861 pro-

270 876 484 929 gressione
515 874 717 914 discendi.
779 873 885 913 Illud
917 879 1054 913 autem
1086 869 1292 918 officium,
1334 870 1448 924 quod
1480 874 1639 909 rectum
1673 870 1784 910 idem
1817 870 2043 924 appellant,

268 938 502 993 perfectum
534 942 660 990 atque
692 935 932 975 absolutum
965 940 1028 975 est
1060 941 1121 982 et,
1146 940 1190 974 ut
1212 933 1323 972 idem
1346 932 1504 978 dicunt,
1529 944 1674 971 omnes
1697 945 1896 972 numeros
1918 932 2045 973 habet

269 1014 346 1041 nec
384 1006 549 1053 praeter
589 999 822 1052 sapientem
864 998 1012 1038 cadere
1052 997 1093 1036 in
1135 1009 1389 1049 quemquam
1431 999 1582 1047 potest.
1657 992 1722 1033 45.
1767 994 1869 1034 Cum
1901 1000 2043 1035 autem

269 1061 427 1116 aliquid
459 1068 597 1102 actum
630 1067 704 1108 est,
736 1061 779 1101 in
814 1075 896 1114 quo
928 1060 1065 1101 media
1097 1058 1237 1099 officia
1269 1063 1560 1110 compareant,
1582 1057 1624 1096 id
1649 1057 1858 1097 cumulate
1881 1058 2046 1097 videtur

220 1137 256 1166 ⁴5
271 1138 361 1166 esse
394 1125 623 1177 perfectum
655 1129 899 1178 propterea,
933 1122 1046 1177 quod
1078 1123 1249 1175 volgus,
1282 1121 1382 1174 quid
1415 1120 1524 1160 absit
1555 1133 1577 1159 a
1610 1119 1809 1174 perfecto,
1841 1132 1925 1159 non
1957 1119 2043 1159 sere

270 1187 504 1241 intellegit3
551 1194 756 1241 quatenus
797 1193 935 1227 autem
968 1186 1196 1239 intellegit,
1239 1183 1344 1224 nihil
1375 1188 1493 1236 putat
1525 1182 1889 1235 praetermissum:
1931 1181 2044 1235 quod

270 1250 370 1290 item
402 1250 444 1289 in
476 1250 701 1303 poematis,
734 1250 776 1289 in
807 1249 979 1303 picturis
1011 1263 1090 1289 usu
1124 1248 1237 1288 venit
1267 1248 1310 1286 in
1342 1246 1524 1299 aliisque
1559 1245 1868 1299 compluribus,
1898 1250 1943 1284 ut
1974 1244 2045 1284 de-

270 1313 476 1353 lectentur
514 1313 695 1366 imperiti
738 1312 995 1365 laudentque
1038 1325 1112 1360 ea,
1162 1324 1270 1364 quae
1312 1307 1523 1348 laudanda
1569 1320 1654 1346 non
1696 1308 1798 1353 sint,
1847 1307 1899 1346 ob
1940 1319 2046 1355 eam,

272 1376 412 1423 credo,
444 1389 621 1423 causam,
655 1375 768 1429 qnod
802 1375 901 1414 insit
933 1375 975 1413 in
1007 1374 1057 1413 iis
1089 1372 1248 1426 aliquid
1282 1370 1414 1425 probi,
1450 1369 1564 1423 quod
1596 1370 1732 1423 capiat
1762 1370 1942 1422 ignaros,
1974 1369 2046 1423 qui

220 1438 465 1492 sequidem,
511 1438 612 1491 quid
654 1438 697 1477 in
739 1450 820 1477 una
861 1449 1026 1490 quaque
1067 1449 1109 1474 re
1142 1435 1229 1475 vitii
1273 1434 1348 1480 sit,
1392 1437 1606 1486 nequeant
1636 1432 1840 1472 iudicare.
1903 1433 2046 1485 ltaque

272 1513 364 1539 eum
404 1505 500 1539 sunt
539 1499 650 1539 docti
693 1512 715 1538 a
758 1500 924 1551 peritis,
967 1498 1173 1537 desistunt
1213 1497 1338 1536 facile
1380 1495 1602 1535 sententia.
1672 1495 1739 1534 lV.
1778 1495 1892 1534 Haec
1922 1494 2049 1546 igitur

273 1562 424 1610 officia,
457 1562 507 1602 de
540 1562 692 1616 quibus
725 1563 787 1601 his
821 1562 938 1601 libris
971 1561 1227 1607 disserimus,
1262 1559 1384 1613 quasi
1416 1557 1601 1598 secunda
1633 1557 1840 1611 quaedam
1873 1557 2047 1597 honesta

274 1639 365 1665 esse
406 1625 571 1672 dicunt,
613 1638 698 1664 non
737 1625 986 1677 sapientium
1028 1622 1150 1661 modo
1191 1622 1380 1676 propria,
1422 1620 1494 1660 sed
1537 1634 1629 1659 cum
1671 1621 1784 1659 omni
1827 1620 2044 1661 hominum

273 1702 426 1742 genere
457 1687 707 1728 communia.
771 1684 836 1726 slss.
872 1688 1021 1738 ltaque
1052 1685 1102 1724 iis
1134 1699 1292 1730 omnes,
1326 1684 1368 1722 in
1390 1683 1542 1736 quibus
1576 1688 1638 1722 est
1670 1683 1834 1722 virtutis
1866 1683 2045 1731 indoles,

223 1765 259 1793 ‘25
274 1757 600 1790 commoventur.
634 1751 718 1789 Nec
742 1763 841 1789 vero
866 1763 957 1788 cum
982 1748 1065 1786 duo
1089 1748 1203 1786 Decii
1227 1753 1297 1787 aut
1321 1746 1404 1785 duo
1430 1746 1649 1797 Scipiones
1672 1745 1800 1784 fortes
1822 1745 1899 1785 viri
1935 1759 2048 1785 com—

274 1819 553 1852 memorantur
585 1818 655 1852 aut
686 1825 779 1851 curn
811 1811 1024 1851 Fabricius
1059 1808 1143 1864 [aut
1174 1805 1394 1860 Aristides]
1430 1808 1561 1847 iustus
1595 1808 1860 1855 nominatur,
1893 1814 1965 1848 aut
1995 1809 2045 1848 ab

272 1875 355 1914 illis
388 1875 642 1915 fortitudinis
684 1880 755 1914 aut
786 1875 836 1913 ab
868 1874 948 1913 hoc
980 1873 1165 1912 iustitiae
1198 1879 1411 1925 tamquam
1444 1884 1466 1910 a
1497 1871 1686 1923 sapiente
1721 1871 1875 1922 petitur
1906 1884 2049 1911 exem-

272 1935 409 1990 plum:
444 1951 564 1976 nemo
595 1937 704 1976 enim
727 1937 876 1976 horum
902 1937 959 1975 sic
983 1935 1170 1988 sapiens,
1198 1941 1239 1974 ut
1263 1935 1493 1987 sapientem
1518 1934 1713 1972 volumus
1736 1933 1948 1986 intellegi,
1970 1947 2048 1973 nec

273 1999 324 2046 ii,
358 1999 429 2053 qui
462 2000 672 2052 sapientes
703 2006 793 2038 sunt
825 1999 955 2038 habiti
985 2004 1024 2037 et
1046 1999 1273 2044 nominati,
1298 1999 1350 2036 M.
1376 1997 1477 2036 Cato
1501 2003 1541 2036 et
1567 1996 1608 2035 C.
1633 1996 1812 2042 Laelius,
1836 1996 2047 2049 sapientes

224 2062 461 2110 30fuerunt‚
502 2076 553 2102 ne
584 2062 644 2101 illi
679 2062 850 2115 quidem
882 2067 1065 2114 septem,
1097 2062 1167 2100 sed
1204 2074 1253 2100 ex
1288 2061 1509 2100 meliorum
1543 2058 1777 2099 officiorum
1809 2059 2049 2113 frequentia

275 2126 589 2166 similitudinem
623 2125 833 2178 quandam
866 2125 1065 2177 gerebant
1097 2124 1366 2176 speciemque
1399 2123 1666 2175 sapientium.
1733 2119 1799 2161 117.
1841 2122 2048 2170 Quocirca

275 2201 353 2227 nec
384 2187 440 2234 id,
472 2187 585 2240 quod
619 2201 714 2227 vere
746 2187 967 2227 honestum
1000 2193 1075 2234 est,
1108 2186 1168 2226 fas
1202 2192 1263 2226 est
1295 2199 1386 2226 cum
1421 2186 1613 2225 utilitatis
1637 2185 1916 2238 repugnantia
1937 2197 2051 2224 com-

367 2381 394 2410 i.
421 2380 626 2418 sententiam,
653 2382 812 2410 naturam
838 2388 909 2410 cum
937 2388 972 2415 ο,
1002 2378 1273 2419 prob.B‹‘1rdilio
1300 2380 1331 2409 in
1358 2378 1480 2409 Hauffii
1507 2377 1692 2418 Philologia
1719 2378 1762 2408 ΙΙΙ
1788 2386 1820 2418 p.
1840 2378 1880 2410 50
1905 2386 1984 2418 sqq.
2012 2395 2048 2401 —

275 2434 384 2462 cetera
408 2434 518 2461 autem
534 2447 582 2453 --
598 2433 758 2459 naturam
783 2437 859 2466 esse,
887 2430 955 2459 ima
979 2429 1084 2468 legyere
1100 2446 1148 2452 --
1166 2439 1229 2459 non
1254 2437 1442 2468 repugnare
1466 2429 1598 2459 Nonius
1624 2437 1655 2468 p.
1673 2428 1747 2458 332.
1785 2445 1819 2449 —
1853 2427 1884 2458 ⁶2.
1912 2427 2050 2459 essentia

276 2481 382 2520 leyere
405 2489 422 2511 c
447 2498 490 2503 --
514 2479 544 2511 4.
571 2488 628 2510 nec
653 2480 786 2510 omnino
811 2480 985 2518 quiequam
1012 2479 1049 2508 tie
1073 2487 1108 2509 eo
1132 2488 1248 2518 qenere
1271 2479 1542 2518 praecipiendum
1565 2478 1677 2517 fuisset
1700 2478 1831 2509 Nonius
1856 2486 1889 2518 p.
1905 2478 1980 2509 372.
2010 2495 2045 2499 —

278 2531 308 2561 6.
335 2531 375 2561 iis
399 2531 470 2562 Bb:
498 2531 525 2560 is
549 2538 639 2560 corr.
662 2530 694 2560 in
719 2529 766 2559 his
794 2530 831 2565 H,
859 2529 906 2559 his
930 2537 961 2564 a,
988 2529 1049 2566 hijs
1075 2536 1091 2558 c
1120 2546 1154 2550 —
1182 2529 1212 2559 8.
1242 2529 1351 2567 officia
1377 2529 1420 2559 C:
1448 2530 1559 2559 omnia
1584 2528 1694 2568 officia
1719 2536 1737 2558 o
1764 2545 1799 2550 —
1828 2528 1858 2560 9.
1885 2529 1945 2569 his]
1965 2530 1993 2559 is
2015 2529 2048 2565 b.

277 2580 338 2619 hiJ's
363 2589 380 2611 c
407 2597 440 2601 —
470 2580 521 2611 40.
549 2583 742 2610 assectantur
766 2579 811 2610 H:
840 2582 1060 2616 assequuntur
1085 2579 1204 2609 ceteri.
1237 2596 1266 2600 —-
1298 2580 1349 2608 stt.
1379 2579 1473 2608 iidem
1490 2595 1538 2600 --
1555 2579 1654 2609 iidem
1679 2586 1696 2609 ο
1724 2595 1758 2600 -
1794 2578 1846 2609 ΑΞ.
1869 2580 2052 2618 perfectura

278 2647 323 2652 -—
345 2638 496 2660 nwneros
518 2629 612 2660 habet
635 2630 765 2660 Nonius
791 2637 823 2669 p.
844 2628 916 2659 353.
948 2644 980 2649 —
1011 2631 1051 2665 et,
1072 2632 1104 2657 ut
1122 2629 1204 2658 idem
1221 2628 1344 2665 diewzt,
1363 2627 1401 2657 ob
1418 2636 1569 2658 numeros
1585 2627 1679 2658 habet
1694 2636 1752 2658 nec
1768 2632 1932 2667 --potest
1958 2628 2049 2660 idem

279 2687 312 2719 p.
328 2679 403 2709 ς266.
435 2697 466 2701 -
497 2680 546 2710 43,
567 2680 600 2709 in
618 2687 815 2719 quemqnam
839 2679 955 2708 cadere
980 2686 997 2708 c
1025 2695 1059 2699 —
1092 2677 1139 2708 14.
1160 2682 1373 2716 compareant
1398 2679 1650 2709 Anemoecius:
1677 2682 1872 2717 comparant.
1896 2679 1919 2710 B
1935 2679 1960 2710 H
1976 2679 2048 2715 ab;

280 2732 466 2767 appareant
490 2737 524 2759 c:
552 2732 741 2768 comparent
765 2737 785 2768 p
812 2745 846 2749 —
878 2728 926 2758 16.
948 2728 1104 2766 quatinus
1128 2728 1150 2758 B
1167 2736 1184 2758 c
1211 2744 1243 2748 —
1273 2729 1359 2766 qaod
1385 2728 1466 2758 istem
1492 2728 1522 2757 in
1546 2728 1719 2766 poematis,
1737 2728 1771 2758 in
1793 2728 1934 2767 picturis
1957 2736 2052 2759 usum

279 2778 367 2808 venit
391 2778 519 2809 Nonius
545 2788 576 2819 p.
594 2778 668 2810 488.
698 2796 731 2800 —
762 2779 812 2809 47.
838 2778 915 2809 item
940 2786 975 2809 c:
1004 2781 1116 2808 autem
1142 2778 1162 2807 B
1182 2778 1204 2808 ll
1222 2778 1292 2811 ab;
1321 2778 1403 2807 istem
1429 2778 1571 2808 Nonius.
1605 2776 1690 2808 Vide
1717 2777 1759 2808 ad
1787 2786 1819 2818 p.
1836 2777 1911 2815 644,
1930 2778 1983 2809 25.
2012 2795 2048 2801 -

277 2828 483 2866 poematibus
506 2831 535 2859 et
555 2829 694 2867 picturis
716 2836 778 2858 usu
802 2829 907 2858 euenit
932 2836 948 2858 c
977 2845 1002 2848 -
1043 2827 1091 2857 19.
1120 2828 1204 2865 quod
1230 2828 1302 2857 insit
1328 2828 1455 2867 aliquid
1477 2827 1584 2866 probi,
1605 2827 1691 2866 quod
1714 2836 1739 2858 c.
1761 2828 1896 2867 iynaros
1919 2827 2050 2859 Nonius

283 2885 315 2916 p.
333 2877 406 2907 253.
435 2894 468 2898 —
508 2878 540 2908 in
564 2879 612 2908 his
638 2879 659 2908 Β
676 2878 699 2909 Η
716 2879 780 2913 ab.
806 2879 840 2908 in
864 2878 924 2916 hijs
949 2886 965 2908 c
994 2894 1026 2898 —
1056 2877 1112 2917 qui
1138 2878 1267 2916 quidem
1293 2878 1395 2908 codd.
1423 2877 1540 2908 multi:
1569 2878 1625 2916 qui
1649 2878 1733 2908 idem
1757 2878 1780 2908 B
1797 2878 1894 2915 abc,
1922 2878 2052 2917 quidem

284 2935 373 2957 corr.
395 2926 470 2957 ead.
492 2936 536 2958 m.
565 2928 595 2958 in
622 2929 677 2966 qui
702 2928 783 2958 idem
811 2928 850 2964 ΙΙ,
878 2929 932 2967 qui
960 2928 1053 2958 iidem
1080 2935 1117 2958 o:
1145 2928 1200 2966 qui
1220 2926 1345 2964 (deleto
1364 2928 1457 2965 idem)
1479 2927 1626 2967 Madvig.
1656 2943 1689 2949 -
1718 2927 1771 2958 ΞΟ.
1791 2936 1861 2958 una
1884 2935 1953 2958 om.
1974 2935 1991 2957 c
2010 2944 2046 2949 -

282 2977 394 3015 itaque
417 2985 491 3006 cum
514 2978 576 3007 sint
600 2978 685 3008 docti
701 2994 748 3000 —-
765 2979 921 3008 sententia
946 2977 1077 3009 Nonius
1103 2986 1135 3017 p.
1157 2977 1229 3008 428.
1272 2995 1306 2999 —
1345 2978 1396 3008 ¹⁴21.
1423 2978 1489 3008 sint
1512 2978 1534 3008 B
1551 2978 1575 3008 H
1591 2978 1643 3009 ab
1669 2978 1701 3008 et
1728 2978 1876 3014 Nonius;
1902 2978 1943 3008 sic
1967 2985 1984 3008 c
2012 2993 2047 2998 ——

285 3026 337 3057 Ἦ..
364 3026 398 3055 in
422 3026 482 3064 hijs
506 3034 523 3056 c
560 3044 593 3048 —
633 3028 816 3058 dixerimus
839 3029 858 3059 b
900 3045 932 3049 -
971 3027 1023 3057 ¹23.
1049 3028 1233 3066 sapientum
1259 3035 1275 3057 c
1314 3045 1346 3050 —
1387 3028 1480 3058 modo
1506 3026 1573 3058 del.
1594 3028 1833 3058 [leumannus.
1864 3043 1898 3048 —-
1934 3035 2051 3066 yenere

284 3076 451 3106 hominum
475 3084 492 3106 c
522 3094 546 3097 -
582 3075 632 3108 24.
654 3077 693 3107 iis
718 3078 788 3109 Bb:
815 3078 863 3108 his
889 3078 964 3109 lla:
991 3078 1036 3116 hij
1060 3085 1077 3107 e
1106 3092 1139 3098 -
1176 3077 1227 3107 2:¹5.
1255 3080 1313 3107 aut
1337 3085 1410 3107 cum
1435 3078 1498 3108 duo
1523 3086 1539 3107 c
1566 3093 1601 3098 -
1628 3076 1681 3107 26.
1708 3079 1766 3107 aut
1788 3085 1862 3107 cum
1879 3076 2050 3107 Fabricius

285 3129 343 3156 aut
366 3126 521 3156 Aristides
541 3143 557 3147 -
579 3143 595 3147 -
618 3128 817 3166 speciemque
847 3128 1042 3167 sapientium
1074 3127 1270 3157 Lactantius
1303 3128 1381 3158 lnst.
1409 3127 1477 3158 div.
1506 3127 1564 3163 vi,
1591 3126 1622 3158 6.
1663 3144 1697 3148 —
1739 3129 1798 3156 auc
1820 3126 1973 3156 aristides
2003 3126 2045 3157 C:

286 3175 477 3205 aristidesue
500 3183 543 3213 p:
580 3177 696 3215 spuria
723 3177 810 3208 haee
836 3186 914 3208 esse
940 3177 1024 3207 vidit
1050 3178 1094 3207 10.
1116 3176 1216 3207 Mich.
1239 3177 1443 3215 Heusinger.
1473 3193 1509 3198 —
1546 3177 1624 3207 iusti
1647 3176 1862 3206 nominantur
1885 3183 1902 3206 c
1926 3191 1968 3197 —
1991 3174 2044 3205 27.

287 3225 345 3255 hoc
372 3225 582 3255 Lactantius:
621 3225 668 3255 his
693 3227 750 3257 (Σο
790 3243 822 3248 -
862 3236 882 3257 α
906 3226 1106 3266 sapientibus
1130 3234 1147 3256 e
1187 3242 1221 3247 —
1259 3226 1312 3256 ⁶2¹).
1340 3227 1363 3257 ii
1390 3227 1457 3257 Bb:
1484 3226 1530 3265 hij
1554 3234 1590 3264 c,
1616 3226 1647 3256 hi
1673 3226 1766 3257 Hao
1803 3242 1838 3247 —
1876 3227 1950 3255 sunt
1973 3231 2044 3254 om.

289 3274 380 3314 Cpo
409 3291 441 3296 —
472 3274 523 3305 30.
542 3275 661 3306 necilli
685 3275 708 3305 B
737 3293 769 3297 —
797 3277 851 3308 sed
873 3285 942 3308 om.
963 3284 980 3308 c
1007 3294 1041 3298 —
1070 3276 1122 3308 32.
1142 3284 1198 3307 nec
1223 3283 1256 3307 c:
1284 3284 1323 3307 ne
1347 3276 1472 3309 Bliab
1499 3293 1534 3298 —
1561 3276 1713 3309 utilitatis
1736 3283 1773 3307 c:
1800 3275 1889 3307 utilis
1912 3273 2043 3306 Bflab.
