2249 3624
160 212 268 257 ⁴062
895 216 1176 258 CICERONIS

260 321 320 360 32.
375 333 543 368 quaesere
567 318 717 358 lectum
750 319 859 371 apud
895 319 1132 359 Sallustium
1160 325 1200 358 et
1222 318 1332 371 apud
1364 319 1551 360 Tullium.
1582 321 1629 370 (P
1643 320 1799 362 hocae
1824 323 1914 364 Ars.

159 396 200 435 p.
233 384 341 423 1718.
371 385 412 424 P.
445 383 541 423 Scil.
572 396 740 431 quaesere
769 388 831 422 est
857 395 966 422 nunc
992 384 1032 422 in
1060 384 1268 423 Arateis
1295 395 1334 421 v.
1367 384 1427 423 18.
1471 384 1579 423 Haec
1606 385 1679 423 No.
1714 385 1759 424 14
1779 407 1824 413 —
1852 386 1918 434 32)

158 458 267 485 nunc
293 447 471 498 primum
503 445 741 496 accedunt.)

257 511 318 549 33.
371 508 493 548 Voltu
519 515 727 560 tamquam
758 507 877 548 vade.
909 507 1124 557 (Probus
1151 507 1326 547 Putschii
1355 506 1432 547 col.
1463 509 1595 558 1475.)
1624 507 1686 548 Ad
1706 509 1918 549 Sestianae

159 585 193 611 c.
227 572 307 622 8,§
339 572 395 610 19.
424 571 576 611 rettulit
598 571 778 623 Madvig.

257 636 316 674 34.
370 635 472 674 Effe
484 647 537 674 ru
550 641 597 674 nt
617 635 685 686 qui
707 639 943 686 exportant,
972 646 1048 685 per
1067 633 1147 673 duo
1166 638 1193 680 s.
1212 634 1241 672 E
1258 633 1437 672 ferunt
1462 638 1613 683 autem,
1631 634 1699 685 qui
1715 633 1919 674 laudando

158 697 380 748 extollunt,
419 710 495 749 per
535 710 661 736 unum
703 701 730 744 f.
773 698 988 736 Cicero:
1029 696 1227 735 «Nimium
1261 697 1435 735 sortasse
1481 695 1584 734 haec
1625 695 1680 734 illi
1721 696 1916 735 eferunt.»

158 759 411 809 (Isidorus
447 761 487 799 in
529 761 853 799 Difl'erentiarum
889 759 992 798 libro
1034 761 1079 799 N.
1125 761 1209 799 191.
1248 771 1289 810 p.
1323 759 1410 798 752.
1436 757 1512 797 Ed.
1543 758 1597 798 du
1627 757 1761 797 Breul.
1792 759 1919 798 Natus

158 835 272 862 error
297 835 318 862 e
347 824 548 875 scriptura
573 828 742 871 ecferunt.
800 824 896 872 On.)

256 887 317 925 35.
372 885 576 925 Tullius
607 886 877 937 «glandiferas
893 887 1203 937 possessiones»
1225 885 1336 924 dixit.
1369 885 1686 934 (Marcianus
1708 884 1918 936 Capella

156 949 318 988 Rhetor.
345 962 384 1000 p.
419 949 504 988 425.
537 949 665 1000 Capp.
698 947 867 987 Videtur
896 948 1036 986 referri
1063 949 1115 987 ad
1140 947 1312 999 Philipp.
1337 949 1386 985 ΙΙ.
1417 960 1451 985 c.
1487 949 1547 995 39,
1579 947 1600 997 ξ
1633 948 1724 997 101,
1755 946 1823 986 ubi
1853 947 1917 986 alii

157 1015 340 1050 arationes
376 1015 632 1060 qrandiferae,
663 1011 729 1051 alii
761 1014 1010 1060 glandiferae,
1040 1010 1128 1056 alii,
1159 1016 1203 1049 ut
1229 1022 1304 1061 ego
1335 1008 1458 1056 edidi,
1490 1012 1625 1058 yrandi
1651 1013 1786 1056 fenore.
1819 1010 1916 1058 On.)

618 1138 786 1181 TITULI
818 1138 1035 1181 OPERUM
1067 1137 1258 1180 DUBIAE
1293 1136 1450 1179 FIDEI.

786 1240 812 1271 1.
860 1240 916 1271 DE
941 1239 1284 1272 ORTHOGRAPHIA.

253 1324 315 1371 (In
350 1327 490 1360 vetere
532 1319 668 1359 Indice
704 1319 917 1358 Librorum
957 1319 1166 1358 Ciceronis
1203 1317 1255 1357 ad
1294 1316 1450 1357 calcem
1494 1317 1608 1368 Reip.
1651 1328 1715 1367 ap.
1758 1316 1845 1354 Mai.
1876 1317 1916 1354 in

155 1384 337 1436 Catalog.
367 1382 497 1424 Codd.
527 1383 715 1422 Ambros.
747 1382 807 1421 CI.
839 1382 887 1420 cs.
917 1380 1066 1420 Adnot.
1092 1393 1225 1420 meam
1255 1379 1307 1420 ad
1326 1381 1483 1430 Fragm.
1515 1377 1565 1417 de
1595 1378 1913 1429 Chorographia.

155 1449 299 1488 Nonne.

307 1448 316 1498 )
811 1516 850 1548 11.
899 1515 954 1547 DE
979 1514 1031 1546 RE
1063 1514 1263 1546 MIL1TAR1.

255 1600 338 1650 (Mai
377 1598 403 1637 l.
438 1597 486 1645 l.)
538 1596 660 1636 Liber
696 1595 774 1634 iste
810 1593 1055 1633 subditicius
1090 1597 1132 1631 de
1168 1595 1216 1630 Re
1242 1594 1400 1630 militari
1426 1603 1551 1642 saepe
1580 1603 1672 1629 cum
1700 1589 1909 1630 Ciceronis

155 1662 317 1713 scriptis
349 1660 497 1709 editus,
528 1673 566 1697 v,
601 1671 635 1697 c.
665 1659 785 1697 etiam
813 1658 852 1695 in
878 1655 982 1695 Edd.
1003 1656 1160 1695 Iuntina
1191 1661 1231 1694 et
1259 1653 1555 1703 Cratandrina,
1595 1652 1646 1692 ab
1679 1652 1766 1692 aliis
1796 1665 1911 1691 com-

154 1724 342 1762 menticio
374 1721 554 1761 Modesto
595 1720 797 1759 tribuitur.
855 1719 1113 1770 Compositus
1155 1724 1290 1756 autem
1319 1722 1382 1756 est
1410 1729 1430 1756 a
1461 1715 1679 1766 Pomponio
1707 1716 1845 1754 Laeto.
1873 1727 1910 1752 v.

153 1786 280 1826 Ebert
318 1788 486 1834 biblioqr.
529 1786 687 1821 Lexicon
726 1783 772 1821 N.
811 1782 929 1821 14166
966 1787 1006 1819 et
1043 1781 1178 1820 14167.
1217 1785 1257 1819 et
1288 1780 1329 1818 in
1358 1779 1497 1831 primis
1525 1780 1678 1816 Amadeoe·
1707 1777 1914 1816 PEYRON

157 1851 333 1888 Notitiam
373 1851 550 1885 librorum
591 1853 654 1884 cet.
671 1875 680 1888 ,
724 1848 786 1892 qui
817 1848 971 1882 donante
998 1843 1071 1882 Th.
1101 1841 1501 1894 Valperga-Calusio
1528 1843 1627 1878 illati
1651 1847 1733 1877 sunt
1760 1843 1799 1877 in
1825 1841 1911 1887 Rey.

160 1914 312 1951 Tauria.
343 1912 517 1949 Athenaei
544 1911 808 1948 bibliothecam.
863 1907 1023 1958 Lipsiae
1054 1906 1162 1945 1820.
1192 1917 1233 1957 p.
1266 1905 1314 1944 85
1351 1915 1469 1956 seqq.

850 1997 906 2028 Ill.
954 1997 1022 2036 [DE
1047 1996 1220 2035 TROPIS.]

259 2083 294 2122 1.
345 2078 579 2131 Metaphora
616 2083 679 2117 est
709 2076 934 2116 translatio,
990 2075 1118 2115 Latini
1159 2075 1236 2114 ista
1274 2074 1391 2126 quasi
1422 2073 1599 2112 barbara
1634 2072 1693 2111 sic
1728 2069 1911 2111 audiunt.

155 2145 293 2195 Legite
322 2143 561 2183 Ciceronem
590 2146 630 2180 et
656 2139 808 2188 videte,
838 2137 1184 2190 quemadmodum
1213 2141 1380 2184 tractat;
1411 2135 1580 2186 deipsis
1600 2135 1643 2180 (f.
1666 2135 1765 2184 istis)
1786 2133 1913 2173 rebus

158 2206 260 2246 duos
291 2205 418 2244 libros
453 2205 633 2254 integros
669 2202 843 2253 scripsit.
886 2200 988 2240 Nihil
1014 2199 1192 2250 loquitur
1225 2199 1266 2237 in
1291 2199 1391 2249 ipsis
1422 2197 1542 2246 (istis)
1570 2196 1699 2245 libris,
1729 2196 1804 2234 nisi
1839 2196 1914 2234 hoc

157 2269 287 2309 solum
328 2268 378 2307 de
412 2269 501 2307 istis
537 2266 662 2305 rebus
704 2272 743 2304 et
783 2265 853 2304 dat
889 2262 1076 2314 exempla
1111 2261 1309 2313 pleraque
1345 2259 1541 2300 translata
1568 2271 1590 2299 a
1617 2257 1908 2306 Demosthene,

157 2331 354 2384 pleraque
384 2343 472 2370 sua.
520 2329 806 2379 (Pompeius
834 2325 1016 2365 Lindem.
1047 2338 1086 2376 p.
1118 2326 1219 2373 4133„
1249 2323 1318 2362 ubi
1353 2323 1400 2362 cf.
1422 2321 1631 2362 Editorem
1653 2327 1692 2359 et
1708 2321 1913 2370 Meyerum

157 2394 210 2433 ad
237 2393 399 2441 Quintil.
430 2395 460 2431 I.
492 2395 525 2432 1.
555 2404 596 2443 p.
625 2392 708 2429 274.
739 2389 947 2428 Manifesto
976 2387 1193 2438 Pompeius
1221 2384 1401 2424 confudit
1426 2383 1553 2423 libros
1582 2383 1634 2423 ad
1666 2382 1913 2421 Herennium

156 2469 249 2495 cum
275 2455 387 2494 libris
416 2454 575 2494 duobus
605 2452 656 2492 de
685 2452 936 2491 Inventione.
977 2448 1081 2489 Nihil
1108 2447 1218 2488 aliud
1245 2448 1308 2486 hic
1337 2444 1635 2498 quaerendum.
1685 2444 1782 2491 On.)

772 2541 826 2573 IV.
874 2539 1045 2573 TULLIUS
1069 2538 1123 2570 DE
1147 2537 1293 2569 ANIMO.

257 2615 304 2650 In
331 2610 480 2650 Codice
507 2608 728 2649 Basileensi
755 2609 796 2646 B.
828 2608 876 2645 X.
907 2608 944 2645 9.
974 2604 1147 2643 membr.
1179 2604 1270 2642 Sec.
1299 2604 1412 2641 X11.:
1455 2602 1644 2640 «Animus
1674 2605 1738 2639 est
1763 2599 1804 2637 in
1837 2598 1914 2637 ho-

158 2674 265 2712 mine
292 2680 332 2712 et
359 2685 519 2724 corpus.
569 2672 736 2710 Animus
764 2671 939 2720 imperat
966 2666 1125 2719 corpori
1154 2671 1257 2704 cet.»
1305 2663 1420 2715 (Nihil
1449 2662 1559 2703 aliud
1587 2668 1649 2701 est
1679 2662 1756 2701 nisi
1784 2660 1913 2713 parti-

159 2736 248 2776 cula
276 2737 503 2787 Augustini,
538 2736 750 2775 Tractatus
776 2733 817 2771 in
846 2733 1037 2771 Ioannem
1066 2742 1101 2768 c.
1129 2730 1189 2769 20.
1221 2729 1318 2776 On.)

869 2821 910 2854 V.
958 2819 1198 2853 EPISTOLAE.

261 2894 294 2930 1.
349 2891 555 2943 Epistolae
584 2889 825 2930 subditiciae
854 2887 958 2927 duae
988 2885 1196 2926 Ciceronis
1223 2883 1275 2923 ad
1303 2883 1480 2922 Atticum
1510 2886 1550 2920 et
1576 2879 1694 2920 Attici
1719 2878 1770 2918 ad
1790 2878 1909 2918 Cice-

160 2967 300 2995 ronem
327 2955 369 2992 in
394 2953 467 2992 Ed.
494 2953 733 2992 lensoniana
761 2960 819 2999 (v,
850 2951 944 2989 Ern.
975 2948 1101 2987 Praei.
1131 2946 1204 2986 Ed.
1227 2947 1335 2986 1775.
1356 2957 1396 2996 p.
1420 2944 1520 2992 VII.)
1542 2948 1637 2982 sunt
1654 2940 1908 2981 Petrarchae.

259 3019 295 3057 2.
348 3018 397 3055 Μ.
439 3015 553 3054 Tullii
595 3015 803 3055 Ciceronis
844 3012 895 3051 de
935 3021 1155 3050 numerosa
1197 3009 1379 3047 oratione
1416 3005 1468 3047 ad
1496 3007 1706 3052 Tironem;
1737 3001 1911 3053 epistola

161 3079 377 3120 subditicia
404 3077 512 3117 edita
539 3090 561 3117 a
587 3076 782 3117 Bandinio
809 3076 851 3114 in
879 3072 1020 3125 Suppl.
1052 3070 1180 3111 Catal.
1210 3069 1312 3109 Bibl.
1343 3070 1463 3109 Laur.
1491 3066 1578 3107 Vol.
1607 3067 1654 3106 II.
1686 3078 1726 3117 p.
1757 3065 1841 3104 381.

632 3166 686 3197 VI.
734 3163 964 3196 INVECTIVA
989 3161 1154 3194 CONTRA
1187 3158 1436 3196 CATILINAM,

260 3234 468 3274 Ciceronis
495 3233 694 3272 invectiva
724 3237 863 3271 contra
891 3228 1101 3270 Catilinam
1128 3227 1168 3266 in
1196 3231 1341 3266 senatu
1367 3226 1558 3265 Romano.
1605 3219 1774 3262 Bandini
1803 3219 1846 3260 C.
1864 3218 1908 3258 B.

160 3298 204 3337 L.
235 3296 321 3337 Vol.
350 3297 414 3335 111.
441 3308 482 3346 p.
512 3294 597 3334 645.
