2249 3624
609 149 696 189 Lm.
727 149 776 188 ΙΙ.
819 148 916 189 CAr.
947 148 1126 189 v—vl.
1165 146 1224 201 §§
1257 146 1447 189 slQ—lG.
1878 149 1905 190 7

154 268 305 304 cratem
324 261 533 316 profertis.
579 262 661 302 Sed
683 276 820 316 neque
843 262 1105 309 Saturninus,
1136 267 1180 301 ut
1201 266 1386 301 nostrum
1408 261 1622 302 inimicum
1645 265 1907 316 potissimum

153 327 382 373 nominem,
428 326 560 366 simile
598 326 822 379 quicquam
864 324 1009 364 habuit
1050 330 1235 364 veterum
1268 324 1453 370 illorum,
1494 338 1570 364 nec
1600 326 1811 366 Arcesilae
1842 340 1908 366 ca-

154 389 310 428 lumnia
339 387 590 428 eonferenda
621 394 682 427 est
713 401 805 426 cum
829 387 1052 426 Democriti
1085 387 1350 426 verecundia.
1400 388 1449 426 Et
1479 392 1615 427 tamen
1648 388 1715 427 isti
1746 389 1908 442 physici

153 465 244 491 raro
276 450 512 498 admodum,
543 465 635 490 cum
667 451 838 490 haerent
869 450 1011 502 aliquo
1035 449 1147 497 loco,
1180 450 1415 489 exclamant
1436 450 1554 502 quasi
1576 456 1714 490 mente
1737 452 1910 499 incitati,

151 513 422 566 Empedocles
464 514 657 566 quidem,
702 519 745 552 ut
785 513 991 551 interdum
1035 512 1134 551 mihi
1175 512 1312 551 surcrc
1344 512 1551 560 videatur,
1593 513 1782 554 abstrusa
1818 527 1942 555 esses

153 576 314 622 onmia,
351 575 453 614 nihil
493 589 567 615 nos
605 576 776 621 sentire,
818 574 922 613 nihil
962 588 1156 622 cernere,
1198 576 1301 614 nihil
1345 576 1515 614 omnino
1548 576 1673 629 quale
1704 577 1758 616 sit
1787 590 1911 630 posse

153 639 353 690 reperire:
386 637 584 676 maiorem
617 643 752 676 autem
785 642 941 688 partem
975 637 1072 676 mihi
1106 638 1274 691 quidem
1308 651 1452 677 omncs
1484 639 1551 678 isti
1574 639 1768 679 videntur
1789 640 1912 679 nimis

152 700 275 738 etiam
298 699 499 752 quaedam
521 697 737 738 adfirmare
761 699 940 752 plusque
962 698 1145 751 proliteri
1168 714 1211 739 sc
1235 701 1338 738 scire
1361 713 1485 753 quam
1509 702 1652 741 sciant.
1699 698 1765 741 45.
1789 702 1912 750 Quod

152 761 184 800 si
217 760 276 799 illi
309 766 391 800 tum
422 762 463 801 in
495 762 611 801 novis
644 762 785 807 rebus,
819 762 936 814 quasi
971 762 1095 801 modo
1128 767 1360 809 nascentes,
1396 762 1721 811 haesitaverunt,
1753 765 1914 805 nihilne

154 828 210 862 tot
248 823 446 871 saeculis,
491 824 664 863 summis
704 823 905 875 ingeniis,
952 825 1159 864 maxumis
1199 824 1348 863 studiis
1389 825 1641 877 explicatum
1684 830 1965 880 putamus‘iio

152 899 309 932 nonne,
340 900 432 925 cum
464 887 544 926 iam
571 885 912 938 philosophorum
937 886 1185 938 disciplinae
1207 887 1476 939 gravissimae
1497 890 1795 937 constitissent,
1829 896 1914 930 tum

152 955 320 989 exortus
358 955 437 997 est,
477 955 523 988 ut
563 949 605 988 in
643 954 813 1001 optuma
844 962 885 987 re
924 948 1090 1000 publica
1123 948 1183 987 Ti.
1217 948 1448 995 Gracchus,
1488 950 1560 1002 qui
1592 952 1721 990 otium
1753 958 1917 1004 pertur-

151 1012 286 1058 baret,
317 1012 375 1051 sic
405 1011 629 1057 Arcesilas,
662 1011 734 1063 qui
767 1011 1036 1050 constitutam
1068 1010 1378 1063 philosophiam
1401 1018 1607 1053 everteret
1636 1020 1677 1054 et
1707 1016 1749 1054 in
1770 1029 1916 1056 eorum

151 1073 391 1114 auctoritate
423 1073 700 1119 delitisceret,
732 1072 805 1125 qui
837 1072 1103 1124 negavissent
1125 1073 1349 1126 quicquam
1373 1074 1467 1113 sciri
1490 1080 1562 1114 aut
1581 1077 1740 1130 percipi
1765 1080 1916 1130 posse?

154 1149 330 1190 quorum
362 1150 384 1176 e
415 1149 587 1175 numero
620 1135 830 1175 tollendus
862 1140 924 1175 est
946 1141 986 1174 et
1018 1136 1130 1175 Plato
1154 1143 1194 1176 et
1221 1138 1435 1177 Socrates:
1467 1138 1595 1187 alter,
1628 1141 1726 1193 quia
1746 1141 1919 1195 reliquit
1934 1154 1968 1182 ¹15

151 1199 497 1253 perfectissimam
529 1197 810 1250 disciplinam,
842 1198 1139 1250 Peripateticos
1163 1204 1203 1239 et
1223 1200 1510 1248 Academicos,
1542 1202 1780 1243 nominibus
1803 1203 1920 1243 diffe-

152 1269 311 1309 rentes,
342 1275 386 1301 re
418 1266 714 1313 congruenteS,
747 1274 771 1299 a
803 1260 955 1313 quibus
979 1262 1107 1301 Stoici
1138 1262 1217 1314 ipsi
1240 1263 1376 1302 verbis
1399 1264 1530 1316 magis
1553 1277 1678 1318 quam
1701 1266 1919 1305 sententiis

153 1325 451 1364 dissenserunt.
502 1325 693 1363 Socrates
725 1329 863 1362 autem
896 1323 946 1363 de
979 1338 1023 1364 se
1055 1325 1145 1377 ipse
1178 1324 1401 1364 detrahens
1431 1326 1475 1364 in
1506 1325 1793 1379 disputatione
1824 1327 1919 1380 plus

152 1386 360 1426 tribuebat
389 1387 458 1433 iis,
491 1399 598 1440 quos
630 1386 794 1426 volebat
824 1386 1028 1427 refellere.
1076 1388 1138 1427 lta
1160 1401 1253 1427 cum
1274 1387 1388 1426 aliud
1411 1388 1565 1428 diceret
1586 1393 1712 1441 atque
1734 1390 1919 1437 sentiret,

151 1449 331 1490 libenter
360 1449 421 1488 uti
452 1449 601 1488 solitus
634 1454 696 1488 est
727 1461 776 1488 ea
797 1449 1153 1497 dissimulatione,
1187 1463 1310 1504 quam
1334 1449 1480 1489 Graeci
1512 1447 1728 1506 εἰρωνείαν
1751 1456 1971 1496 vocantz20

152 1524 276 1563 quam
307 1511 363 1550 ait
394 1511 518 1551 etiam
550 1511 592 1550 in
623 1510 818 1551 Africano
849 1511 977 1551 fuisse
1010 1514 1217 1560 Fannius,
1249 1512 1378 1566 idque
1409 1518 1630 1567 propterea
1659 1513 1855 1553 vitiosum
1876 1513 1920 1553 in

152 1574 223 1614 illo
254 1587 337 1613 non
369 1574 623 1626 putandum,
657 1574 770 1627 quod
801 1574 912 1614 idem
944 1574 1069 1615 fuerit
1099 1576 1141 1615 in
1174 1576 1359 1615 Socrate.

263 1638 331 1676 VI.
366 1635 430 1675 lss.
464 1636 545 1676 Sed
576 1637 728 1677 fuerint
758 1637 830 1676 illa
860 1638 1094 1687 veteribus,
1133 1639 1167 1678 si
1200 1638 1343 1685 voltis,
1375 1638 1599 1691 incognita.
1660 1638 1826 1679 Nihilne
1857 1643 1922 1679 est

150 1700 276 1753 igitur
317 1705 475 1746 actum,
519 1699 632 1752 quod
664 1699 912 1752 investigata
944 1706 1060 1748 sunt,
1106 1706 1381 1754 posteaquam
1412 1701 1618 1741 Arcesilas
1650 1701 1834 1748 Zenoni,
1874 1706 1922 1740 ut

151 1768 344 1816 putatur,
376 1762 630 1808 obtrectans,
672 1762 777 1801 nihil
809 1763 903 1801 novi
937 1764 1182 1816 reperienti,
1214 1764 1287 1802 sed
1319 1764 1558 1803 emendanti
1589 1764 1826 1816 superiores
1857 1764 1969 1808 in-25

153 1826 382 1866 mutatione
425 1824 666 1871 verborum,
706 1825 802 1863 dum
848 1824 973 1864 huius
1014 1824 1276 1865 definitiones
1308 1826 1558 1866 labefactare
1590 1827 1698 1873 volt,
1744 1832 1918 1866 conatus

152 1894 213 1928 est
252 1887 493 1927 clarissimis
533 1887 654 1927 rebus
694 1888 886 1927 tenebras
927 1888 1168 1928 obducere?
1232 1889 1358 1928 Cuius
1400 1890 1533 1941 primo
1575 1902 1661 1929 non
1692 1889 1919 1941 admodum

153 1952 324 2004 probata
369 1951 492 1994 ratio,
539 1964 791 2003 quamquam
837 1949 979 1991 floruit
1022 1965 1116 1990 cum
1161 1951 1351 1990 acumine
1393 1951 1533 2004 ingeni
1564 1956 1652 1991 tum
1685 1951 1918 1992 admirabili

154 2013 336 2066 quodam
366 2012 509 2065 lepore
541 2012 728 2059 dicendi,
762 2015 951 2066 proxime
983 2027 1004 2052 a
1036 2014 1201 2067 Lacyde
1233 2014 1321 2053 solo
1353 2020 1512 2055 retenta
1545 2021 1625 2061 est,
1658 2021 1751 2068 post
1781 2021 1919 2055 autem

154 2074 340 2114 confecta
371 2087 394 2114 a
426 2074 664 2121 Carneade,
697 2075 767 2128 qui
799 2082 860 2115 est
891 2081 1062 2128 quartus
1093 2076 1143 2115 ab
1173 2076 1382 2124 Arcesila;
1414 2077 1575 2117 audivit
1603 2077 1716 2116 enim
1746 2077 1969 2129 Hegesi-30

154 2150 274 2184 num,
308 2137 379 2190 qui
407 2137 650 2176 Euandrum
675 2138 878 2185 audierat,
910 2138 1065 2191 Lacydi
1088 2138 1352 2192 discipulum,
1385 2154 1476 2179 cum
1500 2140 1711 2180 Arcesilae
1732 2140 1919 2194 Lacydes

154 2198 312 2239 fuisset.
361 2198 441 2239 Sed
474 2199 563 2252 ipse
597 2200 830 2240 Carneades
862 2201 932 2240 diu
964 2201 1099 2240 tenuit
1124 2224 1176 2228 —
1197 2215 1292 2242 nam
1326 2202 1552 2255 nonaginta
1575 2203 1678 2241 vixit
1697 2215 1830 2242 annos
1855 2224 1920 2250 —,

155 2266 195 2300 et
224 2261 298 2314 qui
329 2263 447 2302 illum
478 2263 720 2311 audierant,
752 2264 976 2305 admodum
1007 2266 1257 2304 floruerunt:
1291 2278 1313 2303 e
1345 2265 1497 2318 quibus
1528 2264 1760 2304 industriae
1791 2264 1922 2317 pluri-

242 2474 273 2504 Ξ.
299 2476 441 2504 ueterem
464 2473 521 2511 A',
548 2477 690 2505 ueterum
717 2475 756 2513 V,
782 2479 890 2507 uelere
914 2474 950 2506 Βι
978 2493 1011 2498 -
1040 2475 1213 2506 arcessilae
1237 2472 1310 2505 A¹B
1327 2474 1353 2504 V
1380 2492 1414 2496 —-
1442 2473 1472 2505 4.
1499 2474 1584 2505 alico
1607 2474 1691 2506 επεὶ.
1716 2471 1757 2504 V¹
1778 2493 1813 2497 —
1837 2475 1922 2506 inci-

153 2523 251 2554 uilali
274 2522 386 2559 A1V¹;
420 2524 573 2554 concitati
598 2524 719 2555 Lamo.
747 2534 765 2555 e
791 2525 868 2555 cod.
901 2544 934 2548 —
967 2526 998 2556 7.
1025 2526 1164 2564 reperiri
1188 2523 1227 2555 Β2
1255 2543 1286 2546 -
1321 2525 1352 2555 8.
1378 2533 1410 2555 sc
1435 2532 1504 2556 om.
1531 2525 1558 2554 V
1586 2543 1620 2547 —
1651 2524 1681 2555 9.
1710 2526 1804 2564 quasi
1826 2526 1922 2556 modo

153 2576 320 2604 nascentes
342 2574 460 2614 spuria
486 2573 649 2604 iudicarit
675 2575 708 2604 P,
738 2574 931 2607 Ciacconus
953 2593 985 2598 —-
1016 2576 1067 2607 Μ.
1094 2580 1162 2606 rum
1186 2578 1320 2606 earm-lus
1343 2578 1387 2606 est
1410 2578 1444 2605 ul
1468 2575 1501 2605 ¹in
1526 2576 1692 2606 Gruterus
1718 2584 1735 2606 e
1761 2576 1831 2607 suis
1856 2577 1921 2607 Pa-

153 2621 287 2660 latinis,
315 2624 351 2654 ut
375 2622 531 2654 videtur:
559 2627 625 2654 lum
651 2626 733 2663 (lum
756 2628 791 2655 ἰιι
811 2625 859 2662 W)
885 2634 1023 2656 exorsus
1047 2629 1091 2656 esc
1114 2626 1147 2656 in
1174 2626 1197 2656 C
1218 2642 1252 2646 -—
1282 2625 1332 2655 vl2.
1360 2624 1417 2655 libi
1440 2632 1580 2663 yraccus
1604 2624 1630 2654 V
1651 2643 1685 2646 —
1712 2626 1820 2656 ocium
1842 2625 1866 2656 B
1886 2643 1920 2647 -

150 2673 407 2712 perturbaretur
437 2674 464 2704 si
499 2675 669 2704 arcessistis
697 2673 732 2704 V¹
760 2693 794 2697 —
829 2676 881 2707 43.
907 2677 1116 2706 corzslilulam
1146 2678 1175 2706 et
1201 2675 1225 2705 V
1252 2692 1287 2697 —-
1320 2673 1371 2706 ⁴4.
1399 2674 1631 2705 auctoritatem
1654 2674 1721 2705 AV
1749 2692 1782 2696 —
1817 2674 1925 2705 deliti-

154 2727 253 2754 sceret
283 2724 371 2754 AB:
405 2724 599 2755 delitesceret
629 2725 765 2763 Vm03
800 2725 841 2756 ct.
869 2726 953 2757 Bait.
980 2726 1023 2756 ad
1049 2735 1099 2757 or.
1128 2734 1159 2766 p.
1187 2723 1294 2755 Tullio
1319 2723 1336 2764 ἓ
1362 2724 1402 2754 33
1432 2732 1464 2763 ρ.
1491 2724 1543 2762 97,
1571 2724 1601 2754 4.
1630 2741 1664 2745 —
1699 2727 1756 2754 aul
1781 2725 1804 2755 B
1830 2732 1921 2754 corr.

157 2782 197 2804 ex
221 2777 256 2804 uc
281 2791 316 2795 —
351 2774 402 2804 45.
427 2774 569 2814 reliquid
598 2773 688 2805 ΑὶΒ1
712 2793 754 2798 -
786 2776 837 2806 [19.
863 2776 1077 2807 tribudebalis
1101 2784 1180 2816 quos
1206 2776 1227 2805 Β
1263 2790 1297 2796 ——
1334 2775 1382 2804 his
1405 2775 1430 2805 Α
1447 2773 1473 2802 V
1500 2791 1534 2796 —-
1569 2774 1687 2804 diceret
1711 2781 1781 2808 om,
1807 2773 1855 2808 V;
1889 2773 1922 2804 in

157 2831 266 2863 marg.
293 2832 340 2854 m.
368 2824 386 2854 ⁴2
411 2824 492 2855 add.
519 2829 707 2864 agnosceret
732 2842 767 2848 —-
794 2826 846 2856 ⁵20.
874 2830 950 2857 esset
975 2827 999 2857 C
1028 2844 1061 2848 —
1091 2827 1222 2856 ironian
1247 2825 1271 2855 C
1300 2841 1333 2846 —
1361 2824 1413 2855 23.
1438 2823 1598 2854 veteribus
1621 2822 1782 2863 Bentley:
1811 2826 1926 2854 uetera

159 2872 182 2903 C
201 2890 241 2895 —-
267 2873 433 2904 incondita
458 2874 678 2905 Heruiannus
704 2873 723 2905 l.
744 2884 773 2906 c.
799 2884 830 2914 p.
851 2874 925 2913 467,
951 2880 1061 2907 velera
1085 2878 1241 2906 retinens
1263 2892 1294 2895 —
1322 2873 1375 2905 24.
1396 2872 1535 2904 actum?
1561 2874 1644 2912 Quot
1668 2874 1925 2913 invesliyala--

159 2921 342 2953 obducere?
371 2923 534 2963 Bentley;
568 2927 601 2954 at
626 2926 719 2955 recte
746 2924 936 2963 Madvigius
961 2924 981 2956 l.
1009 2936 1040 2957 c.
1073 2935 1104 2966 p.
1136 2926 1192 2956 127
1219 2933 1295 2964 sqq.
1323 2924 1532 2955 sententiam
1565 2923 1630 2955 loci
1655 2923 1703 2954 sic
1729 2922 1923 2964 expedivit:

161 2973 219 3002 «At
245 2971 372 3003 suerint
396 2971 449 3003 illa
476 2973 654 3004 veteribus
681 2974 814 3013 ignota;
849 2977 967 3015 postea
995 2977 1090 3006 certe
1116 2976 1320 3013 investigata
1345 2976 1442 3011 sunt;
1470 2974 1558 3005 haec
1584 2974 1686 3013 igitur
1710 2982 1797 3004 vana
1824 2975 1926 3004 erunt

159 3022 342 3061 inanisque
368 3031 474 3062 opera
501 3024 533 3054 in
558 3024 597 3054 iis
623 3024 870 3063 inrestigandis
895 3026 1022 3064 posita,
1050 3027 1236 3065 postquam
1255 3022 1428 3054 Arcesilae
1455 3022 1584 3063 placuit
1606 3023 1733 3055 Zenoni
1758 3021 1924 3063 obloqui?

160 3069 356 3102 Habebitne
382 3071 472 3104 hanc
491 3074 560 3104 vim
578 3073 752 3104 Arcesilae
771 3074 975 3114 disputatio,
1004 3077 1040 3105 ut
1065 3073 1144 3105 nihil
1171 3076 1288 3104 actum
1313 3075 1498 3114 putemus,
1525 3074 1618 3113 quod
1644 3073 1698 3104 illa
1723 3073 1925 3112 investigata

161 3122 245 3157 sint,
277 3121 546 3163 reiiciamurque
579 3123 620 3153 ad
655 3127 772 3154 ictera
806 3123 914 3154 illae»
943 3141 976 3146 —-
1011 3125 1167 3155 acersilas
1190 3126 1216 3154 A
1241 3141 1283 3145 —
1313 3124 1366 3154 ⁶25.
1393 3122 1581 3154 obtrectans
1603 3123 1631 3153 V
1657 3140 1691 3144 —-
1719 3122 1928 3154 emendandis

159 3170 348 3209 superior-as
371 3170 409 3202 B¹
435 3188 470 3193 —
501 3172 730 3203 iimzutationes
753 3175 779 3204 A
793 3173 832 3203 Β2
857 3191 892 3194 -
925 3174 976 3204 27.
1003 3174 1177 3204 clar-isonis
1208 3174 1233 3204 A
1268 3190 1302 3194 —
1337 3173 1390 3204 29.
1419 3173 1523 3204 lucide
1549 3173 1613 3204 sole
1638 3173 1676 3203 Ψ
1703 3190 1737 3194 —-
1769 3172 1822 3204 30.
1847 3181 1926 3203 con—

159 3219 246 3257 fecta
269 3221 461 3252 Manutius:
487 3222 623 3261 conficta
649 3223 673 3252 (Σ
701 3239 735 3243 -
761 3223 925 3262 eyesinum
950 3223 989 3261 V,
1015 3223 1226 3263 hegyessz'mum
1250 3222 1273 3253 B
1302 3240 1336 3244 —
1363 3222 1417 3254 3¹.
1442 3223 1651 3254 euuandmm
1675 3222 1698 3254 Β
1720 3239 1752 3245 -
1781 3222 1881 3253 laeidi
1896 3221 1925 3251 V

162 3286 197 3291 —
224 3270 344 3302 lacides
368 3270 394 3301 V
420 3287 455 3293 —
482 3269 536 3302 33.
562 3273 590 3302 et
613 3271 750 3311 (suillum
775 3274 813 3302 A.
