2249 3624
925 234 1264 276 FRAGMENTA.
1891 233 1971 275 957

221 340 363 380 vinclis
392 339 573 391 corporis
601 338 798 377 liberatus
828 339 867 376 in
902 350 993 377 eum
1031 350 1074 376 se
1103 337 1262 386 locum,
1291 336 1400 376 unde
1429 343 1540 376 esset
1570 342 1708 388 ortus,
1748 336 1970 377 retulisset.

220 405 257 444 5.
297 404 399 442 Num
427 402 547 452 igitur
574 402 649 440 ista
678 406 744 440 tua
774 400 902 440 Sarda
918 400 1193 451 {Pythagoram
1221 405 1290 439 aut
1313 399 1520 439 Platonem
1549 405 1666 439 norat
1694 406 1762 439 aut
1788 400 1972 450 legerat?

220 466 288 516 qui
316 471 450 504 tamen
479 463 555 514 ipsi
585 469 756 501 mortem
784 464 836 501 ita
866 460 1056 511 laudant,
1093 468 1135 500 ut
1162 463 1300 512 sugere
1331 463 1453 501 vitam
1482 467 1619 501 vetent
1652 468 1774 513 atque
1801 462 1841 500 id
1870 475 1971 501 con-

218 533 279 566 tra
306 526 449 565 foedus
478 526 563 564 lieri
592 525 729 565 dicant
755 525 971 576 legemque
1001 530 1184 563 naturae.
1252 524 1381 564 Aliam
1423 524 1588 577 quidem
1626 538 1791 564 causam
1831 529 1972 565 mortis

217 588 469 628 voluntariae
497 587 649 627 nullam
678 588 859 639 profecto
889 588 1036 626 iustam
1064 588 1292 638 reperietis.
1348 588 1482 638 Atque
1511 588 1585 626 hoc
1612 587 1678 626 1110
1706 587 1817 626 vidit.
1872 589 2004 627 Nama

216 652 310 690 iecit
339 649 515 701 quodam
545 650 648 699 loco,
680 650 758 688 vita
787 649 894 688 illam
929 648 1142 702 mulierem
1182 649 1345 701 spoliari
1379 661 1500 700 quam
1534 649 1725 700 pudicitia
1764 650 1970 690 maluisse.

216 716 251 754 6.
292 713 374 752 Sed
404 714 547 763 refugit
575 713 707 752 statim
736 725 812 750 nec
833 712 883 750 110
907 712 1098 763 pudicitia
1127 712 1243 763 plura
1272 712 1384 761 dixit,
1413 713 1581 760 vei-itus,
1610 712 1748 762 credo,
1778 726 1829 752 ne
1851 726 1972 765 quem

215 775 410 814 irridendi
441 775 559 815 nobis
588 775 705 814 daret
734 781 774 813 et
800 774 960 813 iocandi
990 774 1138 812 locum.
1195 775 1364 813 Constat
1391 776 1496 813 enim
1525 775 1632 814 illam
1661 788 1751 814 cum
1779 776 1973 814 deformi-

215 844 296 878 tate
328 851 484 877 summa
514 839 659 887 fuisse,
703 844 787 877 tum
827 839 947 876 etiam
986 843 1212 876 senectute.
1280 840 1414 884 Quare
1453 851 1558 890 quae
1595 845 1754 890 potest,
1787 840 1972 891 quamvis

215 900 323 940 salsa
350 903 426 939 ista
457 900 585 940 Sarda
613 901 745 949 suerit,
782 899 863 938 11113
891 899 1070 938 libidinis
1099 906 1168 939 aut
1197 901 1346 938 amoris
1374 912 1466 939 esse
1496 902 1701 952 suspicio?
1987 913 2022 942 io

311 966 349 1001 7.
394 965 451 1002 Αο
481 975 531 1002 110
563 963 787 1012 existimeS,
814 963 955 1011 Triari,
978 961 1087 1013 quod
1116 962 1296 1001 adferam
1316 963 1355 1001 in
1376 962 1550 1002 dicendo
1580 976 1643 1002 mc
1662 964 1815 1015 fingere
1838 965 1972 1016 ipsum

215 1032 256 1065 et
282 1038 363 1065 non
392 1039 412 1065 a
443 1038 511 1064 reo
547 1038 712 1065 causam
755 1037 1023 1075 cognoscere,
1055 1024 1268 1076 explicabo
1307 1025 1401 1075 tibi,
1445 1037 1550 1077 quae
1579 1027 1726 1065 111011111
1760 1028 1972 1079 opiniones

213 1089 254 1127 in
275 1089 460 1128 Sardinia
482 1087 532 1126 de
559 1089 676 1127 istius
706 1087 886 1126 mulieris
915 1094 1043 1126 morte
1072 1089 1177 1138 (nam
1205 1088 1368 1127 suerunt
1394 1087 1532 1138 duae),
1555 1101 1635 1140 quo
1665 1090 1784 1128 etiam
1817 1090 1972 1130 facilius

220 1149 274 1204 [hi
292 1157 323 1188 et
343 1152 474 1189 Scauri
502 1155 744 1188 innocentiam
773 1158 804 1188 el
831 1155 972 1188 testium
1000 1158 1143 1187 tuorum
1163 1155 1359 1189 audaciam
1377 1165 1585 1200 coynoscere
1610 1156 1761 1200 possint,
1784 1160 1969 1197 eteorum,

216 1227 307 1262 quae
333 1217 432 1260 sacta
457 1221 559 1257 sunt,
603 1218 867 1262 indiym'tatem.
934 1216 971 1252 8.
1013 1216 1153 1251 Sardae
1180 1218 1283 1251 istius
1309 1218 1464 1252 maritus
1492 1216 1574 1253 Aris
1609 1223 1759 1253 matrem
1789 1213 1968 1269 Bostaris]
1988 1226 2024 1255 15

215 1282 254 1315 10
287 1275 382 1325 dixi,
413 1276 670 1315 libidinosam
700 1283 822 1328 atque
849 1276 1077 1328 improbam
1107 1282 1291 1326 matrem,
1319 1278 1454 1315 infami
1482 1290 1529 1316 ac
1553 1284 1648 1316 noto
1676 1278 1875 1318 adulterio
1894 1280 1972 1319 iam

216 1339 286 1379 diu
315 1338 522 1390 diligebat.
586 1341 645 1388 Is,
677 1352 767 1378 eum
802 1339 906 1378 hanc
932 1351 1046 1377 suam
1080 1352 1248 1378 uxorem
1285 1353 1406 1379 anum
1436 1346 1477 1379 et
1502 1340 1746 1392 locupletem
1776 1348 1816 1381 et
1843 1343 1973 1382 mole—

216 1408 319 1442 stam
349 1404 522 1451 timeret,
553 1415 687 1454 neque
717 1415 805 1442 eam
836 1402 989 1441 babere
1017 1403 1056 1441 in
1088 1403 1341 1442 matrimonio
1370 1410 1538 1456 propter
1565 1404 1797 1444 foeditatem
1838 1417 1973 1457 neque

216 1464 418 1504 dimittere
458 1471 626 1517 propter
657 1465 794 1504 dotem
829 1465 1006 1506 volebat.
1074 1467 1214 1517 Itaque
1254 1473 1466 1518 compecto
1508 1480 1600 1507 cum
1634 1474 1762 1508 matre
1794 1469 1972 1508 Bostaris

215 1528 428 1567 consilium
458 1529 590 1579 cepit,
621 1534 665 1567 ut
693 1535 867 1579 uterque
895 1529 1061 1567 Romam
1088 1529 1264 1578 veniret3
1306 1529 1360 1568 ibi
1397 1542 1443 1569 se
1471 1530 1647 1582 aliquam
1683 1532 1880 1571 rationem
1906 1532 1971 1570 in-
1985 1540 2023 1570 ‘20

215 1596 447 1640 venturum,
479 1590 826 1641 quemadmodum
853 1590 961 1629 illam
991 1603 1159 1630 uxorem
1193 1591 1376 1642 duceret,
1406 1593 1670 1632 confirmavit.

315 1656 351 1692 9.
395 1654 464 1692 Hic
492 1654 626 1704 opinio
655 1654 739 1703 suit,
770 1659 814 1692 ut
840 1652 936 1702 dixi,
968 1652 1136 1705 duplex,
1165 1666 1244 1693 una
1272 1667 1352 1693 non
1379 1655 1604 1695 abhorrens
1623 1668 1645 1695 a
1670 1661 1777 1696 statu
1803 1663 1972 1697 natura-

216 1728 296 1767 que
326 1727 485 1764 rerum,
527 1716 660 1754 Arinis
700 1728 870 1754 uxorem
910 1715 1136 1766 paelicatus
1177 1716 1315 1755 dolore
1344 1718 1610 1768 concitatam,
1655 1731 1745 1758 cum
1773 1719 1971 1770 audisset,

216 1778 382 1816 Arinem
413 1790 503 1816 cum
532 1777 598 1817 illa
627 1790 699 1817 sua
727 1783 860 1816 metus
891 1784 931 1817 et
958 1779 1075 1828 fugae
1104 1778 1360 1818 simulatione
1379 1781 1546 1819 Romam
1575 1793 1619 1819 se
1647 1781 1883 1832 contulisse,
1913 1789 1970 1832 ut,

217 1852 309 1878 cum
339 1846 457 1879 antea
492 1839 745 1878 consuetudo
782 1840 887 1878 inter
913 1852 984 1879 eos
1012 1841 1179 1889 suisset,
1220 1848 1303 1880 tum
1344 1843 1464 1881 etiam
1501 1844 1652 1893 nuptiis
1690 1844 2021 1895 iungerentur,25

215 1903 367 1941 arsisse
396 1902 537 1941 dolore
566 1902 752 1941 muliebri
782 1908 821 1940 et
847 1904 946 1940 mori
978 1915 1101 1954 quam
1124 1904 1162 1941 id
1191 1905 1351 1954 perpeti
1378 1904 1585 1944 maluisse.
1641 1908 1699 1946 10.
1728 1906 1865 1946 Altera
1891 1919 1973 1946 non

215 1965 349 2004 minus
380 1965 463 2003 veri
495 1964 635 2003 similis
665 1970 717 2013 et,
748 1970 791 2003 ut
818 1965 975 2015 opinor,
1004 1966 1044 2003 in
1074 1966 1258 2005 Sardinia
1295 1968 1424 2017 magis
1453 1968 1572 2007 etiam
1601 1969 1777 2019 credita,
1805 1970 1972 2010 Arinem

214 2027 335 2066 istum
365 2033 512 2066 testem
548 2033 671 2077 atque
707 2027 923 2078 hospitem,
953 2028 1093 2077 Triari,
1124 2034 1237 2067 tuum
1275 2030 1603 2080 proficiscentem
1637 2033 1804 2072 Romam
1842 2046 1971 2084 nego-

216 2090 314 2128 tium
344 2089 510 2128 dedisse
538 2088 699 2139 liberto,
730 2096 773 2128 ut
809 2089 863 2128 illi
894 2090 1077 2129 aniculae
1105 2103 1185 2129 non
1214 2090 1280 2130 ille
1310 2092 1475 2143 quidem
1503 2094 1582 2132 vim
1610 2093 1788 2134 adferret
1823 2096 1971 2147 (neque

216 2153 322 2191 enim
353 2157 440 2191 erat
466 2157 622 2190 rectum
649 2154 882 2203 patronae),
923 2152 997 2191 sed
1025 2152 1172 2192 collum
1201 2152 1378 2204 digitulis
1407 2154 1568 2195 duobus
1596 2156 1818 2208 oblideret,
1848 2159 2020 2197 resti-30

215 2213 304 2253 cula
325 2215 519 2264 cingeret,
546 2220 590 2252 ut
608 2213 673 2253 illa
701 2215 860 2265 perisse
887 2214 1110 2266 suspendio
1131 2221 1357 2267 putaretur.
1415 2219 1473 2256 11.
1505 2220 1617 2265 Quae
1646 2219 1811 2271 quidem
1832 2221 1972 2272 suspi-

216 2277 276 2315 cio
304 2275 429 2316 valuit
457 2278 575 2315 etiam
604 2276 698 2328 plus
726 2277 778 2315 ob
807 2277 911 2316 hanc
939 2290 1119 2327 causam,
1151 2277 1275 2329 quod,
1314 2291 1406 2318 cum
1433 2286 1602 2331 agerent
1636 2282 1860 2333 parentalia
1887 2284 1971 2322 No—

214 2351 360 2378 renses
391 2351 617 2390 omnesque
660 2352 733 2378 suo
774 2352 886 2378 more
926 2352 975 2378 ex
1013 2340 1162 2392 oppido
1200 2341 1405 2392 exissent,
1446 2348 1529 2381 tum
1564 2343 1630 2382 illa
1669 2350 1732 2383 est
1768 2358 1790 2384 a
1823 2345 1970 2385 liberto

216 2401 485 2453 suspendisse
515 2414 558 2439 se
589 2401 710 2440 dicta.
779 2403 995 2441 Discessus
1029 2409 1164 2441 autem
1203 2403 1377 2442 solitudo
1407 2405 1466 2454 ei,
1507 2406 1575 2456 qui
1602 2413 1814 2458 patronam
1843 2409 1971 2447 suflo—

217 2463 353 2513 cahat,
393 2465 465 2502 suit
493 2463 751 2514 quaerenda,
790 2464 859 2514 illi,
892 2477 997 2516 quae
1025 2465 1190 2504 volebat
1217 2467 1337 2515 mori,
1372 2479 1453 2506 non
1480 2469 1564 2507 fuit.
1621 2470 1679 2508 12.
1725 2470 1969 2511 Confirmata
1983 2479 2020 2510 35

215 2538 313 2565 vero
343 2526 520 2577 suspicio
550 2532 632 2576 est,
672 2526 780 2577 quod
809 2539 889 2566 anu
916 2533 1072 2566 mortua
1100 2527 1271 2566 libertus
1300 2530 1453 2579 statim,
1479 2535 1686 2582 tamquam
1715 2544 1840 2583 opere
1869 2546 1970 2574 con—

215 2588 335 2637 fecto,
364 2589 531 2627 Romam
558 2594 620 2627 est
647 2589 868 2639 profectus,
896 2590 987 2628 Aris
1015 2595 1164 2639 autem,
1202 2590 1371 2629 simulac
1400 2591 1571 2632 libertus
1600 2594 1650 2632 de
1679 2600 1806 2634 morte
1834 2597 1970 2636 uxoris

215 2650 428 2700 nuntiavit,
460 2651 647 2689 continuo
677 2652 826 2690 Romae
852 2657 1023 2690 matrem
1048 2652 1158 2691 illam
1186 2654 1364 2692 Bostaris
1393 2654 1507 2693 duxit
1536 2668 1719 2695 uxorem.

318 2714 375 2751 13.
418 2713 478 2751 En
509 2713 657 2763 quibus
685 2713 842 2752 familiis
870 2726 990 2765 quam
1020 2714 1173 2765 foedis,
1204 2728 1325 2767 quam
1355 2718 1659 2767 contaminatis,
1690 2730 1808 2770 quam
1837 2722 1970 2773 turpi—

215 2773 295 2814 bus
322 2774 471 2814 dedatis
509 2775 612 2814 hanc
649 2775 865 2826 familiam,
903 2776 1083 2816 iudices!
1128 2790 1179 2816 en
1207 2778 1357 2829 quibus
1386 2779 1561 2818 testibus
1596 2783 1782 2821 commoti
1811 2782 1862 2822 de
1888 2796 1968 2836 quo
1983 2794 2020 2823 [ιο

217 2858 1967 2876 mm

302 2899 333 2932 6.
365 2901 440 2932 iecit
468 2901 587 2932 Beier:
623 2901 699 2942 legit
722 2901 757 2932 T.
793 2918 827 2923 —
862 2902 914 2933 40.
948 2902 1072 2943 Sarda]
1111 2903 1248 2934 locatur
1280 2903 1313 2934 in
1343 2903 1506 2944 ambiguo
1538 2905 1683 2946 Samae,
1717 2911 1752 2940 et
1775 2909 1925 2943 feminae
1951 2921 1969 2944 e

215 2949 373 2982 Sardinia
409 2950 598 2989 oriundae,
636 2953 670 2982 et
700 2951 805 2991 piscis
838 2950 1093 2984 salsamentarii
1127 2953 1280 2984 nomine.
1317 2969 1350 2975 —
1386 2954 1437 2985 46.
1470 2959 1500 2986 te
1522 2956 1595 2987 dixi
1617 2974 1667 2980 --
1690 2959 1716 2989 si
1741 2959 1830 2990 docet
1853 2961 1972 2992 tabulis

215 3000 248 3040 S.
266 3000 317 3031 ⁴8.
336 3000 424 3031 haec
449 3002 565 3031 sunte
584 3000 664 3032 cod.
684 3000 847 3032 Ambros.
877 3018 911 3023 —
939 3002 990 3033 47.
1024 3002 1178 3043 diti9ebac
1199 3003 1286 3041 Aris,
1312 3011 1414 3041 quum
1437 3005 1526 3035 coni.
1555 3006 1729 3039 Heinrich.
1759 3026 1792 3030 —
1819 3010 1871 3041 23.
1897 3011 1972 3043 Ari-

215 3050 267 3080 nis
282 3065 299 3071 -
315 3066 332 3072 -
348 3049 547 3080 concitatam
570 3050 678 3082 habet
697 3050 801 3081 etiam
827 3051 990 3083 Priscian.
1018 3061 1050 3093 p.
1071 3053 1144 3084 689.
1164 3054 1199 3084 Ρ.
1228 3069 1261 3074 -
1290 3052 1342 3085 30.
1369 3054 1422 3084 sed
1445 3054 1597 3085 cottum—
1613 3074 1630 3079 -
1647 3056 1708 3088 obl.
1734 3058 1841 3090 habet
1865 3061 1969 3092 etiam

217 3098 410 3139 Porphyrio
435 3099 479 3130 ad
504 3100 622 3132 Horat.
649 3101 761 3131 Serm.
780 3101 818 3138 11,
840 3101 868 3137 i,
887 3101 939 3132 56.
970 3119 1003 3123 —
1031 3102 1185 3133 oblideret
1208 3105 1237 3133 et
1260 3105 1336 3133 rest.
1364 3104 1519 3135 Cranieri
1545 3107 1579 3136 et
1604 3106 1793 3147 Kreyssigii
1818 3117 1913 3150 susp.
1933 3127 1967 3132 -—

218 3147 271 3179 31.
305 3148 394 3186 Quae
417 3163 434 3170 -
455 3165 474 3171 -
496 3149 657 3181 Norenses
688 3149 795 3180 habet
828 3150 931 3181 etiam
963 3151 1172 3183 Severianus
1200 3161 1234 3192 p.
1261 3152 1334 3183 339.
1363 3154 1471 3193 Capp.
1499 3170 1533 3176 —
1565 3154 1617 3187 33.
1653 3166 1825 3196 omnesque
1848 3159 1966 3191 Beier:

218 3204 327 3227 omnes
350 3198 406 3236 qui
429 3199 467 3229 A.
503 3215 537 3220 —
575 3198 627 3230 34.
660 3200 843 3238 suffocarat
867 3199 983 3231 Heinr.
1011 3202 1045 3232 et
1069 3202 1256 3241 Kreyssigii
1281 3210 1377 3243 susp.
1405 3202 1509 3238 Male:
1548 3207 1601 3236 est
1625 3206 1713 3238 fere:
1743 3209 1799 3247 qui
1825 3210 1970 3248 suffoca-

219 3247 315 3276 turus
337 3250 420 3285 erat,
445 3247 608 3287 suffocare
630 3248 786 3280 tentabat.
810 3265 843 3269 —
864 3249 916 3281 39.
941 3249 1002 3291 Εη]
1028 3259 1077 3282 em
1093 3252 1130 3282 Α.
1151 3260 1181 3282 a.
1201 3259 1246 3282 m.
1267 3260 1318 3292 pr.
1338 3252 1431 3285 unde
1455 3254 1525 3285 hem
1548 3254 1713 3289 volebant
1736 3258 1778 3290 M.
1799 3259 1832 3289 et
1850 3258 1966 3291 Heinr.

223 3310 258 3320 -
285 3292 337 3326 40.
374 3295 499 3328 dedatis
522 3297 703 3329 Heinrich:
731 3297 816 3328 datis
838 3299 877 3329 A.
