2249 3624
506 186 596 225 Lm.
632 186 682 225 II.
722 185 818 225 CAP.
850 184 1214 224 xxxlx—XLI.
1253 182 1312 236 §§
1345 181 1534 226 81-87.
1829 180 1909 220 547

144 292 539 348 «praerogativam,
584 304 709 330 omen
752 292 1048 331 comitiorum»
1113 291 1193 330 hoc
1243 296 1304 329 est
1354 291 1487 343 ipsum
1540 301 1630 328 esse
1678 292 1820 328 contra
1866 301 1910 328 se

139 357 354 410 copiosum
397 359 438 394 et
479 354 693 393 disertum.
761 354 939 402 Quando
982 356 1089 393 enini
1132 355 1210 393 ista
1251 353 1477 391 observans
1516 353 1657 405 quieto
1699 356 1739 390 et
1778 350 1910 389 libero

140 419 277 460 animo
310 430 401 457 esse
433 416 602 470 poteris,
635 422 679 455 ut
710 416 761 456 ad
793 430 879 455 rom
912 416 1136 467 gerendam
1161 430 1243 454 non
1266 414 1603 468 superstitionem
1626 414 1806 460 habeas,
1838 413 1911 452 sed

136 482 339 522 rationem
373 480 552 519 ducem?
613 480 758 518 Itane?
820 480 861 517 Si
895 480 989 531 quis
1021 479 1176 532 aliquid
1210 492 1260 517 ex
1294 492 1367 517 sua
1400 492 1443 517 re
1475 483 1601 531 atque
1634 491 1685 516 ex
1718 490 1793 516 suo
1827 490 1913 516 ser-

137 556 256 584 mone
288 543 461 588 dixerit,
505 546 545 580 et
577 542 667 580 eius
700 542 870 580 verbum
912 541 1083 594 aliquod
1123 547 1217 593 apte
1250 540 1449 580 ceciderit
1480 541 1530 579 ad
1565 540 1627 586 id,
1671 539 1782 593 quod
1815 551 1943 592 ageS5

139 611 209 646 aut
239 604 452 657 cogitabis,
486 616 534 643 ea
566 617 630 643 res
663 604 735 642 tibi
769 609 839 642 aut
873 604 1062 642 timori-in
1095 603 1253 643 adseret
1281 609 1351 643 aut
1379 604 1667 642 alai-ritatem?
1711 600 1776 641 84.
1810 601 1912 640 Cum

137 670 189 709 M.
214 668 387 708 Crassus
421 667 653 706 exercitum
680 665 874 705 Brundisi
907 667 1136 718 inponeret,
1169 666 1338 718 quidam
1371 667 1413 704 in
1447 671 1567 718 portu
1590 665 1745 704 caricas
1769 664 1911 702 Cauno

137 730 330 771 advectas
364 729 549 769 vendens
585 729 824 768 Cauneas
855 728 1107 767 clamitabat.
1152 729 1360 775 Dicamus,
1393 729 1426 767 si
1461 728 1594 781 placet
1626 728 1828 766 monitum
1862 726 1912 765 ab

138 806 186 833 eo
212 792 405 832 Crassum
438 796 645 831 caveret
675 804 733 830 ne
767 791 891 837 irct;
927 803 1007 828 non
1040 789 1171 828 fuisse
1203 791 1448 842 periturum,
1482 791 1514 829 si
1538 791 1665 829 omini
1688 790 1911 842 paruisset.

139 854 255 903 Quae
287 854 320 894 si
354 854 654 907 suscipiamus,
687 854 807 906 pedis
840 853 1017 893 offensio
1051 852 1169 891 nobis
1203 859 1243 892 et
1274 853 1469 905 abruptio
1502 853 1707 905 corrigiae
1739 858 1780 892 et
1810 858 1964 895 ster-40

138 921 335 957 numenta
368 922 491 956 erunt
522 916 797 956 observanda.

250 980 358 1018 XLI.
399 977 466 1018 855.
508 978 649 1018 Sortes
682 983 840 1018 restant
871 982 910 1017 et
943 976 1170 1024 Chaldaei,
1215 982 1259 1017 ut
1299 978 1351 1017 ad
1392 982 1505 1017 vates
1537 978 1752 1019 veniamus
1791 984 1832 1019 et
1862 979 1913 1018 ad

139 1042 315 1082 somnia:
371 1041 606 1080 Dicendum
653 1042 779 1092 igitur
824 1045 945 1093 putas
992 1039 1043 1079 de
1090 1040 1305 1079 sortibus?
1368 1040 1478 1088 Quid
1525 1041 1637 1079 onim
1684 1054 1773 1081 sors
1819 1044 1914 1082 est‘?

139 1105 253 1144 Idem
285 1103 605 1157 propemodum,
638 1102 752 1156 quod
784 1104 951 1150 micare,
983 1101 1096 1154 quod
1128 1102 1232 1141 talos
1264 1103 1413 1149 iacere,
1448 1103 1564 1155 quod
1596 1109 1789 1149 tesseras,
1823 1104 1916 1158 qui-

137 1168 213 1207 bus
245 1167 287 1206 in
321 1166 443 1206 rebus
475 1166 686 1206 temeritas
720 1171 759 1206 et
791 1179 932 1213 casus,
964 1179 1047 1205 non
1078 1164 1183 1204 ratio
1206 1178 1283 1204 nec
1307 1165 1530 1205 consilium
1555 1166 1675 1206 valet.
1722 1168 1825 1207 Tota
1848 1179 1965 1209 rest5

138 1235 201 1270 est
231 1230 401 1270 inventa
431 1228 608 1269 fallaciis
640 1235 708 1269 aut
740 1228 791 1268 ad
825 1233 1045 1282 quaestum
1078 1233 1149 1268 aut
1179 1227 1231 1267 ad
1263 1228 1603 1281 superstitionem
1635 1230 1779 1269 autad
1803 1245 1915 1271 erro-

138 1306 237 1333 rem.
282 1293 441 1346 Atque,
472 1297 519 1332 ut
550 1293 592 1331 in
623 1291 894 1345 haruspicina
925 1290 1123 1337 fecimus,
1151 1291 1210 1330 sic
1231 1290 1448 1330 videamus
1471 1290 1805 1333 clarissumarum
1829 1308 1916 1334 sor-

139 1355 242 1395 tium
291 1368 398 1408 quae
447 1354 633 1394 tradatur
677 1354 879 1394 inventio.
960 1355 1205 1394 Numerium
1253 1352 1500 1393 Suffustium
1547 1355 1914 1396 Praenestinorum

139 1423 405 1457 monumenta
438 1416 651 1457 declarant
682 1418 903 1457 honestum
932 1416 1148 1456 hominem
1180 1422 1220 1455 et
1251 1416 1433 1455 nobilem
1466 1417 1638 1456 somniis
1662 1415 1840 1466 crebris,
1863 1419 1914 1459 ad

139 1485 371 1520 extremum
401 1480 526 1520 etiam
558 1480 792 1520 minacibus
824 1493 916 1519 cum
947 1479 1163 1519 iuberetur
1193 1483 1307 1518 certo
1339 1478 1382 1517 in
1413 1478 1508 1518 loco
1540 1478 1701 1519 silicem
1729 1480 1915 1529 caedere,
1929 1492 1966 1522 20

139 1542 405 1596 perterritum
438 1543 536 1582 visis
567 1542 839 1582 irridentibus
871 1543 957 1582 suis
989 1542 1149 1582 civibus
1181 1541 1224 1581 id
1257 1554 1382 1594 agere
1415 1542 1630 1595 coepisse;
1662 1542 1802 1596 itaque
1826 1558 1917 1597 per-

138 1604 268 1645 fracto
323 1618 424 1645 saxo
478 1606 604 1646 sortis
656 1605 845 1658 erupisse
884 1606 927 1645 in
968 1605 1119 1645 robore
1158 1605 1389 1658 insculptas
1420 1605 1653 1658 priscarum
1684 1605 1916 1647 litterarum

139 1668 259 1707 notis.
300 1668 339 1707 Is
371 1672 434 1707 est
463 1668 588 1708 hodie
619 1668 736 1708 locus
769 1672 936 1721 saeptus
958 1668 1153 1720 religiose
1175 1672 1348 1721 propter
1369 1667 1479 1708 lovis
1502 1668 1634 1720 pueri,
1660 1667 1733 1721 qui
1755 1668 1916 1711 lactens

140 1743 232 1770 cum
262 1731 423 1770 Iunone
453 1732 663 1771 Fortunae
706 1731 749 1770 in
791 1731 949 1783 gremio
989 1731 1140 1770 sedens
1181 1742 1401 1769 mammam
1440 1729 1644 1782 adpetens
1683 1733 1916 1773 castissime

140 1791 292 1832 colitur
328 1805 351 1832 a
391 1794 606 1834 matribus.
666 1792 733 1834 86.
774 1793 1020 1847 Eodemque
1058 1798 1247 1846 tempore
1285 1793 1328 1831 in
1359 1805 1409 1832 eo
1442 1792 1560 1839 loco,
1599 1793 1674 1833 uhi
1705 1794 1967 1835 Fortunae25

138 1868 250 1895 nunc
281 1861 344 1896 est
374 1856 513 1904 aedes,
537 1857 618 1897 mel
642 1871 694 1898 ex
718 1857 809 1896 olea
831 1856 1005 1896 fluxisse
1028 1855 1196 1903 dicunt,
1218 1855 1553 1909 haruspicesque
1576 1855 1734 1896 dixisse
1757 1870 1916 1898 summa

138 1917 355 1958 nobilitate
393 1918 486 1959 illas
525 1920 650 1959 sortis
690 1919 875 1966 futuras,
921 1931 1154 1972 eorumque
1186 1918 1302 1957 iussu
1344 1930 1395 1956 ex
1426 1918 1496 1957 illa
1529 1918 1622 1958 olea
1653 1931 1791 1959 arcam
1824 1932 1916 1959 esse

138 1979 307 2028 factam,
349 1994 485 2034 eoque
528 1981 719 2022 conditas
760 1982 907 2029 sortis,
950 1994 1058 2034 quae
1094 1981 1222 2021 hodie
1254 1982 1464 2020 Fortunae
1504 1981 1666 2021 monitu
1698 1981 1916 2021 tolluntur.

140 2041 251 2091 Quid
283 2043 410 2095 igitur
440 2043 483 2082 in
513 2043 563 2083 iis
597 2057 688 2084 esse
721 2050 857 2097 potest
899 2044 1018 2091 certi,
1061 2057 1170 2096 quae
1202 2044 1410 2083 Fortunae
1443 2045 1606 2083 monitu
1638 2044 1758 2097 pueri
1790 2058 1916 2085 manu

138 2105 368 2145 miscentur
399 2110 526 2160 atque
559 2107 799 2148 ducuntur?
840 2121 925 2160 quo
957 2102 1080 2147 modo
1112 2113 1250 2147 autem
1282 2107 1388 2147 istae
1419 2107 1583 2160 positae
1615 2107 1657 2146 in
1688 2107 1760 2147 illo
1790 2108 1967 2148 loco‘zso

140 2167 234 2220 quis
264 2168 394 2208 robur
424 2168 527 2208 illud
560 2170 736 2218 cecidit,
769 2171 947 2218 dolavit,
980 2169 1230 2222 inscripsit?
1289 2169 1403 2209 Nihil
1435 2174 1514 2217 est,
1547 2170 1768 2223 inquiunt,
1801 2170 1915 2223 quod

140 2229 242 2270 deus
275 2230 440 2271 efficere
471 2246 555 2272 non
587 2233 736 2286 possit.
795 2233 960 2273 Utinam
993 2233 1195 2286 sapientis
1228 2232 1393 2272 Stoicos
1426 2232 1652 2279 effecisset,
1689 2246 1742 2272 ne
1774 2233 1917 2273 omnia

140 2305 233 2333 cum
271 2294 564 2347 superstitiosa
605 2295 890 2335 sollicitudine
933 2301 974 2336 et
1011 2295 1182 2335 miseria
1214 2295 1458 2335 crederentl
1520 2294 1602 2334 Sed
1634 2295 1714 2335 hoc
1746 2295 1916 2349 quidem

140 2367 271 2408 genus
310 2355 581 2397 divinationis
622 2358 707 2398 vita
747 2358 828 2397 iam
871 2359 1105 2397 communis
1148 2357 1351 2410 explosit.
1425 2358 1528 2397 Fani
1568 2357 1835 2410 pulchritudo
1877 2362 1918 2397 et

140 2422 323 2458 vetustas
354 2419 718 2460 Praenestinarum
750 2420 875 2460 etiam
907 2434 1018 2460 nunc
1050 2420 1205 2460 retinet
1235 2420 1412 2460 sortium
1444 2433 1612 2468 nomen,
1643 2425 1772 2474 atque
1798 2421 1841 2460 id
1872 2420 1916 2460 in
1930 2428 1967 2457 35

139 2479 297 2532 volgus.
357 2478 423 2520 87.
457 2481 564 2530 Quis
596 2482 708 2521 enim
739 2483 1005 2536 magistratus
1048 2488 1119 2523 aut
1155 2483 1249 2536 quis
1291 2484 1354 2524 vir
1384 2482 1605 2524 inlustrior
1634 2483 1765 2523 utitur
1795 2483 1918 2523 sorti—

138 2539 249 2582 bus?
293 2543 444 2583 ceteris
482 2557 581 2585 vero
619 2545 663 2584 in
698 2545 805 2585 locis
846 2551 978 2586 sortes
1010 2545 1135 2599 plane
1166 2545 1436 2586 refrixerunt.
1501 2546 1625 2594 Quod
1658 2545 1917 2587 Carneadem

226 2723 256 2754 t.
278 2724 559 2765 praemqastuum
583 2723 622 2756 Β2
648 2742 682 2747 -
710 2734 838 2757 omnem
861 2726 901 2766 A,
927 2726 991 2759 sed
1015 2737 1037 2758 n
1061 2728 1095 2758 in
1120 2735 1187 2758 ras.
1219 2743 1254 2748 —
1290 2725 1538 2757 commiciorum
1562 2728 1589 2758 A
1616 2743 1651 2749 —
1685 2727 1716 2758 2.
1742 2728 1801 2759 itta
1823 2728 1854 2759 V
1879 2746 1916 2752 —

140 2770 171 2803 3.
195 2774 461 2813 supersticionem
486 2777 512 2806 A
541 2793 574 2797 —
610 2776 642 2807 5.
669 2779 699 2807 et
721 2776 790 2807 eius
806 2794 854 2800 -—
871 2785 910 2808 ea
934 2785 985 2808 ns
1016 2776 1070 2808 bis
1095 2777 1285 2816 scriptum,
1319 2775 1383 2807 sed
1408 2774 1558 2807 alterum
1583 2775 1740 2809 deletum
1766 2779 1820 2810 est
1843 2780 1876 2810 in
1894 2780 1918 2811 B

151 2838 182 2846 ·-
210 2822 300 2855 fort.:
329 2825 414 2863 quod
434 2825 504 2864 ipse
527 2833 604 2865 a9es
630 2843 664 2847 —
697 2826 729 2857 7.
754 2826 926 2857 Brundisii
950 2826 1006 2857 VO
1034 2843 1069 2847 —
1097 2826 1234 2865 quidam
1259 2835 1300 2856 ex
1326 2834 1417 2857 corr.
1444 2826 1468 2855 B
1497 2843 1531 2847 —
1565 2826 1595 2857 8.
1622 2827 1803 2859 advectans
1827 2829 1852 2860 C
1881 2847 1916 2852 --

141 2870 172 2902 9.
197 2881 262 2904 ηοη
283 2873 393 2914 fuisse]
418 2874 579 2914 consuisse
602 2875 653 2913 Αἱ,
681 2876 856 2915 consuisset
878 2878 919 2908 Α2
939 2894 974 2899 -—
1000 2878 1028 2908 si
1052 2877 1140 2908 omni
1164 2878 1298 2917 offensio
1322 2876 1413 2907 nobis
1436 2876 1478 2906 V²
1498 2893 1532 2898 —
1561 2877 1613 2907 ⁴0.
1631 2879 1856 2909 sternumenta
1873 2880 1916 2911 C:

142 2924 399 2956 sternutamenta
423 2924 448 2955 O
476 2942 511 2946 —
544 2925 596 2956 46.
624 2927 682 2958 aut
705 2925 974 2966 supersticionem
998 2927 1037 2958 Α1
1064 2944 1099 2948 -
1134 2927 1186 2958 47.
1211 2929 1248 2957 ut
1271 2934 1348 2966 sup.
1375 2924 1432 2956 lin.
1458 2927 1485 2956 A
1513 2943 1548 2947 —
1583 2925 1634 2957 48.
1661 2928 1853 2967 suffuscium
1875 2928 1917 2967 V,

143 2971 325 3012 Suffucium
349 2973 539 3006 Lambinus
564 2975 589 3006 O
625 2992 660 2997 —
694 2975 749 3006 ⁶22.
774 2979 876 3007 sortes
899 2977 924 3007 O
957 2994 999 2999 —
1035 2977 1194 3016 eripuisse
1217 2977 1246 3007 V
1277 2992 1311 2997 —
1350 2974 1520 3013 insculptis
1542 2972 1581 3006 Β2
1605 2992 1640 2997 -
1679 2977 1732 3008 23.
1759 2978 1786 3008 is
1808 2982 1919 3010 est--

143 3022 302 3054 matribus
326 3022 586 3064 interpolatoris
611 3024 796 3056 cuiusdam
821 3026 1101 3057 additamentum
1128 3034 1206 3058 esse
1231 3024 1418 3056 videbatur
1435 3024 1561 3062 Giesio,
1587 3023 1680 3057 bene
1706 3025 1751 3058 illi
1767 3027 1918 3060 refutato

145 3077 164 3100 a
188 3070 388 3103 Foertschio
412 3072 433 3104 l.
452 3071 473 3104 l.
494 3082 528 3114 p.
544 3073 563 3104 9
589 3090 624 3095 -—
660 3074 713 3105 026.
740 3077 785 3105 est
809 3074 904 3106 Klotz
931 3077 965 3107 et
988 3076 1142 3116 Madvig:
1179 3077 1220 3107 sit
1243 3076 1287 3112 C,
1322 3075 1387 3105 sita
1412 3073 1595 3112 Pithoeus,
1626 3076 1690 3107 sila
1714 3080 1759 3108 est
1782 3078 1919 3110 Marsus

145 3118 186 3156 03
211 3120 276 3152 sita
299 3123 393 3153 aedes
416 3125 461 3153 est
484 3122 675 3155 Lambinus
701 3140 737 3146 -
767 3123 835 3155 oteo
852 3125 892 3154 V¹
913 3141 949 3148 —
976 3134 1141 3157 suminam
1158 3125 1196 3156 ΒΞ
1217 3142 1249 3146 -
1277 3124 1329 3154 ⁶27.
1350 3122 1518 3154 nobilitate
1534 3122 1690 3165 Erlang:
1716 3126 1920 3159 nobilitatem

147 3167 171 3199 C
199 3186 234 3191 —
259 3174 360 3203 sortes
383 3172 408 3203 O
434 3188 469 3193 —
496 3173 549 3204 29.
568 3173 609 3204 iis
624 3174 650 3204 A
662 3173 716 3203 132:
741 3172 791 3204 his
814 3174 925 3206 B¹VO
947 3193 981 3198 —
1006 3178 1190 3214 potestesse
1206 3173 1262 3203 VO
1282 3189 1316 3194 —
1345 3172 1397 3203 30.
1418 3172 1580 3203 ducentur
1594 3173 1633 3204 A‘
1654 3192 1688 3196 —
1716 3175 1768 3206 32.
1787 3177 1920 3216 sapien-

146 3219 191 3248 tes
213 3218 325 3252 A2VO
352 3238 388 3244 —
415 3221 469 3253 33.
494 3223 725 3262 supersticiosa
741 3223 767 3253 A
793 3224 827 3254 et
851 3224 899 3255 sic
923 3224 996 3256 fere
1022 3232 1166 3265 semper
1185 3240 1220 3245 —
1249 3222 1300 3253 35.
1319 3225 1476 3253 uenustas
1494 3223 1547 3261 Ὠ,
1574 3222 1669 3263 quod
1686 3224 1824 3257 Davisio
1849 3235 1919 3257 non

148 3265 338 3308 displicuit3
363 3271 401 3301 tu
425 3270 468 3303 cf.
494 3272 508 3302 Ι
532 3271 609 3312 g34
637 3290 671 3295 —
699 3271 750 3303 36.
776 3272 898 3313 uutqus
919 3274 1006 3305 AVO
1034 3291 1066 3296 —
1096 3275 1147 3305 37.
1169 3274 1256 3304 «Per
1279 3275 1401 3304 ceteros
1423 3272 1509 3303 locos
1531 3271 1682 3313 intellige
1707 3275 1918 3314 praesertim

147 3313 279 3349 Antium
301 3316 362 3350 ubi
383 3318 551 3354 Fortunae
573 3320 721 3355 Antiates
744 3320 975 3362 colebantur3
1007 3331 1041 3355 v.
1067 3322 1243 3364 Inscriptt.
1269 3329 1368 3354 meas
1393 3322 1466 3355 Lat.
1484 3323 1524 3355 N.
1540 3322 1624 3355 4738
1648 3330 1728 3364 sqq.
1765 3324 1917 3355 sortium
