2249 3624
398 154 480 195 ⁶246
834 152 1262 195 TUSCULANARUM
1290 154 1726 195 DISPUTATIONUM

398 268 444 302 ut
484 266 547 301 est
582 261 626 300 in
656 260 769 300 omni
809 258 986 299 historia
1028 260 1239 308 curiosus,
1280 260 1353 300 sed
1392 260 1447 299 ita
1479 264 1611 299 taetra
1641 263 1737 299 sunt
1767 258 1994 313 quaedam,
2035 265 2081 301 ut
2110 274 2159 302 ea

397 324 529 377 fugiat
559 329 599 363 et
628 319 867 362 reformidet
897 321 1043 360 oratio.
1095 322 1225 361 Totus
1256 322 1383 374 igitur
1413 321 1480 360 hic
1510 321 1627 361 locus
1660 326 1722 361 est
1753 323 2082 363 contemnendus
2113 323 2157 362 in

397 387 537 433 nobis,
574 398 660 424 non
698 382 984 435 neglegendus
1023 383 1064 422 in
1104 384 1258 422 nostris
1301 382 1372 436 [ita
1411 388 1570 430 tamen,
1611 387 1658 422 ut
1693 388 1950 424 mortuorum
1982 398 2157 438 corpora

396 448 500 488 nihil
535 447 688 487 sentire
719 445 802 484 vivi
832 442 1090 497 sentiamus].
1140 442 1233 484 l109.
1267 445 1478 493 Quantum
1509 449 1647 484 autem
1678 446 1972 486 consuetudini
2002 447 2157 488 famae-

364 519 478 564 5que
510 508 690 549 dandum
722 507 796 555 sit,
826 506 869 546 id
900 513 1047 547 curent
1076 507 1182 555 vivi,
1214 507 1286 547 sed
1317 507 1395 555 ita,
1426 512 1472 547 ut
1501 507 1746 560 intellegant
1774 507 1880 547 nihil
1910 508 1953 547 id
1975 508 2027 548 ad
2048 523 2156 550 mor-

395 578 486 612 tuos
517 571 742 625 pertinere.

507 634 587 674 Sed
628 633 813 687 profecto
851 645 961 672 mors
1004 637 1090 672 tum
1130 631 1387 684 aequissimo
1425 632 1565 671 animo
1598 631 1830 685 oppetitur,
1868 645 1961 672 cum
1993 633 2080 673 suis
2111 647 2155 674 se

392 697 585 737 laudibus
616 696 701 736 vita
730 695 924 735 occidens
955 694 1163 734 consolari
1196 698 1346 746 potest.
1391 695 1521 734 Nemo
1553 708 1699 747 parum
1731 695 1801 734 diu
1824 694 1949 742 vixit,
1981 697 2052 747 qui
2075 696 2156 735 vir-

393 759 492 798 tutis
523 758 732 811 perfectae
762 757 946 811 perfecto
977 756 1145 796 functus
1177 762 1239 796 est
1269 770 1454 796 munere.
1505 756 1634 796 Multa
1664 757 1765 796 mihi
1797 757 1877 809 ipsi
1904 756 1958 796 ad
1979 763 2153 797 mortem

343 829 378 858 40
392 822 635 875 tempestiva
663 820 848 867 fuerunt,
882 832 1006 872 quam
1028 819 1186 859 utinam
1213 820 1443 872 potuissem
1465 818 1580 858 obire
1601 819 1609 856 1
1644 818 1748 857 nihil
1771 819 1881 858 enim
1902 819 1983 858 iam
2006 818 2154 872 adqui-

390 884 577 930 rebatur,
610 882 820 922 cumulata
851 887 967 921 erant
998 880 1135 921 officia
1164 881 1296 929 vitae,
1328 895 1420 922 cum
1451 881 1617 921 fortuna
1649 880 1757 920 bella
1787 882 2009 921 restabant.
2061 883 2155 930 Qua

390 958 457 992 re,
489 945 523 984 si
555 944 644 997 ipsa
675 944 780 983 ratio
811 943 947 983 minus
978 942 1166 996 perficiet
1196 949 1240 983 ut
1272 949 1445 984 mortem
1479 943 1700 995 neglegere
1730 945 1958 996 possimus,
2000 950 2042 984 at
2070 945 2155 985 vita

390 1013 479 1046 acta
509 1004 697 1059 perficiat
726 1011 771 1045 ut
802 1005 901 1045 satis
934 1018 1146 1059 superque
1179 1005 1334 1044 vixisse
1365 1006 1594 1045 videamur.
1642 1005 1905 1059 Quamquam
1928 1006 2038 1046 enim
2061 1020 2155 1047 sen-

389 1084 459 1110 sus
489 1069 655 1116 abierit,
687 1073 825 1108 tamen
857 1068 944 1108 suis
977 1074 1018 1108 et
1046 1067 1225 1122 propriis
1256 1067 1376 1107 bonis
1409 1067 1544 1107 laudis
1576 1072 1616 1107 et
1647 1067 1816 1120 gloriae,
1849 1069 2039 1121 quamvis
2070 1083 2153 1109 non

340 1143 375 1171 45
389 1131 590 1178 sentiant,
622 1131 771 1170 mortui
802 1144 886 1171 non
919 1136 1074 1171 carent.
1123 1129 1212 1169 Etsi
1244 1129 1354 1169 enim
1386 1130 1492 1169 nihil
1523 1130 1649 1170 habet
1678 1131 1721 1170 in
1752 1144 1795 1170 se
1827 1131 1960 1183 gloria
1991 1145 2063 1171 cur
2084 1145 2155 1171 ex-

388 1199 570 1247 petatur,
610 1198 750 1233 tamen
780 1194 974 1233 virtutem
1012 1198 1225 1246 tamquam
1256 1192 1402 1232 umbra
1433 1192 1634 1245 sequitur.
1695 1192 1838 1231 XLVI.
1872 1190 1964 1232 lIJIO.
1998 1194 2152 1233 Verum

387 1254 666 1295 multitudinis
708 1255 910 1295 iudicium
956 1255 1007 1294 de
1044 1255 1164 1295 bonis
1205 1253 1238 1293 si
1285 1253 1452 1305 quando
1491 1259 1578 1301 est,
1624 1254 1754 1306 magis
1800 1254 2055 1295 laudandum
2091 1261 2154 1296 est

388 1331 511 1371 quam
543 1317 604 1356 illi
636 1317 688 1357 ob
720 1331 809 1358 eam
841 1331 927 1357 rem
960 1318 1083 1357 beati.
1133 1318 1227 1356 Non
1259 1329 1430 1369 possum
1463 1322 1600 1357 autem
1633 1316 1790 1364 dicere,
1823 1330 1995 1371 quoquo
2027 1318 2153 1358 modo

385 1380 464 1420 hoc
494 1379 745 1432 accipietur,
778 1380 1036 1433 Lycurgum,
1070 1379 1267 1419 Solonem
1299 1378 1437 1431 legum
1469 1384 1510 1419 et
1531 1379 1721 1431 publicae
1743 1377 1990 1431 disciplinae
2013 1393 2153 1420 carere

336 1455 372 1483 20
387 1442 539 1495 gloria,
579 1442 924 1489 Themistoclem,
964 1441 1294 1495 Epaminondam
1325 1441 1499 1482 bellicae
1529 1442 1706 1482 virtutis.
1758 1443 1865 1481 Ante
1897 1442 2007 1481 enim
2040 1442 2154 1482 Sala-

470 1629 501 1659 ⁶2.
528 1628 801 1667 contempnendus
824 1628 887 1658 GR
907 1645 940 1649 —
971 1628 1086 1658 «Totus
1110 1628 1212 1667 igilur
1235 1627 1284 1657 liic
1309 1627 1398 1657 locus
1424 1625 1477 1665 (de
1503 1625 1705 1657 humatione
1731 1626 1765 1657 et
1789 1624 1980 1666 sepultura)
2006 1630 2050 1657 est
2074 1636 2153 1658 con-

383 1678 570 1709 temnendus
593 1678 626 1707 in
650 1676 758 1711 nobis,
785 1686 848 1707 non
873 1676 1088 1716 neqleyendus
1112 1678 1145 1707 in
1169 1677 1303 1711 nostris,
1335 1677 1394 1707 *ita
1418 1679 1553 1706 tamen
1579 1676 1657 1713 (non
1685 1674 1956 1715 neglegendus),
1982 1679 2025 1706 ul
2048 1685 2152 1707 mor—

384 1732 546 1759 tuorum
569 1728 794 1766 (nostrorum)
821 1735 1003 1765 corpora
1026 1726 1135 1757 nihil
1164 1727 1257 1766 (ergo
1282 1735 1325 1757 ne
1351 1725 1565 1766 sepulturam
1592 1725 1747 1764 quidem)
1773 1725 1928 1755 sentire
1951 1725 2038 1754 vici
2065 1726 2150 1764 (nos,

384 1778 441 1818 qui
466 1775 625 1814 vivimus)
659 1776 889 1806 sentiamus
913 1774 1146 1814 (iudicemus).
1187 1776 1353 1814 Quantum
1380 1779 1489 1805 autem
1515 1775 1557 1812 (in
1584 1775 1655 1806 suis
1680 1774 1903 1815 sepeliendis)
1929 1776 2152 1805 consuetudini

381 1829 556 1868 famaeque
580 1827 725 1857 dandum
748 1826 804 1861 sit,
842 1826 874 1855 id
898 1829 1011 1856 curent
1040 1826 1142 1862 vivi,
1181 1826 1250 1856 sed
1281 1826 1356 1864 ila,
1392 1829 1434 1855 u!
1467 1825 1727 1864 intellegant
1759 1825 1864 1854 nihil
1895 1824 1939 1853 id
1964 1824 2153 1863 (quomodo

383 1877 606 1919 sepeliantur)
624 1877 673 1907 ad
697 1879 878 1906 mortuos
900 1876 1119 1914 pertinere,
1149 1876 1183 1905 ln
1210 1876 1408 1915 turpissima
1428 1875 1492 1905 liae
1518 1873 1702 1913 tautologia
1724 1875 1891 1912 Reiskius,
1918 1873 2010 1913 quod
2030 1873 2151 1911 sciam,

383 1928 477 1960 solus
510 1927 640 1963 haesit,
676 1925 734 1966 qui
767 1925 853 1956 hacc
886 1925 1082 1956 rectissime
1115 1926 1309 1956 annotavit:
1351 1938 1364 1952 «ι
1379 1926 1563 1965 Sequentia
1595 1924 1701 1955 verba
1737 1926 1938 1963 Quantum-
1958 1925 2155 1962 -perlincre

382 1978 544 2009 videntur
576 1976 670 2007 idem
703 1975 819 2005 dicere
853 1976 955 2014 atque
988 1975 1235 2014 praecedentia
1270 1976 1330 2014 [sc.
1357 1976 1404 2005 ila
1433 1975 1809 2014 tamen--sentiaian
1837 1976 1869 2005 et
1895 1973 2000 2005 altera
2028 1974 2152 2014 [eaque

383 2026 589 2066 accuratior]
623 2026 800 2057 Ciceronis
832 2024 1023 2056 elaboratio
1057 2025 1215 2056 eiusdem
1247 2027 1442 2057 sententiae
1476 2034 1553 2056 esse
1588 2024 1649 2064 [Cf.
1676 2026 1743 2055 Ait.
1770 2025 1862 2061 XVI,
1889 2023 1920 2062 3,
1948 2024 1990 2064 4].
2029 2025 2151 2055 Nolam

383 2077 563 2108 liturarum
589 2076 766 2106 Ciceronis
791 2076 824 2105 in
850 2074 912 2105 illis
937 2074 1018 2105 inihi
1045 2074 1166 2105 x‘ideor
1192 2075 1344 2107 videre.»
1378 2075 1514 2106 Scilicet
1541 2074 1646 2106 rerba
1675 2074 1728 2105 illa
1755 2075 1910 2105 correcta
1938 2075 2153 2113 (ita--sen-

382 2129 501 2158 liumus
526 2134 606 2157 cum
631 2125 704 2165 ipse
731 2125 853 2156 Cicero
879 2123 997 2155 delere
1024 2123 1151 2155 oblitus
1177 2128 1288 2162 essct,
1317 2135 1385 2157 non
1405 2126 1519 2156 omisit
1537 2124 1698 2156 librarius
1716 2123 1790 2161 ille,
1818 2124 1874 2164 qui
1895 2132 1974 2154 eum
1994 2123 2151 2155 codicem

382 2177 538 2217 scripsit,
566 2185 606 2206 ex
632 2183 701 2215 quo
727 2183 795 2205 non
822 2173 1010 2204 emendato
1038 2173 1090 2211 (cf.
1118 2174 1185 2204 Att.
1211 2174 1296 2208 XIII,
1324 2176 1375 2213 ²21)
1405 2175 1618 2214 archetypus
1643 2176 1842 2205 nostrorum
1869 2173 2031 2203 codicum
2058 2173 2153 2203 (ieri—

382 2229 482 2257 vatus
508 2226 572 2257 est.
610 2225 729 2263 Itaque
753 2224 799 2254 ila
817 2240 865 2245 --
881 2224 1062 2253 sentiamus
1086 2224 1183 2253 uncis
1209 2224 1366 2254 inclusi.»
1391 2225 1445 2255 W.
1474 2223 1523 2254 Cf.
1545 2224 1585 2254 IV
1609 2225 1629 2263 5
1647 2224 1698 2254 b25.
1723 2241 1755 2245 —-
1776 2224 1806 2253 5.
1826 2223 1859 2253 id
1875 2231 2052 2262 superscr.
2073 2222 2150 2254 ead.

384 2285 428 2307 m.
457 2278 488 2306 in
515 2276 539 2305 G
567 2291 600 2295 —
631 2274 681 2305 10.
709 2282 809 2312 quarn
834 2273 1013 2304 Davisius:
1041 2281 1124 2311 quae
1150 2274 1185 2304 C.
1215 2274 1263 2304 (If.
1292 2276 1310 2312 ᾗ
1333 2275 1406 2305 4Οῖ.
1428 2274 1500 2304 440.
1524 2291 1557 2295 -
1588 2274 1638 2303 44.
1665 2273 1819 2312 fortunae
1842 2273 1866 2303 B
1894 2290 1927 2294 —
1957 2271 2008 2304 44.
2036 2272 2155 2303 abierit

383 2328 427 2358 C:
455 2326 559 2357 aberit
582 2324 781 2362 Lambinus,
809 2325 833 2355 O
861 2341 895 2346 —
922 2324 988 2354 suis
1012 2322 1220 2355 Lambinus:
1246 2325 1380 2354 summis
1404 2324 1440 2354 C.
1473 2323 1691 2363 «Tregderus
1717 2332 1757 2353 ex
1776 2322 1976 2362 Archetypo
1993 2323 2148 2363 scripsit:

382 2377 546 2408 summis
568 2378 597 2405 el
617 2375 764 2413 propriis
787 2373 877 2405 bonis
900 2374 1007 2404 laudis
1029 2377 1056 2403 cl
1077 2374 1204 2413 yloriae
1222 2375 1411 2410 <Genitixus
1430 2373 1637 2409 definitivus,
1664 2372 1706 2403 de
1726 2381 1794 2412 quo
1813 2372 1855 2403 cf.
1876 2371 2010 2411 Madvig
2027 2372 2044 2412 g
2063 2373 2149 2411 286),

384 2427 482 2467 quasi
506 2427 579 2456 laus
602 2428 629 2455 el
653 2425 762 2464 gyloria
786 2433 802 2455 a
831 2424 998 2455 Cicerone
1024 2432 1151 2454 sumina
1176 2423 1267 2453 bona
1287 2423 1447 2453 dicantur
1471 2432 1510 2453 ac
1530 2430 1597 2452 non
1615 2422 1687 2461 ipse
1708 2422 1756 2451 sic
1774 2424 1912 2461 pergat:
1940 2422 2044 2452 nihil
2059 2421 2153 2452 habet

382 2477 416 2506 in
439 2485 470 2506 se
493 2475 620 2515 gloria,
647 2483 706 2504 cui·
729 2477 921 2512 cmpetatmw
955 2482 997 2504 ex
1023 2472 1179 2503 Lambini
1206 2473 1406 2503 coniectura
1434 2471 1535 2511 vulgo
1561 2473 1656 2502 recte
1682 2470 1880 2510 legebatur:
1911 2472 1996 2502 suis
2019 2476 2046 2502 el
2067 2480 2151 2510 pro—

379 2526 481 2565 priis3
517 2524 558 2555 cf.
587 2522 681 2564 quod
714 2531 818 2563 supra
845 2525 897 2553 est
923 2524 965 2561 (v.
993 2523 1040 2561 7):
1073 2524 1139 2553 suls
1168 2531 1201 2552 se
1224 2522 1374 2552 laudibus
1398 2524 1480 2560 ceti,
1511 2523 1544 2552 et
1569 2520 1663 2560 quod
1688 2521 1861 2560 sequitur:
1892 2521 2150 2561 ylort'a——vir-

384 2579 481 2606 tutem
505 2578 677 2612 tamquam
700 2572 844 2603 umbra
871 2574 971 2612 (quae
996 2580 1057 2602 sua
1082 2573 1251 2612 cuiusque
1277 2574 1310 2603 et
1331 2573 1470 2610 propria
1489 2572 1554 2609 est)
1579 2573 1735 2610 sequitur.
1771 2571 1820 2601 De
1845 2579 1922 2600 suus
1945 2575 1973 2601 el
1993 2571 2152 2610 proprius

386 2625 428 2657 cf.
456 2626 480 2663 Ι,
507 2625 559 2657 70.
585 2624 626 2662 V,
653 2623 706 2655 49.
733 2622 776 2653 de
801 2622 893 2653 Orat.
912 2622 952 2659 ΙΙ,
972 2621 1012 2652 39
1037 2621 1222 2661 (adsumpto
1246 2622 1378 2652 aliunde
1400 2622 1447 2652 uti
1464 2620 1557 2657 bono,
1582 2629 1645 2651 non
1668 2620 1806 2659 proprio
1825 2628 1882 2650 nec
1898 2619 1980 2660 suo).
2006 2628 2039 2660 p,
2061 2620 2150 2651 Cae-

386 2676 460 2706 cina
486 2675 505 2714 5
530 2676 564 2705 51
594 2674 661 2705 suis
683 2672 780 2704 certis
803 2680 842 2702 ac
863 2672 1009 2711 propriis
1030 2671 1207 2702 vocabulis.
1239 2670 1355 2701 FamiI.
1386 2671 1422 2707 V,
1450 2670 1502 2708 44,
1529 2670 1547 2701 3
1571 2670 1833 2700 consuetudinem
1849 2686 1897 2692 --
1915 2673 2022 2699 luam
2052 2669 2151 2700 solius

385 2734 424 2756 ac
442 2724 628 2764 propriam.
661 2724 710 2753 De
734 2720 989 2753 vocabulorum
1013 2730 1091 2751 suus
1115 2723 1149 2752 et
1172 2730 1318 2751 summus
1342 2721 1543 2751 confusione
1569 2720 1611 2751 ct.
1632 2728 1664 2759 p.
1687 2720 1788 2750 Corn.
1810 2718 1915 2750 Balbo
1933 2719 1953 2759 §
1970 2719 2023 2749 56.
2050 2719 2148 2752 Ovid.

387 2775 474 2805 Fast.
502 2775 556 2812 111,
576 2773 650 2805 34.»
676 2773 731 2803 W.
761 2790 796 2794 —
823 2771 912 2802 bonis
935 2774 964 2802 el
986 2771 1093 2801 laudis
1115 2771 1139 2801 B
1155 2771 1179 2802 O
1200 2789 1233 2791 —
1255 2772 1304 2801 45.
1331 2770 1447 2801 habent
1465 2769 1537 2808 (sed
1555 2768 1667 2800 littera
1685 2779 1703 2799 n
1724 2778 1803 2800 cum
1822 2771 1952 2809 puncto
1971 2771 2005 2800 et
2022 2769 2148 2800 deinde

386 2822 495 2861 erasa)
522 2824 546 2853 G
572 2839 606 2845 -
635 2825 831 2861 expeclalw·
855 2822 918 2852 GR
944 2821 1141 2861 (et-petatur,
1168 2819 1278 2851 littera
1304 2821 1394 2851 inter
1417 2829 1433 2851 e
1457 2821 1490 2850 et
1514 2823 1524 2849 l
1549 2827 1661 2856 erasa,
1682 2820 1716 2858 B)
1744 2836 1777 2840 -
1806 2820 1858 2850 20.
1885 2819 2060 2850 Salamina
2077 2820 2150 2850 Ma-

386 2874 518 2904 nutius:
546 2871 752 2902 Salaminam
778 2871 853 2903 CO.
889 2871 986 2902 «Mihi
1013 2879 1081 2901 non
1108 2869 1253 2900 dubium
1281 2872 1352 2905 est,
1385 2870 1466 2909 quin
1493 2870 1615 2900 Cicero
1640 2871 1699 2899 aut
1722 2869 1894 2900 Salamina
1920 2871 1979 2900 aut
2002 2869 2149 2900 Salami-

385 2932 457 2953 nem
488 2922 677 2962 scripserit.
715 2921 779 2959 Cf..
806 2922 842 2951 ut
866 2921 1023 2951 omittam
1052 2920 1183 2950 aethera
1209 2921 1243 2949 ct
1267 2922 1368 2958 aera,
1402 2920 1421 2959 ς
1448 2919 1509 2950 405
1533 2920 1684 2950 Hectora.
1722 2921 1789 2950 Att.
1815 2919 1901 2956 XVI,
1928 2918 1959 2957 4,
1987 2920 1999 2950 4
2028 2920 2150 2950 Nesida

388 2973 430 3011 (4,
457 2972 468 3002 4
498 2971 669 3011 Nesidem).
706 2971 792 3010 XIV,
820 2970 871 3009 44,
898 2971 917 3001 2
942 2970 1123 3009 tyrannida
1148 2969 1253 3008 (Offic.
1274 2970 1327 3007 III,
1351 2969 1390 3000 90
1415 2970 1647 3008 tyrannidem).
1674 2968 1792 3000 Famil.
1811 2968 2005 3007 XV1‚4“2,3
2029 2969 2149 3000 hebdo-

385 3022 496 3053 mada.
531 3021 654 3060 (Quam
686 3021 810 3051 Cicero
841 3021 915 3060 ipse
948 3022 1115 3051 Graecam
1147 3019 1428 3049 terminationem
1461 3028 1527 3050 non
1560 3021 1767 3060 aspernatus
1792 3019 1853 3056 sit,
1885 3017 2082 3058 intelligitur
2107 3028 2147 3050 ex

386 3071 486 3102 Attic.
512 3070 582 3106 V11,
609 3070 639 3106 3,
666 3070 718 3101 40.
746 3070 804 3100 ubi
830 3070 874 3101 ab
898 3071 1010 3101 Attico
1035 3069 1292 3110 reprehensus,
1320 3068 1412 3108 quod
1438 3069 1493 3106 VI,
1512 3069 1542 3106 Ο,
1564 3070 1575 3099 4
1605 3069 1641 3099 In
1657 3069 1794 3099 Piraeea
1817 3077 1890 3099 cum
1907 3069 2043 3099 exissem
2059 3069 2148 3100 scri-

388 3120 532 3160 psisset,
559 3118 748 3160 respondet
773 3132 787 3147 α
799 3128 836 3151 se
862 3121 972 3159 magis
998 3118 1330 3160 reprehendendum
1358 3127 1448 3157 esse,
1476 3119 1567 3159 quod
1589 3119 1692 3150 tiomo
1709 3119 1885 3150 Romanus
1901 3118 2037 3148 Piraeea
2059 3118 2147 3149 scri-

388 3170 531 3211 psisset,
569 3177 656 3207 non,
691 3170 728 3200 ut
758 3178 880 3201 omnes
904 3170 1046 3202 Romani
1073 3169 1266 3210 (Caecilius,
1292 3169 1490 3206 Terentius,
1525 3168 1610 3207 alii),
1641 3169 1829 3205 Piraeeum,
1864 3176 1969 3207 quam
1996 3167 2088 3208 quod
2112 3168 2146 3198 in

389 3219 530 3259 (nomini
553 3218 630 3258 loci,
657 3228 725 3250 non
750 3220 870 3259 oppidi)
895 3220 1097 3252 addidisset.
1124 3219 1173 3251 Cf.
1201 3218 1317 3251 Famil.
1344 3220 1428 3257 XIII,
1455 3219 1507 3257 56,
1529 3220 1540 3249 4
1569 3219 1705 3257 Mylasis
1727 3222 1757 3250 el
1770 3218 1948 3250 Alabandis
1965 3219 1994 3258 (i.
2016 3227 2046 3249 e.
2065 3217 2145 3249 Μυ-

387 3267 515 3308 λασεῑς
546 3268 609 3300 καὶ
636 3264 889 3310 Ἀλαβανὸεῐς,
925 3270 967 3302 cf.
993 3271 1087 3302 Brut.
1114 3270 1132 3311 ἓ
1158 3269 1219 3301 325
1248 3268 1471 3308 Alabandeus)
1499 3268 1675 3308 pecuniam
1705 3268 1817 3300 Cluvio
1848 3267 1976 3305 debent3
2012 3266 2143 3299 ibidem
