2249 3624
327 126 410 169 408
926 121 999 164 DE
1028 120 1256 163 DEORUM
1284 119 1501 162 NATURA

326 233 369 276 id
407 233 557 275 melius
597 236 660 273 est
703 243 829 285 quam
867 228 930 277 id,
972 229 1086 283 quod
1124 227 1288 268 ratione
1318 239 1405 266 non
1436 225 1588 266 utitur:
1633 225 1739 267 nihil
1769 231 1910 268 autem
1939 227 2097 269 mundo

327 297 505 340 melius:
536 295 699 336 ratione
729 292 857 346 igitur
885 291 1066 334 mundus
1097 291 1267 331 utitur.»
1325 288 1529 329 Similiter
1559 286 1668 330 effici
1698 294 1839 343 potest
1868 290 2100 343 sapientem

328 375 422 403 esse
461 359 687 406 mundum,
729 357 915 397 similiter
954 357 1141 401 beatum,
1181 351 1372 392 similiter
1407 355 1644 400 aeternum
1684 352 1825 392 omnia
1856 353 1966 393 enim
1996 353 2101 394 haec

327 423 504 464 meliora
542 425 639 461 sunt
679 432 804 473 quam
845 432 911 467 ea,
959 430 1065 472 quae
1106 419 1203 455 sunt
1232 413 1297 454 his
1328 414 1532 461 carentia,
1579 427 1658 454 nec
1690 414 1844 455 mundo
1875 415 2102 469 quicquam

295 485 503 526 amelius:
536 497 589 524 ex
620 496 705 536 quo
738 480 919 522 efficitur
949 493 1042 522 esse
1073 477 1278 519 mundum
1309 475 1448 516 deum.
1511 473 1578 516 22.
1609 477 1812 531 Idemque
1841 477 1923 518 hoc
1954 477 2103 518 modo:

330 546 522 587 «Nullius
563 559 690 587 sensu
721 547 901 587 carentis
939 558 1036 598 pars
1067 543 1211 596 aliqua
1240 544 1377 593 potest
1409 552 1501 579 csse
1533 540 1746 580 sentiens:
1788 540 1934 581 mundi
1965 545 2103 582 autem

326 613 467 663 partes
499 609 728 648 sentientes
761 614 885 649 sunt:
916 621 1003 647 non
1034 605 1161 659 igitur
1192 607 1304 644 caret
1335 615 1461 643 sensu
1493 601 1713 642 mundus.»
1764 603 1904 655 Pergit
1927 603 2037 644 idem
2065 609 2106 645 et

326 674 479 724 urguet
509 671 750 723 angustius:
786 670 975 718 «Nihi1,»
1017 668 1153 721 inquit
1192 665 1333 720 «quod
1364 665 1491 706 animi
1523 666 1723 719 quodque
1753 667 1927 707 rationis
1950 672 2012 707 est
2033 680 2105 707 ex-

327 746 443 788 pers,
473 733 515 773 id
547 746 748 786 generare
780 747 833 773 ex
864 746 908 773 se
940 736 1076 787 potest
1107 730 1359 770 animantem
1392 733 1714 782 compotemque
1745 728 1944 769 rationis:
1985 743 2106 769 mun—

279 809 314 839 to
329 795 407 835 dus
447 800 588 836 autem
628 799 800 849 generat
843 793 1067 835 animantis
1099 796 1384 845 conpotesque
1415 792 1617 831 rationis:
1665 792 1855 832 animans
1887 798 1951 833 est
1979 792 2107 845 igitur

328 857 512 899 mundus
544 871 802 912 composque
833 856 1048 898 rationis.»
1101 856 1304 909 Idemque
1336 855 1634 902 similitudine,
1666 860 1713 894 ut
1734 868 1860 908 saepe
1883 855 2011 903 solet,
2042 868 2106 895 ra-

328 919 488 960 tionem
520 920 727 960 conclusit
757 920 838 960 hoc
869 919 1023 960 modo:
1067 918 1135 958 «Si
1169 931 1222 958 ex
1253 917 1364 957 oliva
1401 917 1614 957 modulate
1646 922 1843 958 canentes
1875 917 2001 958 tibiae
2032 930 2106 958 na-

329 988 564 1031 scerentur,
594 997 697 1024 num
730 983 942 1024 dubitares
965 982 1069 1035 quin
1090 982 1249 1021 inesset
1269 980 1312 1019 in
1340 980 1450 1020 oliva
1471 980 1649 1020 tibicinii
1672 980 1879 1034 quaedam
1902 981 2105 1021 scientia?

330 1044 461 1094 Quid,
494 1047 528 1086 si
559 1045 717 1100 platani
750 1043 940 1086 fidiculas
971 1044 1129 1085 ferrent
1159 1056 1384 1084 numerose
1416 1045 1648 1083 sonantes?
1678 1043 1790 1083 idem
1822 1043 1980 1084 scilicet
2010 1056 2107 1084 cen-

277 1121 315 1151 ⁴5
329 1121 442 1149 seres
483 1108 527 1147 in
567 1108 748 1162 platanis
786 1110 924 1149 inesse
961 1108 1174 1148 musicam.
1227 1106 1308 1146 Cur
1338 1105 1464 1159 igitur
1494 1106 1674 1146 mundus
1706 1120 1791 1146 non
1822 1107 2012 1147 animans
2044 1120 2108 1147 sa-

327 1170 537 1225 piensque
567 1170 793 1219 iudicetur,
826 1184 918 1211 cum
951 1184 1003 1211 ex
1034 1184 1077 1211 se
1108 1174 1300 1223 procreet
1333 1169 1559 1209 animantis
1589 1174 1717 1223 atque
1749 1170 2019 1223 sapientis‘h)

440 1234 513 1274 IX.
545 1231 614 1273 23.
645 1233 729 1274 Sed
760 1234 959 1288 quoniam
991 1233 1109 1287 coepi
1141 1246 1261 1273 secus
1292 1245 1416 1285 agere
1448 1237 1574 1286 atque
1605 1232 1725 1273 initio
1749 1232 1939 1274 dixeram
1961 1256 2013 1261 —
2034 1247 2108 1274 ne-

329 1309 470 1351 garam
511 1296 623 1336 enim
660 1296 769 1337 hanc
807 1297 982 1351 primam
1021 1300 1182 1350 partem
1215 1307 1337 1348 egere
1369 1295 1579 1343 oratione,
1624 1294 1740 1348 quod
1773 1300 1884 1336 esset
1913 1296 2108 1337 omnibus

328 1359 598 1414 perspicuum
629 1359 731 1400 deos
763 1373 855 1400 esse
885 1380 963 1407 —-,
996 1364 1135 1399 tamen
1166 1358 1208 1399 id
1240 1359 1375 1413 ipsum
1397 1358 1629 1398 rationibus
1652 1358 1839 1413 physicis
1862 1356 2108 1400 confirmare

281 1422 442 1465 20volo.
502 1422 569 1462 Sic
606 1423 717 1463 enim
752 1437 819 1464 res
855 1436 899 1463 se
935 1422 1081 1470 habet,
1112 1426 1157 1462 ut
1195 1421 1356 1470 omnia,
1388 1435 1494 1475 quae
1531 1421 1702 1461 aluntur
1737 1427 1864 1476 atque
1903 1426 2108 1470 crescunt,

331 1487 576 1529 contineant
613 1487 658 1526 in
698 1500 742 1526 se
774 1486 856 1527 vim
888 1485 1060 1534 caloris,
1100 1485 1190 1525 sine
1222 1498 1306 1538 qua
1335 1498 1476 1539 neque
1507 1484 1562 1525 ali
1592 1489 1766 1538 possent
1796 1498 1874 1524 nec
1907 1497 2107 1526 crescere.

330 1551 436 1591 Nam
477 1563 618 1598 omne,
662 1549 776 1604 quod
818 1554 882 1590 est
922 1548 1106 1588 calidum
1147 1552 1187 1588 et
1222 1548 1411 1600 igneum,
1453 1547 1586 1587 cietur
1616 1552 1657 1587 et
1697 1548 1832 1600 agitur
1861 1554 1975 1589 motu
2007 1562 2108 1598 suo;

332 1613 446 1668 quod
476 1618 616 1654 autem
647 1612 773 1652 alitur
804 1617 843 1652 et
874 1612 1024 1652 crescit
1054 1615 1171 1651 motu
1204 1610 1385 1664 quodam
1417 1610 1544 1650 utitur
1571 1616 1684 1650 certo
1708 1616 1749 1651 et
1769 1611 2003 1664 aequabili,
2036 1611 2109 1666 qui

332 1689 458 1731 quam
490 1675 564 1716 diu
594 1679 783 1715 remanet
812 1675 854 1714 in
884 1672 1029 1722 nobis,
1062 1679 1144 1714 tam
1176 1673 1246 1713 diu
1278 1685 1426 1713 sensus
1449 1677 1489 1713 et
1513 1672 1598 1713 vita
1619 1678 1831 1722 remanet3
1863 1673 2108 1728 refrigerato

279 1747 317 1779 25
332 1743 474 1780 autem
505 1742 545 1777 et
575 1738 762 1778 extincto
795 1737 933 1777 calore
966 1736 1198 1777 occidimus
1229 1736 1312 1789 ipsi
1344 1739 1385 1776 et
1416 1735 1713 1788 extinguimur.
1763 1733 1829 1775 24.
1865 1736 1988 1785 Quod
2017 1738 2109 1792 qui-

332 1801 429 1842 dem
462 1799 684 1841 Cleanthes
725 1800 790 1840 his
831 1800 956 1840 etiam
995 1798 1252 1852 argumentis
1286 1798 1429 1846 docet,
1469 1802 1627 1852 quanta
1658 1798 1721 1839 vis
1752 1798 1852 1839 insit
1882 1799 2034 1840 caloris
2065 1801 2110 1840 in

333 1864 448 1905 omni
478 1877 679 1917 corpore:
710 1868 836 1916 negat
866 1863 976 1903 enim
999 1875 1092 1903 esse
1123 1862 1254 1902 ullum
1287 1859 1427 1902 cibum
1458 1866 1543 1902 tam
1573 1874 1762 1915 gravem,
1795 1863 1898 1915 quin
1928 1863 1963 1903 is
1987 1867 2110 1903 nocte

334 1932 375 1968 et
405 1927 473 1968 die
505 1931 812 1981 comoquatur,
843 1928 959 1966 cuius
991 1925 1117 1965 etiam
1148 1925 1190 1964 in
1221 1925 1412 1978 reliquiis
1444 1925 1554 1965 inest
1584 1925 1694 1965 calor
1724 1924 1796 1973 iis,
1828 1938 1931 1978 quas
1962 1931 2111 1966 natura

332 1990 557 2044 respuerit.
602 1990 689 2030 Iam
720 2002 819 2029 vero
851 2002 983 2029 venae
1016 1994 1056 2029 et
1086 1989 1261 2028 arteriae
1284 1987 1437 2028 micare
1460 2002 1543 2027 non
1566 1987 1764 2028 desinunt
1785 1988 1904 2042 quasi
1926 1989 2110 2043 quodam

282 2054 458 2108 30igneo
504 2057 639 2100 motu,
680 2051 1099 2105 animadversumque
1142 2064 1266 2104 saepe
1310 2056 1392 2097 est,
1435 2064 1526 2090 cum
1568 2063 1640 2090 cor
1678 2050 1902 2091 animantis
1933 2051 2110 2092 alicuius

335 2116 522 2158 evolsum
552 2115 612 2155 ita
642 2115 850 2156 mobiliter
880 2115 1123 2168 palpitaret,
1155 2119 1200 2154 ut
1230 2114 1464 2154 imitaretur
1484 2113 1650 2166 igneam
1672 2113 1939 2154 celeritatem.
1977 2114 2111 2155 Omne

334 2178 482 2232 igitur,
515 2178 629 2232 quod
661 2178 783 2226 vivit,
817 2179 902 2219 sive
935 2177 1090 2217 animal
1121 2178 1209 2217 sive
1241 2183 1351 2217 terra
1374 2177 1553 2224 editum,
1586 2176 1628 2215 id
1650 2176 1750 2217 vivit
1779 2182 1951 2230 propter
1977 2178 2111 2218 inclu-

337 2255 428 2282 sum
469 2241 513 2281 in
553 2254 603 2281 eo
645 2241 839 2281 calorem.
889 2241 953 2280 Ex
993 2253 1078 2294 quo
1119 2240 1305 2292 intellegi
1339 2238 1462 2279 debet
1494 2253 1584 2279 eam
1626 2240 1774 2280 caloris
1805 2247 1996 2280 naturam
2028 2240 2110 2280 vim

335 2304 491 2345 habere
530 2303 575 2343 in
616 2318 660 2344 se
701 2304 869 2344 vitalem
908 2317 982 2357 per
1023 2317 1187 2343 omnem
1220 2303 1421 2343 mundum
1460 2304 1752 2356 pertinentem.
1803 2301 1870 2342 25.
1901 2304 2038 2356 Atque
2068 2302 2111 2343 id

285 2380 322 2409 35
336 2367 500 2408 facilius
541 2380 760 2407 cernemus
798 2371 885 2407 toto
926 2379 1077 2418 genere
1109 2367 1189 2406 hoc
1220 2367 1365 2419 igneo,
1406 2367 1518 2420 quod
1550 2372 1688 2407 tranat
1718 2367 1873 2414 omnia,
1914 2366 2111 2406 subtilius

338 2430 561 2484 explicato.
612 2429 768 2470 Omnes
798 2430 926 2483 igitur
954 2433 1092 2482 partes
1125 2428 1270 2468 mundi
1301 2450 1354 2456 —
1384 2433 1552 2482 tangam
1580 2434 1721 2469 autem
1742 2429 1947 2470 maximas
1968 2451 2024 2457 —-
2046 2441 2113 2469 ca-

425 2618 457 2650 4.
483 2627 549 2650 ηοη
574 2618 762 2659 (superscr.
789 2626 837 2649 m.
864 2625 937 2649 sec.
963 2616 1031 2656 ozee>
1057 2617 1084 2647 V
1112 2634 1146 2639 —
1182 2618 1212 2648 5.
1240 2616 1399 2657 efficietur
1422 2617 1486 2648 AB
1502 2616 1530 2647 V
1557 2634 1591 2639 —
1619 2616 1649 2648 6.
1675 2616 1797 2647 nuliius
1820 2625 1911 2648 corr.
1939 2625 1981 2648 ex
2004 2616 2113 2648 nullus

337 2670 366 2702 A
392 2687 426 2691 —
454 2669 486 2701 8.
512 2669 629 2710 inquid
652 2670 678 2700 A
694 2666 769 2700 B¹C
799 2686 833 2690 —
860 2671 905 2699 est
930 2668 1118 2708 (superscr.
1138 2675 1184 2698 m.
1205 2675 1276 2698 sec.
1296 2668 1346 2705 sit)
1372 2667 1401 2697 V
1421 2685 1456 2689 —
1482 2666 1626 2706 erpersit
1649 2675 1810 2706 qenerare
1833 2666 1923 2697 B1—
1952 2666 2004 2697 40.
2022 2675 2114 2697 com-

334 2723 490 2760 potesque
515 2721 537 2750 P
564 2736 599 2741 —
628 2718 679 2750 43.
706 2718 831 2750 tibicini
856 2716 885 2750 91
911 2735 946 2739 —
979 2717 1030 2749 44.
1058 2718 1085 2748 si
1106 2717 1239 2756 platani
1256 2734 1304 2739 -—
1320 2725 1498 2748 numerosa
1521 2719 1674 2748 sonantes
1696 2715 1893 2747 Priscianus
1918 2716 1972 2753 ΙΙΙ,
1998 2716 2030 2754 5,
2057 2716 2110 2747 30.

343 2786 378 2792 -
405 2769 458 2800 46.
480 2772 633 2808 procreet
658 2769 697 2809 (et
722 2778 763 2800 ex
789 2769 1010 2800 correctione
1035 2769 1068 2799 in
1093 2768 1174 2805 ras.)
1201 2768 1244 2805 B;
1266 2770 1423 2807 procreat
1448 2767 1472 2798 E
1494 2785 1528 2791 —
1557 2767 1608 2798 47.
1634 2766 1727 2806 caepi
1752 2766 1819 2798 CV
1839 2783 1872 2788 —
1900 2765 1994 2796 initio
2018 2774 2111 2797 corr.

340 2828 383 2851 ex
405 2818 501 2850 initia
530 2819 554 2850 B
586 2837 621 2842 —
656 2820 709 2851 49.
733 2820 845 2860 fysicis
872 2820 907 2851 id
933 2823 979 2851 est
1008 2818 1220 2850 naturatibus
1251 2817 1445 2858 confirmari
1469 2816 1497 2849 Ἡ
1526 2834 1559 2839 —-
1590 2817 1643 2848 20.
1670 2817 1841 2848 aluntur·
1858 2818 2006 2847 crescunt
2031 2814 2110 2847 cod.

341 2867 600 2908 Glogaviensis:
632 2870 772 2902 alantur
787 2888 804 2893 —
821 2873 970 2902 crescant
993 2868 1060 2902 210
1089 2887 1123 2891 —-
1151 2872 1248 2908 alque
1273 2877 1358 2899 nos:
1387 2871 1416 2899 et
1441 2876 1525 2907 quac
1548 2869 1573 2899 A
1588 2867 1612 2898 B
1628 2867 1651 2898 C
1668 2866 1756 2904 PV3
1790 2869 1821 2898 et
1845 2866 1869 2897 E
1884 2867 1909 2897 Ο
1937 2883 1970 2888 -
1998 2866 2052 2897 24.
2076 2867 2113 2898 in

338 2927 372 2950 se
395 2919 564 2957 quandam
585 2921 652 2951 viiii
677 2921 857 2961 (quandam
880 2928 1058 2961 superscr.
1085 2928 1132 2951 m.
1159 2919 1245 2957 sec.)
1270 2918 1299 2949 V
1325 2935 1359 2940 -
1387 2927 1444 2950 nec
1468 2917 1519 2951 <212
1545 2926 1649 2956 neque
1672 2917 1697 2948 Ο
1725 2934 1758 2939 -
1786 2916 1839 2948 23.
1866 2920 1895 2949 et
1912 2925 1980 2948 orn.
2001 2916 2036 2947 in
2054 2924 2113 2947 ra-

341 2976 424 3000 sura
448 2968 476 2998 V
503 2987 537 2991 —
565 2970 679 3002 crescit
702 2979 792 3002 corr.
818 2971 853 3002 in
877 2973 996 3002 crescet
1018 2969 1048 3000 V
1075 2987 1109 2991 —-
1137 2969 1314 3009 quicqu-am
1340 2969 1396 2999 diu
1421 2967 1493 3007 (litt.
1512 2977 1529 2999 c
1548 2968 1660 3005 erasa)
1686 2967 1715 2998 V
1734 2984 1769 2989 ——
1796 2966 1848 2998 26.
1875 2966 1937 2996 hiis
1960 2965 2047 3002 AV;
2071 2966 2113 2997 iis

342 3018 368 3050 C
396 3034 431 3039 -
458 3018 511 3049 27.
537 3019 640 3051 ullam
663 3029 729 3052 esse
752 3021 777 3053 O
806 3037 840 3042 —-
866 3020 970 3051 ullam
993 3018 1033 3051 V¹
1052 3036 1086 3041 -
1113 3020 1166 3052 die
1189 3022 1219 3050 et
1240 3021 1333 3050 nocte
1357 3019 1382 3049 Ο
1402 3035 1435 3040 —-
1456 3017 1509 3049 28.
1528 3018 1620 3049 cuius
1638 3018 1828 3058 (superscr.
1848 3024 1895 3047 m.
1914 3023 1987 3046 sec.
2005 3015 2109 3054 huius)

342 3067 372 3098 V
394 3084 438 3090 -
460 3067 609 3106 reliquiis
632 3078 721 3102 corr.
750 3079 791 3102 ex
814 3071 950 3110 reliquis
973 3071 1018 3107 A;
1044 3070 1180 3110 reliquis
1203 3070 1227 3101 E
1255 3087 1289 3091 —
1316 3069 1397 3100 inest
1423 3068 1524 3108 (corr.
1552 3076 1595 3099 ex
1618 3067 1673 3107 est)
1701 3066 1747 3104 V;
1773 3066 1850 3097 insit
1874 3063 2109 3096 Heindorfius.

345 3135 381 3140 -—
407 3118 448 3149 iis
471 3117 505 3149 in
531 3127 598 3150 ras.
626 3121 673 3159 B3
699 3121 760 3152 hiis
785 3120 856 3162 (litt.
883 3122 903 3152 h
927 3122 1039 3161 erasa)
1064 3120 1108 3156 V;
1133 3121 1162 3151 is
1186 3119 1210 3150 E
1240 3137 1274 3140 —
1301 3118 1354 3150 29.
1380 3121 1409 3149 et
1434 3119 1467 3149 in
1492 3126 1560 3149 ras.
1590 3125 1636 3148 m.
1664 3124 1736 3148 sec.
1756 3115 1783 3146 V
1803 3132 1837 3137 ——
1856 3115 1908 3147 30.
1927 3115 2112 3146 animantes

344 3167 538 3209 (superscr.
570 3169 593 3208 i)
618 3170 645 3200 A
678 3188 712 3193 —
746 3171 798 3202 34.
825 3172 971 3203 euolsum
1000 3171 1077 3202 A¹B
1093 3170 1116 3201 C
1132 3169 1192 3200 V¹z
1225 3168 1373 3201 euulsum
1397 3169 1567 3200 A2EV2O
1595 3185 1629 3190 -
1661 3170 1698 3198 ut
1726 3166 1916 3198 imitaretur
1941 3165 1974 3196 in
1999 3173 2108 3205 marg.

346 3217 424 3250 ead.
451 3226 498 3249 m.
524 3217 632 3250 habet
656 3220 683 3251 A
705 3238 748 3244 —-
779 3221 831 3254 35.
857 3222 1010 3262 suptilius
1032 3220 1200 3262 explicata
1225 3220 1413 3261 (superscr.
1439 3220 1467 3258 o)
1492 3219 1516 3251 B
1545 3236 1580 3241 —-
1612 3217 1664 3250 36.
1691 3217 1806 3249 mundi
1829 3216 1980 3249 mammo
2002 3215 2113 3248 calore

344 3276 387 3301 ex
413 3267 630 3301 correctione
655 3270 691 3303 C.
