2249 3624
492 143 579 183 Lm.
611 142 657 182 V.
699 141 796 182 CAP.
829 139 1192 180 XXIII—XXIV.
1232 137 1290 191 §§
1323 136 1520 179 63—69.
1808 131 1887 174 497

130 262 169 297 et
199 258 268 304 iis,
302 257 371 310 qui
404 255 569 309 publice
601 255 702 294 socii
737 259 861 307 atque
893 253 1013 292 amici
1040 257 1154 298 sunt,
1188 251 1336 291 deinde
1358 251 1485 290 totius
1508 250 1730 302 complexu
1751 249 1887 301 gentis

129 320 352 360 humanae:
386 331 492 371 quae
523 318 650 357 animi
682 317 846 355 all'cctio
887 330 1003 354 suuni
1037 315 1193 367 cuique
1228 314 1412 352 tribuens
1443 319 1569 365 atque
1602 313 1726 359 hauc,
1760 324 1885 364 quam

130 383 243 427 dico,
276 382 514 420 societatem
548 378 855 418 coniunctionis
887 378 1090 416 humanae
1124 376 1315 416 munifice
1349 381 1389 415 et
1410 388 1545 428 aeque
1577 380 1697 414 tuens
1729 373 1888 413 iustitia

127 444 286 484 dicitur.
321 443 386 482 cui
410 448 502 481 sunt
526 442 746 480 adiunctae
781 441 921 492 pictas.
955 440 1130 482 bouitas.
1166 439 1403 484 liberalitas,
1435 437 1683 489 benignitas,
1715 435 1887 475 comitas

126 519 321 558 quaeque
353 511 447 543 suut
479 504 643 555 generis
676 502 876 541 eiusdem.
935 505 1069 554 Atque
1102 501 1201 540 haec
1234 502 1286 540 ita
1310 502 1491 540 iustitiae
1515 500 1681 552 propria
1704 504 1812 544 sunt,
1844 502 1918 536 ut5

126 567 207 606 sint
247 568 442 605 virtutum
486 566 734 617 reliquarum
770 564 1016 602 communia.
1079 562 1142 600 titi.
1179 565 1278 601 Nam
1312 577 1403 601 cuin
1437 563 1493 600 sic
1524 561 1707 600 hominis
1739 565 1887 599 natura

126 634 318 681 generata
351 628 424 672 sit,
458 633 499 665 ut
532 627 678 665 habeat
713 626 910 678 quiddam
946 627 1176 677 ingenitum
1210 627 1329 679 quasi
1362 626 1481 665 civile
1513 631 1638 678 atque
1672 622 1887 678 populare,

125 690 234 744 quud
268 690 409 728 Graeci
444 688 662 728 πολιτικόν
695 694 864 732 vocant,
898 688 1101 740 quicquid
1135 695 1229 739 aget
1262 701 1455 740 quaeque
1488 688 1636 732 virtus,
1668 685 1709 724 id
1736 698 1758 724 a
1780 697 1888 723 com·

125 752 321 790 munitate
354 757 391 789 et
425 764 494 795 ea,
528 763 650 802 quau)
685 750 881 801 exposui,
916 750 1086 788 caritate
1118 763 1164 788 ac
1197 751 1397 789 societate
1429 750 1609 788 humana
1633 762 1715 787 non
1739 746 1888 786 abhor-

124 814 246 859 rebit,
281 812 548 864 vicissimque
583 811 751 855 iustitia,
784 815 827 848 ut
861 811 947 862 ipsa
981 825 1023 849 sc
1057 811 1203 850 fundet
1229 810 1336 863 lusu]
1368 813 1407 851 iu
1431 818 1590 850 ceteras
1613 811 1797 855 virtutes,
1829 808 1938 847 sicto

126 876 216 914 illas
258 880 450 926 expetet;
483 874 636 912 servari
672 873 780 911 euim
815 873 969 911 iustitia
1004 873 1080 911 nisi
1114 886 1135 911 a
1168 873 1263 912 forti
1288 874 1387 920 viro,
1421 875 1497 913 nisi
1530 886 1553 912 a
1585 873 1771 925 sapiente
1804 883 1887 909 non

123 943 269 991 potest.
323 936 469 984 Qualis
503 941 562 974 est
597 935 720 986 igitur
752 935 884 973 omnis
909 935 1032 981 haec,
1065 949 1187 987 quam
1212 935 1324 982 dico,
1358 936 1614 988 conspiratio
1638 945 1888 973 consensus-

122 1012 203 1052 que
238 999 455 1043 virtutum,
490 998 569 1036 talc
603 1003 663 1035 est
696 996 796 1035 illud
830 996 965 1048 ipsum
1000 997 1244 1044 honestum,
1277 998 1447 1050 quando
1470 997 1637 1050 quidem
1665 996 1888 1034 honestum

122 1067 189 1101 aut
223 1061 312 1113 ipsa
346 1061 474 1099 virtus
507 1065 569 1098 est
601 1065 671 1098 aut
703 1072 767 1097 res
800 1064 915 1109 gesta
946 1059 1122 1098 virtute:
1165 1060 1316 1113 quibus
1348 1060 1472 1098 rebus
1504 1060 1587 1098 vita
1618 1056 1888 1097 consentiens

122 1122 427 1176 virtutibusque
469 1122 727 1174 respondeus
770 1127 880 1160 recta
922 1127 959 1160 et
1007 1121 1178 1160 honesta
1219 1128 1258 1161 et
1290 1128 1484 1161 constans
1517 1127 1558 1161 et
1589 1126 1760 1159 naturae
1792 1131 1939 1161 con-45

122 1198 274 1238 grucns
307 1184 533 1223 existimari
569 1189 718 1235 potest.
780 1182 846 1222 67.
878 1185 1012 1236 Atque
1044 1184 1146 1222 haec
1178 1184 1417 1224 coniunctio
1451 1183 1728 1235 confusioque
1760 1181 1891 1219 virtu-

122 1253 208 1286 tum
249 1252 385 1285 tamen
426 1259 448 1285 a
488 1246 750 1298 philosophis
793 1246 952 1284 ratione
996 1246 1174 1299 quadam
1216 1246 1496 1298 distinguitur.
1560 1246 1663 1284 Nam
1706 1257 1798 1283 cum
1833 1243 1891 1282 ita

122 1308 339 1362 copulatae
380 1321 651 1360 conexaeque
692 1308 794 1354 sint,
836 1313 880 1347 ut
911 1321 1055 1347 omnes
1087 1309 1270 1348 omnium
1303 1309 1528 1361 participes
1560 1308 1662 1355 sint,
1702 1320 1778 1347 nec
1809 1305 1891 1345 alia

121 1371 172 1411 ab
204 1371 285 1409 alia
318 1370 449 1422 possit
481 1370 684 1422 separari,
727 1376 861 1409 tamen
903 1371 1111 1423 proprium
1151 1384 1270 1410 suum
1304 1371 1508 1423 cuiusque
1540 1383 1691 1410 munus
1723 1374 1808 1415 est,
1845 1372 1892 1407 ut

121 1432 322 1472 fortitudo
356 1432 397 1471 in
429 1432 642 1471 laboribus
676 1433 955 1486 periculisque
987 1438 1199 1479 cernatur,
1244 1433 1520 1486 temperantia
1557 1433 1600 1472 in
1632 1430 1940 1485 praetermit-20

121 1494 257 1534 tendis
289 1494 591 1547 voluptatibus,
635 1494 855 1547 prudentia
900 1495 939 1533 in
974 1495 1128 1534 dilectu
1158 1495 1364 1535 honorum
1398 1500 1439 1535 et
1469 1496 1697 1542 malorum,
1737 1492 1894 1533 iustitia

123 1559 163 1597 in
196 1570 270 1596 suo
303 1557 453 1609 cuique
487 1556 722 1596 tribuendo.
775 1557 955 1604 Quando
987 1557 1114 1610 igitur
1144 1558 1252 1597 inest
1273 1559 1314 1597 in
1338 1559 1450 1598 omni
1474 1559 1624 1598 virtute
1646 1570 1744 1597 cura
1765 1568 1893 1608 quae-

123 1620 215 1659 dam
251 1619 368 1672 quasi
398 1618 507 1658 foras
540 1626 730 1672 spectans
763 1620 952 1672 aliosque
994 1625 1197 1672 appetens
1229 1626 1351 1673 atque
1384 1621 1689 1673 coniplecten8‚
1730 1617 1894 1658 exsistit

121 1683 242 1728 illud,
275 1688 317 1721 ut
349 1681 490 1727 amici,
524 1687 567 1720 ut
598 1681 767 1728 fratres,
799 1687 843 1720 ut
876 1681 1125 1735 propinqui,
1157 1688 1202 1721 ut
1232 1682 1397 1730 affines,
1430 1688 1475 1723 ut
1507 1684 1638 1730 cives,
1669 1686 1715 1721 ut
1746 1693 1891 1720 omnes

122 1745 303 1797 denique
330 1767 383 1773 —-
407 1744 604 1796 quoniam
638 1757 760 1782 unani
794 1745 1036 1784 societatem
1069 1744 1286 1784 hominum
1319 1758 1409 1785 esse
1432 1745 1623 1785 volumus
1644 1766 1699 1772 —
1722 1747 1941 1796 propter25

122 1822 164 1848 se
195 1806 419 1860 expetendi
452 1807 546 1845 sint.
592 1807 714 1859 Atqui
748 1819 892 1845 eorum
924 1807 1027 1846 nihil
1061 1813 1120 1846 est
1154 1808 1243 1847 eius
1275 1808 1461 1860 generis,
1492 1812 1540 1848 ut
1570 1808 1623 1847 sit
1653 1806 1695 1845 in
1718 1803 1799 1844 fine
1821 1816 1894 1843 ex-

121 1877 252 1910 tremo
300 1870 516 1909 bonorum.
577 1866 642 1906 68.
686 1869 744 1908 lta
786 1867 829 1908 fit
868 1874 913 1908 ut
953 1869 1036 1908 duo
1077 1883 1229 1921 genera
1266 1876 1439 1923 propter
1479 1883 1521 1910 se
1563 1868 1892 1923 expetendorum

119 1934 402 1987 reperiantur,
435 1945 585 1976 unum,
621 1931 733 1983 quod
757 1937 817 1970 est
848 1933 888 1971 in
912 1931 985 1978 iis,
1018 1932 1059 1971 in
1083 1932 1233 1985 quibus
1257 1934 1490 1986 completur
1514 1932 1618 1972 illud
1644 1936 1892 1985 extremum,

121 2009 227 2049 quae
260 2000 357 2034 sunt
388 1999 459 2033 ant
491 1994 616 2032 animi
649 1999 721 2032 aut
751 1994 964 2046 corporis:
1007 1994 1109 2034 haec
1151 2001 1311 2043 autem,
1353 2009 1460 2048 quae
1491 2001 1588 2035 sunt
1619 1994 1893 2044 extrinsecus,

121 2059 162 2098 id
196 2064 275 2105 est,
309 2071 417 2111 quae
451 2069 585 2109 neque
617 2056 659 2095 in
692 2056 830 2095 animo
863 2056 1003 2096 insunt
1036 2071 1175 2111 neque
1207 2059 1248 2097 in
1280 2071 1476 2111 corpore,
1510 2063 1554 2097 ut
1580 2056 1722 2103 amici,
1754 2061 1801 2095 ut
1821 2070 1891 2109 pa·
1905 2067 1942 2096 30

120 2127 279 2166 rentes,
327 2126 371 2159 ut
411 2119 551 2165 liberi,
597 2124 641 2158 ut
680 2119 928 2171 propinqui,
974 2125 1017 2159 ut
1058 2121 1148 2173 ipsa
1188 2121 1343 2173 patria,
1387 2126 1484 2160 sunt
1514 2120 1585 2159 illa
1618 2119 1788 2172 quidem
1819 2132 1893 2159 sua
1953 2112 1957 2120 Δ

121 2189 269 2237 sponte
302 2195 416 2228 cara,
451 2182 523 2220 sed
557 2181 703 2220 eodem
736 2181 777 2219 in
811 2194 963 2233 genere
996 2195 1078 2236 quo
1110 2182 1179 2222 illa
1202 2196 1287 2222 non
1310 2188 1419 2222 sunt.
1471 2184 1555 2222 Nec
1578 2195 1675 2222 vero
1698 2194 1893 2234 umquam

122 2259 328 2286 summum
360 2244 516 2283 bonum
540 2243 708 2296 assequi
733 2244 952 2296 quisquam
976 2250 1138 2297 posset,
1171 2246 1204 2284 si
1227 2246 1367 2285 omnia
1389 2245 1480 2293 illa,
1513 2257 1621 2298 quae
1644 2249 1741 2284 sunt
1763 2250 1893 2291 extra,

124 2320 376 2362 quamquam
409 2306 668 2359 expetenda,
701 2319 861 2345 summo
894 2307 1005 2346 bono
1039 2308 1366 2347 continerentur.

238 2369 387 2408 XXIV.
420 2367 486 2407 69.
528 2369 622 2416 Quo
662 2368 785 2407 modo
818 2368 964 2420 igitur,
1006 2369 1196 2422 inquies,
1241 2384 1384 2409 verum
1417 2383 1508 2410 esse
1540 2368 1716 2422 poterit,
1756 2368 1942 2408 omnia35

123 2431 267 2472 referri
310 2431 360 2470 ad
395 2444 600 2470 summum
633 2431 805 2477 bouum,
850 2432 882 2470 si
922 2432 1153 2479 amicitiae,
1196 2433 1229 2471 si
1262 2433 1624 2485 propinquitates,
1667 2431 1700 2470 si
1733 2430 1895 2484 reliqua

124 2500 296 2534 externa
329 2506 491 2533 summo
525 2493 635 2532 bono
668 2506 751 2532 non
783 2494 1077 2533 continentur?
1126 2495 1212 2534 Hac
1246 2495 1441 2535 videlicet
1472 2495 1653 2540 ratione,
1689 2492 1800 2545 quod
1831 2505 1894 2540 ea,

128 2569 234 2610 quae
281 2562 454 2595 externa
501 2561 616 2602 sunt,
659 2556 708 2594 iis
750 2560 916 2594 tuemur
956 2554 1122 2603 officiis,
1167 2570 1273 2610 quae
1313 2559 1506 2597 oriuntur
1535 2569 1558 2596 a
1589 2569 1664 2596 suo
1696 2555 1895 2609 cuiusque

126 2632 276 2671 genere
311 2618 485 2658 virtutis.
537 2619 639 2657 Nam
672 2623 711 2657 et
741 2618 862 2658 amici
898 2618 1032 2658 cultus
1066 2625 1105 2658 et
1136 2620 1318 2672 parentis
1351 2620 1410 2667 ei,
1443 2619 1513 2672 qui
1536 2617 1671 2659 officio
1696 2618 1893 2672 fungitur,

212 2817 240 2846 1t.
268 2816 381 2846 deinde
406 2817 503 2846 [otius
527 2816 609 2857 cet.]
637 2816 859 2856 «Exspectari
886 2818 1021 2856 poterat
1047 2817 1202 2856 denique,
1233 2816 1327 2857 quod
1353 2817 1408 2848 hic
1434 2824 1497 2856 per
1521 2818 1637 2848 cetera
1664 2816 1825 2848 membra
1850 2816 1894 2848 ad

125 2867 362 2905 postremum,
396 2865 489 2905 quod
525 2874 597 2895 reni
624 2866 793 2902 continet,
831 2867 1070 2906 pervenitur.»
1096 2868 1240 2898 MAnvffl.
1272 2885 1302 2890 -
1339 2867 1368 2897 7.
1397 2867 1563 2906 quoddam
1586 2867 1610 2897 B
1647 2885 1681 2889 —
1715 2867 1895 2907 ingenitum

125 2915 207 2945 BC:
237 2916 387 2945 tunulum
412 2915 436 2944 O
465 2933 497 2936 —
533 2914 563 2945 8.
592 2915 623 2944 id
647 2924 667 2945 a
691 2916 923 2946 communilale
949 2924 1017 2946 0¹11.
1046 2916 1068 2946 B
1097 2934 1130 2937 —
1171 2916 1201 2947 9.
1228 2926 1267 2947 ac
1292 2917 1374 2947 BG:
1403 2919 1501 2955 atque
1524 2916 1549 2947 O
1577 2934 1610 2939 —
1640 2917 1690 2947 ⁴0.
1718 2917 1790 2956 ipsa
1815 2916 1894 2955 (non

124 2965 242 3003 ipsam)
265 2965 378 3004 funde!
401 2972 434 2994 se
457 2964 480 2994 B
498 2964 520 2993 E
551 2982 583 2986 —
613 2973 670 2994 usu
696 2974 765 2995 om.
794 2966 836 2995 B:
865 2974 927 2996 nos
952 2964 1175 2996 seclusimus.
1198 2984 1231 2987 ψ
1261 2966 1311 2997 43.
1343 2966 1482 3007 quidem]
1508 2967 1586 3005 quid
1610 2966 1672 2998 BE
1699 2984 1734 2988 —
1762 2965 1814 2997 44.
1840 2974 1895 2997 re-

125 3013 182 3044 bus
206 3015 246 3045 ss:
275 3014 307 3044 in
332 3013 426 3043 rebus
451 3014 476 3043 O
505 3030 537 3034 —
561 3014 612 3043 49.
640 3014 768 3055 omnus]
792 3016 899 3045 minus
922 3015 980 3045 BE
1010 3032 1043 3036 —
1072 3016 1123 3045 ⁵2¹.
1151 3016 1268 3047 dilectu
1291 3016 1369 3047 BE:
1397 3016 1519 3047 delectu*
1535 3015 1600 3047 Mo
1618 3034 1650 3038 -
1671 3016 1723 3046 ⁶22.
1742 3015 1893 3055 Quando]

126 3063 281 3102 quoniam
307 3062 408 3093 codd.
436 3062 565 3102 aliquot
590 3063 802 3100 detentu-effi
835 3065 915 3096 Cum
940 3066 976 3095 G.
1005 3064 1189 3103 (Confusac
1215 3067 1295 3096 sunt
1321 3067 1422 3096 notae
1449 3062 1502 3104 φῆ
1524 3066 1557 3096 et
1582 3062 1649 3104 qfi.)
1678 3083 1712 3087 -
1738 3064 1790 3096 σ23.
1815 3064 1897 3103 foris

127 3112 150 3143 B
178 3130 210 3134 --
240 3112 292 3143 25.
321 3113 475 3151 quoniam
503 3113 546 3142 ss:
574 3122 670 3151 quam
700 3115 741 3150 G}
769 3115 900 3153 quando
925 3114 949 3145 O
976 3131 1012 3136 —
1040 3115 1092 3145 ²26.
1119 3115 1210 3153 alqui
1235 3115 1277 3145 B:
1304 3118 1402 3153 atque
1426 3115 1450 3145 O
1477 3132 1510 3136 —
1539 3115 1591 3146 28.
1617 3115 1650 3145 in
1675 3115 1754 3145 ante
1780 3113 1896 3153 quibus

128 3169 195 3191 oin.
224 3161 248 3190 Ο
278 3179 309 3183 —
347 3162 399 3191 30.
427 3171 511 3200 quae
535 3171 591 3193 nec
615 3163 647 3193 in
673 3163 695 3193 B
712 3163 735 3193 E
770 3181 804 3186 —
840 3165 891 3195 32.
919 3172 1077 3202 umquam
1094 3182 1141 3188 --
1159 3165 1333 3203 quisquam
1357 3165 1399 3195 G:
1435 3164 1571 3204 inquam
1587 3181 1634 3186 --
1651 3164 1825 3203 quisquam
1848 3163 1890 3199 B;

129 3211 364 3249 qnisquam--
382 3220 539 3250 umquam
564 3214 588 3242 O
618 3230 651 3234 -
687 3212 737 3242 33
767 3212 823 3243 illa
847 3222 916 3244 0111.
944 3214 1006 3244 ΒΕ
1036 3232 1069 3236 -
1104 3213 1156 3245 34.
1183 3213 1374 3254 eoepetenda]
1401 3214 1581 3254 expetenda
1604 3216 1678 3245 sunt
1703 3212 1891 3252 Madvigius

130 3259 173 3300 {in
198 3261 464 3299 commentario)
485 3278 519 3283 —
548 3262 789 3293 contineremur
812 3263 836 3294 B
864 3280 898 3284 —
926 3262 978 3294 39.
1004 3264 1033 3295 ei
1057 3262 1202 3295 Orellius
1221 3263 1265 3303 (in
1285 3262 1536 3304 adnotatione):
1564 3267 1593 3296 et
1617 3262 1740 3301 codd.;
1766 3264 1788 3303 †
1805 3264 1834 3294 et
1850 3260 1888 3293 Ο.
