2249 3624
251 117 332 159 5⁵28
911 118 980 156 DE
1012 117 1366 157 DIVINATIONE

251 224 407 271 dicunt,
439 224 540 276 quid
573 225 799 262 secuntur?
830 228 902 262 aut
932 222 975 261 in
1008 235 1089 274 qua
1120 235 1259 261 rerum
1282 227 1431 262 natura
1452 223 1561 262 inest
1581 223 1621 262 id
1644 223 1861 263 futurum?
1896 225 2019 273 Quod

250 286 284 324 si
314 285 419 324 haec
451 298 595 337 eaque,
628 298 736 337 quae
769 290 866 324 sunt
896 284 1083 324 eiusdem
1115 285 1293 336 generis,
1325 284 1480 323 habent
1510 285 1694 337 aliquam
1727 286 1849 326 talem
1876 300 2021 327 neces-

249 348 433 393 sitatem,
476 347 575 399 quid
608 353 669 385 est
700 347 889 393 tandem,
932 346 1044 399 quod
1086 360 1186 386 casu
1226 345 1314 386 fieri
1356 352 1427 386 aut
1456 346 1563 386 forte
1594 347 1759 387 fortuna
1791 351 2020 401 putemus?

248 408 357 447 Nihil
394 409 504 447 enim
542 414 603 447 est
639 414 719 447 tam
753 409 1007 447 contrarium
1039 409 1193 448 rationi
1225 414 1267 448 et
1297 410 1556 449 constantiae
1589 423 1712 462 quam
1746 410 1932 458 fortuna,
1978 417 2024 451 ut

216 470 349 509 5mihi
381 483 432 509 ne
463 471 505 509 in
538 470 661 509 deum
694 470 864 523 quidem
897 470 1046 509 cadere
1079 471 1283 518 videatur,
1315 477 1361 510 ut
1392 471 1495 511 sciat
1527 472 1628 524 quid
1661 485 1760 512 casu
1788 478 1828 512 et
1849 472 2023 513 fortuito

246 532 432 571 futurum
465 532 529 571 sit.
592 531 634 570 Si
666 533 775 571 enim
809 532 900 578 scit,
934 538 1044 571 certe
1075 532 1178 571 illud
1212 534 1405 581 eveniet3
1450 534 1512 573 sin
1545 540 1654 574 certe
1687 535 1874 582 eveniet,
1907 535 2023 574 nulla

246 593 412 634 fortuna
444 599 532 641 est;
568 599 630 633 est
661 599 798 633 autem
829 593 1019 633 fortuna:
1052 608 1191 634 rerum
1224 596 1350 648 igitur
1379 595 1647 635 fortuitarum
1680 597 1795 636 nulla
1827 610 2025 649 praescn-

245 658 306 696 sio
340 662 414 695 est.
476 654 540 695 19.
572 658 655 695 Αυῖ
686 657 719 695 si
750 669 876 708 negas
910 669 1001 695 esse
1035 656 1245 696 fortunam
1276 664 1316 697 θῖ
1347 659 1506 705 omnia,
1549 672 1655 711 quae
1688 658 1792 698 fiunt
1825 673 2021 712 quaeque

245 719 384 758 futura
416 725 531 765 sunt,
564 733 616 758 ex
648 719 761 757 omni
793 718 1042 758 aeternitate
1074 717 1244 759 delinita
1277 719 1381 760 dicis
1415 734 1506 759 esse
1541 721 1743 768 fataliter,
1776 727 1891 761 muta
1922 721 2024 761 defi-

195 781 447 820 monitionem
479 781 771 826 divinationis,
804 794 929 833 quam
962 781 1130 821 dicebas
1163 783 1504 834 praesensionem
1538 796 1629 822 esse
1661 798 1798 822 rerum
1831 783 2023 824 fortuita-

244 856 348 882 rum.
409 843 451 882 Si
485 844 593 882 enim
626 842 729 881 nihil
762 841 848 882 lieri
880 849 1031 896 potest,
1063 844 1165 883 nibil
1199 845 1410 892 accidere,
1442 845 1547 884 nihil
1581 847 1764 893 evenire,
1796 846 1875 885 nisi
1908 846 2022 899 quod

244 906 294 945 ab
318 907 428 945 omni
451 906 697 944 aeternitate
719 910 876 945 certum
898 905 1022 945 fuerit
1044 919 1135 945 esse
1157 905 1342 946 futurum
1374 913 1463 946 rato
1497 911 1709 959 tempore,
1743 921 1850 961 quae
1883 914 2022 961 potest

244 981 335 1008 esse
367 968 561 1007 fortuna?
604 980 687 1020 qua
719 967 881 1006 sublata
913 969 983 1020 qui
1016 967 1134 1007 locus
1166 974 1229 1007 est
1260 966 1530 1014 divinationi,
1565 982 1673 1022 quae
1705 982 1729 1009 a
1761 975 1800 1009 te
1831 970 2022 1011 fortuita-

243 1044 333 1069 rum
366 1043 503 1069 rerum
537 1034 600 1069 est
621 1030 730 1069 dicta
751 1029 1029 1082 praesensio?
1073 1030 1339 1083 Quamquam
1362 1030 1530 1070 dicebas
1555 1031 1720 1079 omnia,
1746 1046 1852 1085 quae
1873 1033 2024 1073 fierent

192 1102 228 1131 45
242 1091 435 1132 futurave
464 1097 624 1138 essent,
656 1091 740 1131 fato
773 1093 989 1131 contineri.
1050 1092 1170 1131 Anile
1200 1105 1299 1132 sane
1332 1098 1372 1131 et
1402 1092 1574 1145 plenum
1608 1094 1916 1146 superstitionis
1946 1094 2021 1134 fati

242 1168 397 1194 nomen
429 1154 590 1207 ipsum;
632 1154 705 1193 sed
736 1159 875 1194 tamen
907 1153 1019 1207 apud
1053 1154 1215 1194 Stoicos
1249 1154 1300 1194 de
1332 1155 1411 1194 isto
1444 1154 1528 1194 fato
1560 1155 1694 1195 multa
1725 1156 1937 1205 dicuntur,
1970 1155 2021 1197 de

241 1230 325 1271 quo
358 1217 481 1264 alias,
514 1230 625 1256 nunc
658 1216 770 1270 quod
803 1229 975 1256 necesse
1007 1222 1083 1256 est.

354 1280 462 1318 VIII.
503 1277 568 1318 ΞΟ.
602 1279 644 1318 Si
676 1278 815 1317 omnia
847 1278 954 1325 sato,
988 1278 1088 1331 quid
1122 1279 1221 1318 mihi
1255 1279 1459 1319 divinatio
1493 1279 1692 1332 prodest?
1754 1280 1876 1328 Quod
1910 1281 2021 1321 enim

240 1343 293 1390 is,
325 1343 397 1396 qui
429 1343 598 1388 divinat,
633 1341 854 1394 praedicit,
886 1342 927 1380 id
960 1354 1056 1380 vero
1089 1341 1275 1381 futurum
1300 1348 1380 1390 est;
1413 1348 1458 1381 ut
1480 1356 1532 1381 ne
1556 1342 1658 1381 illud
1683 1343 1854 1396 quidem
1878 1343 2020 1392 sciam,

189 1415 226 1443 ⁶20
242 1406 366 1459 quale
398 1406 475 1452 sit,
509 1404 623 1458 quod
656 1405 920 1451 Deiotarum,
952 1405 1236 1444 necessarium
1268 1411 1481 1452 nostrum,
1515 1418 1567 1444 ex
1598 1405 1748 1444 itinere
1781 1406 1926 1459 aquila
1956 1420 2020 1446 re-

241 1469 415 1508 vocavit.
477 1467 557 1515 Qui
591 1467 670 1506 nisi
703 1466 963 1513 revertisset,
996 1467 1037 1505 in
1069 1480 1119 1506 eo
1153 1469 1338 1508 conclavi
1373 1468 1410 1508 ei
1438 1466 1674 1507 cubandum
1700 1467 1870 1515 fuisset,
1904 1469 2018 1521 quod

239 1543 442 1583 proxuma
483 1535 603 1569 nocte
644 1530 828 1577 corruit3
877 1530 997 1568 ruina
1032 1530 1158 1582 igitur
1189 1543 1415 1584 oppressus
1449 1536 1570 1570 esset.
1632 1533 1683 1569 At
1713 1530 1753 1569 id
1786 1544 1948 1584 neque,
1982 1532 2018 1571 si

236 1592 365 1632 fatum
403 1592 561 1639 fuerat,
603 1592 840 1644 effugisset,
882 1605 977 1639 nec,
1020 1593 1052 1631 si
1086 1606 1170 1631 non
1202 1593 1361 1640 fuerat,
1402 1594 1441 1632 in
1477 1606 1570 1632 eum
1605 1606 1747 1632 casum
1781 1593 2014 1634 incidisset.

239 1654 352 1702 Quid
385 1668 483 1706 ergo
515 1654 686 1694 adiuvat
717 1654 949 1693 divinatio?
981 1660 1053 1693 aut
1083 1654 1183 1707 quid
1216 1660 1279 1694 est
1311 1655 1427 1708 quod
1461 1667 1525 1694 me
1557 1660 1756 1694 moneant
1786 1662 1855 1695 aut
1883 1662 2015 1696 sortes

186 1726 222 1755 25
237 1723 309 1757 aut
340 1723 436 1756 exta
468 1722 537 1756 aut
567 1716 652 1756 ulla
684 1715 948 1768 praedictio?
985 1717 1028 1756 Si
1060 1717 1170 1757 enim
1203 1717 1333 1756 fatum
1366 1717 1444 1756 fuit
1477 1717 1631 1756 classes
1662 1717 1809 1770 populi
1840 1718 2016 1757 Romani

235 1779 348 1819 bello
372 1779 527 1818 Punico
550 1779 702 1832 primo,
736 1778 906 1816 alteram
938 1778 1170 1831 naufragio,
1202 1779 1373 1818 alteram
1406 1791 1428 1818 a
1450 1779 1599 1818 Poenis
1623 1778 1863 1831 depressam
1887 1781 2018 1820 inter-

236 1843 317 1889 ire,
361 1842 483 1881 etiam
517 1842 549 1881 si
583 1841 811 1893 tripudium
845 1840 1108 1880 solistumum
1140 1841 1244 1894 pulli
1276 1841 1475 1881 fecissent
1505 1842 1549 1879 L.
1573 1841 1693 1880 Iunio
1734 1847 1775 1881 et
1806 1844 1847 1882 P.
1871 1842 2015 1884 Clodio

236 1904 501 1951 consulibus,
542 1905 696 1944 classus
728 1909 866 1942 tamen
899 1904 1151 1943 interissent.
1204 1904 1297 1950 Sin,
1331 1917 1423 1943 cum
1456 1903 1653 1956 auspiciis
1682 1903 2015 1958 obtemperatum

238 1972 359 2013 esset,
391 1967 634 2006 interiturae
667 1966 820 2005 classes
852 1979 936 2005 non
970 1965 1151 2013 fuerunt,
1183 1980 1267 2006 non
1299 1967 1548 2005 interierunt
1578 1964 1689 2013 fat03
1722 1966 1846 2006 vultis
1876 1972 2015 2007 autem

184 2029 377 2069 3oomnia
418 2028 527 2068 sato:
576 2028 690 2068 nulla
720 2029 849 2080 igitur
890 2034 953 2068 est
986 2028 1201 2069 divinatio.
1264 2025 1330 2068 ⁵21.
1375 2028 1498 2076 Quod
1541 2029 1574 2067 si
1615 2028 1746 2068 fatum
1786 2029 1864 2070 fuit
1902 2030 2014 2069 bello

235 2093 392 2132 Punico
425 2091 612 2132 secundo
646 2092 874 2131 exercitum
906 2092 1051 2145 populi
1084 2092 1259 2131 Romani
1298 2092 1348 2131 ad
1381 2091 1517 2130 lacum
1550 2092 1853 2131 Trasumenum
1886 2092 2013 2132 inter-

234 2154 318 2202 ire,
350 2169 450 2194 num
481 2154 523 2193 id
557 2156 679 2194 vitari
712 2155 862 2207 potuit,
897 2156 929 2194 si
954 2154 1184 2194 Flaminius
1217 2156 1363 2193 consul
1396 2154 1445 2193 iis
1478 2153 1607 2205 signis
1640 2153 1778 2206 iisque
1802 2154 2013 2207 auspiciis,

235 2217 386 2270 quibus
417 2230 603 2270 pugnare
635 2217 948 2269 prohibebatur,
981 2217 1223 2269 paruisset?
1274 2214 1411 2269 [Certe
1444 2212 1609 2269 potuit.]
1658 2218 1740 2254 Aut
1770 2216 1898 2268 igitur
1928 2229 2013 2255 non

233 2278 317 2318 fato
359 2279 516 2318 interiit
557 2278 764 2317 exercitus
804 2303 853 2307 —
890 2278 1040 2318 mutari
1074 2279 1183 2317 enim
1216 2278 1298 2317 fata
1331 2292 1413 2318 non
1446 2284 1621 2331 possunt
1657 2300 1710 2307 —
1742 2284 1813 2318 aut
1845 2279 1879 2319 si
1912 2278 2012 2326 fato,

183 2341 348 2395 35quod
390 2348 500 2381 certe
541 2341 658 2381 vobis
702 2341 757 2380 ita
794 2340 1017 2380 dicendum
1057 2346 1144 2387 est,
1193 2342 1317 2380 etiam
1356 2342 1389 2380 si
1428 2337 1758 2394 obtemperasset
1797 2341 2011 2394 auspiciis,

233 2402 343 2443 idem
375 2410 623 2444 eventurum
655 2403 818 2442 fuisset.
881 2403 956 2442 Ubi
990 2409 1052 2442 est
1082 2403 1209 2456 igitur
1239 2404 1318 2443 ista
1350 2403 1552 2442 divinatio
1585 2403 1850 2443 Stoicorum?
1890 2416 2012 2457 quae,

321 2547 349 2576 si.
376 2548 532 2576 secantur
557 2545 606 2576 H:
643 2547 829 2585 sequuntur
853 2544 945 2575 ΑΒΟ
984 2562 1019 2566 -
1058 2545 1087 2576 3.
1112 2546 1197 2585 forle
1227 2554 1297 2576 om.
1326 2545 1351 2576 H
1391 2563 1425 2567 —
1464 2544 1495 2576 li.
1528 2545 1610 2576 nihil
1638 2548 1683 2576 est
1714 2545 1801 2576 enim
1832 2545 2014 2585 Hottinger

233 2611 268 2617 —
296 2596 326 2626 5.
354 2596 417 2626 sial
442 2596 489 2633 H,
522 2596 616 2626 sicia!
637 2596 677 2625 A¹
699 2613 732 2616 —
759 2594 799 2634 et]
819 2598 876 2624 aut
901 2595 924 2624 B
955 2611 987 2616 —
1017 2595 1047 2626 6,
1068 2595 1138 2636 scil]
1159 2595 1200 2626 sit
1224 2596 1271 2633 H,
1306 2597 1343 2626 ut
1367 2596 1508 2635 saepius
1535 2596 1568 2626 in
1593 2595 1660 2626 hoc
1685 2594 1795 2626 verbo
1820 2594 2011 2626 scribendo

232 2647 358 2677 erravit
383 2647 438 2677 hic
463 2646 573 2677 codex
602 2662 636 2666 —
669 2645 699 2675 8.
724 2644 897 2683 fortunam
921 2652 986 2675 esse
1012 2645 1038 2675 H
1067 2663 1102 2667 —
1136 2644 1257 2684 onznia]
1284 2645 1392 2675 0ναίιό
1418 2646 1457 2676 H¹
1486 2661 1519 2666 —
1554 2645 1584 2675 9.
1610 2645 1717 2675 mulla
1743 2648 1781 2676 A¹
1798 2662 1832 2667 —
1861 2645 1912 2676 40.
1940 2645 2012 2685 for-

230 2697 402 2727 tuitarum.
430 2696 537 2728 Nic-hil
561 2697 587 2726 si
612 2696 697 2726 enim
719 2695 792 2735 fieri
819 2695 845 2725 ll
874 2711 908 2716 ——
948 2695 1000 2725 42.
1025 2694 1137 2734 fuerat
1162 2696 1189 2725 ll
1228 2712 1263 2716 ——
1304 2695 1355 2726 453.
1383 2695 1471 2725 locus
1494 2698 1538 2726 est
1564 2712 1601 2717 -—
1626 2703 1739 2725 rerum
1763 2697 1809 2725 esc
1838 2694 1871 2725 in
1897 2702 2008 2734 marg.

230 2745 338 2777 habet
363 2748 386 2777 B
416 2765 448 2769 —
477 2746 698 2776 divinationi?
724 2753 809 2783 quae
833 2746 857 2775 O
885 2762 920 2766 —
949 2745 1000 2775 ⁴9.
1028 2745 1099 2775 illut
1122 2747 1148 2776 A
1178 2763 1211 2767 —
1239 2745 1316 2784 quid
1339 2749 1384 2776 esl
1411 2746 1450 2775 Ηι
1478 2762 1511 2766 —
1539 2745 1591 2775 ⁰20.
1620 2745 1839 2776 necessarium
1862 2747 2011 2774 nostrum

231 2796 278 2827 C:
306 2797 507 2835 familiarem
532 2800 680 2827 nostrum
705 2795 807 2826 codd.
829 2794 912 2825 dett.
934 2795 1076 2832 Moseri‚
1102 2795 1305 2834 familiarem
1328 2798 1477 2825 nostrum
1502 2797 1531 2825 el
1555 2795 1774 2825 necessarimm
1799 2794 1901 2825 codd.
1922 2794 2007 2825 dett.

229 2846 357 2877 Davisii
383 2847 406 2877 O
435 2863 468 2867 —
495 2846 547 2877 ⁴24.
574 2855 623 2876 me
648 2846 787 2876 adiuvat
813 2844 970 2876 Herelius
997 2862 1032 2867 —-
1068 2848 1198 2876 moneat
1224 2846 1267 2882 H,
1295 2848 1449 2875 moueant
1475 2843 1610 2884 Erlang.
1641 2861 1674 2866 -
1710 2844 1762 2875 26.
1789 2845 1894 2875 allero
1918 2844 1942 2875 B
1969 2860 2004 2865 —

225 2898 342 2936 paenis
365 2898 392 2927 ΙΙ
431 2913 465 2918 -
504 2897 555 2928 27.
582 2897 786 2927 solistumum
809 2896 891 2926 AB:
929 2895 1004 2925 solis
1035 2897 1104 2925 lum
1136 2904 1209 2925 cum
1240 2895 1286 2932 H,
1323 2895 1518 2925 solistimum
1551 2894 1575 2925 O
1614 2912 1648 2916 —
1686 2894 1739 2926 28.
1773 2895 1884 2925 classis
1915 2895 1941 2926 H
1968 2911 2005 2917 —

229 2947 372 2986 auspicis
396 2946 433 2977 A¹
463 2963 496 2967 —
535 2946 586 2977 30.
615 2947 727 2976 omnia
751 2955 771 2976 α
793 2945 863 2985 salo
889 2945 911 2976 B
949 2962 980 2967 —
1022 2944 1114 2975 nulla
1143 2947 1187 2975 esc
1211 2945 1316 2984 iyilur
1343 2944 1446 2975 Beier
1478 2943 1521 2974 ad
1548 2944 1618 2975 Cic.
1652 2943 1696 2974 de
1727 2943 1817 2975 offic.
1845 2945 1885 2975 11.
1912 2953 1945 2985 p.
1967 2944 2007 2975 46

232 3014 267 3019 -
304 2996 356 3027 30.
381 2996 444 3035 fail
468 2995 548 3026 bello
569 2996 690 3034 punico
726 2996 750 3025 si
773 2995 836 3034 fail
865 2995 1005 3025 secundo
1028 2995 1055 3025 Α
1092 3012 1134 3016 —-
1169 2997 1262 3025 trans
1285 3003 1480 3025 sumennum
1512 2996 1538 3025 Α
1570 2996 1607 3031 (r
1631 2994 1663 3024 in
1689 2996 1785 3024 trans
1808 2995 2005 3034 punctam),

228 3048 524 3076 trassumenwc--s
543 3045 587 3083 B,
620 3049 879 3076 [rossummnum
904 3044 930 3075 H
964 3061 1005 3066 —
1040 3044 1092 3074 32.
1119 3044 1167 3074 his
1193 3045 1216 3075 C
1251 3061 1285 3065 —
1323 3044 1436 3083 hisque
1461 3044 1484 3075 C
1514 3061 1548 3066 —
1581 3044 1697 3083 hausp.
1718 3045 1745 3075 A
1773 3061 1807 3065 —-
1836 3044 1889 3076 33.
1915 3044 2007 3075 Certe

224 3096 332 3136 potuit
357 3096 401 3129 C.
429 3095 525 3126 uncis
552 3094 688 3126 inclusit
710 3096 880 3132 Davisius,
909 3094 1001 3126 Certe
1024 3102 1088 3124 non
1109 3095 1215 3133 potuit
1239 3095 1421 3129 Pearcius;
1459 3095 1495 3125 tu
1521 3093 1563 3125 cf.
1590 3095 1635 3131 11,
1657 3092 1731 3134 §94
1766 3111 1799 3115 —
1838 3092 1890 3125 34.
1914 3093 2007 3132 facta

230 3146 269 3176 11¹
294 3162 336 3166 —
371 3144 424 3175 35.
452 3143 510 3184 ica]
536 3145 583 3174 uli
614 3145 663 3182 ll,
701 3144 831 3176 delevit
862 3144 1022 3176 Davisius
1053 3142 1160 3174 fidem
1192 3142 1270 3175 cod.
1305 3144 1450 3175 Parisini
1480 3145 1647 3180 secutus;
1691 3145 1727 3174 at
1762 3143 1840 3174 vide
1873 3142 2006 3174 Madvi-

230 3195 322 3235 gium
346 3194 388 3224 ad
416 3194 488 3225 Cic.
516 3194 558 3225 de
585 3194 668 3225 finn.
695 3204 728 3234 p.
747 3195 808 3226 469
835 3212 870 3216 —
898 3195 950 3226 36.
975 3194 1089 3234 fuissel
1115 3195 1158 3225 C:
1188 3193 1250 3233 fuit
1274 3193 1466 3234 Madvigius
1491 3194 1640 3235 Opuscc.
1660 3192 1717 3224 alt.
1744 3193 1867 3234 p.i22.
1893 3193 2004 3233 recte,

231 3247 269 3276 ut
294 3244 443 3276 videtur.
