2249 3624
289 231 371 272 936
1025 229 1304 270 CICERONIS

290 337 384 374 fecit
412 336 567 383 omnia;
611 347 769 385 neque,
806 347 897 372 cum
943 332 1115 372 salutem
1158 331 1309 383 populo
1345 332 1524 370 Romano
1556 336 1680 382 atque
1715 330 1903 370 omnibus
1935 344 2040 383 gen-

292 399 398 436 tibus
426 399 544 436 sinen]
578 397 790 436 diuturnae
815 393 1076 450 [cupiditatis]
1101 393 1364 445 turpitudinis
1393 399 1432 431 et
1450 393 1654 432 servitutis
1682 394 1863 443 afferret,
1892 406 2039 446 passus

291 467 353 498 est
392 460 483 511 plus
524 461 643 499 unius
685 459 863 509 collegae
904 458 966 497 sui
1009 469 1132 509 quam
1171 457 1387 496 universae
1431 457 1602 495 civitatis
1643 469 1785 496 vocem
1824 456 1960 497 valere
2000 462 2041 497 et

290 522 552 562 voluntatem.

257 592 274 619 5
391 587 449 624 15.
492 589 539 624 At
567 586 671 623 enim
701 584 751 622 de
781 583 1019 633 corrigenda
1049 583 1138 634 lege
1166 582 1407 622 retulerunt.

392 651 449 687 16.
491 647 638 691 Iidem,
678 647 751 684 nisi
789 647 888 685 haec
921 646 1009 697 ipsa
1037 645 1126 693 lex,
1166 657 1287 696 quam
1327 645 1371 684 C.
1403 643 1615 684 Cornelius
1649 644 1760 694 tulit,
1799 644 2038 696 obstitisset,

290 710 570 748 decrevissent
597 709 655 752 id,
699 708 808 759 quod
837 707 969 759 palam
998 708 1076 747 iam
1103 709 1169 746 isti
1201 707 1441 746 defensores
1469 706 1709 745 iudiciorum
1740 713 2039 758 pugnaverunt,

290 773 445 811 senatui
477 785 554 810 non
583 772 761 823 placere,
792 771 832 809 id
859 771 1050 809 iudicium
1081 770 1131 809 de
1154 770 1290 810 Sullae
1317 769 1436 809 bonis
1464 770 1564 809 fieri.
1621 771 1750 816 Quam
1772 782 1845 820 ego
1876 782 2041 809 causam

288 835 405 881 longe
445 835 559 873 aliter
600 840 762 886 praetor
796 834 835 871 in
881 834 1066 871 contione
1106 833 1293 882 defendi,
1335 845 1423 871 cum
1455 831 1496 870 id
1535 831 1736 881 dicerem,
1780 831 1889 883 quod
1933 833 2042 873 idem

241 897 442 936 windices
472 904 612 948 postea
642 902 884 945 statuerunt,
914 895 1105 935 iudicium
1137 897 1330 947 aequiore
1360 902 1543 947 tempore
1573 895 1658 933 fieri
1688 901 1891 946 oportere.

1087 966 1244 1004 STATIM.

389 1033 445 1069 17.
491 1031 617 1067 Antea
654 1040 750 1065 vero
788 1039 909 1078 quam
950 1027 1167 1067 multarum
1204 1040 1340 1066 rerum
1373 1025 1520 1066 iudicia
1552 1026 1712 1066 sublata
1740 1025 1844 1075 sint,
1880 1030 1920 1063 et
1948 1026 2041 1077 quia

288 1094 412 1141 scitis,
443 1098 671 1144 praetereO,
702 1096 742 1129 et
769 1103 818 1129 ne
848 1103 969 1142 quem
996 1092 1037 1130 in
1064 1091 1256 1130 iudicium
1287 1091 1413 1130 oratio
1440 1103 1530 1129 mea
1559 1101 1753 1128 revocare
1780 1089 1980 1128 videatur.

1033 1162 1160 1199 PArLo
1189 1173 1295 1199 POST.

236 1239 271 1267 ⁴5
393 1226 445 1262 18.
490 1225 576 1262 Non
607 1225 678 1263 Cn.
710 1222 918 1262 Dolabella
949 1224 992 1261 C.
1023 1222 1268 1271 Volcatium,
1300 1222 1630 1261 honestissimum
1658 1222 1808 1270 virum,
1837 1221 2040 1259 communi

287 1293 326 1325 et
355 1286 587 1337 quotidiano
618 1288 702 1324 iure
731 1286 945 1336 privasset.
1011 1286 1098 1323 Non
1134 1284 1312 1335 denique
1350 1285 1468 1322 homo
1503 1283 1663 1322 illorum
1693 1288 1733 1321 et
1759 1284 1839 1322 vita
1872 1288 1912 1321 et
1938 1295 2040 1334 pru-

287 1349 420 1387 dentia
451 1349 567 1399 longe
595 1348 821 1396 dissimilis,
853 1351 927 1386 sed
954 1354 1090 1386 tamen
1119 1348 1238 1386 nimis
1266 1348 1305 1385 in
1334 1345 1599 1397 gratificando
1630 1346 1717 1385 iure
1745 1345 1869 1394 liber,
1898 1346 1939 1384 L.
1973 1345 2040 1384 Si-

286 1424 437 1460 senna,
479 1412 678 1450 bonorum
724 1412 796 1450 Cn.
832 1410 1008 1449 Cornelii
1049 1410 1352 1461 possessionem
1396 1421 1446 1448 ex
1487 1408 1618 1447 edicto
1660 1421 1734 1447 suo
1774 1410 1814 1447 P.
1845 1407 2038 1459 Scipioni,

286 1473 534 1513 adolescenti
565 1487 720 1513 summa
750 1473 974 1522 nobilitate,
1006 1474 1150 1512 eximia
1179 1474 1325 1511 virtute
1353 1471 1552 1524 praedito,
1584 1473 1611 1521 ·l-
1631 1484 1710 1510 non
1741 1470 1938 1510 dedisset.

235 1551 271 1580 20
388 1540 442 1576 19.
486 1539 620 1584 Quare
659 1549 748 1575 cuin
787 1537 892 1574 hunc
932 1536 1109 1588 populus
1152 1537 1355 1575 Romanus
1401 1534 1559 1573 videret
1595 1540 1635 1573 et
1676 1547 1767 1573 cum
1808 1546 1829 1573 a
1865 1533 2039 1573 tribunis

285 1598 393 1650 plebi
425 1600 636 1637 doceretur
671 1630 677 1637 .
705 1629 711 1636 .
736 1630 743 1637 .
769 1631 774 1637 .
798 1599 873 1637 nisi
901 1611 1033 1650 poena
1063 1598 1309 1637 accessisset
1335 1599 1374 1636 in
1404 1598 1617 1645 divisores,
1649 1597 1801 1635 extinct
1821 1626 1830 1636 .
1856 1627 1863 1635 .
1890 1626 1897 1634 .
1922 1626 1931 1635 .
1956 1595 2038 1635 ullo

285 1662 403 1700 modo
433 1675 578 1712 posse,
620 1661 750 1708 legem
779 1661 882 1699 hanc
912 1660 1087 1700 Cornelii
1116 1660 1341 1710 flagitabat;
1384 1659 1493 1699 illam
1521 1672 1626 1711 quae
1661 1672 1711 1697 ex
1739 1664 1907 1698 senatus
1935 1671 2038 1698 con-

285 1724 389 1762 sulto
418 1725 638 1773 serebatur,
669 1724 934 1775 repudiabat,
964 1723 1088 1775 idque
1117 1725 1218 1773 iure,
1249 1730 1291 1762 ut
1319 1724 1425 1762 docti
1454 1736 1595 1762 sumus
1622 1722 1793 1762 duorum
1823 1721 2035 1761 consulum

285 1786 584 1835 designatorum
615 1786 840 1825 calamitate
868 1788 887 1807 ³
906 1787 961 1807 ³³

234 1862 270 1891 25
837 1849 891 1886 ΕΤ
919 1861 1043 1889 EADEM
1074 1862 1120 1887 DE
1151 1862 1196 1887 RE
1226 1861 1346 1887 PAcLo
1376 1861 1483 1887 rosr.

383 1913 442 1950 20.
491 1913 537 1950 Ut
565 1912 844 1963 spectaculum
871 1910 971 1951 illud
1004 1910 1192 1965 [duorum
1224 1910 1527 1962 designatorum
1557 1910 1768 1949 consulum
1798 1907 2030 1963 calamitat.]

284 1986 326 2011 re
357 1980 394 2011 et
433 1981 612 2026 tempore
653 1975 817 2014 salubre
854 1987 899 2014 ac
936 1975 1240 2024 necessarium,
1281 1987 1432 2025 genere
1461 1980 1501 2013 et
1529 1973 1716 2025 exemplo
1755 1974 1948 2012 miserum
1987 1985 2034 2012 ac

283 2037 499 2081 sune-stum.v
530 2037 777 2077 videremus.

382 2100 441 2138 21.
487 2100 590 2147 Quid
621 2113 692 2151 ego
723 2113 830 2138 nunc
858 2100 928 2138 tibi
957 2099 1206 2149 argumentis
1235 2098 1532 2150 respondeam,
1569 2111 1692 2150 posse
1720 2099 1830 2148 fieri,
1863 2104 1907 2137 ut
1932 2097 2035 2137 alius

233 2161 429 2212 3oaliquis
472 2162 684 2200 Cornelius
726 2164 797 2211 sit,
843 2163 911 2213 qui
947 2162 1097 2201 habeat
1136 2160 1413 2199 Philerotem?
1471 2162 1498 2209 ’ξ
1540 2162 1619 2199 Res
1669 2160 1835 2210 vulgare
1886 2172 2036 2199 nomen

285 2236 376 2261 esse
406 2225 629 2272 Philerotis,
666 2225 874 2263 Cornelios
906 2237 1003 2263 vero
1030 2225 1084 2262 ita
1113 2223 1283 2268 multos,
1313 2230 1355 2262 ut
1381 2224 1459 2261 iam
1489 2224 1608 2262 etiam
1637 2223 1852 2274 collegium
1881 2223 2036 2261 consti-

283 2291 411 2324 tutum
442 2288 503 2324 sit.

382 2350 440 2387 22.
485 2353 533 2387 At
562 2350 665 2387 enim
696 2349 865 2387 extremi
896 2361 941 2387 ac
971 2347 1188 2386 difficillimi
1229 2348 1423 2399 temporis
1453 2360 1593 2386 vocem
1622 2347 1750 2397 illam,
1782 2348 1826 2387 C.
1858 2347 2033 2397 Corneli,

285 2411 492 2448 consulem
528 2412 687 2449 mittere
721 2411 910 2461 coegisti,
949 2411 1016 2461 qui
1046 2422 1130 2448 rem
1158 2409 1363 2460 publicam
1394 2409 1547 2449 salvam
1576 2422 1669 2449 esse
1698 2410 1872 2459 vellent,
1912 2415 1956 2449 ut
1982 2409 2035 2449 ad

235 2472 415 2521 35lege1n
445 2473 723 2523 accipiendam
752 2473 959 2511 adessent.

383 2535 440 2572 23.
484 2537 586 2573 Ante
608 2542 766 2573 vestros
797 2536 822 2584 ἦ
846 2547 973 2573 annos
1001 2540 1169 2585 propter
1183 2533 1289 2572 illius
1306 2534 1454 2572 tribuni
1475 2533 1606 2586 plebis
1624 2535 1892 2574 temeritatem
1907 2548 2032 2587 posse

286 2596 450 2643 adduci,
492 2604 534 2635 ut
562 2599 723 2635 omnino
754 2629 762 2637 ,
787 2630 793 2636 .
819 2628 826 2635 .
850 2629 856 2637 ,
883 2610 934 2635 ne
961 2596 1066 2634 illius
1097 2602 1296 2647 potestate
1331 2596 1634 2646 abalienemur,
1673 2598 1740 2649 qui
1768 2598 2034 2636 restituerunt

288 2672 373 2695 eam
404 2665 667 2708 potestatem,
707 2659 878 2698 alterum
913 2658 1009 2697 nihil
1037 2671 1161 2697 unum
1190 2670 1312 2709 posse
1342 2665 1480 2698 contra
1514 2658 1680 2709 multos,
1715 2659 1885 2698 alterum
1914 2659 2032 2710 longe

287 2721 448 2759 abesse.

237 2796 274 2826 40
387 2785 446 2823 24.
488 2786 612 2823 Tanta
649 2786 768 2835 igitur
802 2786 842 2823 in
873 2784 949 2823 illis
984 2784 1109 2821 virtus
1138 2783 1230 2830 fuit,
1273 2789 1316 2821 ut
1342 2796 1447 2821 anno
1475 2796 1549 2822 xv1.
1580 2789 1674 2834 post
1708 2794 1826 2832 reges
1868 2789 2034 2823 exactos

289 2853 454 2895 propter
485 2849 646 2886 nimiam
675 2848 989 2887 dominationem
1026 2846 1250 2897 potentium
1289 2846 1553 2894 secederent,
1596 2846 1708 2896 leges
1744 2851 1926 2884 sacratas
1958 2846 2033 2896 ipsi

289 2908 363 2945 sibi
393 2909 673 2958 restituerent,
715 2909 816 2947 duos
846 2910 1029 2947 tribunos
1059 2914 1266 2957 crearent,
1312 2915 1489 2947 montem
1522 2908 1632 2946 illum
1673 2913 1784 2946 trans
1820 2907 2032 2957 Anienem,

289 2970 356 3019 qui
386 2969 502 3007 lindie
529 2972 639 3009 Mons
660 2972 784 3010 Sacer
812 2971 1054 3019 nominatur,
1084 2970 1122 3007 in
1146 2981 1225 3020 quo
1246 2971 1386 3009 armati
1410 2971 1696 3017 consederant,
1726 2975 1917 3008 aeternae
1944 2981 2034 3007 me-

290 3033 438 3069 moriae
480 3044 601 3070 causa
645 3038 944 3071 consecrarent.
1014 3034 1157 3082 Itaque
1198 3033 1407 3083 auspicato
1448 3039 1611 3083 postero
1648 3044 1753 3071 anno
1786 3029 1842 3084 [x]
1883 3031 2032 3070 tribuni

238 3104 275 3135 45
290 3092 396 3143 plebi
427 3094 594 3130 comitiis
622 3095 783 3132 curiatis
813 3095 934 3133 creati
963 3099 1068 3132 sunt.

387 3155 446 3193 25.
490 3156 587 3193 Tum
624 3156 860 3207 interposita
896 3156 976 3195 fide
1002 3168 1077 3207 per
1104 3162 1175 3195 tris
1201 3156 1376 3206 legatos,
1412 3155 1682 3206 amplissimos
1713 3155 1836 3203 viros,
1864 3155 2033 3193 Romam

374 3293 425 3323 30.
463 3293 520 3324 Res
542 3292 691 3333 vulgare]
722 3296 789 3325 An:
815 3295 1017 3335 respondeto,
1043 3294 1179 3335 volgare
1197 3295 1212 3326 ⁶?
1259 3295 1315 3325 Oa.
