2249 3624
590 145 678 184 Lin.
701 145 732 185 Ι.
774 145 870 185 cip.
893 146 1280 188 XXVII—XXIX.
1321 146 1380 200 §§
1403 145 1626 187 {la—0102.
1908 142 1989 183 667

223 249 384 292 vitiosis
428 250 527 304 quid
571 251 792 290 conveniat
833 257 872 290 et
913 252 1015 305 quid
1058 253 1203 293 deccat
1243 254 1453 294 videbunt.
1514 254 1640 293 Nobis
1672 258 1809 293 autem
1842 267 1935 292 cum
1967 266 1991 293 a

221 317 369 352 natura
401 313 680 359 constantiae,
703 314 1026 362 moderationis,
1051 317 1373 370 temperantiae,
1407 316 1686 356 verecundiae
1711 322 1846 370 partes
1869 315 1989 354 datae

220 375 304 415 sint
335 387 515 427 cumque
548 376 691 414 eadem
726 384 872 417 natura
905 379 1052 418 doceat
1083 393 1166 418 non
1199 379 1441 431 neglegere,
1474 394 1596 433 quem
1629 380 1680 418 ad
1714 378 1880 417 modum
1913 390 1990 416 nos

219 436 422 477 adversus
454 436 644 476 homines
676 450 895 491 geramus,
928 440 1108 480 eflicitur
1139 448 1181 481 ut
1214 448 1254 481 et
1285 442 1400 489 illud,
1434 442 1545 495 quod
1578 442 1628 481 ad
1662 454 1826 482 omnem
1860 440 1992 479 hone-

219 505 367 539 statem
399 500 599 552 pertinet,
641 499 836 539 dccorum
878 515 1002 554 quam
1045 503 1125 542 late
1167 503 1305 542 susum
1350 505 1403 544 sit
1441 511 1640 558 appareat
1679 510 1720 544 et
1752 503 1842 549 boc,
1876 502 2021 554 qu0d5

218 567 432 615 spectatur
461 562 503 600 in
536 574 621 600 uno
656 576 826 615 quoque
858 576 1012 615 genere
1046 566 1224 604 virtutis.
1288 566 1335 606 Ut
1368 568 1476 605 enim
1512 566 1779 619 pulchritudo
1802 566 1990 618 corporis

217 631 311 678 apta
343 625 650 677 compositione
683 625 962 666 membrorum
996 634 1134 667 movet
1165 629 1310 667 ovutus
1343 635 1384 668 et
1415 629 1594 668 delectat
1623 630 1703 669 hoc
1735 631 1843 682 ipso,
1876 627 1987 680 quod

216 687 325 727 inter
367 699 411 726 se
454 700 597 726 omnes
640 692 778 739 partes
811 701 904 726 cum
937 690 1119 740 quodam
1152 690 1294 742 lepore
1328 693 1620 738 consentiunt,
1667 692 1725 731 sic
1756 691 1835 731 boc
1867 691 1990 730 deco-

215 763 323 796 rum,
355 748 470 802 quod
503 749 640 789 elucet
671 750 713 788 in
746 750 842 797 vita,
875 757 1016 790 movet
1046 752 1394 804 adprobationem
1427 768 1590 799 eorum,
1615 755 1864 806 quibuscum
1887 753 1990 792 vivi-

216 818 296 860 tur,
329 812 477 852 ordine
511 819 551 851 et
582 813 816 852 constantia
847 820 888 853 et
920 813 1212 854 moderatione
1246 815 1451 856 dictorum
1485 818 1668 857 omnium
1701 824 1827 871 atque
1859 817 2040 856 facto-⁴0

215 889 320 915 rum.
390 873 456 914 99.
497 874 747 914 Adhibenda
787 882 848 915 est
888 876 1017 928 igitur
1057 877 1263 929 quaedam
1303 881 1535 919 reverentia
1567 882 1767 920 adversus
1798 880 1988 920 homines

216 944 257 978 et
287 938 434 990 optimi
467 939 672 989 cuiusque
705 944 745 977 et
775 939 1046 992 reliquorum.
1107 941 1207 978 Nam
1240 941 1480 993 neglegere,
1517 942 1617 996 quid
1650 942 1700 982 de
1733 957 1776 983 se
1809 944 1989 996 quisque

215 1001 386 1047 sentiat,
419 1014 502 1040 non
535 1000 670 1039 solum
704 1002 935 1053 arrogantis
968 1009 1047 1049 est,
1081 1004 1151 1041 sed
1185 1004 1307 1042 etiam
1342 1006 1513 1044 omnino
1547 1006 1751 1059 dissoluti.
1815 1007 1887 1044 Est
1917 1018 1989 1044 au-

214 1068 295 1103 tem
338 1063 451 1116 quod
491 1063 655 1102 differat
686 1064 726 1102 in
758 1064 976 1103 hominum
1009 1066 1168 1104 ratione
1201 1065 1394 1105 habenda
1426 1068 1535 1107 inter
1567 1069 1767 1108 iustitiam
1800 1075 1840 1108 et
1873 1081 1988 1107 vere-

215 1126 423 1166 cundiam.
485 1126 673 1165 Iustitiae
714 1132 852 1178 partes
893 1133 991 1166 sunt
1032 1141 1112 1167 non
1147 1129 1302 1168 violare
1335 1129 1550 1177 homines,
1594 1131 1870 1170 verecundiae
1902 1143 1985 1170 non
2007 1144 2038 1172 15

214 1188 451 1227 offendere:
493 1189 534 1228 in
568 1202 652 1241 quo
685 1203 880 1229 maxume
925 1191 984 1229 vis
1018 1191 1271 1243 perspicitur
1303 1192 1459 1232 decori.
1521 1194 1595 1234 His
1628 1195 1754 1246 igitur
1784 1195 1986 1248 expositis

214 1251 339 1305 quale
370 1252 422 1291 sit
452 1251 516 1298 id,
551 1252 663 1304 quod
696 1252 844 1292 decere
876 1253 1080 1299 dicimus,
1112 1254 1374 1294 intellectum
1408 1263 1523 1309 puto.

328 1310 422 1352 ‘'lOO.
456 1312 650 1353 Officium
683 1320 836 1362 autem,
870 1315 981 1368 quod
1016 1315 1067 1355 ab
1101 1330 1150 1355 eo
1184 1316 1364 1365 ducitur,
1388 1320 1494 1359 banc
1518 1321 1694 1372 primum
1717 1319 1842 1359 habet
1863 1319 1986 1366 viam,

213 1389 322 1430 quae
364 1376 534 1416 deducit
573 1377 624 1416 ad
666 1378 999 1417 convenientiam
1042 1380 1494 1434 conservationemque
1537 1388 1723 1421 naturae.
1785 1384 1920 1430 Quam
1953 1382 1985 1421 si

213 1451 438 1491 sequemur
469 1439 628 1486 ducem,
661 1453 889 1493 numquam
920 1441 1209 1480 aberrabimus
1242 1456 1552 1495 sequemurque
1586 1450 1626 1484 et
1657 1445 1711 1490 id,
1744 1446 1855 1498 quod
1888 1458 1985 1484 acu·
1999 1458 2036 1486 20

213 1507 300 1542 tum
332 1506 372 1540 et
403 1502 625 1554 perspicax
658 1509 805 1542 natura
837 1508 920 1550 est,
962 1509 1001 1543 et
1034 1503 1098 1550 id,
1142 1504 1255 1557 quod
1295 1506 1345 1544 ad
1384 1506 1599 1546 hominum
1632 1508 1985 1546 consociationem

213 1564 601 1612 accommodatum,
641 1571 682 1604 et
722 1565 783 1611 id,
829 1566 943 1618 quod
982 1566 1208 1606 vehemens
1249 1574 1373 1619 atque
1404 1568 1525 1608 sorte.
1587 1570 1667 1608 Sed
1701 1584 1893 1610 maxuma
1924 1571 1985 1610 vis

217 1626 358 1667 decori
388 1627 431 1666 in
461 1627 538 1667 hac
570 1630 680 1667 inest
711 1634 850 1680 parte,
894 1629 944 1667 de
978 1642 1061 1682 qua
1091 1628 1373 1682 disputamus;
1418 1644 1554 1683 neque
1586 1632 1696 1671 enim
1729 1632 1862 1672 solum
1895 1646 1985 1671 cor-

211 1690 349 1743 poris,
394 1690 463 1742 qui
507 1690 558 1728 ad
601 1696 793 1730 naturam
833 1692 917 1743 apti
951 1697 1068 1738 sunt,
1108 1691 1178 1730 sed
1212 1693 1341 1731 multo
1374 1695 1496 1733 etiam
1531 1696 1658 1745 magis
1689 1697 1813 1735 animi
1847 1702 1984 1735 motus

213 1753 445 1806 probandi,
489 1753 561 1805 qui
606 1754 705 1792 item
746 1754 797 1792 ad
839 1760 1028 1792 naturam
1068 1756 1370 1794 accommodati
1414 1764 1522 1796 sunt.
1594 1756 1685 1797 tol,
1726 1758 1893 1810 Duplex
1925 1764 2035 1800 es125

213 1816 324 1855 enim
358 1815 419 1853 vis
452 1815 685 1854 animorum
719 1823 842 1868 atque
874 1822 1043 1855 natura:
1077 1830 1158 1855 una
1191 1830 1284 1867 pars
1317 1818 1356 1856 in
1390 1821 1578 1872 appetitu
1612 1821 1747 1873 posita
1774 1827 1853 1868 est,
1877 1834 1985 1873 quae

213 1884 275 1917 est
307 1877 422 1930 ὁρμή
454 1877 634 1924 Graece,
677 1891 785 1930 quae
818 1878 1030 1918 hominem
1064 1878 1144 1917 huc
1189 1886 1229 1918 et
1269 1880 1369 1920 illuc
1402 1884 1531 1935 rapit,
1575 1883 1705 1922 altera
1737 1884 1778 1922 in
1811 1884 1984 1931 ratione,

217 1953 325 1993 quae
358 1939 481 1979 docet
513 1945 553 1979 et
584 1941 802 1994 explanat,
845 1942 946 1994 quid
979 1941 1215 1981 faciendum
1251 1942 1548 1995 fugiendumve
1581 1947 1644 1985 sit.
1716 1945 1799 2000 [lta
1829 1946 1897 1994 fit,
1940 1953 1986 1987 ut

211 2002 319 2042 ratio
352 2003 529 2054 praesit,
569 2003 778 2056 adpetitus
810 2002 1084 2056 obtemperet.
1144 2006 1302 2046 xxix.
1343 2007 1490 2047 Omnis
1523 2015 1661 2048 autem
1694 2010 1802 2049 actio
1836 2023 1983 2050 vacare

212 2064 337 2104 debet
376 2066 610 2105 temeritate
651 2072 692 2105 et
732 2067 997 2119 neglegentia
1039 2081 1115 2106 nec
1157 2082 1255 2107 vero
1298 2083 1420 2121 agere
1455 2071 1705 2124 quit-quam,
1749 2073 1867 2111 cuius
1900 2083 2034 2113 non3o

210 2128 347 2181 possit
378 2141 545 2168 causam
579 2129 838 2181 probabilem
871 2130 1047 2168 reddere
1062 2145 1079 2175 ;,
1105 2130 1207 2169 haec
1239 2138 1301 2171 est
1327 2133 1437 2171 enim
1471 2133 1559 2172 fere
1582 2134 1797 2188 discriptio
1822 2133 1980 2188 officit]

213 2187 307 2228 ⁴102.
338 2187 614 2230 Efficiendum
646 2197 785 2230 autem
819 2198 882 2232 est
912 2198 958 2231 ut
988 2193 1196 2244 adpetitus
1228 2195 1378 2233 rationi
1403 2196 1627 2236 oboediant
1650 2210 1824 2250 eamque
1848 2212 1982 2251 neque

211 2259 481 2305 praecurrant
518 2265 595 2292 nec
627 2259 798 2306 propter
828 2254 1039 2306 pigritiam
1072 2262 1143 2294 aut
1174 2257 1380 2308 ignaviam
1415 2257 1627 2306 deserant,
1671 2261 1839 2314 sintque
1871 2267 1982 2301 tran-

213 2314 334 2368 quilli
375 2320 501 2367 atque
542 2316 655 2354 omni
697 2317 825 2355 animi
859 2318 1171 2368 perturbatione
1203 2326 1392 2358 careant:
1437 2335 1489 2360 ex
1521 2336 1603 2374 quo
1637 2322 1815 2363 elucebit
1845 2324 1980 2364 omnis

212 2377 447 2417 constantia
487 2378 706 2432 omnisque
747 2378 994 2419 moderatio.
1067 2382 1167 2419 Nam
1202 2382 1272 2434 qui
1304 2384 1518 2435 appetitus
1551 2384 1719 2437 longius
1752 2393 2031 2438 evagantur35

211 2443 252 2478 et
283 2444 494 2492 tamquam
526 2440 765 2480 exultantes
806 2441 895 2480 sive
927 2443 1136 2495 cupiendo
1169 2443 1256 2483 sive
1288 2443 1489 2497 fugiendo
1522 2460 1603 2486 non
1636 2447 1735 2487 satis
1767 2461 1790 2487 a
1818 2450 1980 2489 ratione

217 2532 1978 2548 Ἣ

299 2581 329 2610 l.
355 2579 447 2612 nobis
469 2580 582 2618 itaque
604 2590 679 2612 cum
703 2583 786 2620 (non
804 2582 882 2621 tum)
908 2591 926 2613 c
954 2601 989 2606 —
1023 2583 1052 2614 4.
1081 2584 1124 2614 ad
1149 2592 1218 2614 oin.
1240 2593 1261 2615 a
1286 2601 1320 2606 —
1357 2585 1387 2616 6.
1413 2589 1449 2616 ut
1473 2587 1558 2616 enim
1574 2604 1622 2608 —-
1639 2590 1669 2617 et
1693 2587 1828 2618 delectat
1852 2589 1980 2620 Nonius

209 2639 242 2672 p.
259 2629 334 2662 234.
362 2647 397 2652 -
433 2630 464 2662 9.
492 2630 608 2669 quibus
631 2633 823 2663 conmittitur
846 2641 883 2669 a;
917 2632 1032 2672 quibus
1054 2642 1128 2663 cum
1154 2635 1185 2664 ιη’
1210 2635 1339 2664 uiuitur
1362 2636 1382 2666 b
1416 2653 1450 2657 —
1487 2637 1536 2665 lt.
1565 2637 1720 2666 adversus
1743 2638 1887 2668 Immunes
1911 2638 1978 2671 del.

209 2679 412 2711 Lambinus.
441 2696 475 2701 —
515 2682 566 2712 42.
594 2682 705 2713 obtimi
731 2684 784 2713 Ab
817 2700 851 2704 —
893 2684 944 2714 43.
971 2684 1025 2713 sed
1050 2683 1171 2724 [etiam]
1199 2692 1229 2715 ο.
1273 2685 1321 2715 Cl'.
1351 2685 1449 2716 lland
1475 2685 1618 2716 Turseli
1649 2687 1671 2716 ll
1700 2688 1822 2726 nii-35.
1853 2706 1886 2709 —
1927 2688 1979 2720 44.

209 2729 371 2760 hominem
396 2730 422 2761 H
455 2747 490 2752 —
529 2732 580 2762 47.
608 2732 753 2762 dicimus
777 2741 794 2762 e
835 2750 866 2754 —
908 2734 958 2764 18.
988 2734 1077 2763 uiam
1103 2735 1144 2764 C:
1171 2736 1239 2765 uim
1265 2734 1331 2766 alii.
1365 2753 1395 2756 —
1437 2736 1488 2765 19.
1515 2738 1865 2775 mnuersarmnemque
1889 2740 1915 2769 Α
1944 2755 1975 2761 -

210 2779 264 2809 ⁶20.
282 2787 465 2817 numquam
481 2789 775 2820 --sequemw-que
799 2790 866 2812 om
889 2783 913 2813 Η
944 2801 977 2805 -
1015 2792 1251 2821 sequemurque
1275 2787 1298 2814 Α
1314 2785 1443 2815 Babc:
1484 2794 1780 2823 consequeruw·que
1810 2796 1852 2826 p;
1892 2796 1982 2819 asse—

212 2836 413 2867 quemurque
443 2837 461 2860 o
500 2847 534 2851 —
572 2831 624 2861 21.
651 2833 925 2862 consociationem
957 2834 1001 2863 C:
1039 2838 1225 2864 sot-:etatem
1251 2843 1271 2873 p
1312 2851 1344 2855 —
1387 2838 1436 2864 22².
1464 2836 1747 2865 accommodatum
1770 2840 1814 2866 est
1839 2839 1867 2866 et
1898 2845 1916 2867 c
1944 2855 1978 2859 —

211 2877 264 2908 23.
291 2878 416 2909 decoris
440 2886 458 2910 c
485 2897 521 2902 —
548 2879 600 2911 024.
626 2882 734 2920 mayis
758 2890 827 2912 om.
849 2890 866 2912 c
890 2900 933 2904 —
957 2883 1008 2913 *26*
1035 2883 1121 2913 enim
1145 2885 1196 2913 vis
1220 2890 1263 2914 est
1290 2893 1307 2915 c
1337 2902 1369 2906 ..
1399 2888 1539 2914 naturae
1565 2886 1588 2914 (2
1618 2902 1650 2906 *
1681 2885 1732 2915 27.
1754 2885 1866 2916 herme
1890 2887 1914 2917 t:
1943 2903 1977 2907 —

212 2927 264 2958 28.
291 2931 320 2958 et
345 2928 433 2968 (post
456 2929 555 2967 docet)
582 2938 651 2961 om.
670 2933 696 2961 A
712 2932 734 2962 B
751 2932 776 2962 ll
815 2949 849 2952 —
883 2932 1116 2971 fu-qiendumtw
1141 2942 1206 2972 cp:
1232 2934 1486 2973 [uffewrtmnquc
1510 2937 1532 2965 A
1550 2935 1572 2964 B
1590 2935 1613 2964 ll
1630 2943 1649 2965 a
1666 2935 1686 2965 b
1721 2952 1756 2956 —
1793 2936 1843 2966 Ila
1865 2937 1901 2973 fit
1924 2954 1943 2958 -
1963 2953 1981 2958 -

212 2976 380 3015 discriptio
403 2979 502 3018 officii
533 2980 723 3011 Facciolato
754 2984 896 3012 auctore
927 2981 1067 3013 seclusi.
1112 2985 1180 3014 «tta
1203 2985 1303 3022 sit--
1322 2983 1512 3022 obtvmperet
1549 2987 1599 3015 est
1631 2986 1803 3016 sententia
1833 2986 1980 3023 margini

211 3026 370 3065 apposita
403 3028 446 3058 ad
478 3029 745 3068 significandum
779 3032 872 3071 quod
903 3034 955 3062 est
989 3032 1021 3062 in
1053 3034 1216 3071 sequenti
1250 3032 1406 3071 periodo.
1457 3033 1568 3063 Omnis
1599 3037 1709 3064 autem
1731 3051 1783 3057 --
1807 3035 1980 3073 descriptio

211 3075 311 3114 officii
341 3084 382 3106 ex
407 3077 509 3109 officii
535 3078 780 3120 descriptione.
809 3089 898 3120 quae
925 3083 978 3112 est
1003 3081 1034 3111 in
1060 3081 1148 3111 libro
1174 3083 1226 3112 ΙΙΙ.
1255 3082 1298 3111 ‹lt›
1326 3080 1431 3111 finib,
1461 3090 1489 3111 c.
1516 3082 1563 3118 ¹7,
1590 3085 1828 3114 consarcinata
1855 3084 1980 3115 viden-

212 3125 280 3154 tur.
327 3124 360 3155 Si
385 3125 563 3165 tollantur,
590 3137 670 3159 cum
696 3138 798 3160 sensa
826 3133 898 3160 tum
923 3129 1032 3160 verba
1058 3132 1187 3161 rectius
1213 3132 1302 3161 inter
1325 3140 1361 3161 se
1388 3134 1615 3166 congruont»
1652 3150 1686 3154 -
1726 3134 1765 3163 ²29
1800 3135 1928 3172 praesit
1950 3138 1979 3165 et

211 3173 374 3212 appetitus
398 3182 446 3214 cp
472 3193 506 3198 —
535 3180 621 3209 actio
647 3180 690 3209 C:
718 3180 805 3210 ratio
830 3179 895 3211 alii.
927 3197 959 3201 —
988 3180 1040 3211 30.
1067 3189 1166 3219 ogere
1190 3182 1280 3211 debes
1304 3181 1480 3218 quicquam
1506 3181 1606 3213 §debes
1629 3191 1807 3223 superscr.
1827 3192 1898 3214 sec.
1915 3185 1976 3223 m.)

211 3231 230 3253 o
258 3240 292 3246 —
319 3221 371 3254 31.
392 3226 498 3262 possis
521 3235 538 3257 ο
565 3244 600 3249 -
627 3229 797 3267 discriptio
822 3229 898 3259 BH:
926 3230 1099 3269 descriptio
1124 3231 1265 3261 Aabco
1295 3247 1328 3250 —
1356 3230 1462 3269 officio
1486 3231 1513 3262 11
1542 3249 1577 3254 -
1609 3232 1662 3264 32.
1688 3233 1801 3275 neque]
1827 3243 1869 3266 no
1893 3242 1910 3265 ο
1938 3251 1972 3256 -

211 3270 265 3304 33.
287 3279 512 3312 praecurrant
529 3277 571 3308 C:
602 3281 827 3317 praecurrant
846 3282 984 3319 propter
1007 3280 1221 3311 temeritatem
1245 3278 1311 3310 alii.
