2249 3624
289 132 372 176 422
888 130 959 170 DE
989 129 1214 170 DEORUM
1244 129 1458 169 NATURA

292 254 345 281 ex
374 239 600 292 relegendo
640 236 870 292 [elegantes
902 250 956 277 ex
987 231 1220 289 eligendo],
1259 240 1470 287 tamquam
1501 248 1553 274 ex
1584 234 1795 287 diligendo
1825 235 2060 288 diligentes,

291 316 345 343 ex
366 300 650 354 intellegendo
672 299 988 352 intellegentes;
1022 298 1087 338 his
1112 299 1220 337 enim
1243 298 1288 337 in
1309 297 1445 336 verbis
1468 297 1660 337 omnibus
1681 299 1792 338 inest
1811 299 1874 338 vis
1895 299 2062 351 legendi

291 365 459 412 eadem,
505 375 613 417 quae
654 362 696 401 in
736 361 950 414 religioso.
1006 361 1067 400 Ita
1105 359 1258 399 factum
1301 364 1364 399 est
1398 359 1441 398 in
1473 360 1761 411 superstitioso
1793 365 1834 399 et
1862 361 2062 412 religioso

290 427 467 468 alterum
497 425 586 465 vitii
616 437 789 471 nomen,
830 424 1006 463 alterum
1037 422 1187 462 laudis.
1232 422 1292 461 Ac
1328 420 1429 460 mihi
1460 421 1607 461 videor
1636 421 1736 461 satis
1769 427 1809 462 et
1839 435 1932 462 esse
1961 422 2063 463 deos

260 495 333 530 bet
363 488 511 542 quales
542 492 684 526 essent
713 486 962 526 ostendisse.

404 550 560 589 XXIX.
603 547 670 588 73.
714 548 953 588 Proximum
986 552 1049 587 est
1085 553 1129 587 ut
1161 546 1331 586 doceam
1362 545 1537 585 deorum
1567 545 1833 598 providentia
1864 546 2065 586 mundum

290 612 585 654 administrari.
639 612 814 663 Magnus
855 622 955 649 sane
995 609 1112 649 locus
1152 614 1216 648 est
1256 614 1349 648 eta
1379 608 1551 654 vestris,
1596 608 1737 655 Cotta,
1780 613 1978 655 vexatus,
2019 620 2067 647 ac

290 675 486 715 nimirum
518 674 731 713 vobiscum
762 685 886 712 omne
919 676 1127 711 certamen
1161 676 1235 710 est.
1281 672 1385 710 Nam
1406 670 1544 718 vobis,
1579 669 1732 717 Vellei,
1763 671 1901 711 minus
1922 675 2067 710 notum

291 743 378 785 est,
411 749 539 790 quem
569 735 621 775 ad
655 735 827 774 modum
859 733 1048 786 quidque
1076 734 1257 781 dicatur;
1287 740 1426 772 vestra
1447 733 1559 772 enim
1581 733 1718 773 solum
1738 733 1895 785 legitis,
1926 738 2067 773 vestra

240 808 276 838 io
291 799 456 845 amatis,
500 803 661 837 ceteros
704 809 830 836 causa
870 796 1079 848 incognita
1115 796 1415 836 condemnatis.
1465 794 1590 836 Velut
1619 808 1643 835 a
1674 801 1714 835 te
1744 796 1838 848 ipso
1869 796 2066 835 hesterno

291 862 359 902 die
391 861 545 901 dictum
576 866 639 900 est
669 873 795 900 anum
826 859 1039 898 fatidicam
1071 858 1282 911 πρόνοιαν
1313 871 1335 897 a
1368 858 1517 898 Stoicis
1548 858 1687 897 induci
1732 855 1795 911 [id
1834 862 1896 897 est
1926 857 2067 910 provi-

292 919 509 975 dentiam].
570 922 693 970 Quod
725 935 773 961 eo
806 935 946 961 errore
980 921 1145 968 dixisti,
1188 922 1286 975 quia
1316 920 1545 960 existumas
1584 919 1635 959 ab
1675 919 1726 959 iis
1758 919 2065 972 providentiam

290 985 391 1038 fingi
423 985 545 1038 quasi
576 984 787 1038 quandam
820 983 940 1023 deam
972 983 1249 1036 singularem,
1292 996 1399 1036 quae
1430 983 1634 1022 mundum
1667 995 1832 1023 omnem
1864 983 2069 1035 gubernet

292 1054 333 1089 et
364 1053 500 1100 regat3
533 1048 606 1086 sed
639 1047 679 1086 id
711 1047 898 1100 praecise
921 1046 1084 1085 dicitur.
1135 1044 1202 1085 741.
1234 1046 1304 1092 Ut,
1336 1045 1369 1084 si
1393 1044 1485 1096 quis
1508 1045 1618 1084 dicat
1638 1044 1956 1085 Atheniensium
1977 1058 2066 1084 rem

241 1121 276 1150 ⁴5
291 1110 502 1164 publicam
534 1109 711 1149 consilio
744 1109 856 1160 regi,
897 1108 1002 1147 desit
1031 1108 1134 1147 illud
1171 1107 1437 1160 «Ariopagi»‚
1469 1107 1548 1154 sic,
1590 1121 1684 1147 cum
1717 1107 1892 1146 dicimus
1931 1107 2069 1160 provi-

291 1173 434 1213 dentia
465 1171 669 1211 mundum
699 1170 1000 1216 administrari,
1043 1170 1190 1209 deesse
1221 1167 1422 1208 arbitrato
1465 1168 1703 1209 «deorum».
1767 1169 1892 1209 Plene
1924 1176 2064 1210 autem

290 1241 332 1276 et
361 1234 546 1288 perfecte
579 1234 637 1273 sic
666 1233 747 1273 dici
781 1232 1034 1279 existimato,
1065 1231 1329 1286 providentia
1355 1231 1529 1271 deorum
1551 1231 1752 1271 mundum
1773 1232 2064 1273 administrari.

289 1298 352 1337 Ita
382 1296 511 1336 salem
543 1296 690 1343 istum,
722 1309 805 1349 quo
837 1300 950 1334 caret
979 1300 1116 1334 vestra
1146 1294 1272 1341 natio,
1304 1294 1537 1333 inridendis
1569 1294 1692 1333 nobis
1719 1294 1894 1335 nolitote
1917 1308 2069 1334 consu-

289 1373 426 1407 mere,
458 1365 500 1399 et
529 1373 595 1399 me
625 1359 786 1406 hercle,
818 1359 852 1397 si
884 1371 949 1397 me
980 1357 1185 1404 audiatis,
1217 1369 1270 1396 ne
1293 1356 1567 1409 experiamini
1590 1356 1776 1409 quidem.
1820 1359 1913 1398 Non
1935 1358 2069 1406 decet,

239 1433 374 1464 2onon
407 1422 550 1462 datum
583 1428 665 1469 est,
697 1435 783 1461 non
814 1421 1003 1474 potestis.
1049 1420 1133 1459 Nec
1154 1433 1251 1459 vero
1275 1419 1357 1458 hoc
1379 1419 1420 1458 in
1444 1424 1483 1458 te
1505 1432 1635 1458 unum
1657 1421 1874 1468 convenit,
1907 1419 1959 1441 ᾗ*
1982 1434 2070 1460 mo-

289 1485 406 1525 ribus
439 1484 681 1524 domesticis
712 1497 759 1523 ac
790 1489 1032 1523 nostrorum
1063 1482 1279 1522 hominum
1312 1481 1549 1521 urbanitate
1570 1481 1783 1529 limatum,
1815 1482 1887 1522 sed
1910 1484 2068 1523 cumin

288 1548 479 1602 reliquos
511 1553 695 1594 vestros,
736 1552 824 1586 tum
855 1546 897 1585 in
930 1558 1025 1584 eum
1056 1545 1258 1591 maxime,
1303 1544 1375 1596 qui
1406 1544 1485 1583 ista
1516 1544 1698 1597 peperit,
1729 1544 1943 1585 hominem
1977 1547 2068 1587 sine

290 1616 401 1658 arte,
432 1611 524 1650 sine
555 1609 724 1656 litteris,
756 1609 1029 1648 insultantem
1062 1607 1104 1646 in
1136 1620 1303 1654 omnes,
1336 1607 1425 1646 sine
1457 1608 1649 1646 acumine
1673 1607 1784 1654 ullo,
1817 1608 1905 1648 sine
1929 1613 2069 1649 aucto-

289 1673 432 1720 ritate,
466 1673 556 1712 sine
588 1672 748 1724 lepore.
810 1671 946 1710 XXX.
978 1668 1043 1709 75.
1078 1669 1178 1708 Dico
1210 1670 1335 1721 igitur
1365 1670 1628 1723 providentia
1660 1669 1835 1710 deorum
1869 1670 2067 1711 mundum

239 1751 276 1783 25
291 1742 331 1777 et
362 1748 506 1775 omnes
538 1734 684 1774 mundi
715 1739 854 1787 partes
887 1738 928 1773 et
958 1732 1078 1772 initio
1112 1733 1362 1772 constitutas
1395 1745 1488 1772 esse
1520 1738 1560 1772 et
1592 1733 1915 1785 omnitempore
1937 1732 2069 1772 admi-

288 1799 480 1846 nistrari,
522 1811 700 1850 eamque
733 1797 1057 1850 disputationem
1089 1796 1163 1834 tris
1195 1795 1238 1834 in
1268 1801 1407 1848 partes
1438 1796 1569 1835 nostri
1600 1795 1685 1834 fere
1719 1796 1933 1842 dividunt,
1966 1807 2070 1848 qua-

288 1875 381 1902 rum
406 1861 538 1913 prima
563 1856 687 1914 [pars]
713 1865 788 1907 est,
822 1872 929 1912 quae
962 1858 1126 1897 ducitur
1157 1857 1207 1896 ab
1240 1870 1287 1897 ea
1317 1858 1503 1905 ratione,
1536 1871 1644 1911 quae
1675 1858 1797 1897 docet
1828 1870 1919 1897 esse
1952 1857 2068 1904 dem,

290 1937 374 1978 quo
405 1936 606 1962 concesso
638 1922 925 1962 confitendum
957 1926 1018 1960 est
1050 1934 1194 1959 eorum
1227 1921 1404 1960 consilio
1428 1920 1629 1959 mundum
1651 1920 1948 1960 administrari.
1996 1919 2070 1958 Se-

290 1986 427 2027 cunda
456 1991 519 2025 est
548 1990 704 2032 autem,
738 1998 845 2038 quae
878 1985 1000 2024 docet
1032 1996 1177 2023 omnes
1208 1996 1275 2022 res
1309 1983 1516 2022 subiectas
1551 1995 1643 2022 esse
1675 1989 1848 2022 naturae
1872 1980 2069 2022 sentienti

287 2170 330 2192 ea:
360 2160 493 2201 leyendo
509 2160 699 2199 *etegyantes
730 2167 772 2189 ea:
802 2157 948 2197 eligendo
977 2161 1148 2195 tamquam
1176 2157 1308 2197 [essendo
1333 2157 1524 2197 detegendis.
1551 2166 1593 2188 ea:
1618 2156 1830 2196 intelleqendo
1854 2156 2070 2197 intelleyentes

287 2213 333 2248 A;
360 2211 512 2251 releyiosi
538 2208 655 2247 (altera
682 2217 697 2239 e
721 2209 754 2239 in
779 2213 912 2245 rasura)
939 2217 980 2238 eac
1005 2208 1174 2247 releaendo
1198 2208 1360 2247 elegantes
1383 2215 1426 2237 ec
1451 2207 1600 2247 elegendo
1630 2210 1801 2245 tamquam
1825 2207 1958 2246 leqcndo
1983 2206 2070 2237 dele-

286 2261 400 2301 9endis
421 2269 464 2292 ea>
487 2259 699 2298 intelleyendo
724 2258 940 2297 intellegentes
965 2258 1010 2292 B}
1047 2258 1191 2298 religiosi
1216 2267 1258 2288 ec
1282 2258 1469 2297 relegyando.
1495 2258 1658 2295 eteyantes
1681 2266 1724 2287 e.c
1748 2257 1880 2297 legendo
1908 2260 2070 2295 tanquam

287 2311 420 2351 legendo
444 2310 637 2350 detegendis.
664 2318 707 2339 ex
732 2308 945 2347 intellegendo
972 2308 1187 2348 intellegentes
1205 2309 1252 2343 (ξς
1279 2309 1423 2347 religiosi
1448 2316 1490 2338 em·
1511 2308 1680 2348 releyendo
1706 2307 1886 2346 detegendis
1909 2315 1951 2336 ea:
1973 2305 2071 2336 intel-

286 2361 414 2401 ligendo
456 2360 666 2399 intelligentes
710 2358 851 2398 (inediis
882 2359 1037 2395 omissis„
1076 2359 1121 2393 Ες
1168 2359 1312 2397 religiosi
1343 2366 1384 2387 ea)
1413 2358 1582 2397 relegendo
1609 2358 1805 2397 (superscr.
1824 2360 1876 2394 ut)
1909 2356 2070 2395 eleyantes

290 2410 435 2450 (litterae
461 2420 482 2440 a
507 2418 683 2450 superscr.
711 2410 738 2446 e)
765 2418 808 2439 tw
833 2409 990 2447 eligyendo.
1020 2412 1192 2447 tamquam
1217 2418 1238 2438 a
1263 2409 1430 2447 detinendo
1455 2408 1639 2447 (teliyentes.
1665 2416 1708 2438 est
1736 2407 1949 2447 intellegendo
1972 2405 2072 2436 intel-

288 2461 427 2501 legentes
450 2460 698 2500 (tamquam--
713 2459 924 2498 intellegendo
950 2457 1027 2488 ead.
1049 2467 1093 2488 iii.
1122 2459 1155 2488 in
1182 2460 1351 2498 margine)
1371 2458 1416 2495 V;
1444 2458 1587 2497 reliyiosi
1611 2466 1654 2488 αι·
1677 2457 1860 2497 relegendo,
1886 2460 1921 2486 ut
1937 2456 2072 2496 eleyan-

288 2514 333 2542 tes
357 2519 400 2542 ex
423 2510 581 2550 eligendo,
607 2514 777 2548 tamquam
804 2517 824 2538 a
850 2508 1013 2547 diligendo
1038 2508 1225 2547 diliqeiites,
1260 2518 1303 2539 ea:
1328 2509 1535 2548 intelliyentlo
1561 2508 1772 2547 irztelliyentes
1796 2507 1832 2538 O.
1866 2506 1982 2537 Verba
2007 2506 2072 2537 ele-

288 2563 406 2601 qantes
429 2569 471 2590 ev
493 2560 640 2599 eligendo
665 2558 793 2591 seclusi
812 2566 892 2588 cuin
911 2556 1060 2592 Klotzi03
1087 2557 1152 2589 illis
1171 2560 1319 2589 servatis
1338 2567 1419 2589 cum
1440 2557 1517 2588 cod.
1539 2556 1758 2597 Glogaxiensi
1775 2557 1915 2595 itemque
1931 2556 2072 2596 scripsit

291 2610 557 2642 Schoemannus
582 2619 644 2651 pro
670 2613 854 2647 tamqnam.
876 2625 910 2628 —
940 2608 969 2638 ⁴2.
997 2608 1077 2638 inest
1102 2609 1153 2638 uis
1177 2617 1266 2639 corr.
1296 2617 1335 2639 ex
1362 2609 1395 2638 in¹
1420 2608 1541 2638 aestuis
1566 2607 1592 2636 V
1617 2625 1651 2630 —-
1678 2606 1708 2637 3.
1735 2607 1912 2644 eademque
1935 2606 1969 2635 in
1987 2607 2010 2636 Α
2032 2622 2066 2627 -

290 2664 319 2692 et
342 2661 493 2701 religioso
518 2669 587 2692 om.
614 2659 655 2689 V¹
682 2675 715 2680 —
745 2658 775 2690 4.
802 2658 917 2688 uideor
942 2665 1032 2687 corr.
1063 2665 1108 2687 111.
1136 2665 1208 2688 sec.
1237 2658 1271 2688 in
1296 2659 1428 2689 uidetur
1452 2659 1478 2687 V
1506 2674 1539 2679 -
1568 2657 1598 2688 7.
1625 2660 1671 2688 est
1695 2665 1764 2687 om.
1791 2656 1818 2685 V
1835 2656 1858 2686 O
1883 2673 1916 2677 ——
1947 2656 1998 2686 40.
2016 2657 2072 2687 in-

291 2711 420 2751 cognito
446 2710 485 2741 Vl
512 2729 545 2733 —
580 2711 630 2741 lt.
655 2718 823 2749 pronoean
850 2706 878 2739 Ἦ
906 2724 940 2728 -
976 2707 1009 2737 id
1040 2710 1084 2737 est
1111 2708 1356 2746 providentiam
1381 2709 1499 2748 spuria
1525 2708 1659 2738 censuit
1684 2708 1843 2742 Ursinus,
1871 2704 1938 2736 del.
1966 2706 2072 2736 Davi—

292 2761 375 2792 siuS.
397 2777 432 2782 —
462 2761 511 2792 42.
538 2761 720 2791 existumas
744 2761 771 2790 Α
785 2758 832 2788 V:
861 2757 1025 2788 existimes
1050 2757 1235 2796 sssuperscr.
1257 2760 1286 2796 a)
1314 2759 1361 2793 B;
1389 2758 1603 2788 emistimabas
1628 2759 1650 2788 t]
1668 2758 1690 2788 E
1714 2775 1746 2778 —
1775 2756 1816 2787 ab
1839 2756 1887 2786 his
1911 2756 1934 2786 Β
1951 2755 2014 2786 ΕΟ
2032 2771 2064 2776 -

294 2811 346 2842 45.
373 2811 528 2850 ariopagi
551 2814 576 2842 A
593 2811 638 2841 E:
672 2810 794 2849 (πρωί
818 2809 840 2839 Β
857 2809 880 2839 C
896 2808 923 2837 V
952 2825 985 2829 —
1015 2805 1229 2845 providenti&
1251 2808 1272 2837 B
1313 2826 1346 2829 —
1387 2808 1437 2838 46.
1464 2807 1668 2837 Δηιιιιιάιιάιιηι
1693 2805 1733 2835 V¹
1759 2823 1793 2827 —-
1822 2806 2008 2836 arbitrator
2031 2804 2068 2836 Ο.

295 2859 345 2892 Ct.
373 2859 508 2899 Madxig
533 2861 659 2901 Opusc.
685 2859 792 2891 Acad.
819 2860 846 2890 ΙΙ
872 2867 903 2898 p.
924 2857 997 2890 241,
1029 2872 1063 2877 —
1091 2857 1243 2886 decoram
1269 2856 1309 2886 Vl
1333 2875 1375 2879 —
1409 2857 1458 2888 19.
1486 2857 1620 2887 meere-te
1643 2859 1686 2891 A:
1713 2856 1879 2888 mercatae
1903 2855 1962 2892 B¹;
2000 2863 2070 2886 me—

293 2909 423 2940 hercule
446 2910 582 2947 B2EV;
618 2919 668 2942 me
692 2910 798 2941 ercule
821 2910 844 2941 C
876 2926 910 2930 —
944 2908 995 2938 ΞΟ.
1021 2908 1079 2937 hoc
1103 2915 1172 2938 om.
1201 2907 1224 2938 C
1240 2907 1264 2938 E
1294 2926 1327 2929 —
1356 2908 1388 2938 in
1413 2912 1441 2938 te
1466 2916 1529 2937 uno
1547 2907 1725 2937 --limato
1750 2905 1778 2938 *21
1814 2923 1847 2928 -
1881 2914 1984 2936 unum
2011 2906 2070 2936 aut

296 2958 397 3000 plane
423 2959 613 2992 delendum
637 2963 695 2992 aut
720 2962 815 2991 certe
841 2960 908 2990 hoc
934 2957 1039 2989 modo
1066 2957 1367 2997 transponendum
1400 2966 1477 2988 esse
1510 2958 1647 2988 censuit
1678 2956 1930 2987 Kindervater:
1968 2962 2070 2994 neque

295 3018 374 3040 vero
401 3009 460 3040 hoc
482 3010 515 3040 in
540 3013 569 3040 te
591 3011 758 3047 convenit,
785 3017 887 3039 unuin
904 3025 951 3030 --
969 3008 1132 3041 limatum,
1159 3007 1166 3037 i
1208 3016 1237 3037 e.
1266 3015 1349 3046 prae
1376 3008 1502 3038 ceteris
1523 3006 1694 3038 limatum.
1724 3007 1857 3037 «Locus
1880 3006 2069 3036 omissione

297 3058 488 3090 verborum
507 3062 648 3099 propter
663 3058 928 3091 similitudinem
947 3059 1145 3096 corruptus.
1181 3055 1291 3086 Scrib.
1318 3057 1384 3088 Nec
1411 3067 1486 3089 vero
1510 3058 1567 3088 hoc
1593 3058 1623 3087 ιή
1650 3060 1679 3088 te
1702 3065 1804 3087 unum
1829 3056 1989 3092 convenit,
2014 3052 2069 3085 vel

299 3109 414 3150 potius
445 3109 477 3139 in
509 3111 541 3139 te
572 3117 679 3139 unuin
710 3117 777 3139 non
803 3107 984 3143 convenit,
1017 3106 1163 3136 moribus
1187 3107 1368 3138 domestic-ts
1399 3117 1439 3138 ac
1470 3112 1659 3138 nostrorum
1688 3107 1855 3139 amitinum
1884 3105 2072 3136 urba-nitate

299 3160 468 3195 limatum,
495 3159 547 3189 scd
573 3161 639 3190 cet.
666 3158 822 3189 Adiectio
848 3157 901 3188 illa
927 3156 1289 3187 moribus--limatum
1315 3155 1459 3188 ridicule
1486 3157 1706 3195 coniungitur
1730 3164 1809 3186 cum
1834 3155 1898 3187 illis
1922 3163 1978 3185 nec
1993 3161 2071 3184 vero

299 3209 360 3240 hoc
383 3209 465 3239 inte
482 3217 584 3239 unum
600 3210 766 3247 convenit,
793 3217 882 3248 quae
900 3206 1107 3247 significant,
1135 3207 1322 3237 convenire
1350 3210 1502 3237 tamen.»
1536 3207 1680 3237 Minus.
1714 3223 1748 3228 -
1788 3205 1841 3236 22.
1867 3204 1974 3243 aperit
2000 3201 2072 3242 (lit-

303 3261 446 3300 terae-a
469 3266 646 3299 superscr.
670 3259 727 3297 pe)
754 3259 778 3289 B
805 3274 839 3280 —
867 3257 919 3289 23.
947 3257 1120 3288 actoritate
1143 3258 1170 3287 A
1186 3256 1211 3286 V
1238 3273 1271 3277 —
1302 3256 1353 3287 Ξῖ.
1377 3265 1460 3296 pars
1485 3256 1642 3287 Ernestio
1667 3256 1810 3287 auctore
1833 3251 1975 3285 seclusi.
