2249 3624
341 139 422 182 294
781 143 1206 185 TUSCULANARUM
1235 142 1673 185 DISPUTATIONUM

340 253 521 292 humana
551 264 642 291 esse
673 263 781 304 quae
813 248 1055 289 acciderint.
1101 250 1195 290 Non
1227 249 1337 289 enim
1367 249 1410 289 id
1432 249 1567 289 solum
1591 249 1776 290 continet
1797 262 1846 290 ea
1867 249 2109 303 disputatio,

340 318 385 353 ut
424 313 707 366 cognitionem
747 310 908 351 adferat
947 311 1112 363 generis
1152 311 1344 359 humani,
1390 311 1463 351 sed
1505 309 1712 365 significat
1752 312 1987 352 tolerabilia
2018 326 2109 354 esse

341 388 448 429 quae
487 380 527 415 et
566 374 738 415 tulerint
775 378 815 413 et
854 372 992 413 ferant
1030 374 1172 413 ceteri.
1230 374 1382 414 XXIV.
1413 375 1474 412 De
1514 378 1759 427 paupertate
1792 374 1947 427 agitur:
1992 376 2111 416 multi

339 439 546 491 patientes
578 449 783 490 pauperes
816 440 1217 483 commemorantum
1251 437 1302 475 de
1334 435 1639 475 contemnendo
1671 436 1854 476 honore:
1899 437 2018 477 multi
2050 437 2112 477 in-

308 499 533 544 5honorati
573 497 843 552 proferuntur
880 502 922 537 et
951 497 1123 550 quidem
1162 504 1335 552 propter
1364 498 1406 537 id
1437 499 1574 550 ipsum
1606 497 1834 546 beatiores,
1867 511 2111 553 eorumque,

341 561 412 614 qui
456 561 664 614 privatum
704 560 835 600 otium
868 560 1049 612 negotiis
1080 560 1260 612 publicis
1292 560 1598 608 antetulerunt‚
1629 561 1878 600 nominatim
1910 562 1994 601 vita
2023 562 2112 602 lau-

340 623 482 671 datur,
514 636 591 663 nec
622 622 771 662 siletur
802 622 905 662 illud
937 622 1217 676 potentissimi
1247 623 1358 675 regis
1381 629 1674 676 anapaestum,
1710 623 1782 676 qui
1805 623 1948 663 laudat
1969 637 2111 665 senem

339 690 380 725 et
409 684 666 726 fortunatum
698 698 789 724 esse
822 684 941 731 dicit,
974 684 1084 738 quod
1116 685 1318 738 inglorius
1352 686 1405 725 sit
1427 691 1552 738 atque
1575 686 1773 738 ignobilis
1797 685 1848 726 ad
1871 699 2112 738 supremum

340 748 448 788 diem
482 752 773 801 perventurus.
825 745 890 785 58.
925 747 1126 787 Similiter
1157 748 1535 788 commemorandis
1559 749 1762 803 exemplis
1786 749 1985 788 orbitates
2009 763 2113 802 quo-

290 827 325 856 io
341 825 423 864 que
454 810 629 850 liberum
661 809 958 863 praedicantur
989 823 1238 864 eorumque,
1271 810 1343 863 qui
1375 811 1541 863 gravius
1572 810 1732 858 ferunt,
1764 811 1900 851 luctus
1932 811 2113 850 aliorum

339 873 545 925 exemplis
577 872 810 912 leniuntur:
842 873 900 912 sic
932 873 1148 925 perpessio
1178 878 1414 913 ceterorum
1445 872 1543 913 facit
1565 878 1610 913 ut
1632 886 1704 920 ea,
1737 885 1846 926 quae
1868 872 2112 920 acciderint,

338 935 468 975 multo
507 936 669 975 minora
709 949 833 988 quam
875 940 1031 988 quanta
1071 935 1154 974 sint
1192 935 1432 974 existimata
1462 934 1693 975 videantur.
1752 935 1814 974 Ita
1852 935 1900 975 fit
1939 935 2112 982 sensim,

337 996 616 1051 cogitantibus
647 1002 711 1045 ut,
746 1002 947 1051 quantum
979 997 1032 1038 sit
1054 998 1252 1037 ementita
1274 997 1432 1050 opinio,
1465 1002 1677 1050 appareat.
1724 998 1860 1049 Atque
1892 995 1970 1037 hoc
2001 997 2112 1037 idem

337 1065 378 1101 et
408 1060 580 1100 Telamo
610 1060 682 1100 ille
714 1060 920 1100 declarat:

288 1139 323 1168 ⁴5
448 1123 555 1175 Ego
589 1136 700 1163 cum
731 1123 932 1176 genui.
967 1153 1018 1163 ..

338 1189 379 1226 et
409 1185 626 1225 Theseus:

450 1248 683 1288 Futuras
714 1261 910 1288 mecum
943 1247 1345 1287 commentabar
1374 1246 1653 1294 miserias,

337 1315 378 1351 et
408 1310 699 1362 Anaxagoras:
744 1311 968 1351 «Sciebam
998 1324 1064 1350 me
1097 1310 1290 1363 genuisse
1322 1311 1580 1349 mortalem.»
1634 1310 1687 1349 Hi
1719 1310 1829 1349 enim
1863 1322 2008 1349 omnes
2041 1309 2112 1349 diu

337 1373 570 1426 cogitantes
603 1372 653 1412 de
684 1373 807 1413 rebus
838 1373 1033 1413 humanis
1074 1372 1371 1424 intellegebant
1403 1385 1472 1411 eas
1503 1385 1774 1425 nequaquam
1806 1386 1880 1425 pro
1912 1372 2113 1425 opinione

286 1451 322 1480 20
338 1435 449 1488 volgi
492 1448 585 1475 esse
627 1435 974 1474 extimescendas.
1031 1435 1083 1474 Et
1124 1434 1222 1473 mihi
1267 1434 1434 1487 quidem
1465 1433 1630 1474 videtur
1664 1434 1775 1473 idem
1806 1434 1892 1474 fere
1924 1434 2113 1474 accidere

336 1499 408 1545 iis,
441 1498 514 1551 qui
546 1502 639 1537 ante
671 1497 938 1544 meditantur,
971 1496 1083 1550 quod
1116 1497 1187 1543 iis,
1221 1496 1372 1549 quibus
1406 1496 1595 1536 medetur
1623 1497 1734 1544 dies,
1765 1497 1845 1536 nisi
1870 1497 1982 1550 quod
2006 1497 2111 1537 ratio

336 1555 542 1614 quaedam
575 1564 694 1599 sanat
724 1560 839 1607 illos,
872 1560 949 1599 hos
981 1561 1072 1612 ipsa
1103 1565 1273 1605 natura,
1304 1559 1517 1598 intellecto
1550 1573 1622 1607 eo,
1657 1559 1770 1613 quod
1798 1572 1886 1599 rem
1915 1560 2112 1606 continet,

334 1622 440 1663 illud
480 1622 655 1668 malum,
697 1623 809 1674 quod
848 1622 1064 1675 opinatum
1097 1622 1150 1661 sit
1181 1635 1272 1661 esse
1304 1635 1563 1669 maxumum,
1599 1635 1867 1675 nequaquam
1895 1634 1991 1661 esse
2022 1627 2113 1661 tan-

337 1690 446 1732 tum,
480 1690 524 1725 ut
555 1684 680 1724 vitam
711 1685 876 1724 beatam
909 1685 1040 1737 possit
1071 1690 1272 1724 evertere.
1314 1683 1380 1724 59.
1413 1684 1499 1724 Hoc
1521 1685 1647 1737 igitur
1670 1683 1862 1730 efficitur,
1896 1690 1942 1724 ut
1964 1698 2017 1723 ex
2038 1684 2110 1724 illo

284 1765 320 1794 25
335 1747 585 1800 necopinato
618 1747 739 1800 plaga
770 1747 904 1786 maior
935 1747 1007 1793 sit,
1051 1760 1156 1793 non,
1196 1752 1241 1786 ut
1272 1747 1330 1785 illi
1366 1753 1532 1799 putant,
1572 1752 1636 1794 ut,
1669 1762 1762 1787 cum
1795 1747 1957 1786 duobus
1989 1759 2110 1799 pares

335 1823 453 1850 casus
486 1809 721 1856 evenerint,
752 1809 785 1848 is
817 1810 943 1849 modo
976 1809 1237 1862 aegritudine
1266 1809 1500 1857 adficiatur,
1534 1811 1600 1849 cui
1622 1810 1692 1850 ille
1717 1810 1964 1862 necopinato
1990 1822 2110 1848 casus

335 1873 534 1913 evenerit.
586 1873 732 1925 Itaque
773 1872 969 1912 dicuntur
1006 1886 1088 1911 non
1123 1872 1225 1911 nulli
1257 1873 1298 1911 in
1330 1886 1542 1919 maerore,
1585 1886 1677 1912 cum
1710 1872 1761 1911 de
1793 1873 1868 1911 hac
1900 1871 2110 1911 communi

334 1935 551 1975 hominum
593 1934 832 1974 conditione
874 1935 1153 1982 audivissent,
1202 1947 1250 1974 ea
1291 1935 1380 1987 lege
1424 1948 1514 1974 esse
1547 1948 1620 1974 nos
1653 1941 1795 1982 natos,
1836 1939 1882 1973 ut
1913 1946 2036 1973 nemo
2067 1934 2110 1972 in

334 2002 582 2051 perpetuum
615 2010 706 2036 esse
737 2002 878 2050 posset
910 2010 1060 2049 expers
1094 1997 1211 2044 mali,
1244 1999 1409 2049 gravius
1444 1997 1567 2036 etiam
1600 1997 1762 2036 tulisse.

283 2077 320 2106 30
446 2060 578 2099 XXV.
619 2059 825 2107 Quocirca
870 2059 1122 2106 Carneades,
1166 2065 1208 2099 ut
1247 2059 1368 2099 video
1408 2065 1594 2099 nostrum
1627 2060 1809 2099 scribere
1842 2057 2110 2107 Antiochum,

327 2122 584 2176 reprendere
618 2121 896 2175 Chrysippum
929 2122 1090 2161 solebat
1123 2122 1361 2161 laudantem
1392 2122 1662 2175 Euripideum
1696 2135 1860 2162 carmen
1891 2121 2018 2160 illud:

446 2184 687 2225 Mortalis
720 2197 864 2224 nemo
897 2191 1000 2232 est,
1042 2198 1190 2238 quem
1225 2198 1321 2224 non
1353 2185 1585 2237 attingat
1616 2184 1771 2224 dolor

447 2247 797 2301 Morbusque3
831 2249 1019 2288 multis
1051 2253 1177 2288 sunt
1207 2247 1465 2287 humandi
1498 2247 1678 2295 liberi,

421 2473 450 2502 1l.
479 2472 511 2502 id
544 2472 648 2503 solnm
681 2472 724 2503 C:
758 2473 861 2502 solnm
893 2473 926 2503 ist
960 2473 984 2503 O
1021 2490 1051 2494 —
1086 2473 1116 2503 ⁹3.
1145 2473 1377 2511 eoyisatimzem
1402 2471 1439 2501 G¹
1474 2488 1496 2492 «γ
1541 2470 1738 2502 tollerabilia
1764 2472 1828 2502 GR
1858 2488 1889 2492 α
1918 2470 1948 2501 3.
1975 2473 2006 2501 et
2029 2472 2109 2502 ante

333 2521 467 2553 tulerint
492 2530 560 2552 om.
590 2522 612 2552 B
642 2539 675 2543 —
703 2523 733 2552 5.
761 2531 873 2552 eorum
901 2530 984 2562 quoe
1010 2524 1034 2553 G
1061 2524 1094 2553 et
1120 2521 1233 2552 deleta
1259 2520 1319 2552 litt.
1348 2531 1369 2551 a
1394 2523 1416 2552 R
1446 2539 1480 2543 —
1508 2521 1538 2551 6.
1567 2522 1621 2560 qui
1647 2529 1694 2551 111.
1722 2529 1793 2551 sec.
1821 2529 1998 2561 superscr.
2026 2521 2059 2551 in
2085 2522 2110 2551 G

338 2590 369 2594 —
390 2573 551 2602 nominali
570 2573 594 2602 G
613 2573 647 2602 et
664 2580 839 2612 supersci‘.
862 2574 917 2603 lim
944 2573 967 2603 B
998 2591 1030 2595 —-
1058 2573 1088 2603 8.
1118 2573 1298 2611 {notorious
1323 2572 1399 2603 ead.
1422 2580 1466 2602 ιιι.
1488 2580 1578 2602 corr.
1600 2572 1631 2602 in
1659 2572 1818 2611 inglorius
1837 2572 1880 2603 Gz
1907 2571 2105 2611 ingloriosus

333 2622 357 2653 R
387 2639 419 2643 -
448 2622 477 2653 9.
502 2625 722 2660 peruenturus
747 2631 933 2662 isupcrscr.
957 2622 1030 2653 «vel
1055 2631 1174 2661 pmcn}
1203 2623 1244 2657 B,
1270 2626 1491 2661 preamium-us
1515 2624 1553 2651 Gl
1576 2639 1607 2645 -
1638 2622 1683 2651 10.
1705 2621 1883 2651 liberorum
1901 2620 1925 2650 O
1946 2637 1979 2641 —-
2001 2621 2053 2651 4⁶2.
2071 2621 2109 2660 fic

333 2672 450 2702 sensim
474 2672 708 2711 eoqinznsibns,
734 2676 769 2702 ul
795 2674 838 2702 Ο.
868 2674 941 2703 «Sic
968 2673 1069 2708 vulgo
1089 2673 1321 2709 distinguitur.
1351 2673 1446 2711 quusi
1473 2670 1691 2711 voglitanlibus
1715 2673 1772 2701 aut
1793 2670 1908 2700 dativo
1927 2679 2011 2701 casu
2029 2679 2111 2702 cum

330 2722 367 2762 fil
392 2722 482 2761 iungi
509 2722 617 2762 possit
642 2724 699 2752 aut
724 2720 895 2753 ablativus
923 2721 1124 2760 (absulutnss
1153 2730 1252 2758 esse„
1289 2724 1392 2762 atque
1419 2722 1535 2752 sensim
1561 2730 1640 2751 cuni
1666 2720 1884 2759 <efflantibus
1909 2720 2107 2752 cohaereat.

334 2773 375 2803 At
399 2773 516 2802 sensim
539 2772 686 2811 eoyitare
711 2770 791 2802 nihil
819 2774 887 2807 est,
917 2780 1030 2810 neque
1057 2774 1245 2811 quii-quani
1274 2773 1382 2810 inagis
1411 2772 1633 2811 perspicuum
1653 2779 1758 2810 quan]
1785 2771 1993 2801 sententiam
2020 2770 2110 2801 hanc

335 2829 433 2853 esse:
462 2822 506 2851 lta
532 2822 751 2861 coamantibus*
776 2821 828 2861 (de
855 2822 1007 2852 humana
1034 2822 1243 2859 condition&
1269 2823 1384 2851 sensim
1411 2823 1488 2859 (non
1515 2822 1649 2852 statim,
1678 2823 1711 2850 ut
1736 2821 1887 2859 cogitare
1905 2822 2109 2860 coeperunt)

334 2875 491 2911 apparet,
519 2875 678 2910 quautam
702 2873 742 2902 sit
766 2876 921 2902 emenlita
945 2873 1065 2910 (ψὶηἱο,
1096 2872 1137 2902 Ct'
1167 2871 1259 2910 (iilud
1279 2873 1453 2910 sequitur:
1481 2871 1521 2902 Hi
1547 2871 1758 2900 enimomnes
1783 2871 1851 2900 dtu
1874 2871 2110 2910 cogitantes

334 2922 371 2952 de
404 2920 499 2951 rebus
527 2921 679 2951 humanis
711 2922 1018 2961 intellegebant
1036 2938 1084 2943 -·
1102 2922 1356 2951 ertimescemlas
1384 2920 1418 2960 (ξ,
1445 2920 1485 2951 74
1514 2921 1670 2959 eoyilulio
1696 2919 2107 2960 [halama—-medetur).

334 2971 388 3003 Sic
414 2971 516 3010 igitur
541 2971 825 3010 distinguendum
852 2974 918 3002 est:
958 2972 1008 3002 Ila
1029 2972 1065 3011 fil
1089 2971 1225 3007 sensim,
1262 2970 1478 3009 coqitwilibus
1504 2973 1539 3000 vt
1564 2972 1652 3000 cet.»
1678 2970 1733 3000 W.
1764 2987 1798 2991 -
1828 2968 1879 3000 lli.
1907 2969 2024 2999 {clamo
2049 2977 2109 3000 su-

334 3028 467 3062 perscr.
486 3030 505 3050 n
532 3021 554 3051 B
575 3038 608 3042 —
639 3021 677 3050 45
709 3021 778 3059 Eyo
803 3030 876 3051 euin
901 3022 997 3060 genui
1023 3021 1066 3051 C:
1096 3021 1165 3060 Eyo
1191 3029 1289 3058 quum
1313 3020 1428 3059 yconii,
1457 3021 1535 3058 [lum
1560 3021 1761 3050 moriturum
1784 3019 1891 3058 sewen]
1918 3019 1941 3049 Ο
1969 3017 2017 3058 (Ιῑι
2042 3019 2066 3049 R
2088 3027 2107 3049 a

334 3071 532 3102 recentiore
560 3078 603 3101 m.
626 3070 741 3100 addila
768 3072 847 3101 sunt
872 3068 908 3101 [ὅ
935 3073 1112 3102 morituros
1135 3071 1217 3100 sciui
1241 3074 1269 3100 cl
1293 3069 1322 3099 ei
1346 3070 1393 3099 rei
1418 3070 1543 3108 snstvlz')
1573 3087 1607 3092 —
1636 3070 1689 3100 ¹¹20.
1716 3069 2001 3100 existimescendas
2025 3070 2050 3099 G
2070 3085 2104 3090 —-

333 3121 385 3152 24.
413 3120 525 3151 his-—
541 3120 589 3150 his
613 3120 636 3150 C
668 3137 698 3142 —
729 3122 858 3151 racione
883 3122 1046 3159 quaedam
1071 3121 1094 3151 C
1122 3120 1193 3157 (sed
1223 3120 1253 3149 in
1281 3121 1301 3150 R
1320 3120 1340 3149 Β
1367 3120 1528 3158 quaedum
1553 3128 1642 3150 corr.
1665 3120 1696 3150 in
1716 3119 1870 3158 quadam)
1898 3136 1932 3141 —
1960 3119 2012 3149 ⁶22.
2038 3127 2107 3150 rem

333 3170 490 3208 continet,
525 3170 605 3200 illud
634 3170 757 3200 malum
790 3171 810 3201 B
844 3172 1001 3209 (lirmans
1027 3169 1171 3201 Bentleii
1197 3170 1467 3203 ‹minet-turaini:
1500 3178 1569 3200 rem
1605 3170 1683 3199 illud
1706 3170 1847 3200 conlinet
1869 3169 1995 3200 malum
2019 3169 2101 3203 GR;

332 3229 403 3252 rem
426 3221 585 3259 continet,
612 3221 736 3250 malum
762 3222 785 3251 O
815 3239 847 3242 —
875 3222 926 3252 ⁶29.
953 3223 1053 3259 possit
1078 3222 1099 3252 B
1128 3238 1160 3241 —
1190 3221 1242 3252 31.
1269 3221 1455 3260 crysippum
1481 3221 1544 3252 GR
1569 3237 1603 3242 -
1632 3219 1684 3252 32.
1712 3229 1776 3250 non
1800 3228 1870 3251 om.
1897 3220 1961 3251 GR
1989 3236 2023 3242 -
2050 3222 2105 3250 αι·-

332 3270 429 3309 tinqil
453 3270 477 3302 C
496 3270 520 3302 Ο
547 3286 582 3292 -
611 3270 662 3302 33.
688 3271 799 3301 mullis
823 3271 1031 3303 Lambinus:
1058 3271 1152 3302 multi
1177 3271 1221 3302 C.
