2249 3624
300 149 355 194 48
828 159 1255 201 ACADEMICORUM
1283 160 1523 202 PRIORUM

297 267 367 309 hic
404 269 590 311 radiatus
631 283 696 311 me
734 271 887 311 intueri
918 272 1084 311 videtur
1113 270 1343 312 admonens
1373 277 1420 312 ut
1451 272 1594 312 crebro
1624 271 1772 313 faciam
1802 275 2059 316 mentionem

296 332 363 371 sui
383 347 459 372 —:
492 346 566 373 vos
588 347 684 386 ergo
715 333 838 373 huius
867 334 1195 386 magnitudinem
1219 334 1340 387 quasi
1364 333 1618 387 decempeda
1640 336 1853 388 permensi
1874 336 2058 378 refertis:

297 406 373 446 ego
403 408 490 443 me,
523 396 640 448 quasi
662 395 779 434 malis
802 395 1062 443 architectis,
1094 408 1314 435 mensurae
1335 400 1497 436 vestrae
1519 409 1627 449 nego
1651 398 1834 439 credere.
1876 399 2059 439 Dubium

296 461 377 503 est,
406 462 500 497 uter
529 462 718 496 nostrum
748 456 826 502 sit,
860 456 1006 496 leviter
1037 460 1081 496 ut
1104 456 1259 504 dicam,
1292 457 1645 499 inverecundior?
1696 457 1789 500 427.
1814 462 1900 501 Nec
1922 467 2061 502 tamen

261 517 395 558 sistas
433 518 700 572 quaestiones
740 518 1008 571 physicorum
1040 519 1377 560 exterminandas
1409 526 1524 573 puto.
1583 523 1657 562 Est
1689 523 1799 562 enim
1829 524 2061 564 animorum

292 579 643 633 ingeniorumque
681 579 870 619 naturale
908 579 1117 633 quoddam
1159 582 1280 635 quasi
1318 582 1515 635 pabulum
1555 583 1834 625 consideratio
1877 591 2062 626 contem-

291 642 507 695 platioque
537 646 722 681 naturae.
772 642 1003 695 Erigimur,
1035 643 1206 684 altiores
1237 642 1325 683 fieri
1357 645 1566 693 videmur,
1596 646 1780 686 humana
1808 647 2061 701 despicimus

292 704 607 758 cogitantesque
647 717 798 757 supera
829 710 954 758 atque
986 705 1182 746 caelestia
1216 706 1320 746 haec
1350 713 1514 756 nostra,
1556 713 1602 747 ut
1632 708 1783 761 exigua
1815 716 1856 750 et
1886 710 2060 758 minuta,

290 766 609 806 contemnimus.
659 766 875 819 Indagatio
916 767 1008 820 ipsa
1038 781 1176 808 rerum
1208 782 1301 808 cum
1333 770 1609 809 maximarum
1642 775 1730 810 tum
1765 771 1889 810 etiam
1922 771 2060 811 occul-

240 838 274 867 40
289 829 541 868 tissimarum
579 827 707 868 habet
745 829 1090 871 oblectationem:
1141 831 1176 871 si
1226 844 1325 871 vero
1365 832 1525 885 aliquid
1569 832 1771 879 occurrit,
1819 833 1931 886 quod
1971 833 2058 872 veri

289 891 422 931 simile
453 891 662 939 videatur,
693 890 995 932 humanissima
1026 892 1257 946 completur
1286 893 1450 932 animus
1472 893 1703 946 voluptate.
1754 891 1846 934 ¹¹28.
1870 894 2059 943 Quaeret

288 953 411 1005 igitur
449 952 554 994 haec
592 957 633 993 et
662 958 801 993 vester
831 955 997 1006 sapiens
1029 961 1069 995 et
1099 954 1166 994 hic
1197 960 1361 1003 noster,
1403 955 1477 995 sed
1508 961 1666 1004 vester,
1708 960 1755 995 ut
1787 956 2057 1005 adsentiatur,

287 1016 446 1064 credat,
491 1015 704 1063 adfirmet,
748 1021 913 1063 noster,
957 1022 1003 1056 ut
1041 1021 1237 1056 vereatur
1273 1022 1429 1057 temere
1461 1018 1623 1071 opinari
1663 1019 1960 1072 praeclareque
1991 1021 2058 1073 agi

285 1092 427 1119 secum
456 1083 596 1132 putet,
628 1078 662 1118 si
694 1078 738 1117 in
770 1078 858 1118 eius
889 1078 1004 1118 modi
1036 1079 1161 1119 rebus
1193 1079 1280 1118 veri
1312 1080 1448 1119 simile
1481 1079 1595 1133 quod
1626 1080 1680 1120 sit
1711 1081 1930 1122 invenerit.
1978 1082 2058 1122 Ve-

236 1140 447 1180 uniamus
492 1154 602 1181 nunc
645 1140 697 1181 ad
741 1141 948 1181 bonorum
994 1142 1284 1195 malorumque
1331 1142 1561 1182 notionem.
1628 1142 1710 1182 Sed
1750 1144 1921 1197 paulum
1961 1150 2057 1184 ante

283 1202 506 1243 dicendum
544 1209 618 1243 est.
676 1204 768 1243 Non
812 1203 914 1243 mihi
945 1203 1139 1243 videntur
1169 1203 1457 1252 considerare,
1500 1218 1592 1244 cum
1623 1205 1798 1259 physica
1828 1206 1906 1246 ista
1937 1206 2058 1247 valde

284 1263 524 1314 adfirmant,
555 1278 697 1306 earum
730 1265 854 1305 etiam
885 1279 1022 1306 rerum
1053 1266 1344 1306 auctoritatem
1371 1280 1439 1313 se,
1472 1279 1578 1320 quae
1600 1267 1865 1308 inlustriores
1885 1268 2057 1309 videan-

283 1333 368 1376 tur,
399 1328 600 1368 amittere.
651 1329 745 1367 Non
776 1329 886 1367 enim
917 1328 1048 1381 magis
1080 1328 1376 1368 adsentiuntur
1405 1341 1483 1368 nec
1503 1328 1743 1382 ¹adprobant
1769 1329 1908 1370 lucere
1930 1344 2055 1379 nunc,

283 1404 430 1444 quam,
473 1404 566 1430 cum
610 1390 757 1430 cornix
795 1391 1012 1437 cecinerit,
1054 1397 1140 1430 tum
1181 1390 1340 1444 aliquid
1381 1404 1471 1430 eam
1503 1396 1576 1430 aut
1612 1391 1755 1431 iubere
1788 1399 1859 1433 aut
1888 1398 2052 1443 vetare;

232 1462 268 1491 ⁶20
281 1466 358 1493 nec
396 1454 526 1506 magis
567 1450 844 1492 adfirmabunt
875 1453 1039 1505 signum
1070 1452 1196 1499 illud,
1241 1453 1274 1492 si
1306 1458 1427 1492 erunt
1458 1453 1615 1501 mensi,
1655 1467 1731 1493 sex
1760 1454 1913 1507 pedum
1946 1469 2053 1503 esse,

281 1527 405 1568 quam
445 1515 596 1563 solem,
636 1528 761 1568 quem
800 1515 936 1554 metiri
976 1528 1062 1554 non
1097 1520 1295 1568 possunt,
1327 1514 1422 1568 plus
1463 1528 1588 1569 quam
1630 1515 1917 1569 duodeviginti
1958 1531 2053 1571 par-

280 1577 390 1617 tibus
435 1577 635 1617 maiorem
676 1590 768 1617 esse
809 1590 934 1630 quam
973 1581 1138 1617 terram.
1195 1577 1259 1616 Ex
1300 1591 1384 1630 quo
1415 1577 1487 1617 illa
1518 1577 1732 1617 conclusio
1764 1580 1971 1618 nascitur:
2017 1581 2051 1619 si

280 1639 344 1679 sol
383 1644 565 1692 quantus
608 1640 661 1679 sit
699 1639 860 1692 percipi
899 1652 985 1679 non
1022 1643 1181 1693 potest,
1223 1639 1294 1693 qui
1326 1644 1484 1679 ceteras
1516 1653 1581 1680 res
1613 1640 1763 1680 eodem
1795 1641 1940 1689 modo,
1976 1655 2052 1694 quo

280 1701 393 1741 modo
425 1702 753 1754 magnitudinem
785 1701 908 1749 solis,
940 1701 1164 1755 adprobat,
1196 1702 1229 1741 is
1262 1715 1331 1741 eas
1363 1716 1429 1742 res
1460 1715 1543 1742 non
1575 1703 1774 1756 percipit3
1805 1704 2050 1757 magnitudo

229 1775 265 1804 25
280 1769 417 1804 autem
452 1765 551 1804 solis
581 1764 741 1818 percipi
772 1776 857 1803 non
889 1769 1053 1817 potest:
1095 1764 1164 1817 qui
1198 1764 1325 1816 igitur
1356 1765 1399 1804 id
1430 1765 1654 1818 adprobat,
1686 1767 1805 1819 quasi
1835 1768 2050 1820 percipiat,

281 1827 437 1867 nullam
475 1840 563 1866 rem
602 1826 792 1880 percipit.
843 1826 1152 1880 Responderint
1189 1840 1314 1879 posse
1354 1828 1516 1880 percipi
1547 1833 1726 1881 quantus
1757 1829 1821 1868 sol
1852 1829 1927 1869 sit:
1965 1843 2050 1870 non

367 1984 397 2014 4.
424 1983 601 2013 admonens
623 1981 686 2012 AB
702 1981 744 2013 E:
780 1980 932 2013 admonet
954 1990 1023 2019 rv,
1059 1982 1212 2014 admouet
1237 1984 1280 2021 G;
1314 1991 1354 2014 ac
1385 1987 1493 2015 monet
1517 1983 1630 2015 Faber
1654 1985 1688 2015 et
1713 1984 1738 2015 Ο
1766 2002 1801 2006 -
1832 1985 1864 2016 2.
1890 1994 1949 2017 uos
1973 1994 2050 2026 erqo

277 2032 373 2064 huius
401 2032 662 2072 magnitudinem
693 2032 788 2072 quasi
818 2032 1011 2072 decempeda
1041 2033 1091 2063 hic
1124 2033 1212 2072 (hinc
1235 2034 1278 2072 B,
1313 2033 1387 2064 huic
1411 2034 1454 2072 E,
1487 2033 1561 2064 huic
1585 2033 1670 2064 enim
1695 2033 1734 2072 G)
1764 2042 1814 2065 me
1837 2035 1933 2074 quasi
1954 2035 2051 2066 malis

277 2083 461 2114 architectis
493 2089 667 2113 mensurae
700 2086 830 2113 uestrae
864 2091 945 2123 neqo
979 2083 1038 2113 hoc
1072 2083 1142 2121 (hec
1175 2085 1220 2121 G,
1251 2083 1309 2114 hoc
1332 2085 1359 2114 A
1385 2092 1462 2124 sup.
1489 2082 1547 2115 lin.
1574 2082 1699 2123 habet)
1728 2084 1895 2123 permensi
1922 2086 2052 2126 refertis

279 2134 326 2171 (re
354 2134 381 2163 A
405 2140 482 2172 sup.
508 2130 580 2170 lin.)
611 2139 688 2171 erqo
721 2130 785 2170 (vel
808 2131 908 2171 Erqo)
941 2132 1071 2163 credere
1100 2132 1232 2163 dubium
1261 2133 1324 2163 AB
1341 2133 1423 2163 EG:
1457 2142 1513 2165 ros
1541 2142 1618 2174 erqo
1648 2134 1744 2164 huius
1774 2135 2046 2175 magnitudinem,

278 2182 374 2222 quasi
398 2182 589 2220 decempeda
608 2182 772 2220 permensi
796 2182 943 2221 refertis:
968 2182 1043 2213 huic
1066 2191 1134 2220 me,
1162 2183 1258 2222 quasi
1281 2183 1378 2213 malis
1401 2183 1605 2222 architectis,
1630 2191 1805 2215 mensurae
1823 2188 1952 2216 vestrae
1966 2194 2048 2226 neyo

277 2232 418 2263 credere.
448 2248 481 2252 —-
508 2231 576 2262 Hoc
599 2238 678 2270 erqo
701 2230 835 2261 dubium
860 2232 897 2262 O.
938 2233 1006 2262 Nos
1031 2230 1097 2262 loci
1121 2232 1349 2271 scripturam,
1376 2232 1434 2272 qui
1459 2231 1651 2263 verborum
1677 2233 1945 2272 transpositione
1970 2243 2047 2266 ma-

277 2290 381 2321 gnam
398 2281 516 2313 labem
534 2281 646 2318 traxit,
673 2281 929 2319 constituimus,
956 2282 1180 2321 superiorum
1199 2282 1397 2312 criticorum
1417 2282 1559 2321 vestigia
1577 2283 1699 2313 secuti.
1726 2283 1897 2315 Manutius
1913 2285 2047 2325 primus

277 2333 362 2364 vidit
385 2342 440 2364 vv.
470 2331 635 2372 permensi
664 2331 793 2371 refertis
822 2332 865 2362 ad
890 2332 1083 2371 decempeda
1112 2331 1307 2372 pertinere;
1343 2330 1497 2362 debebat
1521 2333 1638 2362 tamen
1664 2333 1769 2363 etiam
1794 2342 1946 2373 sequens
1970 2343 2047 2375 erqo

277 2383 483 2421 adsumere,
511 2380 604 2422 quod
630 2389 671 2412 ex
696 2389 754 2420 eqo
778 2383 982 2422 corruptum
1007 2389 1085 2412 esse
1109 2382 1205 2412 recte
1231 2380 1398 2412 intellexit
1423 2382 1460 2413 C.
1483 2382 1514 2412 F.
1535 2381 1755 2414 Hermannus
1779 2391 1813 2423 p.
1832 2382 1912 2421 474,
1939 2392 2045 2423 quem

276 2433 321 2463 ita
349 2432 459 2464 secuti
483 2438 622 2469 sumus⁷
648 2431 686 2461 ut
712 2432 745 2461 rt
768 2431 826 2462 hoc
851 2432 931 2471 post
953 2435 1083 2462 uestrae
1105 2439 1187 2471 vnego
1211 2439 1293 2462 cum
1318 2430 1395 2461 cod.
1422 2431 1467 2468 A,
1495 2431 1528 2461 in
1553 2439 1622 2471 quo
1640 2440 1707 2462 vox
1727 2433 1963 2473 superscripta
1980 2435 2044 2471 est,

277 2484 312 2513 et
343 2482 395 2513 hic
426 2482 507 2522 post
538 2480 731 2518 decempeda
761 2479 862 2521 plane
894 2479 1036 2512 abicere
1070 2490 1175 2521 quam
1210 2483 1441 2521 transponere
1467 2483 1526 2511 aut
1550 2480 1614 2512 alia
1638 2480 1809 2513 voeabula
1834 2481 2046 2513 substituere

276 2530 518 2562 maluerimus.
554 2530 593 2563 Ut
616 2538 680 2561 nos
704 2531 929 2570 scripsimus,
963 2529 1061 2563 locus
1085 2530 1209 2563 saltem
1234 2529 1420 2562 commode
1445 2529 1676 2570 intellegetur.
1712 2549 1742 2554 —
1775 2531 1805 2562 3.
1832 2532 1912 2562 mali
1935 2532 2047 2563 archi—

276 2582 350 2613 tecti
371 2582 497 2612 Davies
524 2598 559 2603 —
586 2578 617 2611 4.
644 2580 759 2611 leniter
783 2581 807 2612 O
833 2589 914 2611 cum
938 2581 1095 2617 Davisi03
1123 2584 1157 2612 at
1180 2589 1212 2611 κ’.
1237 2581 1427 2612 Hermann.
1454 2589 1488 2621 p.
1509 2579 1589 2618 474,
1616 2581 1675 2621 qui
1699 2582 1817 2612 tamen
1841 2581 1875 2612 in
1901 2589 1942 2612 eo
1966 2590 2047 2621 gra—

276 2633 364 2662 viter
387 2630 525 2661 videtur
548 2638 703 2668 errasse,
731 2630 826 2670 quod
850 2630 963 2662 leviter
986 2630 1172 2662 ferendum
1197 2631 1331 2670 putavit
1354 2632 1491 2662 retenta
1516 2629 1665 2661 lectione
1689 2630 1905 2661 verecundior
1931 2648 1964 2653 —
1990 2631 2047 2661 in-

274 2680 490 2712 verecundior
518 2679 760 2719 Morgenstern
789 2680 839 2719 (in
867 2680 991 2719 protus.
1019 2681 1057 2711 de
1081 2680 1164 2711 liter.
1192 2680 1326 2711 human.
1354 2689 1388 2721 p.
1415 2679 1488 2719 54):
1523 2680 1742 2711 uerecundior
1765 2680 1869 2712 codd.
1897 2682 1932 2712 et
1954 2681 1979 2712 O
2007 2697 2042 2703 —

274 2739 377 2770 neque
402 2732 427 2761 G
442 2730 466 2761 O
495 2745 529 2750 —
558 2729 588 2760 6.
615 2730 710 2768 quasi
735 2728 901 2770 quoddam
925 2731 950 2761 G
979 2747 1013 2752 —
1041 2730 1070 2760 7.
1099 2730 1232 2760 altiores
1256 2729 1334 2761 cod.
1354 2729 1535 2761 Lambini:
1562 2730 1696 2761 latiores
1717 2731 1820 2762 ABE
1835 2740 1869 2769 r,
1896 2731 2046 2762 elatiores

277 2781 395 2817 GOv3
424 2778 468 2810 cs.
495 2777 538 2808 de
563 2777 647 2809 finn.
673 2777 709 2810 b.
738 2780 771 2809 et
795 2787 842 2810 m.
869 2780 915 2818 11,
942 2778 960 2819 g
985 2779 1039 2810 54.
1067 2795 1101 2800 ——
1128 2779 1260 2810 uidetur
1282 2779 1322 2810 A¹
1349 2797 1384 2802 —-
1423 2779 1612 2818 dispicimus
1633 2776 1724 2811 A¹B¹
1752 2798 1786 2802 —
1811 2780 1842 2811 8.
1868 2781 2046 2820 cogitantes

275 2831 300 2861 O
324 2830 443 2861 nescio
468 2827 562 2859 unde
581 2845 616 2851 —
643 2832 802 2868 superata
825 2826 863 2860 Βι
883 2846 918 2851 -
943 2829 1073 2859 minuta
1099 2828 1305 2860 Lambinus:
1331 2829 1472 2860 minima
1495 2829 1598 2860 codd.
1619 2832 1652 2860 et
1670 2830 1694 2860 Ο
1713 2846 1748 2851 -
1777 2830 1806 2860 9.
1831 2838 1905 2861 cum
1928 2830 2041 2862 ABr:

275 2884 343 2911 tum
367 2880 506 2911 EGOv
532 2895 567 2900 —
596 2879 648 2910 40.
676 2880 819 2910 occurrit
844 2882 918 2911 Gv:
952 2882 1102 2911 occurret
1125 2881 1149 2910 A
1165 2880 1188 2909 B
1205 2879 1266 2910 EO
1282 2887 1314 2913 r;
1342 2878 1384 2910 cf.
1411 2878 1569 2919 Madvigii
1595 2880 1721 2920 Opusc.
1747 2880 1791 2917 II,
1818 2880 1892 2912 282.
1919 2879 2040 2912 Lamb.

274 2933 423 2961 occurret
452 2936 597 2960 servans
627 2930 765 2969 corrigit
800 2929 927 2961 deinde
952 2928 1165 2968 complebitur
1189 2946 1223 2950 —
1261 2929 1312 2960 Η.
1337 2929 1566 2959 inmanissima
1590 2930 1616 2960 A
1639 2928 1701 2960 sed
1727 2929 1761 2959 in
1784 2929 1817 2960 in
1842 2938 1926 2969 ras.‚
1956 2930 2043 2961 divi—

273 2980 410 3010 nissima
441 2977 603 3017 Bentley,
636 2979 835 3010 suavissima
866 2979 1010 3011 Durand
1034 2979 1069 3009 in
1094 2987 1166 3009 cur.
1194 2986 1264 3009 sec.
1294 2994 1330 3000 -
1364 2976 1416 3009 44.
1439 2981 1555 3017 putent
1576 2975 1616 3008 Αι
1642 2994 1677 2999 -
1711 2978 1760 3008 sin
1784 2978 1821 3009 B¹
1848 2996 1882 3001 —
1911 2980 1962 3011 45.
1987 2980 2042 3011 sed

275 3030 368 3060 Crat.
396 3036 536 3068 margo:
574 3030 603 3058 et
632 3029 840 3060 ABEGrv
866 3046 899 3051 —
934 3029 986 3060 46.
1013 3029 1221 3060 considerare
1251 3037 1283 3059 se
1312 3026 1435 3058 Lamb.
1461 3045 1504 3051 ——-
1531 3028 1669 3067 physica
1692 3029 1881 3060 Manutius:
1914 3030 2041 3069 physici

274 3077 379 3109 codd.
409 3096 442 3100 -
469 3078 567 3108 istam
590 3075 627 3108 B¹
654 3095 690 3099 —
725 3078 777 3109 47.
802 3087 854 3117 se,
881 3087 966 3119 quae
989 3079 1136 3110 Davies:
1168 3079 1195 3109 si
1219 3086 1304 3118 quae
1329 3077 1432 3109 codd.
1449 3076 1484 3109 'O
1510 3094 1544 3099 —
1577 3079 1628 3110 48.
1655 3079 1792 3111 amitere
1812 3082 1840 3111 A
1868 3098 1902 3103 —-
1928 3089 2040 3111 assen—

273 3128 396 3158 tientur
417 3136 521 3168 neque
544 3127 772 3167 approbabunt
798 3129 932 3160 Ernesti
951 3146 985 3151 —
1013 3136 1117 3170 neque
1140 3128 1204 3159 GO
1225 3145 1258 3149 —
1284 3136 1371 3158 nunc
1395 3135 1496 3167 quam
1519 3126 1562 3158 b:
1589 3137 1754 3169 nusquam
1776 3130 1839 3161 AB
1854 3130 1923 3168 Er,
1950 3129 2037 3169 quis-

274 3186 375 3216 quam
399 3179 458 3209 Gv
486 3194 520 3198 —
548 3177 601 3208 20.
627 3177 758 3217 signum
781 3178 884 3209 ullum
909 3181 934 3209 G
960 3195 995 3201 -
1022 3186 1081 3210 sea:
1103 3177 1205 3208 mensi
1229 3178 1254 3207 G
1275 3195 1310 3200 -
1337 3177 1389 3208 24.
1415 3177 1548 3208 mentiri
1571 3176 1609 3208 B¹
1630 3195 1665 3200 ——
1692 3178 1745 3210 23.
1772 3188 1834 3218 quo
1856 3179 1952 3210 modo
1975 3178 2039 3210 ad-

275 3226 446 3259 didimus:
481 3234 551 3258 om.
577 3227 653 3257 A¹B
669 3228 747 3264 Gv;
775 3236 837 3266 quo
862 3228 947 3266 EO,
974 3229 1007 3259 in
1031 3229 1059 3259 A
1083 3235 1147 3266 quo
1171 3235 1248 3267 sup.
1275 3225 1333 3257 lin.
1361 3228 1415 3258 est
1441 3244 1476 3249 —
1512 3226 1566 3259 24.
1591 3227 1678 3258 solus
1699 3228 1738 3259 B1
1766 3246 1801 3251 -
1826 3229 1879 3260 26.
1904 3237 2041 3268 respo-n—

275 3276 392 3309 derunt
414 3275 466 3317 A¹,
491 3276 717 3316 responderint
740 3277 764 3308 B
790 3285 871 3311 cum
894 3276 952 3311 lin.
979 3279 1120 3311 curvata
1144 3285 1221 3318 sup.
1240 3285 1292 3317 er,
1318 3277 1339 3308 i.
1359 3285 1390 3310 e.
1409 3277 1695 3317 responderuntint
1714 3292 1749 3300 —
1776 3281 1917 3319 quantos
1931 3278 2038 3310 sitA1.
