2249 3624
296 167 377 208 674
1012 166 1083 205 DE
1115 164 1340 205 OFFICIIS

295 274 516 314 libidinum
548 270 869 323 intemperantia
899 270 1084 317 accessit,
1115 270 1274 323 duplex
1304 269 1458 310 malum
1490 274 1567 317 est,
1599 269 1715 324 quod
1747 274 1788 311 et
1815 271 1909 324 ipsa
1937 284 2056 313 sene-

295 344 383 378 ctus
417 336 597 375 dedecus
630 333 812 386 concipit
843 337 883 372 et
912 332 1010 372 facit
1040 332 1370 372 adulescentium
1403 332 1739 385 inpudentiorem
1774 333 2057 387 intemperan-

293 402 408 441 tiam.
470 395 563 437 (1¹24.
594 397 653 436 Ac
684 410 736 435 ne
767 396 873 434 illud
905 395 1077 449 quidem
1108 395 1289 435 alienum
1322 400 1405 443 est,
1438 394 1488 435 de
1520 395 1860 448 magistratuum,
1891 397 1943 437 de
1974 398 2058 451 pri-

293 469 496 509 vatorum,
520 457 588 515 [de
611 455 794 510 civium,]
820 458 870 497 de
892 458 1209 511 peregrinorum
1233 455 1381 498 officiis
1403 457 1554 498 dicere.
1597 458 1672 497 Est
1692 458 1822 511 igitur
1843 459 2057 512 proprium

264 534 444 564 5munus
486 522 750 576 magistratus
790 521 1037 574 intellegere
1077 534 1121 561 se
1161 533 1308 574 gerere
1345 533 1569 574 personam
1606 520 1790 560 civitatis
1821 520 2057 575 debereque

293 588 381 626 eius
422 586 668 638 dignitatem
710 589 750 623 et
790 583 916 623 decus
949 584 1179 630 sustinere,
1222 595 1388 623 servare
1419 582 1556 636 leges,
1599 582 1690 622 iura
1721 581 1969 632 discribere,
2011 597 2059 624 ea

290 647 385 689 fidei
416 661 514 688 suae
546 647 769 688 commissa
799 647 1053 686 meminisse.
1114 646 1323 687 Privatum
1355 655 1491 685 autem
1526 649 1693 698 oportet
1723 658 1860 699 aequo
1898 652 1938 687 et
1966 648 2058 700 pari

290 725 382 751 cum
414 711 574 751 civibus
606 709 695 749 iure
728 709 889 756 vivere,
921 722 1060 762 neque
1092 710 1364 749 summissum
1396 713 1438 748 et
1467 708 1674 748 abiectum
1705 721 1844 761 neque
1875 722 1919 748 se
1951 708 2059 749 ecfe-

287 766 475 820 rentem,
516 778 603 812 tum
644 773 685 811 in
724 785 769 811 re
811 771 978 824 publica
1020 784 1069 811 ea
1102 771 1229 819 velle,
1273 784 1382 824 quae
1413 770 1638 823 tranquilla
1669 776 1710 810 et
1738 771 1916 811 honesta
1948 772 2057 820 sint;

239 847 274 875 40
289 837 413 876 talem
445 836 554 875 enim
589 835 770 874 solemus
803 840 843 874 et
873 834 1027 874 sentire
1059 835 1217 874 bonum
1249 833 1381 874 civem
1414 838 1455 873 et
1485 833 1637 873 dicere.
1708 830 1803 873 425.
1844 834 2058 887 Peregrini

286 904 423 938 autem
464 903 590 950 atque
629 897 794 936 incolae
836 896 1017 936 officium
1060 901 1121 936 est
1160 895 1265 936 nihil
1306 902 1471 950 praeter
1510 910 1632 936 suum
1671 897 1888 949 negotium
1919 910 2056 950 agere,

285 961 388 1000 nihil
432 960 483 1000 de
521 960 604 999 alio
644 959 868 1012 anquirere
901 958 1158 1011 minimeque
1191 973 1283 999 esse
1315 960 1357 998 in
1389 959 1527 998 aliena
1557 972 1601 998 re
1633 958 1801 1012 publica
1831 959 2056 999 curiosum.

284 1024 345 1063 Ita
376 1022 463 1063 fere
496 1021 634 1062 officia
664 1022 948 1074 reperientur,
989 1035 1081 1061 cum
1115 1027 1360 1074 quaeretur,
1402 1021 1501 1075 quid
1534 1019 1681 1061 deceat
1712 1026 1754 1062 et
1784 1021 1883 1074 quid
1914 1026 2056 1076 aptum

286 1086 338 1125 sit
368 1086 581 1139 personis,
625 1085 911 1138 temporibus,
952 1084 1173 1124 aetatibus.
1245 1084 1356 1124 Nihil
1388 1089 1451 1124 est
1480 1090 1619 1123 autem
1652 1084 1768 1138 quod
1798 1090 1880 1124 tam
1912 1084 2058 1124 deceat

236 1160 271 1188 1³5
287 1162 409 1203 quam
442 1149 483 1188 in
516 1149 630 1187 omni
661 1161 706 1187 re
737 1147 919 1200 gerenda
951 1147 1214 1199 consilioque
1245 1147 1452 1200 capiendo
1486 1160 1652 1186 servare
1685 1146 1977 1188 constantiam.

398 1212 574 1252 XXXV.
611 1207 705 1249 4⁶26.
738 1211 819 1250 Sed
852 1210 1051 1263 quoniam
1084 1209 1284 1249 decorum
1315 1209 1420 1249 illud
1451 1209 1495 1248 in
1527 1209 1719 1249 omnibus
1750 1208 1891 1256 factis,
1923 1208 2056 1256 dictis,

284 1275 327 1314 in
358 1273 546 1327 corporis
578 1273 761 1326 denique
793 1277 908 1311 motu
939 1277 979 1311 et
1010 1276 1119 1311 statu
1150 1272 1347 1320 cernitur,
1379 1271 1509 1325 idque
1541 1271 1725 1326 positum
1758 1276 1822 1311 est
1851 1271 1894 1310 in
1924 1271 2056 1311 tribus

284 1338 430 1384 rebus,
462 1335 737 1383 formositate,
770 1335 930 1382 ordine,
963 1339 1112 1374 ornatu
1145 1335 1196 1374 ad
1228 1335 1437 1375 actionem
1469 1340 1581 1388 apto,
1612 1333 1857 1374 difficilibus
1888 1334 1940 1374 ad
1970 1334 2057 1375 elo-

284 1399 515 1453 quendum,
557 1399 628 1438 sed
670 1398 770 1437 satis
811 1397 888 1436 erit
924 1397 1135 1449 intellegi,
1179 1398 1221 1436 iu
1254 1398 1319 1438 his
1350 1402 1488 1438 autem
1520 1398 1656 1437 tribus
1688 1397 1927 1437 continetur
1957 1409 2057 1437 cura

232 1473 270 1502 90
285 1463 408 1502 etiam
440 1462 525 1509 illa,
556 1467 602 1501 ut
633 1460 857 1514 probemur
888 1459 954 1507 iis,
986 1456 1237 1512 quibuscum
1268 1460 1378 1513 apud
1411 1472 1604 1513 quosque
1626 1459 1839 1507 vivamus,
1861 1459 1928 1499 his
1951 1472 2056 1514 quo-

285 1539 367 1579 que
398 1525 450 1564 de
482 1523 607 1563 rebus
638 1536 770 1576 pauca
802 1522 1005 1562 dicantur.
1066 1522 1275 1575 Principio
1305 1523 1492 1576 corporis
1524 1522 1656 1562 nostri
1690 1534 1884 1576 magnam
1904 1527 2055 1562 natura

281 1588 371 1641 ipsa
402 1587 566 1627 videtur
597 1585 795 1625 habuisse
826 1584 1045 1631 rationem,
1078 1597 1184 1637 quae
1214 1583 1392 1625 formam
1423 1589 1607 1625 nostram
1636 1584 1929 1638 reliquamque
1949 1584 2056 1638 figu-

283 1663 383 1697 ram,
414 1650 454 1688 in
488 1663 570 1701 qua
601 1653 712 1687 esset
744 1647 905 1700 species
935 1646 1126 1693 honesta,
1158 1659 1249 1687 eam
1280 1648 1421 1700 posuit
1452 1647 1494 1686 in
1526 1651 1743 1701 promptu,
1776 1660 1884 1700 quae
1914 1652 2054 1701 partes

284 1718 423 1752 autem
455 1711 638 1764 corporis
671 1710 722 1750 ad
756 1716 929 1750 naturae
960 1710 1252 1749 necessitatem
1280 1710 1402 1750 datae
1424 1715 1639 1762 aspectum
1663 1714 1803 1749 essent
1825 1708 2054 1749 deformem

234 1787 271 1815 25
284 1775 502 1814 habiturae
534 1780 656 1826 atque
687 1778 864 1826 turpem,
897 1785 966 1812 eas
999 1772 1185 1812 contexit
1215 1778 1342 1825 atque
1374 1772 1546 1812 abdidit.
1608 1769 1702 1811 4027.
1733 1772 1851 1812 Hanc
1881 1777 2054 1812 naturae

283 1843 367 1877 tam
409 1837 651 1889 diligentem
691 1833 892 1874 fabricam
933 1835 1091 1874 imitata
1123 1840 1186 1874 est
1215 1834 1433 1875 hominum
1464 1834 1731 1875 verecundia.
1791 1833 1911 1882 Quae
1943 1833 2053 1874 enim

284 1906 432 1939 natura
464 1900 701 1946 occultavit,
734 1898 879 1937 eadem
913 1911 1057 1937 omnes
1090 1898 1162 1950 qui
1193 1910 1293 1937 sana
1324 1903 1462 1938 mente
1491 1903 1589 1936 sunt
1609 1902 1828 1936 removent
1848 1897 1899 1936 ab
1920 1896 2054 1937 oculis

284 1963 450 2016 ipsique
483 1961 718 2001 necessitati
753 1961 852 2000 dant
882 1973 1053 2013 operam
1084 1966 1129 1999 ut
1162 1974 1285 2014 quam
1319 1960 1602 2000 occultissime
1632 1964 2055 2014 pareant,·quarum-

285 2039 368 2079 que
408 2025 589 2077 partium
629 2024 812 2077 corporis
851 2036 952 2062 usus
994 2028 1088 2062 sunt
1129 2024 1377 2070 necessarii,
1426 2036 1495 2063 eas
1541 2035 1681 2076 neque
1726 2027 1868 2075 partes
1914 2035 2053 2076 neque

235 2098 271 2126 30
286 2101 428 2127 earum
470 2101 569 2126 usus
613 2086 699 2125 suis
739 2085 979 2125 nominibus
1019 2085 1254 2138 appellant,
1299 2086 1498 2139 quodque
1539 2084 1675 2125 facere
1711 2090 1832 2138 turpe
1861 2098 1946 2124 non
1977 2090 2053 2131 est,

286 2150 410 2189 modo
443 2149 620 2196 occulte,
655 2149 694 2188 id
728 2148 864 2188 dicere
897 2145 1126 2187 obscenum
1159 2153 1233 2187 est.
1294 2149 1440 2202 ltaque
1471 2161 1546 2188 nec
1577 2148 1685 2188 actio
1716 2160 1858 2187 rerum
1887 2147 2052 2187 illarum

285 2218 426 2266 aperta
456 2211 690 2264 petulantia
722 2216 839 2250 vacat
870 2224 947 2250 nec
981 2211 1182 2250 orationis
1204 2210 1455 2250 obscenitas.
1506 2207 1598 2250 4⁶28.
1621 2211 1705 2249 Nec
1729 2223 1828 2250 vero
1851 2207 2052 2249 audiendi

285 2281 382 2314 sunt
414 2275 557 2328 Cynici
596 2280 668 2313 aut
710 2274 743 2313 si
786 2273 857 2326 qui
897 2273 1069 2313 fuerunt
1100 2274 1227 2313 Stoici
1268 2287 1401 2326 paene
1433 2273 1592 2327 cynici,
1633 2272 1705 2326 qui
1737 2270 2052 2326 reprehendunt

286 2343 326 2377 et
355 2338 559 2385 inrident,
599 2336 710 2390 quod
743 2349 811 2383 ea,
853 2349 960 2388 quae
990 2336 1128 2389 turpia
1159 2349 1244 2375 non
1276 2336 1376 2384 sint,
1415 2336 1655 2376 nominibus
1687 2348 1734 2375 ac
1764 2334 1905 2375 verbis
1935 2332 2052 2386 flagi-

373 2556 403 2586 4.
430 2556 566 2587 accessit
590 2556 632 2587 C:
665 2555 838 2586 accesserit
861 2562 892 2586 o.
935 2552 985 2585 Cf.
1011 2553 1149 2593 Madvig
1173 2553 1301 2594 Opusc.
1328 2552 1428 2585 acad.
1456 2552 1512 2584 alt.
1540 2560 1573 2593 p.
1589 2551 1664 2584 ⁶282.
1696 2567 1731 2573 -
1768 2550 1801 2583 2.
1827 2550 2052 2582 adolescentu-

284 2605 391 2637 lorum
415 2614 432 2637 c
471 2623 506 2628 -ψ
544 2605 575 2637 4..
603 2606 641 2637 de
664 2605 785 2636 civium
809 2603 877 2636 del.
905 2604 1045 2635 Hieron.
1064 2602 1231 2640 Wolfius;
1269 2602 1324 2635 alii
1349 2602 1509 2635 scribunt
1531 2603 1569 2634 de
1589 2602 1805 2641 privatorum
1826 2599 1966 2637 civium
2005 2598 2049 2631 cf.

282 2665 316 2687 v.
336 2657 354 2688 7
379 2665 456 2697 sqq.
486 2673 518 2678 —
560 2656 589 2687 6.
616 2663 816 2694 seruareque
839 2662 858 2685 e
896 2671 930 2675 -
970 2653 1143 2685 discribere
1166 2662 1244 2685 nos:
1272 2653 1452 2685 describere
1476 2653 1499 2683 C
1515 2659 1547 2684 0.
1588 2651 1638 2684 Cf.
1665 2651 1754 2692 §2⁴-
1771 2651 1825 2682 5⁴.
1851 2650 1880 2681 II
1904 2648 1993 2689 545.
2010 2664 2047 2672 -—

282 2706 314 2737 7.
340 2707 414 2745 fidet
436 2715 498 2738 sua
530 2706 557 2736 H
599 2722 635 2728 -—
677 2705 707 2736 8.
733 2713 839 2745 neque
860 2703 1070 2735 summissum
1093 2704 1199 2735 aetate
1222 2707 1251 2735 et
1272 2712 1378 2744 neque
1399 2712 1432 2734 se
1455 2703 1645 2743 ecferencem
1678 2701 1810 2733 Nonius
1840 2709 1876 2742 p.
1900 2699 1974 2731 389.
2009 2715 2045 2721 -

282 2757 473 2794 ecferenlem
499 2756 581 2787 1311:
609 2756 795 2795 efferentem
819 2755 843 2786 A
859 2754 943 2786 abc
963 2761 981 2785 ο
1009 2771 1043 2776 -
1084 2754 1135 2784 110.
1161 2754 1265 2784 ciuem
1290 2753 1410 2785 bonum
1434 2761 1452 2784 c
1479 2769 1512 2774 -
1552 2752 1603 2783 Μ.
1630 2750 1740 2792 atque]
1757 2753 1788 2782 et
1810 2757 1829 2781 c
1855 2767 1890 2773 —-
1917 2750 1969 2780 42.
1995 2749 2049 2780 in·-

283 2807 414 2844 quirere
438 2815 490 2838 ac
528 2823 562 2828 —
603 2806 655 2836 45.
681 2814 717 2836 re
740 2805 933 2845 generanda
955 2804 993 2837 b:
1020 2812 1055 2834 re
1080 2804 1210 2843 agenda
1234 2811 1252 2834 e
1279 2820 1312 2825 -—
1353 2803 1404 2834 46.
1430 2802 1512 2833 illud
1536 2802 1690 2832 decorum
1714 2808 1732 2832 c
1757 2818 1799 2824 -—
1836 2801 1889 2832 47.
1914 2800 1949 2831 in
1971 2808 2048 2831 cor-

280 2857 373 2895 poris
388 2856 600 2887 --cernitur
631 2856 762 2886 Nonius
786 2864 819 2894 p.
835 2854 910 2885 226.
948 2871 991 2875 —-
1026 2853 1078 2884 48.
1105 2853 1269 2893 difficilius
1292 2855 1317 2884 A
1332 2853 1356 2883 Β
1376 2854 1429 2893 (ex
1446 2851 1676 2889 correctione)
1702 2858 1721 2882 c
1758 2868 1793 2873 —
1833 2850 1872 2881 49
1910 2850 1964 2882 sed
1986 2850 2049 2881 erit

280 2905 412 2945 facilius
436 2906 571 2945 intelle'yi
595 2913 613 2935 c
641 2924 674 2927 —
702 2905 755 2935 ὖ20.
781 2904 830 2935 his
855 2904 921 2941 Ha,
948 2903 1010 2942 hijs
1034 2910 1051 2933 c
1077 2921 1118 2925 —-
1150 2902 1203 2933 Ἡ.
1228 2902 1393 2942 principio
1411 2902 1509 2932 --in
1531 2904 1687 2941 promptu
1709 2900 1839 2932 Nonius
1863 2907 1896 2940 p.
1911 2898 1986 2931 435.
2007 2914 2043 2922 ·--

280 2954 385 2985 nostri
409 2963 479 2985 om.
500 2963 517 2985 c
556 2972 590 2976 —
630 2955 681 2985 22.
707 2955 862 2985 uideatur
885 2953 949 2984 AB
966 2953 1059 2984 [lab
1086 2952 1186 2991 (corr.
1206 2953 1237 2983 in
1262 2953 1396 2984 uidetur
1412 2952 1480 2991 AB)
1520 2968 1554 2973 ——
1592 2951 1644 2982 23.
1666 2953 1829 2990 prumptu
1851 2950 1879 2981 H
1916 2966 1951 2972 —
1990 2949 2042 2980 25.

281 3008 409 3042 turpem
435 3012 469 3033 c:
496 3004 640 3043 sormam
664 3006 690 3035 Α
706 3004 728 3035 Β
745 3004 858 3041 Hah,
884 3003 1014 3042 foedum
1040 3000 1203 3033 klotzius.
1234 3018 1266 3024 -
1301 3002 1354 3033 ⁶29.
1382 3010 1502 3040 easque
1523 3004 1636 3040 partes
1660 3001 1732 3037 Ab;
1759 3007 1863 3039 neque
1886 3006 1941 3030 eas
1958 3006 2045 3038 par-

281 3056 326 3084 les
350 3061 367 3083 c
398 3070 429 3074 —
458 3053 509 3084 30.
536 3058 630 3092 turpe
653 3063 716 3083 non
741 3056 786 3084 es(
811 3045 849 3084 a:
878 3055 973 3091 turpe
996 3060 1060 3081 non
1085 3054 1178 3090 turpe
1201 3055 1246 3082 est
1270 3052 1403 3083 Assllb
1429 3052 1479 3092 (in
1506 3051 1565 3082 AB
1591 3050 1687 3090 prius
1712 3053 1807 3089 turpe
1831 3048 2043 3088 expunctum

282 3102 365 3141 est);
392 3102 500 3139 faeere
525 3112 587 3133 non
612 3106 706 3141 turpe
730 3103 825 3133 modo
850 3103 882 3133 id
904 3103 964 3142 fiat
988 3101 1174 3132 occultem
1198 3102 1304 3132 dicere
1328 3109 1346 3132 e
1373 3119 1406 3123 —
1442 3101 1494 3132 31.
1522 3100 1715 3131 obscoenum
1738 3099 1821 3131 Abo
1849 3115 1884 3120 —
1909 3097 2044 3129 illarum

280 3159 393 3181 rerum
418 3155 533 3190 aperta
562 3153 605 3186 112,
641 3156 759 3191 aperta
782 3160 896 3183 rerum
919 3151 1055 3182 illarum
1079 3159 1100 3181 a
1134 3167 1168 3172 —
1202 3150 1254 3181 32.
1280 3159 1338 3182 nec
1361 3151 1468 3181 oratio
1492 3149 1687 3181 obscenitate
1710 3149 1895 3181 Manutius.
1922 3163 1963 3169 -
1986 3145 2044 3176 ob-

280 3201 442 3231 scaenitas
465 3203 509 3237 A,
543 3201 742 3232 obscoenitas
766 3209 784 3233 o
811 3203 863 3240 (et
888 3201 938 3232 sic
962 3200 1111 3240 ubique)
1152 3216 1186 3221 —
1229 3200 1426 3231 deaudtendi
1456 3200 1482 3230 ll
1526 3217 1561 3221 —
1602 3198 1655 3231 34.
1681 3207 1767 3239 quae
1790 3198 1967 3237 turpia--
1983 3194 2043 3226 illa

281 3253 390 3280 aulem
414 3257 484 3279 om.
505 3249 531 3279 11
558 3265 591 3270 -
632 3258 716 3288 quae
738 3259 774 3280 re
798 3250 911 3290 turpia
935 3257 982 3281 eo
1009 3266 1043 3272 —
1072 3257 1136 3280 non
1159 3249 1222 3280 sint
1247 3250 1290 3280 C:
1319 3259 1385 3281 non
1407 3251 1482 3281 sunt
1506 3256 1524 3279 ο
1563 3267 1599 3272 -
1634 3247 1819 3280 nominibus
1843 3243 2041 3287 (110111110νί-

281 3298 347 3338 bus)
373 3306 411 3329 ac
443 3305 507 3337 cp:
547 3306 617 3330 om.
637 3300 823 3330 ABllab.
866 3299 916 3331 Cf.
943 3299 987 3331 de
1012 3308 1088 3340 rep.
1113 3299 1155 3338 11,
1176 3298 1229 3338 22,
1248 3298 1302 3330 40.
