2249 3624
295 203 378 245 834
973 205 1044 245 DE
1075 205 1144 245 RE
1175 204 1404 246 PUBLICA

297 312 426 360 satis,
473 316 519 351 ut
557 310 659 351 mihi
703 310 898 357 videtur,
948 310 991 349 in
1028 310 1080 350 iis
1120 310 1264 359 libris,
1312 324 1418 364 quos
1448 310 1638 364 legistis,
1685 312 1894 366 expressit
1925 312 2077 367 Scipio.

301 373 621 428 (Lactantius
659 373 703 412 de
733 373 888 424 opificio
918 372 980 411 dei
1011 386 1046 412 c.
1071 369 1123 424 1.)

413 450 468 489 Μ.
494 450 646 489 Tullius
675 449 720 488 de
741 448 905 500 republ.
928 448 992 488 lib.
1009 449 1120 487 IIII:
1148 449 1287 502 Atque
1309 449 1399 501 ipsa
1422 462 1539 489 mens
1562 463 1629 497 ea,
1654 463 1764 503 quae
1785 450 1928 491 futura
1950 451 2076 498 videt,

298 513 523 566 praeterita
554 512 756 551 meminit.
816 508 1031 562 (Nonius
1063 511 1196 554 VIIII,
1232 526 1270 564 p.
1294 510 1403 563 500.)

267 591 286 619 5
410 587 626 626 Praeclare
657 587 789 638 itaque
818 586 873 625 M.
897 586 1072 624 Tullius:
1110 586 1274 625 Etenim
1308 586 1341 625 si
1374 599 1496 626 nemo
1528 591 1604 634 est,
1633 588 1776 640 inquit,
1809 587 1913 641 quin
1944 589 2077 628 emori

298 650 416 690 malit
446 662 571 703 quam
603 648 790 687 converti
822 647 865 686 in
898 647 1085 700 aliquam
1118 645 1289 700 figuram
1322 648 1495 695 bestiae,
1528 650 1720 702 quamvis
1751 649 1936 690 hominis
1961 663 2079 690 men-

298 717 382 752 tem
424 712 477 751 sit
516 711 755 757 habiturus,
796 715 954 763 quanto
997 715 1060 750 est
1097 710 1293 750 miserius
1334 712 1376 750 in
1416 710 1598 750 hominis
1638 711 1771 763 figura
1809 712 1951 752 animo
1984 726 2077 753 esse

299 774 500 813 efferato?
558 773 661 812 Mihi
701 771 873 826 quidem
914 778 1031 811 tanto
1070 772 1258 817 videtur,
1302 779 1460 826 quanto
1493 774 1786 827 praestabilior
1817 779 1880 814 est
1911 775 2077 816 animus

299 849 490 889 corpore.
552 834 864 888 (Lactantius
896 835 997 874 [nst.
1021 835 1099 874 cliv.
1131 835 1179 882 V,
1204 832 1218 873 1
1239 832 1283 888 Ι.)

248 913 285 942 ⁴0
411 911 587 963 Denique
617 910 812 962 eleqerwzt
843 907 1000 961 (Stoici)
1033 910 1076 948 in
1097 910 1308 962 pecoribus
1330 911 1468 962 potius
1498 924 1616 963 quam
1646 911 1690 950 in
1719 911 1954 958 hominibus,
1978 912 2081 965 quod

299 979 342 1013 τιι
367 973 486 1025 facis,
521 973 686 1012 laudare
717 972 912 1011 libidines.
961 973 1118 1011 Eorum
1149 973 1289 1024 quippe
1320 974 1500 1024 opinioni
1529 974 1801 1013 convenienter
1830 975 1889 1014 ait
1910 975 2081 1027 quodam

298 1037 381 1076 loco
415 1035 569 1074 Tullius
608 1048 650 1075 se
692 1048 778 1074 non
817 1040 964 1088 putare
1005 1033 1117 1074 idem
1150 1048 1241 1074 esse
1273 1035 1416 1075 arietis
1449 1041 1490 1076 et
1519 1035 1654 1076 Publii
1685 1036 1867 1076 Africani
1903 1036 2075 1077 bonum.

300 1099 637 1152 (Augustinus
675 1104 816 1137 contra
845 1097 993 1137 Iulian.
1014 1098 1150 1149 Pelaq.
1184 1097 1254 1145 IV,
1286 1111 1318 1137 c.
1343 1094 1423 1151 12.)

411 1175 467 1214 Μ.
492 1174 647 1213 Tullius
676 1173 721 1212 de
752 1185 794 1211 re
816 1172 928 1223 publ.
963 1172 1027 1211 lib.
1049 1173 1156 1210 IIII:
1210 1171 1444 1226 eademque
1476 1173 1643 1213 obiectu
1673 1187 1750 1213 suo
1781 1173 1972 1214 umbram
2003 1187 2080 1214 no-

249 1238 495 1290 ‘15ctemque
528 1234 696 1282 efficiat,
731 1249 824 1275 cum
856 1235 908 1274 ad
939 1248 1161 1273 numerum
1195 1234 1356 1274 dierum
1388 1240 1527 1288 aptam
1559 1241 1645 1276 tum
1669 1235 1720 1275 ad
1744 1235 1934 1276 laborum
1960 1237 2080 1290 quie-

300 1305 395 1340 tem.
460 1297 670 1350 (Nonius
702 1312 740 1337 v.
771 1304 905 1350 aptam
936 1311 975 1350 p.
995 1295 1107 1351 234.)

410 1374 466 1414 M.
493 1374 645 1413 Tullius
677 1375 720 1413 de
751 1387 794 1413 re
816 1374 978 1425 publica
1009 1373 1071 1412 lib.
1095 1378 1264 1425 quarto:
1296 1386 1479 1426 cumque
1512 1378 1717 1412 autumno
1749 1377 1882 1413 terras
1907 1372 1958 1412 ad
1981 1386 2080 1413 con-

298 1436 515 1490 cipiendas
547 1436 688 1489 fruges
721 1436 989 1490 patefecerit,
1032 1435 1168 1474 hieme
1200 1435 1252 1474 ad
1284 1434 1568 1475 conficiendas
1601 1434 1821 1483 relaxarit,
1861 1436 1891 1487 ἢ·
1911 1436 2081 1476 afistula

299 1499 535 1538 maturitate
568 1499 649 1538 alia
681 1498 946 1551 mitigaverit,
977 1497 1060 1536 alia
1091 1497 1303 1536 torruerit.
1365 1496 1574 1549 (Nonius
1605 1511 1643 1536 v.
1666 1499 1776 1538 mitis
1806 1512 1846 1552 p.
1869 1497 1978 1553 343.)

248 1576 284 1605 20
409 1574 467 1613 M.
495 1574 649 1613 Tullius
678 1574 722 1613 de
752 1586 795 1613 re
821 1573 931 1625 publ.
966 1573 1031 1612 lib.
1054 1573 1163 1611 IIII:
1224 1585 1316 1612 cum
1355 1571 1557 1613 adhibent
1595 1572 1638 1612 in
1679 1573 1844 1626 pecuda
1874 1580 2078 1628 pastores.

300 1633 508 1687 (Nonius
540 1650 577 1675 v.
593 1637 746 1688 pecuda
775 1650 815 1689 p.
841 1633 942 1688 159.)

296 1751 337 1790 p.
364 1732 477 1789 ¹lll.]
542 1739 600 1779 Π.
642 1736 687 1778 2.
729 1733 766 1767 ‘³³³
790 1733 827 1767 33<-
849 1733 885 1767 32:-
913 1734 919 1787 Ι
945 1738 1147 1795 gratiam.
1208 1735 1346 1788 Quam
1381 1736 1606 1778 commode
1639 1736 1817 1778 ordines
1850 1737 2078 1793 descripti,

297 1809 485 1858 aetates,
516 1808 700 1858 classes,
733 1807 969 1861 equitatus.
1001 1807 1044 1846 in
1079 1819 1162 1860 quo
1195 1805 1407 1861 suffragia
1440 1808 1543 1846 sunt
1575 1806 1705 1846 etiam
1727 1809 1930 1861 senatus,
1950 1807 2079 1847 nimis

297 1877 443 1917 multis
475 1878 556 1916 iani
589 1877 724 1917 stulte
755 1876 869 1917 lianc
901 1877 1135 1916 utilitatem
1169 1876 1262 1916 tolli
1297 1876 1599 1928 cupientibus,
1638 1876 1709 1929 qui
1741 1887 1901 1916 novam
1934 1876 2078 1933 largi-

246 1955 283 1983 25
297 1947 460 1986 tionem
493 1949 708 2000 quaerunt
741 1947 887 2000 aliquo
920 1946 1066 1999 plebei
1096 1947 1208 1986 scito
1240 1943 1565 1985 reddendorum
1599 1957 1823 1996 equorum.

411 2014 494 2055 111.
533 2012 579 2054 3.
611 2013 903 2056 Considerate
935 2026 1051 2055 nunc
1084 2016 1235 2056 cetera
1269 2026 1393 2067 quam
1426 2014 1516 2053 sint
1548 2015 1730 2065 provisa
1761 2014 1990 2066 sapienter
2021 2011 2078 2053 ad

297 2082 413 2123 illam
460 2084 618 2123 civium
665 2083 796 2123 beate
842 2084 885 2123 et
928 2081 1116 2123 honeste
1161 2080 1345 2122 vivendi
1391 2083 1681 2135 societatem3
1732 2093 1785 2122 ea
1831 2083 1901 2122 est
1947 2074 2075 2131 enim!

297 2162 339 2201 p.
366 2145 479 2201 112]
529 2153 666 2205 prima
706 2164 841 2193 causa
878 2151 1068 2193 coeundi
1112 2153 1155 2192 et
1197 2150 1239 2190 id
1283 2150 1530 2191 hominibus
1570 2150 1684 2192 effici
1725 2163 1781 2191 ex
1821 2163 1869 2191 re
1902 2151 2079 2204 publica

299 2219 429 2260 (lebet
464 2222 619 2272 partim
653 2222 885 2273 institutis,
928 2221 1012 2261 alia
1046 2221 1235 2277 legibus.
1299 2219 1522 2273 Principio
1557 2218 1832 2272 disciplinam
1865 2219 2078 2273 puerilem

247 2290 529 2344 30ingenuis,
568 2287 622 2329 de
657 2301 738 2342 qua
772 2289 931 2330 Graeci
973 2290 1151 2329 multum
1192 2289 1360 2329 frustra
1401 2288 1659 2329 laborarunt
1703 2290 1746 2328 et
1786 2288 1829 2327 in
1873 2299 1958 2341 qua
1989 2299 2079 2327 una

299 2356 513 2411 Polybius
555 2359 708 2397 noster
748 2356 912 2410 hospes
945 2360 1194 2397 nostrorum
1231 2358 1532 2397 institutorum
1571 2356 1902 2412 neglegentiam
1939 2366 2078 2397 accu-

300 2428 383 2477 sat,
418 2424 576 2465 nullam
610 2428 774 2466 certam
808 2428 883 2466 aut
916 2424 1179 2466 destinatam
1213 2425 1389 2481 legibus
1420 2427 1495 2465 aut
1528 2424 1703 2477 publice
1735 2424 1980 2478 expositam
2003 2425 2079 2463 aut

299 2506 428 2534 unam
461 2496 645 2534 oninium
680 2506 779 2535 esse
811 2494 1062 2534 voluerunt.
1121 2494 1230 2535 Nam
1263 2492 1301 2523 ·’“·
1323 2489 1361 2523 32:-
1382 2488 1420 2522 ‘³²³'

700 2582 1002 2637 [Desiderantur
1030 2586 1241 2624 minimum
1271 2591 1459 2637 quattuor
1481 2580 1684 2636 paginae]

412 2678 634 2718 Secundum
666 2678 859 2725 Tullium,
892 2679 961 2730 qui
990 2678 1085 2717 dicit
1127 2678 1179 2718 ad
1210 2678 1402 2718 militiam
1435 2677 1630 2717 euntibus
1670 2675 1760 2715 dari
1800 2674 1945 2714 solitos
1985 2687 2078 2714 esse

250 2750 286 2778 35
301 2741 518 2788 custodes,
559 2753 583 2780 a
623 2740 774 2794 quibus
816 2741 950 2794 primo
993 2753 1103 2780 anno
1147 2746 1359 2793 regantur.
1436 2739 1710 2792 (Servius
1749 2738 1800 2777 ad
1837 2738 1946 2789 Very.
1975 2736 2074 2776 Aen.

301 2804 348 2851 V,
380 2801 487 2856 546.)

389 2949 419 2980 3.
445 2959 534 2981 mens
557 2959 596 2981 ea
620 2959 704 2989 quac
732 2958 814 2981 nos:
847 2958 960 2981 mensa
984 2958 1069 2989 quae
1094 2949 1198 2981 codd.
1219 2948 1397 2989 plerique,
1431 2956 1625 2988 mensasque
1649 2947 1728 2979 cod.
1749 2946 1956 2987 Bamberg..
1988 2953 2080 2977 mens

301 3008 386 3038 quac
410 2999 434 3030 O
473 3017 508 3021 —
552 3000 598 3031 ti.
626 3001 804 3039 cademque
828 3000 986 3031 obiectum
1012 3000 1089 3029 uiuo
1114 3003 1213 3037 alque
1236 2998 1391 3028 umbram
1416 2998 1520 3028 codd.
1557 3013 1591 3019 —
1630 2997 1681 3028 18.
1708 2996 1843 3036 ofistula
1867 2995 1971 3027 codd.
1997 3004 2079 3027 eor-

301 3050 422 3087 rupte:
461 3050 586 3079 aesfiva
613 3050 636 3079 O
664 3058 743 3080 cum
770 3050 937 3087 Patricio,
971 3049 1049 3080 sort.
1077 3052 1201 3079 aestate
1225 3049 1268 3078 ad
1292 3048 1531 3078 maturitatem.
1572 3063 1607 3068 -—
1646 3045 1699 3077 23.
1726 3054 1785 3076 sea:
1807 3046 1973 3085 suffragia
1995 3044 2078 3076 Nie-

301 3097 405 3133 buhr,
433 3099 464 3128 at
491 3107 521 3128 V.
550 3099 707 3137 Madvigii
735 3100 862 3139 Opusc.
889 3100 912 3135 1,
933 3099 973 3130 74
998 3108 1050 3138 sq.
1089 3115 1123 3118 —
1157 3096 1210 3128 ⁶24.
1237 3097 1349 3127 mullis
1372 3114 1390 3118 -
1407 3114 1425 3119 -
1448 3095 1582 3136 novam]
1608 3096 1697 3126 haec
1721 3103 1792 3126 non
1817 3094 1903 3125 vidit
1926 3094 1979 3124 Du
1992 3093 2077 3124 Rieu

300 3149 334 3178 in
361 3148 405 3179 C:
445 3155 525 3176 nain
559 3149 633 3178 eius
665 3149 812 3187 pag-*inae
845 3150 1056 3189 scripturam
1090 3148 1134 3177 ita
1165 3147 1363 3179 interiissc.
1402 3147 1438 3176 ut
1466 3146 1522 3176 vix
1552 3145 1697 3183 vestigia
1727 3145 1893 3175 revocata
1922 3143 2002 3174 sint.
2037 3159 2073 3164 —

301 3196 354 3226 25.
376 3194 481 3234 plebei
504 3197 584 3225 scito
614 3200 750 3227 ‹ts-ann:
792 3206 977 3228 imizinsciro
1010 3197 1033 3228 C
1050 3197 1074 3227 O
1117 3213 1151 3218 —
1196 3196 1247 3226 ⁴26.
1276 3203 1498 3225 CONMDERATE
1525 3220 1530 3225 .
1553 3219 1559 3225 .
1582 3217 1590 3225 .
1612 3218 1618 3224 .
1647 3202 1770 3224 CETERA
1798 3217 1805 3223 .
1827 3216 1834 3223 .
1856 3216 1862 3222 .
1886 3216 1892 3223 .
1912 3190 1994 3231 Sim]
2025 3191 2076 3222 sic

302 3245 353 3275 Du
369 3245 453 3275 Rieu
481 3261 514 3265 -—
542 3245 594 3275 Ξῖ.
623 3254 745 3275 intimi:
772 3245 809 3282 C,
835 3256 855 3277 A
880 3246 987 3277 altera
1014 3245 1128 3276 deleta
1157 3262 1192 3267 —
1220 3245 1471 3275 societatem--
1489 3243 1585 3284 enim]
1611 3243 1701 3274 haec
1725 3251 1795 3274 non
1819 3241 1906 3273 vidit
1928 3240 2075 3272 DuRieu

458 3298 475 3312 κ

305 3340 339 3346 -
367 3324 419 3356 30.
447 3332 544 3355 GAECR
569 3324 593 3355 C
621 3340 654 3345 —
683 3299 964 3357 3t.'³s>rircronuii
991 3326 1015 3357 C
1044 3343 1078 3348 —
1105 3324 1159 3356 33.
1185 3324 1334 3355 omnibus
1358 3324 1543 3365 Leopardi.
