2249 3624
513 167 601 205 Lm.
632 165 662 204 I.
703 165 798 204 CAP.
830 164 1105 203 xL—XLII.
1143 161 1202 215 §§
1236 159 1485 201 110-117.
1809 160 1891 201 399

129 278 236 317 dicio
275 288 326 314 ne
365 273 509 312 beatos
541 270 726 324 quidem.
786 271 893 309 xm.
926 268 1018 309 11-1.
1050 272 1101 309 At
1132 269 1277 308 dolore
1309 273 1469 308 vacant.
1525 268 1642 308 Satin
1675 274 1738 308 est
1767 268 1807 308 id
1840 267 1891 307 ad

126 339 237 379 illam
269 335 548 376 abundantem
580 333 700 372 honis
735 333 858 372 vitam
891 333 1174 372 beatissimam
1189 334 1205 370 ἱ)
1253 332 1433 383 Cogitat,
1467 330 1685 383 inquiunt,
1717 331 1891 370 adsidue

123 401 288 440 beatum
321 410 413 437 esse
446 410 515 441 se;
549 395 674 434 hahet
706 396 815 434 enim
849 396 952 434 nihil
985 396 1119 441 aliud,
1153 396 1264 447 quod
1297 395 1427 444 agitet
1450 395 1488 432 in
1514 398 1665 432 mente.
1706 393 1891 445 Conpre-

121 461 258 502 hende
305 459 433 511 igitur
471 457 610 497 animo
651 461 691 494 et
730 470 919 509 propone
958 464 1052 496 ante
1086 458 1230 496 oculos
1262 456 1385 495 deum
1420 456 1525 495 nihil
1557 455 1669 495 aliud
1704 455 1743 493 in
1777 456 1890 494 omni

121 522 366 564 aeternitate
397 521 477 560 nisi
511 519 665 558 «Mihi
698 519 923 570 pulchre
953 527 1065 559 est»
1101 526 1141 558 et
1174 521 1312 571 «Ego
1335 520 1516 558 heatus
1541 532 1678 558 sum»
1705 518 1924 570 cogitari-5

121 591 218 625 tem.
269 586 354 623 Nec
387 590 524 622 tamen
556 581 702 627 video,
735 594 817 633 qno
858 583 980 621 modo
1019 596 1100 621 non
1140 587 1282 633 pereat
1324 584 1400 620 iste
1439 582 1541 620 deus
1584 582 1752 625 beatus,
1798 594 1893 619 cum

120 648 209 688 sine
240 646 324 685 ulla
365 644 675 684 intermissione
707 644 898 696 pulsetur
929 645 1193 696 agiteturque
1235 650 1467 683 atomorum
1505 644 1745 682 incursione
1786 656 1894 681 sem-

119 710 282 763 piterna
324 720 505 760 cumque
545 720 597 746 ex
637 707 729 758 ipso
768 705 970 757 imagines
1011 719 1176 757 semper
1217 705 1403 744 affluant.
1455 707 1514 744 lta
1547 719 1622 745 nec
1654 705 1799 744 beatus
1832 708 1895 743 est

120 776 257 812 vester
288 770 389 809 deus
422 782 499 808 nec
531 774 739 808 aeternus.

234 830 327 872 113
360 833 411 871 At
442 832 566 871 etiam
599 832 649 871 de
682 831 923 877 sanctitate,
957 830 1007 868 ile
1039 830 1193 882 pietate
1224 830 1424 869 adversus
1447 830 1547 869 deos
1576 830 1705 869 libros
1728 828 1944 880 scripsitio

118 897 337 949 Epicurus.
388 896 441 934 At
482 908 566 947 quo
609 894 732 933 modo
774 894 815 932 in
859 892 922 931 his
965 892 1185 945 loquitur?
1230 893 1281 932 Ut
1321 893 1378 931 Ti.
1412 894 1717 932 Coruncanium
1749 898 1821 932 aut
1853 893 1894 931 P.

121 958 386 1004 Scaevolam,
419 956 639 1009 pontifices
663 957 886 1002 maximos,
920 960 958 994 te
981 954 1126 993 audire
1150 955 1286 1001 dieas,
1320 968 1403 994 non
1433 968 1550 1002 eum,
1583 955 1656 1007 qui
1679 954 1896 994 sustulerit

118 1035 284 1062 omnem
315 1019 504 1059 funditus
527 1019 793 1070 religionem,
826 1032 903 1057 nec
927 1017 1128 1064 manibus,
1160 1021 1205 1055 ut
1226 1016 1411 1063 Xerxes,
1444 1016 1517 1056 sed
1540 1017 1772 1057 rationibus
1795 1016 1896 1056 deo—

117 1097 209 1123 rum
243 1082 526 1122 inmortalium
559 1081 712 1133 templa
745 1086 786 1120 et
816 1094 907 1120 aras
939 1081 1147 1119 everterit.
1199 1078 1311 1127 Quid
1344 1085 1408 1119 est
1438 1079 1569 1126 enim,
1607 1092 1681 1118 cur
1712 1078 1812 1119 deos
1843 1079 1894 1119 ab

119 1145 360 1185 hominibus
391 1144 592 1184 colendos
625 1143 761 1190 dicas,
794 1157 886 1182 cum
920 1143 987 1182 dei
1018 1156 1102 1181 non
1134 1143 1260 1182 modo
1293 1141 1482 1182 homines
1513 1156 1598 1183 non
1630 1144 1789 1191 colant,
1822 1142 1946 1184 sed⁴5

119 1207 289 1247 omnino
322 1206 425 1245 nihil
459 1212 624 1252 curent,
666 1206 769 1245 nihil
809 1208 971 1258 agant?
1034 1202 1126 1244 116.
1159 1208 1209 1245 At
1239 1210 1301 1245 est
1331 1219 1475 1246 eorum
1507 1206 1657 1245 eximia
1689 1205 1895 1258 quaedam

119 1277 421 1323 praestansque
464 1275 635 1316 natura,
676 1274 722 1308 ut
753 1282 800 1308 ea
833 1269 984 1308 debeat
1013 1269 1103 1321 ipsa
1135 1281 1211 1321 per
1242 1281 1286 1307 se
1318 1268 1368 1307 ad
1402 1281 1446 1307 se
1478 1267 1694 1307 colendam
1728 1268 1895 1308 allicere

117 1332 362 1385 sapientem.
424 1334 487 1371 An
532 1332 756 1385 quicquam
797 1331 997 1370 eximium
1038 1335 1177 1384 potest
1207 1342 1298 1369 esse
1331 1329 1373 1368 in
1406 1342 1453 1369 ea
1485 1335 1649 1377 natura,
1682 1343 1788 1382 quae
1820 1342 1897 1370 sua

118 1395 335 1446 voluptate
367 1394 527 1434 laetans
561 1394 663 1433 nihil
697 1407 772 1432 nec
805 1399 947 1433 actura
977 1393 1029 1432 sit
1060 1406 1259 1446 umquam
1290 1406 1430 1446 neque
1462 1398 1556 1444 agat
1577 1406 1713 1444 neque
1736 1394 1894 1446 egerit?

120 1457 235 1505 Quae
268 1470 392 1509 porro
426 1457 557 1509 pietas
591 1456 628 1495 ei
663 1456 860 1502 debetur,
893 1469 914 1495 a
947 1468 1029 1508 quo
1061 1455 1163 1493 nihil
1196 1456 1440 1507 acceperis?
1472 1460 1543 1494 aut
1574 1454 1675 1507 quid
1710 1456 1946 1502 omnino,20

117 1519 237 1558 cuius
269 1518 430 1557 nullum
463 1518 654 1557 meritum
689 1518 763 1565 sit,
797 1518 832 1557 ei
866 1517 1007 1557 deberi
1039 1519 1210 1570 potest?
1256 1518 1330 1556 Est
1353 1517 1464 1556 enim
1487 1516 1619 1570 pietas
1642 1517 1802 1557 iustitia
1823 1518 1896 1557 ad-

117 1593 283 1621 versum
315 1579 434 1627 deos,
468 1594 560 1620 cum
593 1580 747 1632 quibus
779 1579 879 1633 quid
913 1585 1048 1632 potest
1071 1579 1191 1619 nobis
1215 1593 1306 1619 esse
1330 1580 1452 1627 iuris,
1485 1593 1578 1619 cum
1600 1579 1759 1620 homini
1782 1581 1896 1621 nulla

118 1656 213 1683 cum
245 1642 323 1683 deo
355 1644 408 1683 sit
439 1643 748 1683 communitas?
795 1642 1001 1682 Sanctitas
1033 1648 1172 1683 autem
1204 1648 1268 1682 est
1299 1643 1476 1682 scientia
1499 1642 1773 1683 colendorum
1796 1644 1896 1683 deo-

117 1719 228 1752 rum,
260 1705 331 1759 qui
364 1719 488 1759 quam
523 1707 575 1746 ob
607 1720 692 1745 rem
725 1705 890 1745 colendi
923 1707 1005 1745 sint
1036 1719 1119 1746 non
1152 1705 1351 1758 intellego
1383 1705 1501 1744 nullo
1533 1718 1610 1745 nec
1641 1712 1812 1760 accepto
1843 1705 1894 1746 ab

119 1769 180 1808 eis
211 1782 288 1808 nec
321 1775 486 1822 sperato
517 1770 639 1810 bono.
1907 1773 1946 1803 25

229 1831 356 1869 XLII.
396 1828 482 1870 117.
525 1832 637 1880 Quid
677 1838 740 1872 est
777 1836 914 1872 autem
948 1831 1061 1884 quod
1093 1831 1194 1870 deos
1226 1844 1477 1871 veneremur
1514 1834 1687 1884 propter
1717 1829 1895 1870 admira-

116 1893 271 1933 tionem
305 1894 394 1934 eius
426 1900 618 1942 naturae,
652 1895 694 1934 in
727 1908 810 1949 qua
837 1894 1052 1946 egregium
1075 1892 1178 1932 nihil
1203 1894 1421 1933 videmus?
1452 1894 1555 1932 Nam
1582 1893 1895 1946 superstitione,

118 1956 232 2009 quod
264 1956 432 2008 gloriari
465 1957 630 2005 soletis,
663 1957 783 1997 facile
815 1962 878 1997 est
908 1956 1097 2003 liberari,
1130 1969 1226 1995 cum
1257 1956 1479 1996 sustuleris
1502 1969 1670 1996 omnem
1691 1957 1774 1996 vim
1797 1955 1896 1996 deo-

117 2031 234 2066 rum,
266 2018 347 2058 nisi
378 2018 484 2059 forte
517 2020 739 2072 Diagoram
771 2025 841 2059 aut
872 2020 1162 2066 Theodorum,
1206 2020 1276 2072 qui
1310 2020 1480 2059 omnino
1513 2020 1613 2058 deos
1646 2032 1738 2058 esse
1769 2030 1895 2070 nega-

116 2080 238 2128 bant,
281 2094 425 2121 censes
464 2082 779 2134 superstitiosos
819 2095 910 2122 esse
951 2083 1150 2136 potuisse.
1195 2083 1283 2135 Ego
1314 2096 1366 2121 ne
1400 2084 1666 2135 Protagoram
1699 2081 1948 2135 quidemzsso

119 2143 186 2182 cui
218 2149 414 2184 neutrum
445 2144 627 2192 licuerit,
661 2158 737 2184 nec
761 2158 851 2185 esse
875 2146 975 2186 deos
998 2158 1074 2185 nec
1096 2158 1182 2185 non
1204 2158 1310 2185 esse.
1343 2145 1503 2185 Horum
1526 2144 1637 2184 enim
1660 2143 1895 2184 sententiae

206 2337 236 2368 4.
264 2339 298 2367 at
322 2337 346 2367 Α
364 2336 387 2367 C
415 2337 443 2375 (ι
467 2336 500 2367 in
525 2345 594 2367 ras.
621 2336 687 2375 A):
723 2345 744 2368 a
768 2337 831 2368 BE
858 2354 892 2359 —
928 2338 961 2368 icl
990 2339 1033 2369 ad
1061 2346 1101 2369 ex
1131 2338 1352 2369 correctione
1380 2338 1413 2368 in
1439 2346 1560 2368 rasura
1585 2337 1612 2368 A
1636 2354 1671 2359 —
1708 2337 1738 2368 3.
1764 2335 1897 2368 habebat

117 2388 162 2422 A;
188 2386 316 2417 habebit
340 2394 429 2417 corr.
457 2394 497 2417 ex
523 2386 617 2417 habet
641 2387 663 2417 B
691 2404 725 2408 —
759 2388 843 2419 aliut
866 2390 909 2420 A:
937 2389 1022 2419 item
1047 2397 1078 2418 v.
1106 2386 1136 2418 si.
1165 2404 1200 2409 —
1227 2388 1259 2419 ἴ).
1282 2387 1418 2426 pulchre
1444 2388 1507 2417 (ῤ’-ἐ
1539 2387 1656 2425 pulcro
1680 2389 1725 2424 Α,
1755 2387 1895 2426 pulchro

117 2437 141 2468 B
159 2438 197 2468 C¹
211 2437 234 2468 E
263 2453 308 2460 —
337 2437 368 2468 6.
390 2440 507 2476 pereat
522 2453 571 2459 --
588 2436 700 2467 beatus
725 2446 810 2468 nos:
844 2440 1062 2469 'ue1·cacur·—-
1080 2437 1192 2467 beatus
1220 2439 1270 2468 A:
1303 2440 1478 2467 moueatur
1493 2454 1542 2460 --
1559 2437 1673 2468 bealus
1705 2438 1729 2468 C
1745 2437 1769 2468 E
1787 2446 1793 2474 ;
1833 2445 1894 2468 ue-

116 2490 266 2518 realur-
283 2485 448 2523 —beatu3,
481 2494 520 2516 ne
548 2487 688 2516 iniereat
720 2487 795 2517 ΒΟ.
833 2488 934 2518 «Non
961 2490 1031 2518 tam
1059 2487 1172 2526 agitur
1199 2486 1242 2517 de
1272 2486 1396 2516 timore
1426 2486 1585 2517 interitus
1615 2495 1722 2526 quam
1747 2486 1791 2517 (ie
1817 2487 1893 2527 ipso

117 2537 272 2568 interitu.
311 2537 432 2576 Neque
458 2537 549 2567 enim
576 2536 670 2576 quod
696 2538 855 2577 sequitur
878 2546 934 2567 nec
958 2537 1068 2568 beatus
1092 2536 1133 2566 ad
1161 2537 1253 2567 hune
1282 2537 1446 2567 timorem
1476 2537 1637 2576 pertinet.
1669 2537 1743 2567 Non
1768 2535 1893 2567 beatus

118 2589 172 2618 est
197 2586 302 2625 deus,
331 2585 424 2626 quod
450 2585 531 2616 nihil
558 2587 638 2625 agit,
667 2595 735 2617 non
761 2589 938 2624 aeternus,
965 2586 1059 2627 quod
1085 2587 1287 2618 conteritur.
1326 2587 1446 2618 Fuitne
1472 2588 1538 2617 Nec
1562 2590 1670 2618 lamen
1693 2587 1786 2617 video
1811 2595 1894 2626 quo-

117 2637 213 2668 modo
237 2646 303 2667 non
325 2638 583 2667 conteratur
607 2637 664 2666 iste
692 2637 769 2667 (leus
792 2636 868 2676 (wie
891 2647 926 2668 et·
949 2639 1021 2669 dem
1042 2638 1215 2677 Aufreiben
1240 2638 1379 2678 entyehl)
1392 2639 1427 2667 ⁶3»
1455 2638 1600 2668 Mauris.
1622 2654 1656 2658 —
1683 2636 1714 2666 7.
1741 2636 1894 2667 intermi-

117 2687 208 2717 sione
236 2687 263 2717 A
297 2703 331 2707 —
364 2685 552 2716 incursione
575 2689 762 2716 atomorum
786 2688 811 2717 O
838 2704 880 2708 —
904 2688 934 2718 8.
961 2688 1097 2728 effluant
1125 2688 1150 2718 O
1181 2704 1215 2709 —
1248 2688 1299 2718 10.
1327 2691 1360 2717 αι
1385 2696 1476 2718 corr.
1500 2696 1541 2717 ex
1568 2686 1613 2716 ad
1639 2686 1660 2716 Β
1693 2703 1728 2708 -
1759 2686 1814 2721 41,
1845 2685 1890 2716 Ti.

120 2734 366 2766 Heindorfius:
395 2743 452 2766 om
492 2733 571 2766 ⁴210.
598 2734 733 2766 Excidit
757 2739 768 2766 t
792 2737 872 2775 (qua
898 2746 964 2767 una
990 2746 1097 2777 saepe
1122 2736 1235 2768 littera
1260 2738 1365 2767 etiam
1391 2736 1506 2767 Tiberii
1531 2744 1749 2776 praenomen
1773 2735 1807 2767 in
1831 2744 1891 2767 co-

119 2783 258 2815 dicibus
276 2784 503 2824 significatur,
524 2784 565 2815 cs.
582 2786 623 2816 111
642 2786 659 2825 g
678 2786 708 2816 5.
730 2785 772 2816 de
792 2785 898 2817 domo
917 2796 978 2817 sua
998 2788 1015 2826 ξ
1035 2787 1087 2819 39.
1114 2787 1292 2817 Onomast.
1312 2786 1395 2818 Tull.
1416 2788 1440 2817 li
1467 2796 1500 2826 p.
1522 2786 1593 2824 499)
1620 2786 1710 2817 inter
1734 2784 1894 2817 litteras!

121 2836 156 2865 et
178 2844 206 2865 c.
238 2852 267 2857 —-
299 2836 559 2866 corruncanium
584 2838 634 2872 A,
661 2837 912 2867 commeantum
937 2837 984 2874 C,
1010 2839 1235 2867 carantanum
1259 2836 1282 2867 E
1311 2854 1345 2858 —
1371 2837 1405 2867 P.
1431 2828 1631 2866 Scaevolam*
1649 2833 1891 2866 Heindorfius:

117 2882 341 2923 pscaeuolansi
364 2886 411 2919 A:
444 2886 657 2923 .p.seeu0lam
683 2886 739 2924 (.1).
766 2887 797 2917 in
823 2888 955 2926 rasura)
974 2887 1018 2923 (33
1045 2886 1219 2916 scaeuolan
1237 2885 1378 2925 (omisso
1404 2884 1643 2925 praenomine)
1669 2883 1729 2920 B¹;
1754 2892 1894 2915 scaeno-

119 2933 234 2965 lanum
259 2935 318 2971 1323
345 2934 555 2965 sceuolanum
580 2935 627 2971 E3
656 2935 847 2966 Scaevolam
873 2936 910 2966 O.
938 2936 1035 2967 Errat
1052 2935 1320 2966 Sehoemannus
1338 2933 1475 2974 sibique
1493 2934 1556 2974 ipsi
1574 2933 1792 2971 contradicit,
1819 2933 1852 2964 h.
1868 2931 1890 2964 l.

121 2983 165 3015 de
193 2985 314 3022 Quinto
340 2984 507 3016 Scaevola
534 2987 700 3025 cogitans.
728 2985 803 3017 vid.
825 2987 866 3016 111
892 2985 957 3025 55,
980 3002 1014 3007 —
1043 2986 1093 3016 12.
1112 2985 1278 3015 mammos
1294 2992 1363 3013 om.
1385 2984 1408 3014 C
1429 3000 1463 3004 —
1483 2983 1536 3014 43.
1552 2984 1683 3022 penitus
1699 2987 1890 3024 (superscr.

120 3035 316 3065 recentiore
342 3042 389 3065 m.
414 3034 573 3074 funditus)
601 3036 623 3065 C
653 3052 687 3057 —
719 3038 895 3066 ulex-etwa-
925 3036 1039 3074 (tertia
1062 3034 1173 3065 littera
1200 3032 1385 3073 expuncta)
1410 3034 1455 3065 A;
1493 3031 1624 3064 litteras
1649 3036 1686 3063 ta:
1711 3034 1743 3064 in
1768 3041 1892 3064 rasura

119 3083 214 3114 habet
236 3084 286 3120 B;
311 3087 347 3115 ut
371 3093 500 3115 ezer-ses
525 3086 572 3121 C;
602 3085 679 3116 fort.
704 3086 753 3116 uti
774 3086 909 3117 Xerxes.
939 3103 974 3106 —
1002 3083 1052 3115 44.
1080 3084 1228 3114 colendos
1252 3082 1292 3112 ab
1315 3081 1498 3112 hominibus
1521 3083 1546 3114 C
1567 3099 1601 3105 —
1630 3083 1682 3114 16.
1709 3083 1757 3114 nil
1778 3085 1894 3113 curent

120 3134 162 3164 Al
188 3150 222 3154 -
250 3137 284 3163 αι
309 3141 399 3164 corr.
419 3143 460 3164 ex
485 3134 528 3164 ad
552 3134 576 3164 B
603 3151 637 3155 —
666 3134 717 3164 47.
744 3135 858 3165 elicere
882 3133 910 3166 ’Π
936 3135 983 3174 (in
1008 3134 1031 3164 B
1058 3134 1169 3174 prima
1194 3132 1305 3163 littera
1324 3133 1435 3163 estex
1454 3133 1683 3171 correctione)
1703 3150 1737 3154 —
1760 3133 1811 3164 19.
1829 3141 1892 3164 uo-

123 3181 247 3214 luntate
270 3181 299 3215 ⁸21
330 3200 360 3204 -
395 3184 449 3215 ⁶24.
476 3188 521 3215 est
550 3185 635 3215 enim
660 3185 766 3223 pietas
790 3187 836 3215 esc
857 3185 985 3215 iustitia
1010 3184 1033 3215 C
1064 3201 1097 3204 —
1131 3182 1184 3212 23.
1211 3184 1255 3211 esc
1280 3181 1326 3212 E:
1360 3183 1389 3211 et
1412 3181 1515 3213 ABC
1544 3199 1577 3203 —
1614 3182 1666 3213 25.
1693 3182 1738 3213 eis
1762 3182 1809 3213 C:
1843 3182 1893 3212 his

122 3233 245 3268 ABE;
275 3233 316 3263 iis
339 3233 364 3263 O
393 3250 427 3255 —·
454 3243 511 3265 nec·
535 3237 666 3273 sperato
691 3234 732 3264 ab
757 3234 802 3265 eis
826 3234 850 3265 C
877 3250 912 3255 -—
939 3234 993 3265 ⁶27.
1018 3233 1188 3263 videamus
1211 3230 1403 3271 Madvigius
1430 3231 1485 3271 (ad
1509 3232 1580 3263 Cic.
1601 3231 1645 3263 de
1671 3232 1740 3263 Fin.
1763 3240 1796 3273 p.
1816 3231 1888 3271 462)

122 3280 198 3313 coll.
227 3281 268 3322 §S
291 3283 333 3313 55
359 3283 393 3314 et
416 3283 493 3314 116.
521 3298 556 3304 -
582 3282 635 3314 28.
660 3281 801 3314 liberare
823 3281 941 3314 AB¹C
967 3298 1003 3304 -
1030 3282 1082 3314 30.
1103 3281 1232 3321 potuise
1253 3282 1293 3312 Α.
