2249 3624
262 158 343 200 468
902 158 972 197 DE
1003 156 1228 196 DEORUM
1257 158 1475 198 NATURA

261 266 398 306 habeo
429 265 520 319 ipse
552 263 665 318 quod
698 263 893 309 sentiam,
925 277 1010 302 non
1042 263 1178 302 habeo
1210 269 1349 303 autem
1373 263 1484 317 quod
1517 264 1592 303 tibi
1617 264 1839 304 adsentiar.
1880 267 2039 319 Neptu-

263 343 362 368 num
402 341 492 368 esse
533 327 638 366 dicis
679 326 861 365 animum
895 339 986 364 cum
1020 325 1305 378 intellegentia
1337 339 1413 378 per
1444 339 1555 365 mare
1586 327 1888 379 pertinentem,
1927 328 2038 368 idem

264 392 315 430 de
348 392 510 430 Cerere.
572 390 695 428 Istam
733 394 870 427 autem
907 388 1234 440 intellegentiam
1268 394 1340 427 aut
1371 389 1496 427 maris
1528 394 1597 428 aut
1628 395 1763 428 terrae
1795 403 1880 429 non
1913 390 2037 430 modo

265 451 622 506 comprehendere
654 451 814 496 animo,
848 447 918 489 sed
951 463 1003 489 ne
1036 450 1267 502 suspitione
1294 450 1463 503 quidem
1497 464 1666 502 possum
1700 451 1917 504 attingere.
1963 453 2042 492 lta-

235 521 346 568 5que
379 513 549 554 aliunde
582 512 681 551 mihi
715 512 1002 565 quaerendum
1027 518 1089 551 est
1115 518 1157 551 ut
1182 518 1222 552 et
1244 526 1335 552 esse
1358 513 1460 552 deos
1482 520 1521 552 et
1544 514 1691 567 quales
1713 514 1798 554 sint
1818 515 1860 553 di
1883 514 2042 554 discere

263 578 448 630 possim3
481 575 615 628 qualis
648 580 690 613 tu
723 588 795 613 eos
827 588 918 614 esse
951 575 1010 613 vis
1044 574 1119 613 ³³⁴.

376 638 443 678 65.
486 638 712 676 Videamus
759 650 825 683 ea,
873 650 982 690 quae
1023 642 1244 676 secuntur:
1293 638 1471 690 primum
1515 638 1744 678 deorumne
1784 640 2045 693 providentia

265 703 444 742 mundus
478 707 662 751 regatur,
697 698 849 738 deinde
873 699 1146 739 consulantne
1178 701 1218 739 di
1251 701 1376 740 rebus
1409 702 1613 741 humanis.
1657 702 1769 741 Haec
1800 704 1909 742 enim
1943 702 2044 742 mihi

265 777 318 803 ex
355 769 424 802 tua
461 762 683 815 partitione
724 767 881 801 restant
913 762 1017 809 duo,
1062 763 1112 802 de
1147 763 1324 816 quibus,
1371 763 1403 801 si
1439 764 1554 803 vobis
1586 764 1771 811 videtur,
1811 766 2044 805 accuratius

218 825 554 865 iodisserendum
599 829 713 876 puto.
771 825 872 863 Mihi
916 838 1033 872 vero,
1076 826 1214 878 inquit
1244 826 1454 873 Velleius,
1495 826 1616 866 valde
1648 827 1836 874 videtur;
1877 841 1972 866 nam
2006 832 2047 866 et

266 889 422 927 maiora
454 893 655 939 exspecto
687 893 727 926 et
757 887 826 934 iis,
861 901 968 940 quae
991 888 1100 927 dicta
1124 894 1238 933 sunt,
1272 888 1544 927 vehementer
1565 888 1793 928 adsentior.
1825 891 1928 928 Tum
1952 889 2046 928 Bal-

265 951 362 997 bus,
408 950 680 1002 Interpellare
713 955 774 996 te,
818 950 980 1003 inquit,
1024 951 1160 996 Cotta,
1202 951 1323 996 nolo,
1356 950 1427 990 sed
1462 964 1675 990 sumemus
1707 956 1871 1004 tempus
1903 951 2044 999 aliud;

266 1012 441 1052 efficiam
475 1012 660 1065 profecto
692 1018 738 1051 ut
768 1011 937 1051 fateare.
990 1012 1071 1052 Sed
1105 1011 1200 1033 ³³³

434 1076 776 1127 Nequaquam
811 1075 951 1114 istuc
982 1075 1120 1114 istac
1152 1075 1275 1114 ibit:
1308 1087 1492 1128 magna
1522 1074 1664 1114 inest
1695 1077 1932 1117 certatio.

217 1148 252 1175 45
435 1139 553 1176 Nam
587 1143 637 1176 ut
669 1150 765 1190 ego
807 1138 927 1177 illis
961 1137 1332 1190 supplicarem
1366 1142 1510 1177 tanta
1543 1138 2046 1191 blandiloquentia?

379 1201 532 1240 XXVI.
565 1198 632 1239 66.
666 1201 869 1239 Parumne
901 1200 1142 1239 ratiocinari
1175 1200 1341 1239 videtur
1373 1205 1413 1239 et
1445 1200 1639 1253 sibiipsa
1660 1200 1862 1240 nefariam
1885 1207 2048 1255 pestem

267 1263 529 1302 machinari?
567 1262 674 1302 Illud
706 1276 807 1302 vero
841 1275 964 1315 quam
996 1261 1146 1300 callida
1177 1262 1369 1302 ratione!

325 1325 427 1373 Qui
461 1325 574 1364 volt
606 1338 724 1364 esse
758 1324 902 1378 quod
935 1324 1071 1370 volt,
1103 1324 1178 1363 ita
1211 1324 1301 1364 dat
1333 1338 1382 1364 se
1414 1338 1517 1372 res,
1548 1330 1601 1364 ut
1633 1339 1845 1379 operam
1877 1326 2047 1378 dabit,

268 1390 341 1442 qui
373 1393 436 1428 est
466 1401 610 1428 versus
643 1388 829 1427 omnium
864 1387 1092 1427 seminator
1124 1387 1345 1426 malorum.

217 1461 253 1489 20
438 1450 533 1490 Ille
566 1455 808 1490 traversa
840 1455 1014 1489 mente
1046 1450 1107 1488 mi
1138 1449 1301 1489 hodie
1334 1451 1564 1490 tradidit
1594 1452 1878 1505 repagula,

439 1513 637 1562 Quibus
678 1526 770 1566 ego
810 1513 941 1552 iram
984 1525 1184 1551 omnem
1225 1512 1501 1552 recludam
1540 1519 1702 1566 atque
1745 1514 1836 1553 illi
1869 1512 2050 1566 perni-

1229 1575 1358 1614 ciem
1392 1575 1537 1623 dabo,

437 1639 567 1679 Mihi
600 1651 888 1684 maerores,
921 1637 998 1676 illi
1031 1638 1247 1684 luctum,
1280 1638 1508 1677 exitium
1534 1638 1645 1685 illi,
1678 1639 1898 1678 exilium
1921 1637 2048 1677 mihi.

268 1703 385 1743 Hanc
416 1702 614 1742 videlicet
645 1702 867 1748 rationem,
901 1713 1026 1753 quam
1059 1713 1133 1739 vos
1157 1700 1298 1739 divino
1331 1698 1534 1740 beneficio
1569 1699 1725 1740 homini
1750 1701 1887 1740 solum
1917 1700 2049 1739 tribu·

220 1771 351 1805 25tam
385 1764 545 1810 dicitis,
578 1764 737 1803 bestiae
770 1777 853 1802 non
886 1763 1053 1802 habent.
1109 1760 1175 1801 67.
1207 1762 1391 1801 Videsne
1423 1763 1550 1815 igitur
1572 1769 1728 1816 quanto
1752 1776 1924 1802 munere
1948 1763 2048 1801 deo-

268 1841 362 1868 rum
396 1829 524 1868 simus
556 1827 741 1866 adfecti?
787 1828 924 1879 Atque
961 1825 1104 1864 eadem
1137 1825 1285 1864 Medea
1315 1831 1473 1878 patrem
1509 1827 1770 1879 patriamque
1800 1824 1992 1878 fugiens:

1342 1895 1621 1943 postquam
1653 1895 1808 1942 pater

440 1954 858 2006 Adpropinquat
888 1952 1097 2005 iamque
1121 1965 1289 2005 paene
1312 1958 1367 1992 ut
1389 1951 1863 2004 conprehendatur
1884 1955 2050 2003 parat,

438 2016 662 2055 Puerum
708 2016 927 2055 interea
978 2020 1268 2067 optruneat
1319 2014 1668 2067 membraque
1719 2013 2051 2054 articulatim

220 2089 257 2118 30
1232 2077 1456 2123 dividit,

441 2143 638 2195 Perque
671 2155 817 2194 agros
850 2140 1041 2193 passim
1074 2139 1337 2192 dispergit
1370 2153 1580 2192 corpus:
1613 2138 1662 2178 id
1694 2152 1753 2178 ea
1783 2140 1979 2192 gratia,

442 2205 523 2251 Ut,
555 2203 668 2243 dum
699 2204 806 2243 nati
839 2203 1137 2255 dissipatos
1169 2208 1315 2242 artus
1348 2207 1589 2255 captaret
1620 2215 1837 2256 parens,

364 2393 392 2423 t.
421 2392 507 2431 quod
524 2391 675 2431 --quod
698 2390 901 2421 Ernestius:
933 2390 1012 2428 quid
1028 2408 1078 2413 --
1095 2390 1174 2428 quid
1199 2388 1279 2421 ςΜΟ.
1306 2389 1382 2420 vid.
1409 2388 1631 2428 Wesenberg
1655 2389 1852 2421 Emendatt.
1880 2390 1922 2421 M.
1949 2390 1984 2421 T.
2013 2389 2050 2421 C.

278 2441 510 2484 Epistolarum
537 2450 570 2482 p.
597 2440 649 2473 54.
680 2458 715 2463 —
742 2442 773 2471 ¹¹2.
796 2449 859 2479 per
881 2449 975 2471 mare
1000 2443 1045 2480 (re
1071 2441 1102 2471 in
1128 2448 1247 2470 rasura
1274 2441 1438 2479 quattuor
1461 2437 1667 2477 litterarum)
1693 2440 1743 2472 A2
1766 2449 1964 2479 permanere
1989 2439 2053 2472 ΟΕ

280 2511 313 2515 -
340 2497 527 2534 perqentem
553 2494 574 2523 P
604 2509 638 2514 —
674 2491 703 2522 3.
732 2492 769 2521 de
792 2499 901 2521 cerere
926 2499 1016 2521 corr.
1045 2499 1085 2521 ex
1111 2490 1262 2520 decedere
1285 2489 1312 2518 V
1346 2505 1379 2511 -
1416 2489 1446 2520 [ι.
1475 2489 1707 2527 comprendere
1731 2491 1795 2520 ΑΡ
1830 2507 1864 2511 -
1899 2491 1931 2521 5,
1958 2492 2056 2521 estet

276 2547 313 2575 ut
335 2552 401 2575 esse
425 2546 450 2574 A
466 2544 487 2574 B
504 2544 527 2574 C
544 2543 568 2573 E
583 2542 626 2579 V;
657 2545 701 2572 est
725 2545 759 2572 ut
784 2550 848 2571 esse
873 2542 896 2571 P
924 2559 957 2562 —
986 2541 1016 2571 6.
1039 2541 1163 2579 possim
1187 2539 1296 2578 qualis
1321 2541 1344 2569 A
1362 2539 1383 2569 B
1400 2539 1423 2569 C
1440 2540 1462 2569 P
1482 2539 1544 2568 W:
1567 2546 1702 2577 possum
1725 2539 1838 2577 quales
1862 2539 1910 2571 E:
1933 2540 2056 2578 possim

279 2603 378 2634 quam
403 2594 510 2633 qualis
534 2592 624 2623 V‘2O.
664 2593 839 2623 Lacunam
866 2591 980 2622 notavi
1008 2590 1178 2629 Madvigio
1196 2592 1351 2626 auctore,
1379 2589 1437 2628 qui
1456 2587 1616 2628 supplet:
1645 2597 1709 2618 non
1731 2597 1796 2619 esse
1812 2589 1888 2619 scio.
1908 2589 2054 2628 (possim,

279 2646 436 2684 quonium
453 2644 562 2684 qualis
579 2645 614 2673 ta
629 2651 682 2673 eos
697 2651 762 2673 esse
777 2642 826 2672 vis
844 2649 1020 2680 aqrzoscere
1035 2650 1097 2671 non
1114 2649 1245 2679 possum
1264 2639 1513 2677 Heindortius.)
1535 2656 1569 2660 —-
1597 2639 1627 2669 7.
1647 2639 1823 2670 deorumne
1842 2641 2056 2678 providentia

281 2697 381 2734 (corr.
409 2703 451 2725 ex
475 2694 611 2724 deorum
636 2692 827 2731 prudentia)
853 2691 899 2720 V:
935 2691 1070 2721 deorum
1099 2690 1279 2728 prudentia
1302 2692 1326 2719 A
1344 2689 1367 2718 B
1384 2689 1407 2719 C
1426 2689 1485 2719 ΕΡ
1513 2705 1547 2708 -
1575 2687 1606 2719 8.
1633 2688 1666 2718 di
1692 2688 1738 2719 C:
1774 2690 1812 2720 de
1836 2692 1859 2720 A
1875 2690 1898 2720 Β
1914 2690 1937 2721 Ε
1954 2687 2053 2725 Pv¹;

280 2752 349 2775 om.
378 2743 455 2774 ΨΟ
483 2761 517 2765 -
552 2743 603 2773 Μ.
630 2743 669 2772 iis
694 2741 797 2773 BCV
824 2743 924 2777 (corr.
953 2750 993 2771 ex
1018 2741 1066 2771 his
1090 2739 1147 2778 B):
1183 2739 1210 2768 is
1236 2740 1279 2774 A3
1312 2739 1362 2768 his
1386 2738 1488 2770 EPO
1517 2754 1550 2758 —
1588 2738 1641 2768 42.
1666 2739 1783 2776 inquid
1806 2740 1831 2770 A
1861 2757 1895 2761 —
1924 2739 1975 2770 43.
2001 2739 2056 2770 sed

279 2801 491 2830 nequaquam
517 2794 597 2830 (uno
623 2792 758 2828 tenore)
788 2789 817 2822 ‘21
843 2807 877 2811 —
918 2789 957 2821 44
982 2798 1034 2829 sq.
1064 2789 1161 2820 Cout'.
1188 2788 1344 2819 Ribbeck
1375 2789 1473 2827 Trag.
1503 2788 1575 2818 Lat.
1605 2787 1711 2828 Reliq.
1740 2797 1773 2828 p.
1792 2788 1832 2819 39
1865 2789 1898 2819 et
1922 2786 2056 2819 Vahlen

282 2843 367 2873 Enn.
394 2844 494 2873 Po'es.
520 2841 629 2881 Reltq.
662 2851 694 2882 p.
723 2841 796 2872 429.
834 2857 867 2861 ——
913 2841 995 2870 issac
1025 2839 1083 2869 ibic
1115 2839 1195 2870 EP:
1236 2840 1263 2869 is
1293 2838 1410 2869 lacebit
1442 2839 1490 2869 C.
1537 2839 1602 2868 ista
1632 2839 1689 2868 ibit
1713 2841 1736 2868 A
1755 2838 1820 2869 BV
1870 2839 1970 2878 (post
1991 2839 2057 2868 ista

282 2891 392 2922 littera
419 2900 518 2923 erasa
544 2894 598 2923 est
623 2892 654 2922 in
680 2892 727 2923 B:
754 2890 874 2921 isthaec
898 2898 945 2920 m.
965 2889 1044 2920 ead.
1065 2890 1096 2919 in
1114 2898 1225 2927 marg,
1245 2889 1281 2927 V)
1310 2906 1344 2911 —
1374 2890 1425 2919 ⁴5.
1452 2888 1671 2927 subplicarem
1695 2889 1720 2918 A
1747 2904 1782 2909 —
1812 2887 1864 2918 46.
1890 2888 2056 2918 Parumne

283 2941 360 2972 cod.
382 2940 636 2980 Glogaviensis:
664 2941 790 2971 niobem
810 2949 975 2979 parumne
993 2940 1070 2975 AE;
1097 2941 1130 2969 m·
1148 2941 1257 2970 orbe-m
1278 2947 1442 2977 parumne
1460 2938 1503 2969 V:
1530 2937 1623 2968 niobe
1645 2945 1808 2976 parumne
1826 2937 1870 2973 Β;
1896 2937 1931 2967 In
1949 2937 2056 2967 iouem

285 2992 471 3031 (superscr.
491 2991 628 3029 niobem)
652 2999 816 3029 parumne
833 2991 856 3021 C
873 2999 879 3025 ;
905 2990 951 3020 An
970 2989 1073 3020 iobem
1087 2997 1249 3028 parumne
1267 2990 1307 3019 P:
1340 2989 1454 3019 Medea
1474 2995 1640 3026 parumne
1658 2987 1905 3018 Kindervater:
1931 2985 2053 3027 [Niobe]

279 3050 446 3081 parumne
470 3041 494 3071 O
516 3057 549 3062 —
580 3041 630 3071 48.
656 3050 722 3072 esse
747 3048 815 3071 om.
838 3040 970 3071 ABCE
993 3057 1023 3061 —
1052 3040 1100 3070 ita
1123 3040 1203 3070 dant
1226 3048 1257 3069 se
1280 3047 1332 3069 res
1355 3040 1394 3071 ei.
1413 3041 1448 3067 ut
1474 3037 1628 3068 Ribbeck
1653 3046 1685 3077 p.
1702 3038 1758 3067 ‘224
1777 3046 1783 3069 :
1809 3037 1858 3067 ita
1881 3036 1970 3066 dabit
1991 3043 2056 3067 sese

284 3100 354 3129 res,
379 3093 416 3120 uc
446 3089 599 3122 Halmius
633 3091 720 3129 (om.
748 3093 841 3129 esse).
871 3107 906 3112 —
940 3090 993 3121 20.
1020 3093 1211 3120 transversa
1234 3089 1259 3119 Ο
1286 3104 1320 3109 -
1347 3088 1392 3118 nn'
1418 3089 1601 3118 Osannus:
1626 3086 1705 3116 mihi
1730 3084 1796 3118 Qto
1833 3103 1866 3107 —
1898 3085 1951 3116 Ἣ.
1975 3093 2055 3124 per-

285 3142 398 3173 niuem
427 3143 474 3180 A,
508 3141 698 3180 permieiem
727 3149 818 3172 corr.
846 3141 878 3171 in
905 3140 1085 3179 perniciem
1112 3139 1151 3177 V,
1184 3138 1369 3177 permiliem
1400 3136 1558 3168 Ribbeck
1582 3145 1615 3176 p.
1634 3136 1694 3173 IX,
1728 3135 1805 3167 coll.
1830 3134 1896 3166 Ad.
1923 3134 2052 3165 Kochio

288 3192 412 3223 Exere.
439 3191 513 3221 crit.
542 3199 574 3230 p.
594 3192 612 3221 9
631 3199 683 3230 sq.
714 3208 748 3213 —
775 3191 829 3221 23.
855 3190 981 3220 exitum
1006 3190 1070 3220 AC
1086 3189 1162 3220 ΡΨ
1191 3206 1224 3210 -
1251 3189 1303 3218 ⁶26.
1329 3187 1443 3218 medea
1466 3195 1557 3217 corr.
1585 3195 1625 3217 ex
1648 3186 1758 3217 media
1782 3187 1817 3224 Β,
1842 3185 1949 3216 media-
1965 3184 1991 3214 V
2014 3199 2050 3207 —-

288 3241 341 3272 ⁶27.
369 3248 531 3279 posquam
556 3243 579 3270 A
615 3256 649 3262 —-
682 3240 735 3271 ⁶28.
762 3240 1008 3285 conprendatur
1031 3241 1055 3270 A
1093 3256 1125 3260 —
1165 3238 1217 3269 34.
1241 3246 1366 3277 perque
1389 3246 1479 3269 corr.
1506 3245 1546 3268 ex
1564 3245 1715 3277 peraque
1739 3236 1784 3274 V;
1811 3243 1940 3276 parque
1963 3234 1988 3266 E
2014 3250 2048 3259 -υ

291 3290 345 3323 32.
370 3290 553 3331 disputatos
577 3290 613 3323 C.
