2249 3624
551 139 637 178 Lm.
669 139 716 177 V.
759 137 854 177 Cn».
886 136 1237 176 XXlx—XXX.
1276 134 1334 188 §§
1367 133 1557 174 85--90,
1846 124 1927 167 ⁶203

179 266 270 291 cum
295 252 505 291 Socratem
528 251 824 303 expressisset,
856 249 1098 300 adiungeret
1122 248 1474 300 Pythagoreorum
1499 246 1760 298 disciplinam
1784 257 1930 297 eaque,

178 329 285 368 quae
319 316 509 353 Socrates
544 313 808 366 repudiabat,
840 312 1100 351 addisceret?
1133 324 1205 349 cur
1237 311 1324 362 ipse
1356 311 1605 363 Pythagoras
1637 314 1677 347 et
1700 309 1930 359 Aegyptum

178 377 366 417 lustravit
406 382 446 415 et
483 378 696 414 Persarum
730 388 868 426 magos
900 374 1029 413 adiit?
1067 387 1140 412 cur
1173 378 1306 412 tantas
1338 372 1529 422 regiones
1561 371 1828 410 barbarorum
1863 382 1933 421 pea

178 440 297 479 dibus
330 438 453 483 obiit,
500 443 557 476 tot
591 438 717 475 maria
750 436 1002 475 transmisit?
1042 449 1115 473 cur
1146 435 1245 473 baec
1278 434 1422 473 eadem
1454 433 1744 472 Democritus?
1779 431 1849 484 qui
1880 451 1933 458 -—

177 514 271 540 vere
311 500 491 543 falsone,
531 512 604 536 non
648 511 895 550 quaeremus
936 520 988 525 —
1031 498 1180 536 dieitur
1220 510 1263 534 se
1305 497 1436 535 oculis
1470 496 1678 548 privasse,
1717 499 1849 539 certe,
1892 497 1964 531 uts

176 576 298 614 quam
332 561 499 600 minime
523 560 683 598 animus
705 572 726 597 a
751 559 1070 607 cogitationibus
1093 559 1388 605 abduceretur,
1422 558 1713 610 patrimonium
1738 554 1934 605 neglexit,

175 636 294 674 agros
327 621 510 659 deseruit
544 621 743 665 incultos,
777 620 875 672 quid
910 635 1114 672 quaerens
1146 620 1258 659 aliud
1292 621 1369 659 nisi
1405 621 1529 659 vitain
1562 620 1752 658 beatam?
1801 616 1933 663 Quam

175 686 208 724 si
243 684 364 722 ctiam
398 683 437 720 in
471 696 605 720 rerum
639 682 876 733 cognitione
911 683 1111 733 ponebat,
1155 689 1291 721 tamen
1325 697 1373 721 ex
1410 683 1477 721 illa
1511 680 1832 732 investigatione
1866 692 1936 717 na-

176 754 289 786 turae
330 743 530 795 consequi
571 744 735 781 volebat
787 744 896 781 bono
938 750 979 783 ut
1021 751 1127 783 esset
1169 745 1320 783 animo.
1389 745 1429 782 ld
1471 745 1580 783 enini
1622 744 1690 782 ille
1729 754 1934 780 summum

174 809 328 847 bonum
369 806 576 856 §thesaur
617 811 655 844 et
698 819 822 857 saepe
861 808 1090 858 ‹Zfflqufssz'ar
1129 806 1332 858 appellat,
1380 807 1418 845 id
1461 813 1521 845 est
1564 807 1746 845 animum
1780 810 1986 843 terroreto

174 870 362 909 liberum.
422 868 487 906 88.
521 868 601 905 Sed
633 867 735 906 bace
768 869 842 906 etsi
876 868 1106 920 praeclare,
1140 868 1325 906 nondum
1360 874 1495 907 tamen
1538 869 1765 920 perpolita;
1809 880 1937 918 pauca

173 932 304 976 enim,
344 943 481 982 neque
528 943 574 967 ea
616 930 702 981 ipsa
740 929 974 975 enucleate,
1015 929 1065 967 ab
1098 930 1176 968 hoc
1209 930 1260 968 de
1292 931 1439 969 virtute
1472 931 1638 983 quidem
1671 931 1791 969 dicta.
1843 930 1939 968 Post

174 995 282 1034 enim
316 993 417 1032 haec
452 993 489 1030 iu
522 992 598 1030 bac
633 991 732 1030 urbe
767 992 941 1043 primuni
975 1005 997 1030 a
1021 993 1189 1030 Socrate
1220 992 1364 1044 quaeri
1388 999 1556 1044 coepta,
1590 992 1741 1031 deinde
1766 992 1804 1029 in
1830 991 1938 1029 bunc

173 1057 310 1095 locum
351 1054 486 1093 delata
526 1060 642 1100 sunt,
686 1068 761 1093 nec
802 1054 1035 1093 dubitatum
1069 1055 1170 1106 quin
1212 1054 1252 1092 in
1286 1054 1436 1093 virtute
1469 1056 1604 1093 omnis
1639 1060 1679 1092 ut
1712 1054 1839 1099 bene,
1878 1052 1936 1090 sic

173 1119 295 1158 etiam
329 1120 446 1156 beate
482 1117 643 1156 vivendi
677 1131 771 1169 spes
805 1123 1041 1168 poneretur.
1097 1118 1214 1163 Quae
1237 1130 1329 1155 cum
1357 1118 1467 1154 Zeno
1491 1116 1705 1156 didicisset
1727 1130 1749 1155 a
1774 1115 1937 1161 nostris,
1954 1123 1988 1150 15

173 1187 216 1220 ut
248 1181 286 1219 in
321 1180 556 1218 actionibus
591 1180 814 1231 praescribi
847 1179 973 1226 solet,
1008 1192 1056 1217 nic
1091 1191 1232 1217 hanimi
1266 1192 1316 1217 nn
1349 1192 1445 1217 Aiiio
1469 1192 1596 1217 mono.
1649 1179 1737 1217 lloc
1764 1183 1805 1216 tu
1829 1190 1939 1216 nunc

172 1243 214 1282 in
245 1243 316 1282 illo
350 1242 511 1294 probas.
562 1242 727 1280 Scilicet
760 1240 971 1280 vocabulis
1003 1254 1139 1279 rerum
1173 1241 1338 1279 mutatis
1366 1241 1668 1280 inconstantiae
1691 1240 1846 1279 crimen
1869 1239 1938 1277 ille

173 1305 330 1356 effugit,
376 1318 451 1342 nos
484 1305 663 1355 cll'ugere
697 1318 779 1342 non
821 1303 1065 1355 possumus!
1105 1303 1176 1342 llle
1211 1304 1367 1342 Metelli
1400 1304 1525 1342 vitam
1558 1309 1682 1355 negat
1712 1303 1938 1341 beatiorem

175 1380 300 1420 quani
333 1366 499 1418 Reguli,
532 1366 870 1418 praeponendam
904 1371 1063 1412 tamen,
1106 1380 1180 1405 nec
1214 1367 1342 1417 magis
1376 1366 1672 1419 expetendam,
1706 1366 1777 1404 sed
1810 1365 1939 1416 inagis

175 1428 421 1468 sumendam
446 1434 503 1475 et,
537 1428 570 1466 si
597 1429 711 1480 optio
736 1433 864 1474 esset,
892 1427 1125 1480 eligendam
1150 1429 1329 1475 Metelli,
1362 1428 1510 1480 Reguli
1542 1427 1818 1467 reiciendum:
1851 1440 1939 1478 ego,
1954 1434 1990 1462 ΞΟ

177 1504 301 1545 quam
344 1491 413 1530 ille
456 1490 792 1544 praeponendam
826 1495 866 1529 et
896 1491 1027 1542 magis
1060 1491 1315 1541 eligendam,
1359 1492 1587 1531 beatiorem
1619 1491 1725 1530 hanc
1758 1489 1939 1542 appello,

172 1567 247 1593 nec
290 1553 374 1592 ullo
419 1553 589 1592 minimo
624 1558 834 1592 momento
867 1553 957 1604 plus
990 1553 1026 1592 ei
1059 1555 1167 1594 vitae
1200 1554 1336 1593 tribuo
1369 1567 1491 1607 quam
1526 1554 1668 1593 Stoici.
1729 1551 1795 1592 89.
1828 1552 1939 1600 Quid

173 1618 365 1661 interest,
398 1617 474 1656 nisi
511 1615 625 1669 quod
659 1630 735 1668 ego
769 1630 832 1655 res
865 1621 983 1655 notas
1014 1616 1123 1655 notis
1156 1617 1291 1656 verbis
1323 1616 1508 1670 appello,
1540 1616 1602 1655 illi
1634 1616 1805 1655 nomina
1833 1628 1940 1654 nova

173 1685 401 1733 quaerunt,
442 1679 595 1732 quibus
628 1678 738 1717 idem
771 1679 944 1717 dicant?
992 1680 1052 1718 lta
1083 1692 1207 1731 quem
1239 1680 1289 1718 ad
1323 1678 1492 1718 modum
1525 1679 1568 1717 in
1600 1684 1743 1718 senatu
1777 1691 1941 1730 semper

172 1748 234 1781 est
265 1743 439 1795 aliquis,
482 1742 552 1794 qui
596 1742 862 1795 interpretem
896 1741 1104 1794 postulet,
1145 1742 1203 1780 sic
1235 1742 1303 1781 isti
1336 1741 1454 1781 nobis
1486 1754 1581 1780 cum
1612 1741 1836 1793 interprete
1868 1755 1939 1780 au-
1953 1746 1990 1774 95

173 1804 315 1844 diendi
355 1810 462 1843 sunt.
522 1805 684 1843 Bonum
727 1805 916 1857 appello,
964 1805 1163 1858 quicquid
1204 1804 1435 1844 secundum
1476 1809 1666 1843 naturam
1705 1809 1785 1850 est,
1826 1804 1939 1857 quod

174 1873 341 1914 contra,
374 1867 548 1912 malum,
582 1880 656 1905 nec
690 1879 767 1917 ego
801 1866 936 1914 solus,
969 1868 1042 1907 sed
1076 1874 1119 1907 tu
1143 1868 1288 1915 etiam,
1322 1867 1572 1920 Chrysippe,
1605 1867 1646 1905 in
1669 1866 1778 1913 foro,
1810 1866 1939 1905 domi:

172 1929 214 1969 in
246 1929 388 1968 schola
420 1930 587 1969 desinis.
643 1929 751 1976 Quid
786 1943 883 1981 ergo
898 1932 914 1968 ’.Ρ
955 1931 1075 1971 aliter
1105 1931 1317 1976 homines,
1357 1930 1477 1969 aliter
1515 1929 1791 1982 philosophos
1823 1929 1938 1981 loqui

175 1998 294 2044 putas
328 1994 554 2043 oportere?
599 1991 755 2039 Quanti
792 1992 981 2045 quidque
1014 1992 1086 2038 sit,
1127 1993 1249 2032 aliter
1279 1992 1390 2031 docti
1432 1998 1471 2032 et
1503 1992 1673 2031 indocti.
1733 1990 1813 2030 Sed
1848 2004 1938 2030 cum

172 2054 407 2093 constiterit
446 2055 552 2094 inter
591 2054 754 2101 doctos,
795 2055 939 2107 quanti
979 2067 1044 2093 res
1088 2068 1281 2108 quaeque
1323 2055 1376 2094 sit
1406 2077 1457 2082 ———
1491 2054 1523 2094 si
1563 2054 1755 2094 homines
1787 2059 1990 2100 essent,30

171 2116 324 2155 usitate
358 2116 633 2169 loquerentur
663 2138 738 2163 —‚
771 2116 868 2155 dum
901 2130 965 2155 res
1000 2123 1217 2165 maneant,
1250 2118 1376 2157 verba
1406 2115 1562 2169 fingant
1591 2116 1788 2155 arbitratu
1824 2129 1912 2155 suo.
1952 2114 1956 2121 '

286 2179 418 2217 XXX.
451 2177 517 2217 90.
551 2177 630 2217 Sed
666 2179 788 2217 venio
821 2179 871 2218 ad
905 2179 1212 2219 inconstantiae
1245 2181 1425 2226 crimen,
1459 2193 1510 2219 ne
1542 2180 1709 2232 saepius
1741 2178 1854 2217 dicas
1879 2191 1942 2216 me

171 2242 386 2281 aberrare:
420 2255 545 2295 quam
578 2247 621 2280 tu
653 2242 776 2294 ponis
809 2242 850 2280 in
884 2238 1045 2287 verbis,
1079 2254 1154 2293 ego
1186 2243 1361 2294 positam
1388 2242 1431 2280 in
1453 2255 1495 2280 re
1518 2241 1729 2294 putabam.
1779 2241 1821 2279 Si
1844 2240 1942 2279 satis

173 2305 249 2343 erit
279 2304 359 2343 hoc
391 2310 653 2356 perceptum,
685 2304 727 2342 in
761 2317 845 2356 quo
879 2303 1092 2342 adiutores
1126 2304 1286 2343 Stoicos
1320 2305 1502 2356 optimos
1532 2303 1754 2350 habemus,
1789 2307 1941 2342 tantam

172 2367 253 2406 vim
287 2380 377 2405 esse
410 2367 594 2412 virtutis,
635 2372 677 2406 ut
709 2367 867 2413 omnia,
910 2366 943 2404 si
977 2379 1029 2405 ex
1060 2366 1189 2405 altera
1220 2371 1335 2419 parte
1368 2371 1594 2418 ponantur,
1634 2379 1683 2404 ne
1715 2370 1992 2418 appareant35

174 2428 366 2481 quidem,
408 2442 501 2468 eum
543 2428 700 2475 omnia,
744 2442 851 2481 quae
892 2429 951 2468 illi
981 2429 1198 2468 commoda
1230 2434 1340 2468 certe
1374 2428 1518 2467 dicunt
1548 2442 1639 2467 esse
1671 2434 1711 2467 et
1741 2426 1944 2467 sumenda

175 2496 217 2530 et
257 2490 451 2543 eligenda
493 2496 533 2530 et
574 2491 813 2543 praeposita
848 2513 894 2518 —
930 2503 1038 2543 quae
1079 2491 1135 2530 ita
1168 2488 1395 2537 definiunt,
1435 2495 1480 2529 ut
1510 2491 1606 2530 satis
1639 2503 1788 2542 magno
1821 2489 1945 2529 aesti-

175 2551 325 2592 manda
357 2553 441 2592 sint
470 2575 545 2600 —‚
588 2552 691 2592 haec
734 2553 859 2606 igitur
889 2566 983 2592 cum
1017 2566 1093 2605 ego
1126 2558 1188 2593 tot
1218 2553 1457 2593 nominibus
1489 2566 1511 2591 a
1543 2553 1691 2592 Stoicis
1722 2551 1944 2605 appellata,

262 2702 293 2731 5.
319 2710 385 2731 non
410 2700 587 2731 Davisius:
615 2709 685 2731 om.
713 2700 816 2731 codd.
845 2702 879 2731 et
903 2701 928 2731 O
947 2718 981 2722 —
1011 2710 1205 2740 quaeremus
1229 2702 1270 2731 G:
1300 2710 1532 2740 quaereremus
1555 2702 1599 2736 B;
1627 2703 1649 2740 ἢ
1673 2710 1904 2740 quaereremus
1920 2702 1945 2732 O

177 2768 213 2774 —
241 2760 272 2781 se
296 2751 397 2781 oculis
421 2751 464 2780 B:
492 2750 592 2779 oculis
616 2759 648 2780 se
673 2751 697 2780 O
726 2767 759 2771 —
787 2751 817 2780 7.
846 2751 947 2781 vitam
973 2750 1099 2781 beatam
1126 2752 1168 2781 B:
1196 2751 1325 2782 beatam
1349 2752 1450 2781 vitam
1476 2752 1500 2781 s)
1524 2768 1557 2772 —
1586 2751 1616 2782 9.
1642 2752 1689 2790 Id]
1717 2751 1785 2782 ideo
1808 2751 1885 2786 Bo,
1913 2751 1945 2781 in

175 2809 243 2840 qua
275 2800 447 2840 scriptura
473 2799 559 2830 liaec
585 2800 770 2838 significari
798 2800 937 2830 videtur
962 2799 1152 2838 Madvigio:
1191 2801 1228 2830 id
1253 2804 1310 2831 es!
1335 2801 1419 2831 enirn
1444 2800 1511 2830 illi
1534 2809 1696 2831 summum
1720 2800 1857 2835 b0nmn3
1884 2796 1947 2832 εἰ·-

175 2849 318 2890 ’θυμίαν
344 2850 410 2879 cet.
440 2867 472 2872 —
507 2850 557 2879 ll.
586 2852 691 2879 lamen
718 2850 741 2879 B
759 2852 802 2879 (iz
837 2853 946 2880 tannen
971 2854 999 2880 et
1025 2849 1130 2880 codd.
1158 2849 1231 2880 dett
1257 2859 1262 2882 ;
1289 2853 1395 2880 tamen
1471 2854 1498 2880 e!
1523 2850 1547 2880 O
1576 2868 1607 2872 —
1643 2851 1694 2880 11⁵3.
1721 2849 1762 2880 ab
1785 2850 1843 2880 hoc
1866 2859 1946 2880 enu—

176 2900 276 2930 cleate
300 2899 362 2930 BE
389 2897 508 2936 (salsus
535 2900 585 2929 est
607 2898 811 2937 Madvigius)
832 2916 865 2919 —
895 2898 1035 2939 quidem]
1063 2907 1161 2936 quam
1188 2899 1210 2929 Β
1230 2915 1259 2922 -
1296 2898 1347 2929 ti.
1374 2899 1435 2928 sint
1461 2899 1483 2929 B
1512 2916 1546 2921 —
1575 2908 1633 2929 nec
1655 2900 1830 2930 dubiumD
1855 2917 1885 2921 —
1914 2900 1947 2929 in

177 2958 247 2980 om.
274 2949 297 2979 B
326 2966 360 2970 —
397 2948 447 2978 1113.
475 2949 513 2978 de
536 2949 646 2979 eadem
671 2958 706 2978 re
731 2949 773 2978 B:
810 2949 831 2987 »ζμ
849 2949 886 2978 de
910 2957 946 2979 re
970 2949 1083 2979 eadem
1107 2949 1132 2978 O
1166 2965 1199 2969 —-
1236 2948 1301 2978 alio
1324 2949 1418 2978 modo
1444 2949 1632 2980 Manutius:
1666 2950 1740 2989 fecit
1764 2950 1829 2980 alto
1853 2950 1946 2979 modo

179 2998 281 3030 codd.
309 3001 341 3029 et
368 2999 409 3035 Ο;
447 2997 543 3037 [fecis]
568 2998 633 3028 alio
656 2999 752 3028 'modo
776 2999 818 3029 M.
855 2998 904 3029 (If.
934 2999 1018 3038 Epp.
1046 2997 1089 3028 ad
1116 2998 1208 3028 Fani.
1236 2998 1327 3035 xiil,
1354 2999 1405 3030 27.
1434 2999 1462 3028 l.
1492 3015 1525 3020 -—
1561 2999 1612 3029 Π.
1640 2999 1778 3038 Scilicet]
1807 2999 1832 3029 si
1858 2999 1881 3029 Ε
1909 3016 1941 3020 -—

177 3047 230 3078 ⁶20.
256 3048 337 3087 Ego]
363 3048 402 3077 El
429 3048 450 3078 B
480 3065 513 3069 .-
548 3048 596 3077 ⁶22.
626 3047 770 3087 minimo]
797 3049 928 3078 omnino
953 3049 976 3078 B
1007 3066 1038 3069 —
1074 3048 1126 3079 Ἡ.
1154 3049 1238 3078 idem
1262 3047 1384 3087 ‹lic-ant]
1412 3047 1467 3078 illa
1491 3048 1659 3086 appellant
1683 3049 1725 3083 133
1753 3049 1808 3078 illa
1834 3048 1947 3087 appel—

179 3097 242 3127 lent
267 3098 290 3127 (j
320 3115 354 3119 —-
383 3097 432 3127 25.
459 3106 532 3127 cnm
556 3097 764 3136 inlerprelem
790 3098 811 3127 Β
829 3098 852 3128 E
881 3116 912 3119 -
942 3098 993 3128 ⁶26.
1022 3098 1121 3138 quod]
1149 3106 1248 3136 quam
1273 3098 1295 3127 B
1319 3114 1353 3118 —-
1380 3097 1433 3128 ⁶29.
1461 3100 1634 3136 oporlere?
1661 3099 1782 3137 Quanti
1807 3099 1947 3137 quidque

179 3147 236 3183 sic,
270 3146 366 3176 aliter
391 3147 473 3175 flocti
497 3150 525 3176 et
556 3147 675 3177 indocti
700 3148 722 3177 B
749 3150 781 3178 et
809 3148 1017 3179 Lambinus:
1054 3151 1222 3186 oportere,
1252 3145 1379 3185 [quanti
1402 3147 1543 3185 quidque
1566 3147 1642 3187 siff]
1669 3148 1765 3178 aliler
1788 3148 1895 3178 doctos
1918 3152 1946 3177 e!

180 3195 349 3226 indoctos?
374 3196 398 3226 O
418 3212 453 3217 —
482 3196 533 3226 30.
561 3196 670 3236 essent]
696 3198 723 3225 si
749 3197 791 3233 153
818 3206 850 3228 se
873 3198 897 3228 E
919 3215 952 3220 —-
981 3197 1032 3229 31.
1060 3200 1192 3228 maneat
1216 3197 1239 3228 B
1261 3213 1294 3217 —
1323 3196 1376 3227 32.
1402 3196 1451 3239 ne]
1476 3198 1510 3228 uc
1534 3198 1576 3234 B;
1602 3201 1636 3229 ut
1661 3198 1704 3235 E;
1732 3202 1766 3228 ut
1790 3206 1828 3228 ne
1852 3200 1942 3227 (joe-

181 3245 320 3276 rcnzius
348 3263 380 3268 —
408 3244 460 3276 36.
487 3245 626 3286 quidem]
652 3246 730 3284 quid
754 3246 790 3276 B.
