2249 3624
672 167 762 207 Lm.
784 168 834 207 11.
873 168 968 208 cst.
992 169 1260 209 §ux—xx.
1297 167 1356 222 §§
1380 168 1574 209 (κῇ-ῆι.
1922 168 2003 210 703

244 274 517 316 consuluntur
546 278 617 313 aut
648 272 893 321 defendunt,
925 281 1160 327 rogantem:
1193 277 1304 329 quod
1328 277 1399 329 qui
1424 275 1581 316 faciunt
1605 276 1826 329 plurimum
1849 279 2004 329 gratiae

245 341 558 389 consequuntur
597 335 888 389 latissimeque
927 351 1070 377 eorum
1111 345 1251 379 manat
1290 339 1507 379 industria.
1567 338 1633 378 63.
1670 341 1753 379 lam
1786 340 1888 379 illud
1923 355 2003 380 non

244 404 341 438 sunt
368 398 621 438 admonendi
645 422 698 427 —
721 404 785 438 est
815 400 925 438 enim
959 400 1001 439 in
1034 407 1229 453 promptu
1251 424 1325 447 —,
1358 407 1401 440 ut
1432 402 1616 441 animum
1650 402 1878 450 advertant,
1911 417 2005 442 cum

242 460 383 500 iuvare
423 459 529 500 alios
571 460 722 507 velint,
764 474 816 500 ne
858 476 963 514 quos
1005 462 1230 502 offendant.
1302 464 1434 516 Saepe
1466 464 1576 503 enim
1609 471 1676 504 aut
1708 478 1779 505 eos
1811 466 2005 513 laedunt,

243 535 349 576 quos
387 535 471 561 non
513 523 689 569 debent,
728 529 799 563 aut
837 537 933 571 eos,
974 539 1080 577 quos
1113 539 1195 565 non
1229 526 1418 579 expedit:
1465 527 1496 565 si
1531 527 1824 580 inprudentes,
1865 528 2037 581 negle-t5

242 585 401 638 gentiae
442 590 527 631 est,
568 585 601 623 si
640 585 840 632 scientes,
887 587 1149 626 temeritatis.
1225 589 1430 628 Utendum
1471 590 1593 628 etiam
1635 596 1697 631 est
1737 593 2006 631 excusatione

241 648 439 688 adversus
471 660 556 693 eos,
589 660 696 700 quos
728 648 887 688 invitus
919 649 1120 696 offendas,
1153 664 1413 705 quacumque
1446 653 1603 704 possis,
1639 666 1721 705 qua
1745 667 1787 693 re
1809 653 1870 700 id,
1894 653 2005 706 quod

240 709 412 755 feceris,
452 722 623 749 necesse
661 710 789 749 fuerit
831 724 906 749 neo
947 711 1068 750 aliter
1107 711 1243 751 facere
1275 714 1488 766 potueris,
1531 715 1764 769 ceterisque
1796 718 1935 769 operis
1968 722 2009 756 et

241 772 390 812 officiis
423 772 501 811 erit
531 771 596 819 id,
628 772 741 825 quod
774 772 975 812 violatum
1008 774 1236 821 videbitur,
1269 777 1641 828 compensandum.

353 834 445 873 XX.
487 832 553 873 69,
596 834 678 874 Sed
718 848 811 873 cum
852 836 892 874 iu
933 835 1172 875 hominibus
1211 838 1405 877 iuvandis
1446 845 1517 878 aut
1559 853 1694 879 mores
1727 840 1905 892 spectari
1937 846 2058 882 autio

239 896 405 937 fortuna
437 896 590 944 soleat,
624 896 737 936 dictu
769 897 940 950 quidem
972 904 1033 938 est
1065 899 1248 950 proclive
1280 900 1421 953 itaque
1454 900 1574 953 volgo
1607 902 1858 955 loquuntur,
1891 917 1935 944 se
1968 905 2008 944 in

239 960 455 1000 beneficiis
497 959 752 999 collocandis
796 973 933 999 mores
975 960 1217 1007 hominum,
1258 975 1342 1001 non
1382 962 1590 1003 fortunam
1624 966 1760 1017 sequi.
1821 967 2010 1006 Honesta

241 1022 372 1062 oratio
405 1027 482 1061 est.
545 1021 627 1060 Sed
667 1022 762 1075 quis
804 1027 867 1061 est
907 1022 1075 1062 tandem
1115 1023 1185 1075 qui
1217 1023 1355 1077 inopis
1388 1030 1428 1064 et
1459 1026 1604 1077 optimi
1636 1027 1713 1065 viri
1745 1040 1893 1068 causae
1924 1042 2009 1068 non

241 1089 464 1138 anteponat
501 1084 544 1123 in
585 1097 712 1137 opera
751 1082 888 1124 danda
925 1086 1097 1137 gratiam
1135 1085 1336 1125 fortunati
1370 1092 1411 1126 et
1442 1089 1657 1141 potentis?
1717 1091 1750 1128 A
1783 1104 1865 1143 quo
1898 1092 2008 1131 enim

241 1147 481 1201 expeditior
511 1151 551 1186 et
583 1146 760 1186 celerior
790 1148 1070 1187 remuneratio
1102 1147 1191 1187 fore
1223 1148 1409 1196 videtur,
1441 1150 1482 1189 in
1506 1164 1599 1190 eum
1622 1151 1708 1191 fere
1730 1159 1793 1192 est
1814 1154 2059 1194 voluntasi5

240 1216 383 1250 nostra
414 1210 676 1262 propensior.
737 1209 818 1249 Sed
850 1209 1268 1250 animadvertendum
1307 1217 1370 1251 est
1408 1212 1676 1265 diligentius,
1717 1228 1823 1269 quae
1863 1222 2011 1257 natura

239 1286 379 1312 rerum
412 1273 476 1312 sit.
536 1271 740 1311 Nimirum
771 1272 885 1312 enim
916 1273 1036 1326 inops
1067 1272 1160 1320 ille,
1192 1273 1226 1312 si
1257 1273 1394 1314 bonus
1425 1280 1488 1314 est
1519 1275 1602 1322 vir,
1634 1277 1757 1316 etiam
1789 1278 1822 1318 si
1855 1279 2011 1320 referre

242 1336 414 1388 gratiam
447 1347 532 1374 non
564 1339 725 1386 potest,
758 1335 912 1374 habere
944 1340 1057 1374 certe
1088 1341 1239 1388 potest.
1301 1336 1529 1377 Commode
1561 1343 1722 1386 autem,
1755 1341 2010 1395 quicumque

241 1398 366 1444 dixit,
397 1397 618 1451 pecuniam
653 1397 725 1450 qui
757 1397 929 1444 habeat,
961 1411 1045 1437 non
1078 1398 1331 1444 reddidisse,
1365 1400 1436 1452 qui
1469 1399 1715 1447 reddiderit,
1739 1416 1821 1441 non
1843 1403 2010 1452 habere,

242 1461 412 1514 gratiam
444 1465 582 1499 autem
614 1464 654 1498 et
685 1460 757 1512 qui
788 1460 996 1500 rettulerit
1026 1459 1183 1501 habere
1214 1466 1255 1500 et
1287 1462 1356 1514 qui
1388 1461 1539 1502 habeat
1570 1462 1791 1503 rettulisse.
1839 1467 1907 1513 At,
1939 1468 2010 1520 qui
2025 1476 2062 1506 20

242 1536 286 1563 se
317 1523 569 1576 locupletes,
601 1521 851 1569 honoratos,
883 1522 1026 1562 beatos
1059 1528 1221 1575 putant,
1253 1523 1282 1562 ii
1316 1537 1367 1563 ne
1400 1524 1575 1577 obligari
1607 1525 1778 1578 quidem
1810 1526 2011 1568 beneficio

242 1585 411 1632 volunt3
445 1585 545 1637 quin
578 1585 702 1624 etiam
734 1585 986 1624 beneficium
1019 1598 1063 1625 se
1096 1585 1263 1625 dedisse
1295 1586 1568 1634 arbitrantur,
1603 1602 1694 1627 cum
1718 1589 1796 1641 ipsi
1821 1591 2012 1643 quamvis

243 1661 437 1700 magnum
469 1647 648 1700 aliquod
679 1648 939 1700 acceperint,
979 1652 1106 1700 atque
1138 1648 1261 1687 ctiam
1295 1661 1317 1687 a
1349 1662 1393 1688 se
1425 1654 1498 1688 aut
1528 1651 1729 1701 postulari
1762 1658 1833 1692 aut
1864 1666 2013 1706 exspe-

244 1710 345 1749 ctari
376 1709 539 1762 aliquid
572 1710 856 1762 suspicantur,
896 1711 1127 1763 patrocinio
1162 1724 1260 1749 vero
1302 1724 1346 1750 se
1376 1725 1474 1750 usos
1506 1718 1576 1751 aut
1606 1713 1779 1753 clientes
1810 1716 2012 1768 appellari

245 1772 388 1811 mortis
419 1772 550 1811 instar
582 1777 742 1824 putant.
804 1771 869 1813 70.
901 1775 954 1812 At
976 1786 1072 1812 vero
1100 1773 1170 1812 ille
1203 1774 1354 1820 tenuis,
1387 1787 1494 1820 cum,
1527 1775 1730 1827 quicquid
1763 1776 1915 1816 factum
1948 1778 2062 1825 sit,25

245 1848 289 1874 se
321 1840 575 1887 spectatum,
607 1847 691 1873 non
723 1833 930 1873 fortunam
964 1840 1098 1886 putat,
1131 1849 1214 1874 non
1247 1837 1370 1875 modo
1404 1835 1486 1882 illi,
1519 1837 1590 1889 qui
1622 1844 1684 1877 est
1714 1839 1906 1886 meritus,
1938 1840 2012 1880 sed

247 1898 371 1937 etiam
403 1897 501 1944 illis,
532 1910 556 1936 a
588 1897 739 1950 quibus
772 1902 987 1950 exspectat
1008 1919 1061 1925 —
1084 1903 1177 1949 eget
1208 1898 1317 1937 enim
1343 1898 1486 1937 multis
1508 1920 1579 1945 —,
1611 1906 1772 1951 gratum
1804 1916 1847 1942 se
1879 1903 2013 1942 videri

247 1960 404 2006 studet,
437 1972 576 2012 neque
607 1973 706 1998 vero
740 1959 877 1998 verbis
908 1964 1033 2012 auget
1064 1973 1184 1999 suum
1217 1974 1387 2007 munus,
1420 1962 1453 2000 si
1478 1975 1558 2013 quo
1581 1961 1687 2001 forte
1709 1962 1915 2017 fungitur,
1939 1966 2013 2005 sed

246 2023 371 2062 etiam
403 2027 615 2062 extenuat.
676 2021 999 2074 Videndumque
1042 2022 1145 2061 illud
1185 2028 1268 2070 est,
1308 2022 1444 2076 quod,
1485 2024 1519 2063 si
1550 2024 1794 2076 opulentum
1826 2026 2014 2067 fortuna-

245 2090 419 2137 tumque
451 2082 706 2127 defenderis,
740 2084 782 2123 in
814 2098 897 2123 uuo
929 2084 1002 2122 illo
1035 2090 1125 2131 aut,
1158 2085 1191 2124 si
1223 2085 1350 2132 forte,
1384 2086 1425 2123 in
1457 2085 1599 2125 liberis
1632 2086 1720 2126 eius
1752 2094 1893 2128 manet
1924 2103 2013 2142 gra-
2027 2098 2065 2128 3ο

246 2147 326 2186 tia:
359 2147 423 2187 sin
455 2153 594 2186 autem
626 2147 808 2198 inopem,
842 2146 1017 2199 probum
1052 2152 1190 2186 tamen
1223 2152 1263 2186 et
1293 2147 1539 2194 modestum,
1571 2162 1715 2188 omnes
1736 2163 1820 2188 non
1842 2150 2013 2203 inprobi

246 2208 449 2256 humiles,
483 2221 591 2261 quae
623 2221 773 2261 magna
804 2210 843 2248 in
877 2208 1034 2261 populo
1067 2209 1290 2248 multitudo
1323 2215 1397 2257 est,
1428 2209 1681 2263 praesidium
1714 2211 1794 2250 sibi
1826 2218 2014 2265 paratum

246 2271 402 2312 vident.
475 2268 540 2310 71.
583 2270 718 2319 Quam
751 2271 803 2310 ob
835 2284 922 2310 rem
965 2271 1113 2310 melius
1156 2271 1267 2324 apud
1307 2271 1438 2311 bonos
1477 2285 1601 2325 quam
1639 2273 1748 2325 apud
1780 2273 2014 2316 fortunatos

246 2330 492 2372 heneficium
539 2333 735 2372 collocari
781 2339 895 2387 puto.
968 2333 1114 2373 Danda
1155 2334 1324 2373 omnino
1365 2346 1493 2386 opera
1531 2339 1594 2373 est
1634 2340 1679 2373 ut
1717 2337 1831 2376 omni
1871 2338 2013 2390 generi

249 2396 348 2435 satis
378 2394 514 2435 facere
544 2396 768 2449 possimus,
801 2395 888 2443 sed,
920 2396 953 2435 si
986 2409 1050 2435 res
1083 2395 1125 2434 in
1157 2395 1473 2435 contentionem
1505 2396 1656 2443 veniet,
1688 2397 1884 2438 nimirum
1907 2400 2067 2441 The-35

249 2456 456 2496 mistocles
488 2463 551 2498 est
581 2464 726 2498 auctor
756 2458 1035 2505 adhibendus,
1067 2458 1139 2511 qui
1170 2472 1262 2498 cum
1288 2458 1592 2506 consuleretur,
1624 2464 1761 2499 utrum
1793 2461 1903 2502 bono
1926 2464 2014 2504 viro

248 2519 423 2572 pauperi
461 2532 512 2559 an
551 2520 687 2560 minus
728 2521 900 2574 probato
939 2520 1056 2560 diviti
1095 2520 1224 2560 filiam
1263 2520 1509 2567 collocaret,
1553 2521 1671 2573 «Ego
1705 2535 1834 2561 vero»
1878 2523 2016 2578 inquit

336 2649 366 2680 4.
390 2649 554 2689 plurimas
576 2652 708 2690 qratias
733 2659 780 2691 cp
807 2668 844 2674 -
877 2652 907 2682 2.
935 2655 1152 2683 consecuntur
1175 2660 1195 2690 p
1223 2668 1256 2673 -
1283 2651 1368 2681 Illud
1390 2650 1459 2681 iam
1483 2651 1510 2681 ΙΙ
1537 2668 1571 2672 -
1606 2650 1637 2683 3.
1664 2651 1813 2683 animum
1837 2654 2017 2686 aduertam

248 2705 313 2738 cp:
341 2701 611 2732 animaduerterit
635 2703 756 2734 BHab
783 2719 816 2723 —
845 2701 876 2734 4.
896 2710 934 2733 ne
958 2711 1028 2733 oni.
1048 2711 1068 2741 p
1097 2718 1131 2724 —
1159 2710 1257 2741 saepe
1272 2702 1357 2732 enim
1373 2711 1499 2731 --ηοη
1516 2700 1650 2732 debeant
1666 2719 1714 2724 --
1730 2704 1860 2742 expedit
1883 2705 2015 2737 Nonius

250 2757 284 2789 p.
302 2749 376 2781 296.
406 2768 441 2772 —
476 2751 507 2781 5.
534 2760 587 2782 eos
611 2752 683 2790 quis
705 2761 770 2782 non
794 2752 816 2782 b
851 2768 885 2772 —
922 2752 953 2782 7.
977 2753 1081 2791 possis
1106 2752 1177 2791 Cp:
1208 2752 1310 2791 possit
1335 2759 1352 2782 ο
1382 2768 1414 2772 ——
1443 2751 1474 2781 9.
1502 2750 1534 2780 id
1559 2759 1627 2781 om.
1647 2751 1666 2782 b
1698 2769 1728 2773 -
1756 2753 1920 2784 uidebitur
1944 2763 2010 2794 cp:

249 2801 294 2828 est
317 2807 387 2835 a0;
414 2808 484 2831 om.
504 2800 596 2832 BHb
625 2819 659 2823 -
695 2802 746 2832 io.
774 2802 807 2831 in
831 2801 978 2832 omnibus
1002 2801 1158 2832 iuuandis
1181 2801 1201 2831 b
1230 2818 1264 2822 —
1298 2801 1349 2830 Μ.
1375 2800 1528 2830 locuntur
1551 2808 1571 2838 p
1599 2817 1632 2822 —
1662 2801 1713 2831 2¹2.
1739 2801 1879 2833 hominis
1902 2811 1949 2843 cp
1978 2822 2012 2826 —

250 2848 302 2880 43.
327 2852 357 2880 et
381 2858 451 2881 om.
471 2857 519 2889 cp
548 2866 581 2872 —
617 2850 668 2882 44.
694 2851 809 2891 gralia
832 2859 853 2890 p
881 2868 916 2873 —
950 2851 1001 2881 1¹7.
1030 2851 1187 2881 nimirum
1211 2850 1297 2881 enim
1320 2850 1413 2889 inops
1436 2850 1499 2887 ille,
1527 2851 1582 2880 elsi
1607 2849 1707 2881 bonus
1731 2856 1774 2882 est
1798 2852 1852 2882 vir
1867 2870 1915 2875 --
1931 2857 2017 2885 certe

246 2901 349 2936 potest
373 2899 504 2930 Nonius
529 2908 561 2939 p.
577 2899 630 2931 31.
653 2917 687 2922 -
715 2899 800 2932 bom}
818 2899 834 2931 ἒ
854 2901 874 2932 b
903 2917 938 2922 ——
967 2901 1017 2932 ⁴8.
1037 2901 1203 2931 commode
1226 2904 1335 2931 aulem
1359 2900 1556 2940 quicumque
1580 2900 1664 2930 dixit
1684 2901 1862 2940 pecuniam
1885 2904 2016 2934 Nonius

250 2954 284 2986 p.
301 2947 374 2978 ⁶280.
405 2965 440 2970 —
472 2952 582 2980 autem
606 2958 674 2981 om.
694 2958 715 2988 p
751 2969 784 2974 —
819 2951 871 2981 ΞΟ.
896 2950 1044 2991 qratiam
1060 2968 1109 2973 --
1127 2950 1245 2981 habere
1269 2957 1337 2981 om.
1358 2950 1480 2980 Bliab
1509 2966 1542 2972 -
1571 2950 1719 2982 retulerit
1735 2969 1783 2974 --
1799 2952 1947 2984 retulisse
1970 2961 2016 2984 co

254 3012 289 3017 -
321 2997 373 3028 24.
399 2997 432 3028 hi
457 2998 531 3034 Ha,
562 2999 609 3037 hij
631 3007 669 3038 c,
703 3008 773 3030 om.
792 3007 812 3038 p
853 3017 887 3021 —
926 3000 977 3031 23.
1005 2999 1115 3040 etiam]
1140 3008 1219 3039 eque
1243 3007 1263 3037 p
1302 3015 1336 3021 -
1376 3002 1433 3029 aut
1464 3001 1544 3030 ante
1572 3000 1737 3038 postulari
1767 3010 1838 3034 om.
1866 3011 1951 3043 opo
1980 3022 2015 3026 —

252 3043 304 3076 24.
330 3054 411 3076 uero
434 3050 488 3077 tuo
510 3055 542 3078 se
565 3055 614 3086 cp
641 3065 675 3069 —
711 3049 764 3079 25.
789 3049 943 3087 factumst
968 3047 1135 3080 Halmius.
1165 3065 1199 3070 —
1236 3048 1288 3079 26.
1306 3051 1427 3087 putant
1451 3056 1473 3079 a
1501 3065 1533 3069 —
1562 3049 1613 3078 Ξῖ.
1639 3058 1671 3080 se
1693 3053 1829 3090 gratum
1853 3060 1871 3082 c
1903 3070 1935 3074 —
1961 3052 2015 3084 28.

252 3093 402 3134 iungitur
425 3095 452 3126 Η
478 3113 520 3118 -
544 3096 596 3127 ⁶29.
624 3100 667 3128 esc
693 3097 771 3128 illud
795 3098 819 3128 B
847 3114 881 3120 —
911 3098 962 3129 30.
990 3099 1022 3129 in
1046 3100 1102 3129 illo
1125 3107 1190 3129 uno
1212 3106 1233 3137 p
1262 3115 1293 3120 —
1322 3099 1349 3129 si
1374 3106 1439 3136 cp:
1469 3106 1539 3128 om.
1559 3098 1699 3135 Bllab3
1736 3100 1824 3131 «scd
1850 3100 1915 3132 hac
1939 3110 2019 3142 par-

254 3142 357 3174 ticula
381 3145 455 3175 sine
479 3144 586 3176 dubio
611 3154 700 3186 opus
725 3148 789 3183 est,
816 3154 897 3177 cum
922 3146 1020 3178 aliter
1042 3148 1127 3187 forte
1152 3145 1291 3185 intelligi
1316 3149 1481 3186 nequeat.
1524 3147 1610 3179 L'sus
1635 3147 1800 3189 loquendi
1824 3151 1908 3181 satis
1932 3159 2017 3181 con—

255 3194 334 3231 stat,
359 3203 392 3225 v.
413 3195 482 3226 Cic.
510 3195 553 3226 de
579 3198 664 3226 orat.
691 3196 898 3233 111,212‚47;
931 3196 974 3227 ad
1000 3198 1038 3235 Q.
1058 3197 1097 3228 tr.
1126 3198 1149 3235 1,
1170 3197 1200 3233 2,
1221 3197 1256 3233 7;
1291 3197 1332 3227 ad
1360 3199 1426 3228 ΑΗ.
1452 3197 1538 3235 XIV,
1559 3197 1609 3235 43,
1630 3199 1670 3235 2;
1706 3208 1767 3239 pro
1792 3198 1908 3230 Milon.
1935 3198 2014 3236 4043

256 3242 393 3274 Lucret.
415 3244 552 3283 V,719;
581 3245 623 3276 cf.
643 3247 804 3277 Garaton.
824 3246 868 3277 ad
894 3247 963 3278 Cic.
991 3256 1024 3287 p.
1045 3246 1110 3278 Mil.
1138 3256 1172 3287 p.
1191 3246 1253 3277 329
1278 3246 1321 3276 ed
1347 3247 1425 3276 Or.»
1460 3247 1563 3278 Luem.
1605 3248 1654 3278 Cf.
1682 3248 1818 3287 Madvig
1843 3247 2014 3279 Emendd.

256 3291 329 3323 Liv.
354 3301 388 3333 p.
405 3294 478 3325 423.
508 3312 542 3318 —
581 3295 634 3327 32.
658 3295 804 3336 humiles]
827 3296 971 3328 homines
1001 3304 1051 3336 cp
1088 3313 1122 3319 —
1162 3295 1214 3329 34.
1240 3304 1357 3336 genere
1384 3304 1405 3328 a.
1444 3313 1480 3319 —
1517 3296 1569 3328 37.
1596 3297 1689 3329 diviti
1713 3306 1782 3330 om.
1799 3307 1834 3338 p.
