2249 3624
599 184 687 223 Lm.
709 184 759 223 11.
801 183 1262 223 cmxvii-xvm.
1302 181 1361 235 ὃς
1384 181 1578 222 42-45.
1891 178 1971 221 895

215 295 296 335 vita
326 291 508 334 cruciatu
540 293 666 342 atque
699 289 917 335 dedecore,
949 302 1092 328 verum
1127 290 1249 330 etiam
1282 289 1496 342 sepultura
1528 295 1567 329 et
1600 289 1716 328 iustis
1749 290 1971 342 exsequia-

215 371 303 397 rum
343 357 576 395 caruerunt.
647 349 712 390 43.
757 352 803 400 Q.
846 351 1048 404 Equidem
1082 352 1158 390 ista
1190 365 1394 404 agnosco,
1435 352 1581 399 frater,
1625 358 1664 391 et
1704 353 1866 392 meritas
1908 353 1971 392 dis

215 418 365 471 gratias
395 428 486 469 1130,
517 411 589 453 sed
621 413 744 452 nimis
776 425 900 465 saepe
933 426 1052 452 secus
1085 414 1301 467 aliquanto
1335 414 1522 453 videmus
1545 414 1734 454 evadere.
1794 417 1848 455 M.
1881 417 1969 454 Non

215 480 346 526 enim,
378 478 552 526 Quinte,
584 480 695 514 recte
728 475 1038 521 existimamus,
1081 489 1188 529 quae
1222 490 1356 529 poena
1387 477 1527 517 divina
1559 478 1632 523 sit,
1663 478 1734 516 sed
1767 479 1973 531 opinioni-

216 544 292 583 bus
334 540 443 592 vulgi
483 539 668 591 rapimur
707 538 748 576 in
792 550 975 577 errorem
1018 552 1094 577 nec
1136 552 1232 578 vera
1272 541 1495 579 cernimus.
1565 541 1697 579 Morte
1729 547 1800 580 aut
1830 541 2005 581 dolore⁵

215 604 398 658 corporis
437 606 506 641 aut
549 600 660 639 luctu
698 600 825 638 animi
865 606 933 639 aut
966 601 1196 640 offensione
1228 601 1372 641 iudicii
1405 602 1617 641 hominum
1650 603 1837 642 miserias
1869 617 1973 656 pon-

215 667 417 711 deramus,
449 675 556 716 quae
589 661 721 701 fateor
752 661 930 701 humana
963 675 1054 701 esse
1088 669 1127 702 et
1160 664 1300 702 multis
1332 664 1452 703 bonis
1485 665 1585 703 viris
1617 665 1828 704 accidisse.
1878 666 1974 704 Sce-

215 728 311 768 leris
342 731 403 766 est
434 737 568 777 poena
601 724 730 763 tristis
762 729 802 763 et
832 731 996 777 praeter
1026 738 1097 764 eos
1129 732 1323 772 eventus,
1358 728 1431 780 qui
1465 733 1674 774 secuntur,
1708 741 1780 779 per
1811 741 1853 767 se
1886 729 1974 780 ipsa

215 790 392 829 maxima
423 793 497 827 est.
546 785 733 826 Vidimus
766 799 852 832 θος,
885 786 971 838 qui,
1004 788 1082 826 nisi
1116 788 1305 828 odissent
1338 790 1526 841 patriam,
1559 803 1786 842 numquam
1820 792 1975 830 inimici

214 852 332 891 nobis
373 848 577 895 fuissent,
627 848 810 888 ardentis
853 855 938 887 tum
978 850 1236 901 cupiditate,
1283 857 1368 891 tum
1403 858 1544 897 metu,
1587 858 1672 890 tum
1705 855 2025 900 conscicntia,⁴0

215 913 416 967 quidquid
448 918 631 964 agerent,
664 913 788 951 modo
822 911 1019 957 timentis,
1052 912 1231 951 vicissim
1265 916 1569 953 contemnentis
1602 914 1846 965 religiones,
1871 916 1976 956 iudi-

215 976 276 1015 cia
307 980 499 1028 perrupta
527 973 578 1013 ab
609 974 741 1013 isdem
773 970 996 1027 [corruptal
1030 971 1257 1020 hominum,
1291 988 1372 1014 non
1395 975 1580 1016 deorum.
1642 974 1708 1016 44.
1743 979 1974 1031 Reprimam

214 1038 294 1077 iam
332 1049 390 1075 mc
432 1042 473 1075 et
514 1050 595 1075 non
637 1037 836 1088 insequar
876 1036 1063 1087 lougius,
1108 1049 1246 1088 eoque
1289 1038 1447 1084 minus,
1487 1053 1571 1092 quo
1612 1040 1706 1092 plus
1748 1054 1975 1092 poenarum

214 1099 346 1139 habeo
376 1111 497 1152 quam
530 1099 670 1150 petivi.
730 1099 904 1137 Tantum
939 1111 1089 1150 ponam
1123 1098 1256 1146 brevi,
1297 1101 1505 1152 duplicem
1539 1115 1629 1142 esse
1661 1116 1839 1155 poenam
1872 1104 1977 1143 divi-

214 1174 308 1202 nam
341 1174 516 1214 eamque
548 1166 740 1200 constare
773 1166 814 1199 et
846 1173 898 1199 ex
930 1160 1134 1199 vexandis
1167 1162 1355 1202 vivorum
1387 1164 1537 1203 animis
1577 1169 1617 1203 ct
1648 1178 1700 1205 ex
1731 1165 1837 1206 fama
1869 1171 2027 1206 mor-⁴5

216 1230 401 1270 tuorum,
435 1229 479 1263 ut
509 1237 652 1263 eorum
687 1224 859 1262 exitium
893 1229 934 1262 et
964 1223 1120 1262 iudicio
1154 1224 1342 1264 vivorum
1375 1231 1416 1265 et
1446 1227 1598 1277 gaudio
1631 1228 1921 1281 conprobetur.

327 1287 475 1325 XVlll.
517 1284 582 1325 [ιὸ.
627 1286 724 1337 Agri
758 1291 893 1324 autem
926 1298 976 1324 ne
1008 1293 1324 1334 consecrentur,
1368 1289 1531 1328 Platoni
1572 1303 1722 1341 prosus
1754 1290 1978 1337 adsentior,

217 1349 308 1402 qui,
341 1348 374 1387 si
407 1348 530 1388 modo
565 1349 828 1400 interpretari
863 1353 1053 1400 potuero,
1085 1348 1150 1388 his
1183 1349 1268 1389 fere
1302 1350 1438 1389 verbis
1472 1352 1619 1390 utitur:
1656 1353 1807 1392 «Terra
1839 1354 1979 1405 igitur,

214 1416 260 1450 ut
298 1410 415 1450 focus
456 1410 787 1456 domiciliorum,
835 1422 946 1449 sacra
989 1411 1162 1449 deorum
1204 1412 1387 1451 omnium
1433 1418 1517 1452 est:
1566 1414 1761 1466 quocirca
1802 1428 1852 1454 ne
1885 1415 1978 1468 quis

217 1471 365 1512 iterum
397 1471 507 1511 idem
540 1478 796 1512 consecrato.
858 1474 1013 1510 Aurum
1046 1478 1186 1512 autem
1228 1480 1268 1513 et
1299 1481 1517 1526 argentum
1551 1475 1593 1514 in
1624 1476 1794 1516 urbibus
1826 1482 1866 1515 et
1897 1477 1980 1529 pri·
1995 1484 2031 1512 20

218 1534 342 1575 vatim
376 1540 416 1574 et
448 1535 490 1573 in
522 1534 628 1573 fanis
661 1534 871 1574 invidiosa
903 1548 967 1574 res
1000 1541 1075 1574 est.
1136 1537 1238 1574 Tum
1270 1536 1373 1575 ebur
1404 1550 1457 1575 ex
1488 1537 1602 1576 inani
1635 1551 1811 1590 corpore
1844 1544 1979 1578 extra-

222 1601 331 1636 ctum
376 1596 486 1636 haud
528 1597 628 1636 satis
670 1603 827 1635 castum
861 1596 1015 1636 donum
1050 1597 1143 1636 deo.
1203 1598 1286 1637 lam
1319 1611 1388 1638 aes
1420 1604 1542 1651 atque
1572 1599 1726 1639 ferrum
1759 1600 1889 1639 duelli
1921 1601 1981 1639 in-

217 1665 468 1706 strumenta,
514 1673 597 1698 non
643 1658 739 1698 fani.
822 1659 1023 1711 Ligneum
1066 1665 1203 1698 autem
1257 1660 1553 1714 quodcumque
1600 1662 1779 1703 voluerit
1828 1677 1910 1703 uno
1959 1677 1980 1703 e
2030 1686 2046 1700 ‹

304 1808 333 1839 ⁴.
361 1808 468 1847 adque
486 1808 525 1846 Η,
553 1806 672 1848 [alque]
692 1808 716 1837 O
745 1824 778 1829 ·-
813 1810 843 1838 et
867 1808 911 1837 C:
939 1816 978 1837 ac
1003 1808 1027 1837 Ο
1056 1826 1087 1829 -
1116 1817 1129 1838 s
1153 1809 1184 1839 in
1210 1809 1446 1847 eoesequiarum
1470 1809 1501 1840 in
1529 1811 1550 1840 Α
1579 1818 1678 1841 erasa
1720 1828 1750 1833 -
1790 1812 1820 1842 ⁶2.
1848 1820 1983 1843 caruere

215 1858 362 1896 equidem
386 1860 424 1892 A,
452 1857 514 1889 sed
540 1867 593 1889 ere
616 1859 647 1888 in
673 1866 740 1888 ras.
761 1859 906 1897 maiore,
932 1854 1015 1889 crire}
1030 1861 1062 1889 le
1086 1859 1213 1897 quidem
1238 1859 1261 1889 B
1287 1868 1377 1889 corr.
1397 1860 1429 1890 in
1455 1868 1594 1890 caruere
1615 1860 1775 1900 equidem,
1801 1864 1983 1892 carumlem

218 1908 347 1948 quidem
375 1908 398 1939 Η
426 1916 516 1939 corr.
545 1908 577 1939 in
603 1911 717 1939 carent
739 1909 886 1946 equidem
913 1908 997 1946 (scil.
1023 1913 1075 1939 ent
1100 1917 1177 1948 sup.
1197 1908 1257 1939 litt.
1284 1913 1406 1940 wulcm
1429 1910 1599 1949 scriptum
1624 1911 1689 1948 est)
1718 1929 1751 1933 —
1779 1911 1827 1941 dis
1852 1913 1893 1943 C:
1922 1912 1983 1942 diis

217 1958 241 1988 Ο
269 1975 303 1978 -
331 1957 361 1988 3.
388 1958 541 1989 euaderet
568 1958 631 1989 ΒΗ
670 1975 703 1979 -
744 1957 773 1989 4.
800 1959 929 1998 quincle
953 1959 976 1989 B
1008 1976 1038 1979 --
1066 1959 1120 1989 sed
1146 1958 1317 1989 Victorius
1343 1968 1385 1989 ex
1410 1967 1478 1989 uno
1503 1968 1566 1989 suo
1593 1960 1730 1992 codice:
1758 1969 1815 1990 nec
1840 1961 1877 1998 C,
1905 1964 1933 1993 el
1957 1962 1981 1992 O

216 2010 251 2038 et
276 2007 360 2039 dett.
391 2024 424 2029 —
451 2007 600 2047 opinibus
624 2006 662 2039 A¹
688 2025 722 2030 —
758 2009 790 2039 5.
816 2017 932 2038 ueram
957 2008 984 2039 H
1012 2025 1046 2030 —
1073 2006 1179 2039 mort&
1208 2009 1231 2039 H
1273 2027 1307 2031 —
1345 2009 1374 2039 7.
1403 2009 1564 2040 accedisse
1588 2006 1624 2040 Β1
1662 2027 1697 2032 -
1735 2010 1765 2041 8.
1792 2014 1838 2042 est
1861 2012 1894 2042 in
1920 2014 1942 2042 A
1959 2012 1980 2042 B

216 2059 419 2097 punctatum
448 2074 481 2078 —
521 2066 605 2096 quae
631 2058 656 2088 H
696 2074 728 2078 —
768 2061 922 2088 secuntur
948 2059 990 2089 C:
1016 2061 1197 2097 sequuntur
1221 2060 1245 2089 Ο
1283 2076 1315 2080 -
1355 2059 1385 2089 9.
1411 2059 1475 2089 nisi
1500 2059 1526 2090 Η
1552 2068 1642 2090 corr.
1669 2069 1709 2091 ex
1735 2061 1844 2098 insidi,
1871 2064 1897 2093 Α
1921 2061 1983 2092 nisi

217 2107 250 2138 in
275 2115 344 2138 ras.
371 2106 479 2138 habet
505 2123 539 2129 -
571 2108 621 2138 40.
648 2107 793 2138 ardentis
817 2110 886 2139 tum
909 2105 948 2139 A¹
965 2109 985 2139 Β
1011 2107 1085 2146 (sed
1113 2109 1135 2139 B
1161 2112 1230 2139 lum
1255 2117 1345 2140 corr.
1373 2117 1413 2139 ex
1438 2109 1500 2147 in):
1528 2110 1644 2140 ardent
1660 2111 1780 2142 iustum
1798 2111 1837 2148 ll,
1864 2112 1983 2142 arden-

216 2160 261 2188 tes
284 2160 352 2188 lum
375 2157 454 2188 A²o
484 2174 515 2178 —
543 2157 762 2196 cupidilalum
785 2160 873 2188 melu
897 2161 964 2188 tum
990 2155 1039 2193 A¹‚
1066 2158 1257 2197 cupidatum
1280 2162 1343 2189 mel
1368 2160 1468 2189 cilum
1495 2159 1520 2190 H
1546 2162 1627 2197 (tum
1642 2161 1861 2200 cupiditatum
1877 2166 1980 2195 aestu.

217 2208 285 2237 tum
307 2207 504 2238 conscientia
528 2206 730 2245 Turnebus,
763 2211 831 2237 lum
855 2208 1045 2246 cupiditate,
1071 2211 1140 2238 tum
1164 2212 1251 2239 melu
1274 2209 1491 2240 conscientiae
1516 2209 1632 2248 Hand)
1672 2228 1706 2233 —
1748 2212 1797 2242 Μ.
1825 2212 1983 2251 quidquid

218 2255 425 2288 Lambinus:
453 2257 531 2296 quid
556 2257 615 2288 CO
655 2273 688 2277 —
727 2261 896 2297 aqerentes
920 2259 962 2293 C,
991 2257 1053 2288 sed
1078 2266 1109 2288 es
1132 2258 1165 2288 in
1190 2259 1215 2288 A
1241 2260 1446 2298 punctatum
1486 2276 1520 2281 —-
1557 2261 1703 2291 timentes
1726 2260 1792 2291 ΗΟ
1830 2277 1864 2282 —
1904 2270 1983 2292 con—

217 2307 413 2345 lempnentes
437 2306 461 2337 C
490 2323 524 2327 —
551 2306 720 2346 religionis
741 2303 781 2337 Αι
797 2307 824 2338 H
853 2324 886 2329 ——
915 2307 966 2338 42.
987 2306 1027 2337 ab
1044 2307 1156 2338 iisdem
1182 2307 1206 2338 O
1233 2324 1267 2329 -—
1296 2311 1326 2339 et
1349 2311 1508 2348 corrupta
1532 2308 1724 2342 Lambinus
1750 2309 1802 2350 (cf.
1822 2309 1980 2351 Madvigii

218 2354 404 2394 opusc.11‚
425 2355 520 2394 453);
559 2364 622 2387 nos
647 2359 807 2395 corrupta
833 2355 1058 2392 inclusimus;
1097 2359 1217 2388 contra
1243 2358 1427 2389 Schuetzio
1453 2362 1616 2398 perrupta
1646 2359 1758 2399 glossa
1783 2359 1980 2393 videbatur.

217 2402 371 2435 Aliorum
402 2407 548 2436 conatus
579 2414 609 2437 v.
637 2405 669 2436 in
697 2404 884 2446 Feldhueg.
911 2408 1102 2437 comment.
1129 2416 1162 2448 p.
1179 2406 1253 2438 203.
1293 2424 1327 2430 —
1368 2408 1419 2439 ⁴3.
1445 2417 1496 2439 me
1525 2409 1657 2440 addidit
1681 2408 1880 2446 Turnebus;
1914 2412 1983 2442 iam

217 2462 278 2492 me,
303 2463 368 2484 non
390 2454 549 2496 insequar
573 2454 711 2495 Madvig
737 2456 874 2496 (Opusc.
900 2456 1035 2492 11.453›
1070 2474 1112 2479 -
1149 2456 1200 2489 44.
1225 2457 1341 2496 petiuit
1372 2458 1395 2488 C
1436 2476 1468 2480 —
1504 2467 1627 2497 ponam
1651 2458 1742 2490 breui
1772 2459 1980 2491 Lambinus:

215 2511 371 2542 poenam
383 2504 468 2535 erebi
493 2503 616 2545 (ροεηᾶ
639 2506 743 2544 corr.)
768 2507 812 2542 A,
842 2504 1072 2544 poenaliter-ebe·
1098 2507 1144 2544 B,
1173 2515 1263 2551 pena
1279 2508 1383 2538 merui
1408 2508 1446 2544 Η,
1471 2516 1642 2547 ponamx*
1667 2509 1711 2545 0;
1743 2508 1875 2540 Vahlen
1902 2518 1982 2541 cum

217 2552 490 2592 wyttenbachio
519 2554 707 2587 lectionem
739 2556 844 2586 merui
873 2564 935 2596 pro
966 2554 1178 2595 glossemate
1212 2556 1319 2588 habet
1348 2557 1390 2588 ad
1422 2558 1572 2590 verbum
1590 2559 1692 2598 petivi
1715 2558 1911 2600 adscrip103
1949 2562 1984 2591 at

217 2599 320 2634 lectio
345 2602 506 2635 codicum
531 2605 591 2636 AB
616 2603 716 2635 valde
742 2605 914 2636 incertum
940 2604 1055 2636 reddit
1080 2606 1123 2637 ita
1149 2607 1182 2638 in
1208 2607 1400 2648 archetypo
1425 2608 1593 2649 scriptum
1610 2608 1729 2640 fuisse.
1758 2627 1792 2631 —
1821 2610 1873 2641 45.
1891 2619 1984 2641 eam-

219 2660 279 2690 que
301 2656 453 2685 constare
475 2657 505 2685 el
528 2662 571 2685 ex
603 2654 761 2694 Madvig:
800 2655 886 2694 quod
914 2658 1079 2687 constaret
1109 2665 1152 2687 ex
1181 2656 1204 2688 C
1237 2657 1305 2696 (sic
1330 2657 1435 2688 etiam
1458 2658 1527 2699 A),
1565 2658 1650 2698 quod
1672 2662 1799 2690 constat
1821 2663 1850 2691 el
1872 2669 1915 2691 ea:
1944 2660 1981 2691 O.

219 2701 353 2739 «Quum
376 2711 450 2734 eam
473 2703 636 2735 haustum
663 2706 757 2736 esset
781 2703 824 2735 ob
852 2705 1071 2745 praecedens
1095 2706 1242 2737 divinam
1266 2715 1305 2737 ex
1331 2716 1391 2746 que
1415 2706 1542 2739 factum
1569 2710 1620 2739 est
1645 2709 1742 2747 quod,
1770 2718 1811 2741 ex
1835 2713 1986 2741 constare

219 2753 250 2782 et
273 2754 406 2791 natum,
433 2753 527 2793 quod
553 2755 606 2785 est
631 2754 663 2785 in
690 2753 793 2785 codd.
820 2758 1017 2786 constaret.»
1043 2756 1188 2786 MAnvm.
1226 2774 1266 2778 —
1301 2759 1332 2787 et
1353 2765 1395 2787 em
1420 2757 1624 2788 Lambinus:
1650 2762 1679 2789 et
1702 2766 1742 2789 ea
1766 2758 1825 2789 CO
1856 2776 1890 2781 —
1930 2759 1981 2790 46.

222 2799 419 2832 iudiciorum
445 2802 468 2833 C
509 2819 541 2824 —
580 2802 619 2843 et]
643 2806 678 2834 ut
704 2803 725 2834 Β
754 2821 786 2824 -
825 2803 875 2834 47.
902 2808 1137 2836 consecrantur
1162 2801 1258 2842 B¹H;
1285 2804 1416 2837 litteras
1440 2815 1548 2837 secreti
1573 2808 1599 2838 A
1625 2807 1657 2838 in
1683 2816 1750 2839 ras.
1778 2807 1902 2846 habet;
1942 2817 1984 2840 ex

220 2848 273 2881 his
296 2852 450 2892 vestigiis
475 2853 645 2884 conicias:
681 2854 761 2893 Agyri
785 2857 894 2884 autem
916 2863 956 2885 ne
978 2858 1228 2886 consecr-antor:
1261 2856 1388 2886 Platoni
1412 2857 1497 2887 enim
1516 2865 1637 2895 prosus
1659 2858 1827 2889 adsentior
1851 2861 1916 2890 etc.
1947 2876 1980 2880 -

215 2899 360 2939 platonis
383 2899 419 2932 Βι
447 2919 479 2924 -
504 2910 621 2941 prosus
644 2903 729 2934 AH:
753 2912 891 2942 prorsus
916 2904 938 2934 B
954 2904 978 2935 O
1006 2922 1039 2926 —
1079 2905 1130 2936 48.
1156 2905 1244 2945 ferre
1268 2906 1290 2936 B
1320 2923 1354 2927 —
1381 2906 1505 2936 utimur
1529 2906 1556 2936 H
1592 2923 1626 2928 —
1667 2907 1718 2938 49.
1745 2908 1985 2939 domiciliorum

222 2946 316 2981 A'H:
342 2951 541 2982 domicilium
564 2950 606 2982 νᾶ
629 2949 677 2990 13¹,
704 2953 905 2984 domicilium
927 2951 1014 2985 A²B2
1042 2972 1074 2977 -
1113 2963 1213 2985 sacra
1237 2955 1428 2986 Manutius:
1453 2963 1548 2986 sacro
1571 2952 1663 2993 A¹H.
1689 2965 1789 2988 sacru
1812 2954 1861 2994 13¹,
1888 2955 1987 2988 sacr-12

223 2993 264 3028 Α2
276 2994 315 3028 B²
341 3016 374 3021 —
401 3000 454 3030 ΞΟ.
472 3001 556 3030 idem
577 3002 655 3030 AB:
684 3003 779 3038 quide
803 3002 829 3031 H
859 3021 891 3025 —
919 3007 948 3035 el
969 3004 1132 3043 priuatim
1156 3008 1185 3036 el
1209 3005 1242 3034 in
1264 3004 1353 3043 sanis
1376 3005 1540 3036 inuidiosa
1564 3014 1615 3037 res
1637 3009 1682 3037 est
1706 3006 1813 3038 habet
1838 3008 1860 3039 B
1887 3006 1984 3046 (salso

224 3047 315 3078 Bake
340 3048 462 3088 p.·200)
500 3065 534 3070 —
574 3049 627 3079 2⁴.
655 3051 724 3079 lum
747 3057 840 3079 emur
865 3047 917 3087 H¹‚
943 3057 979 3080 zu
1000 3062 1125 3084 mernor
1150 3055 1250 3093 (corr.
1269 3054 1389 3093 mebor)
1415 3055 1438 3085 B
1478 3073 1511 3077 —
1550 3056 1602 3086 22.
1628 3056 1718 3086 haud
1740 3057 1799 3088 ΑΒ
1825 3066 1914 3089 corr.
1942 3066 1983 3088 ex

225 3098 295 3132 aut,
320 3096 368 3127 αιῖ
386 3095 427 3127 Ηι
465 3113 498 3119 -
535 3098 834 3129 duellintumenta
857 3095 908 3136 Αἱ,
945 3098 1059 3129 duellis
1083 3102 1227 3130 eumenia
1252 3103 1299 3138 η’,
1337 3104 1397 3134 due
1420 3104 1469 3135 illi
1492 3108 1653 3136 stumenta
1676 3105 1722 3143 Η,
1757 3107 1871 3138 duellis
1893 3110 1984 3138 tuta-

225 3147 336 3176 menta
358 3147 398 3176 ΑΞ
409 3146 447 3177 Β2
473 3163 506 3168 -
533 3146 585 3178 23.
605 3148 721 3178 nonin
742 3148 816 3187 fani
840 3148 863 3178 B
892 3165 925 3169 —
953 3148 1096 3188 liyneum
1121 3148 1200 3179 edd.
1221 3150 1317 3178 vett:
1344 3153 1468 3187 lignum
1493 3154 1516 3185 C
1546 3172 1579 3176 -
1606 3155 1820 3194 quodcunque
1842 3156 1861 3186 Ξ
1879 3155 1981 3187 codd,

229 3192 332 3224 dett:
370 3196 520 3234 quodque
544 3196 567 3227 C
583 3197 620 3235 O,
652 3198 806 3236 quicquid
832 3196 1057 3237 Feldhuegel‚
1090 3199 1176 3237 quod
1201 3198 1255 3237 qui
1279 3197 1481 3234 Turnebus,
1514 3205 1597 3237 quod
1620 3205 1692 3242 quis
1715 3205 1835 3237 Lami),
1883 3205 1983 3246 Apud

229 3241 407 3276 Platonem
433 3246 546 3286 (Legg.
565 3246 619 3284 Xl,
640 3255 674 3288 p.
690 3246 764 3285 956,
783 3247 819 3286 A)
846 3250 917 3278 est:
944 3245 1058 3288 ξύλον
1080 3246 1121 3280 δὲ
1144 3245 1359 3290 μονόξυλον
1383 3242 1405 3278 ὃ
1422 3256 1456 3278 τι
1479 3242 1528 3278 ἂν
1552 3246 1662 3294 ἐθέλῃ
1689 3263 1739 3288 τις
1759 3249 1981 3293 ἀνατιθέτω,

231 3292 294 3324 καὶ
316 3291 424 3325 λίθον
447 3290 642 3336 ὡσαύτως,
670 3293 763 3342 πρὸς
787 3293 832 3327 τὰ
857 3295 966 3328 κοινὰ
992 3298 1086 3344 [epa.
