2249 3624
295 187 376 230 698
1013 190 1084 229 DE
1116 188 1342 230 OFFICIIS

295 295 386 336 fuit.
446 293 512 336 54.
551 296 690 349 Atque
731 296 855 336 etiam
891 295 972 335 hoc
1008 300 1276 348 praeceptum
1316 294 1443 335 officii
1476 295 1698 348 diligenter
1727 295 1953 336 tenendum
1985 300 2060 346 est,

296 371 349 398 ne
391 372 514 411 quem
554 372 753 412 umquam
790 359 1058 398 innocentem
1099 357 1253 397 iudicio
1295 357 1443 410 capitis
1485 370 1696 405 arcessas;
1740 357 1782 397 id
1821 359 1930 398 enim
1969 359 2060 400 sine

296 419 453 460 scelere
493 421 584 461 fieri
624 421 739 460 nullo
778 425 900 474 pacto
940 425 1092 473 potest.
1152 421 1255 459 Nam
1288 419 1389 473 quid
1421 424 1485 459 est
1514 425 1598 460 tam
1628 420 1900 460 inhumanum
1937 434 2061 474 quam

296 482 579 536 eloquentiam
611 496 635 522 a
666 489 812 523 natura
841 482 893 522 ad
926 482 1103 522 salutem
1135 482 1354 522 hominum
1386 487 1427 521 et
1456 482 1508 521 ad
1537 483 1898 523 conservationem
1923 483 2060 523 datam

263 545 346 585 5ad
377 546 584 586 bonorum
615 550 774 598 pestem
814 545 1130 598 perniciemque
1162 547 1434 585 convertere?
1493 546 1579 584 Nec
1609 550 1770 592 tamen,
1812 551 1858 585 ut
1887 546 1967 586 hoe
1996 545 2063 585 fu-

296 608 492 661 giendum
535 613 618 655 est,
659 609 756 648 item
799 613 862 648 est
892 607 1131 648 habendum
1164 607 1359 659 religioni
1390 613 1612 647 nocentem
1644 608 1894 661 aliquando,
1935 608 2061 648 modo

295 683 347 709 ne
379 668 584 710 nefarium
616 670 891 724 impiumque,
925 669 1169 710 defendere.
1231 670 1328 709 Vult
1367 670 1448 710 hoc
1487 670 1734 717 multitudo,
1780 671 1935 724 patitur
1965 684 2064 710 con-

296 731 496 780 suetudo,
540 733 621 773 fert
666 733 789 772 etiam
835 733 1087 773 humanitas.
1160 732 1315 772 Iudicis
1355 738 1417 772 est
1455 746 1621 785 semper
1661 733 1703 771 in
1743 733 1881 772 causis
1918 746 2064 772 verum

295 795 433 848 sequi,
464 796 629 849 patroni
661 809 745 835 non
777 808 1005 849 numquam
1040 796 1124 835 veri
1156 795 1305 843 simile,
1337 795 1460 834 etiam
1494 796 1527 834 si
1560 795 1696 834 minus
1728 795 1782 834 sit
1811 808 1970 841 verum,
1994 795 2065 835 de-

246 856 486 905 tofendere,
521 857 636 911 quod
668 857 874 905 scribere,
907 857 1153 910 praesertim
1187 871 1280 896 cum
1314 858 1364 896 de
1397 856 1666 909 philosophia
1699 857 1947 905 scriberem,
1979 871 2065 898 non

295 918 518 966 auderem,
559 920 640 959 nisi
680 919 791 959 idem
833 919 1017 973 placeret
1059 919 1303 971 gravissimo
1337 920 1568 960 Stoicorum
1602 920 1808 960 Panaetio.
1869 922 2066 961 Maxume

295 986 434 1021 autem
466 987 508 1022 et
538 982 670 1035 gloria
700 982 861 1036 paritur
891 987 930 1022 et
960 983 1092 1034 gratia
1125 981 1463 1029 defensionibus,
1497 995 1633 1035 eoque
1664 982 1809 1029 maior,
1842 983 1875 1022 si
1897 983 2065 1036 quando

294 1043 445 1083 accidit
483 1050 529 1084 ut
566 1045 602 1084 ei
633 1045 928 1091 subveniatur,
970 1045 1041 1098 qui
1074 1045 1256 1097 potentis
1288 1044 1463 1084 alicuius
1495 1044 1645 1098 opibus
1676 1045 1967 1084 circumveniri
1997 1059 2067 1086 ur-

295 1106 469 1159 gerique
501 1106 712 1155 videatur,
746 1112 791 1146 ut
819 1120 897 1146 nos
929 1112 970 1146 et
1001 1119 1124 1160 saepe
1156 1107 1257 1146 alias
1289 1112 1329 1146 et
1359 1106 1649 1147 adulescentes
1681 1112 1827 1147 contra
1857 1109 1902 1147 L.
1925 1109 2065 1149 Sullae

247 1173 281 1201 ⁴5
296 1167 551 1209 dominantis
583 1183 685 1222 opes
718 1183 792 1222 pro
826 1170 922 1209 Sex.
954 1170 1104 1209 Roscio
1135 1169 1334 1209 Amerino
1365 1168 1564 1217 fecimus,
1606 1182 1738 1222 quae,
1780 1175 1825 1209 ut
1856 1170 1961 1219 scis,
1993 1184 2066 1211 ex-

299 1235 378 1271 stat
408 1233 551 1272 oratio.

407 1294 496 1333 XV.
539 1292 605 1334 5⁶2.
639 1294 721 1334 Sed
754 1295 956 1347 expositis
988 1294 1320 1334 adulescentium
1353 1293 1525 1340 officiis,
1559 1307 1668 1347 quae
1699 1295 1867 1334 valeant
1897 1295 1949 1335 ad
1979 1296 2067 1349 glo-

295 1357 400 1396 riam
431 1355 756 1410 adipiscendam,
789 1357 985 1410 deinceps
1018 1357 1069 1397 de
1100 1356 1376 1397 beneficentia
1408 1370 1455 1396 ae
1488 1356 1539 1397 de
1572 1357 1821 1397 liberalitate
1844 1359 2067 1400 dicendum

298 1424 379 1466 est,
423 1419 541 1459 cuius
583 1425 646 1460 est
682 1421 786 1460 ratio
826 1419 997 1472 duplex.
1065 1421 1168 1460 Nam
1208 1426 1280 1459 aut
1318 1433 1443 1473 opera
1479 1419 1660 1472 benigne
1701 1417 1744 1459 fit
1781 1420 2067 1474 indigentibus

246 1487 283 1515 20
297 1487 368 1522 aut
398 1482 587 1536 pecunia.
647 1483 825 1522 Facilior
855 1488 917 1522 est
947 1482 1050 1522 haec
1081 1482 1310 1535 posterior,
1352 1482 1549 1534 locupleti
1582 1482 1849 1535 praesertim,
1892 1483 1965 1523 sed
1996 1484 2069 1524 illa

296 1544 452 1584 lautior
488 1557 535 1584 ac
566 1545 827 1598 splendidior
858 1551 899 1584 et
930 1546 1020 1585 viro
1057 1545 1155 1584 forti
1189 1545 1390 1598 claroque
1423 1545 1600 1597 dignior.
1662 1544 1925 1597 Quamquam
1958 1547 2070 1586 enim

297 1607 340 1646 in
381 1612 560 1659 utroque
603 1609 712 1647 inest
750 1608 1009 1661 gratificandi
1052 1606 1236 1647 liberalis
1278 1607 1492 1653 voluntas,
1536 1613 1674 1646 tamen
1716 1607 1846 1647 altera
1877 1621 1928 1647 ex
1960 1621 2069 1656 area,

297 1669 426 1709 altera
458 1682 510 1708 ex
541 1670 692 1709 virtute
725 1670 1003 1723 depromitur,
1044 1670 1318 1722 largitioque,
1361 1682 1467 1722 quae
1500 1667 1543 1708 fit
1575 1683 1628 1708 ex
1659 1682 1704 1708 re
1736 1667 1947 1718 familiari,
1978 1669 2070 1710 fon-

298 1737 382 1772 tem
413 1733 550 1786 ipsum
584 1733 855 1785 benignitatis
889 1733 1097 1772 exhaurit.
1148 1733 1209 1771 Ita
1240 1732 1495 1784 benignitate
1527 1732 1764 1784 benignitas
1792 1732 1964 1779 tollitur,
1989 1745 2071 1786 qua

248 1799 284 1827 25
300 1808 384 1848 quo
417 1796 459 1834 in
491 1796 632 1848 plures
663 1809 762 1835 usus
788 1796 858 1842 sis,
891 1809 939 1835 eo
971 1796 1106 1835 minus
1128 1795 1169 1833 in
1192 1794 1345 1834 multos
1368 1795 1428 1833 uti
1452 1794 1603 1846 possis.
1663 1792 1729 1832 53.
1762 1795 1812 1833 At
1834 1795 1905 1847 qui
1929 1807 2070 1847 opera,

298 1856 337 1897 id
371 1863 432 1897 est
463 1860 612 1897 virtute
646 1864 687 1897 et
716 1858 943 1904 industria,
975 1858 1152 1897 benefici
1184 1862 1224 1896 et
1256 1855 1448 1896 liberales
1481 1862 1615 1902 erunt,
1646 1856 1840 1909 primum,
1872 1870 1956 1909 quo
1978 1857 2072 1910 plu-

297 1920 412 1959 ribus
444 1918 702 1973 profuerint,
744 1934 794 1959 eo
838 1920 980 1972 plures
1019 1921 1069 1959 ad
1111 1920 1292 1971 benigne
1332 1918 1567 1958 faciendum
1599 1919 1811 1959 adiutores
1844 1919 2069 1968 habebunt,

300 1982 396 2022 dein
436 1982 738 2022 consuetudine
780 1982 1084 2022 beneticentiae
1125 1981 1354 2034 paratiores
1394 1986 1515 2020 erunt
1555 1985 1595 2020 et
1626 1987 1837 2034 tamquam
1869 1982 2071 2022 exercita-

298 2045 426 2085 tiores
466 2044 518 2084 ad
559 2045 664 2084 bene
705 2045 755 2084 de
788 2045 927 2084 multis
960 2043 1299 2097 promerendum.
1359 2043 1574 2083 Praeclare
1605 2044 1647 2082 in
1679 2044 1856 2097 epistola
1888 2043 2070 2097 quadam

249 2107 583 2146 30Alexandrum
625 2107 758 2146 filium
800 2106 1014 2159 Philippus
1061 2111 1257 2152 accusat,
1306 2106 1419 2158 quod
1467 2106 1688 2158 largitione
1734 2107 2071 2146 benevolentiam

300 2168 576 2209 Macedonum
619 2175 896 2209 consectetur.
969 2170 1123 2217 «Quae
1156 2175 1216 2215 te,
1258 2168 1471 2207 malumI»
1520 2168 1659 2220 inquit
1701 2168 1841 2206 «ratio
1874 2168 1916 2207 in
1949 2168 2070 2207 istam

300 2245 416 2284 spem
448 2231 632 2279 induxit,
663 2238 709 2271 ut
740 2245 812 2270 eos
844 2232 916 2270 tibi
950 2230 1094 2270 fideles
1126 2237 1294 2283 putares
1326 2230 1436 2277 fore,
1459 2243 1566 2282 quos
1589 2230 1764 2283 pecunia
1788 2230 2071 2283 corrupisses?

299 2295 363 2333 An
386 2299 428 2333 tu
451 2294 491 2334 id
514 2294 621 2346 agis,
644 2299 687 2333 ut
708 2293 961 2333 Macedones
993 2307 1076 2333 non
1108 2298 1147 2332 te
1181 2307 1319 2345 regem
1351 2306 1485 2339 suum,
1519 2292 1593 2331 sed
1625 2292 1857 2331 ministrum
1890 2297 1931 2332 et
1952 2305 2072 2344 prae—

301 2356 478 2396 bitorem
512 2362 680 2409 sperent
711 2356 852 2395 fol'e‘l»
917 2358 1028 2395 Bene
1065 2356 1332 2394 «ministrum
1366 2359 1407 2408 et
1438 2355 1773 2407 praebitorem»,
1812 2354 1908 2406 quia
1938 2353 2072 2393 sordi-

250 2424 286 2454 35
302 2418 399 2457 dum
430 2419 542 2470 regi,
574 2418 724 2458 melius
757 2418 905 2464 etiam,
947 2418 1060 2471 quod
1093 2418 1358 2469 largitionem
1391 2417 1672 2469 corruptelam
1706 2417 1811 2456 dixit
1843 2429 1948 2456 esse.
2007 2417 2072 2457 Fit

302 2481 412 2521 enim
445 2480 627 2521 deterior
658 2481 727 2534 qui
760 2481 911 2533 accipit
941 2485 1067 2533 atque
1099 2480 1150 2519 ad
1183 2480 1293 2519 idem
1326 2493 1492 2532 semper
1522 2479 1853 2532 exspectandum
1877 2479 2070 2532 paratior.

389 2623 419 2652 2.
447 2625 593 2653 arcessat
614 2623 655 2655 b:
682 2630 833 2652 accersas
857 2629 875 2652 c
904 2637 938 2642 -
969 2620 1001 2652 3.
1028 2620 1117 2651 nullo
1139 2621 1213 2660 fieri
1237 2629 1254 2651 e
1283 2639 1315 2643 —
1345 2625 1413 2652 tam
1437 2630 1507 2652 om.
1527 2628 1546 2651 e
1573 2637 1608 2642 --
1636 2621 1667 2651 5.
1691 2620 1927 2659 perniciemque
1950 2621 2007 2652 Ba
2033 2638 2068 2643 —

301 2680 358 2702 nec
381 2674 490 2702 tamen
507 2689 523 2694 -
541 2691 559 2695 -
576 2672 734 2711 religione
749 2689 798 2694 —-
814 2671 909 2701 modo
934 2670 1101 2709 nefarium
1126 2671 1337 2710 impiumque,
1365 2671 1550 2708 defenderes
1572 2670 1703 2701 Nonius
1730 2678 1762 2709 p.
1782 2669 1855 2700 438.
1886 2687 1919 2691 —
1947 2670 1977 2701 6.
1996 2670 2072 2701 ilem

302 2724 346 2751 esl
362 2721 544 2751 habendam
561 2722 713 2761 reliqtoni
729 2739 776 2744 --
792 2722 888 2752 modo
912 2721 1077 2758 nefarium
1102 2721 1313 2759 impiumque,
1333 2722 1503 2761 defendere
1526 2721 1658 2752 Nonius
1683 2728 1715 2760 p.
1732 2719 1804 2750 379.
1829 2735 1862 2741 -
1891 2720 2073 2758 aliquando

301 2773 331 2800 et
354 2770 520 2809 nefarium
544 2771 666 2802 Bllab
696 2787 728 2792 -
768 2770 799 2801 8.
825 2769 955 2810 Iudicis]
980 2770 1060 2800 lueis
1083 2771 1103 2801 b
1133 2788 1165 2791 -—
1200 2779 1283 2801 vera
1306 2772 1397 2810 sequi
1421 2772 1447 2801 ll
1476 2788 1509 2792 —
1546 2770 1598 2800 ⁴⁶2.
1626 2773 1736 2800 autem
1760 2769 1833 2807 ipsa
1856 2772 1885 2799 et
1909 2777 1926 2800 c
1956 2787 1988 2792 -
2017 2768 2071 2801 44.

301 2820 404 2857 syllae
428 2820 496 2856 Ba,
523 2821 624 2857 sgsliae
647 2822 687 2857 b,
714 2821 793 2858 s‘gslle
816 2829 854 2854 e,
881 2820 973 2850 sillae
999 2820 1023 2850 Η
1063 2837 1097 2841 -—
1137 2821 1187 2851 48.
1216 2821 1328 2850 deinde
1353 2821 1390 2850 de
1416 2821 1441 2851 H
1481 2837 1515 2841 —
1555 2819 1776 2856 beneficientia
1801 2818 1824 2849 C
1852 2817 2005 2858 (ubique)
2035 2837 2068 2841 —

304 2868 355 2899 49.
380 2870 416 2908 fit
439 2870 470 2898 iu
497 2870 702 2910 (tingentibus
727 2878 744 2901 c
773 2887 807 2892 —
835 2870 887 2900 ⁰20.
905 2870 1067 2908 posterior
1084 2878 1152 2899 om.
1174 2877 1191 2900 e
1219 2887 1253 2891 —
1282 2871 1334 2900 Ἣ.
1356 2879 1395 2900 ae
1420 2878 1487 2900 oni.
1510 2877 1527 2899 c
1557 2887 1589 2890 —
1617 2872 1645 2899 el
1670 2877 1739 2899 orn.
1759 2876 1777 2899 c
1804 2885 1837 2889 —
1866 2868 1917 2899 ⁶23.
1938 2868 2072 2908 largitio

303 2926 387 2955 quae
410 2920 445 2956 fit
468 2928 511 2948 ea>
534 2937 581 2941 --
607 2921 651 2950 uti
675 2920 779 2958 possis
811 2920 1011 2950 1,a‹·tantius
1037 2920 1119 2949 lust.
1147 2918 1215 2948 div.
1244 2919 1305 2954 vl,
1327 2920 1378 2950 Μ.
1422 2937 1454 2940 -
1502 2920 1554 2949 ⁶25.
1582 2928 1617 2949 eo
1643 2919 1672 2948 in
1698 2919 1808 2948 minus
1829 2919 1948 2949 multos
1978 2926 1996 2949 c
2034 2935 2069 2940 —

303 2968 343 2998 ⁶37
383 2969 426 2998 ad
449 2968 710 3007 berzeftzt·ie›1rlmn
736 2978 758 3001 a
786 2988 818 2992 -—
854 2970 905 3000 028.
934 2970 1004 2999 dein
1032 2969 1076 2999 C:
1105 2969 1217 2998 deinde
1242 2976 1259 2999 ο
1287 2987 1326 2991 -
1353 2971 1522 3007 partim-es
1548 2969 1635 3000 {lab
1664 2985 1695 2989 -
1732 2968 1785 2998 ⁶29.
1812 2969 1845 2998 in
1869 2977 1938 2999 om.
1959 2976 2006 3007 ep
2034 2985 2068 2990 —

303 3018 443 3056 epistula
471 3018 495 3048 ll
534 3035 563 3039 —
600 3020 651 3050 311.
681 3021 765 3056 (mid
790 3024 817 3050 te
841 3020 965 3049 malum
992 3028 1011 3058 p
1046 3035 1079 3040 ·-—
1115 3019 1206 3048 mata.
1230 3026 1248 3048 e
1277 3036 1309 3039 -—
1345 3019 1458 3055 itzqnz'd
1485 3019 1505 3048 Β
1535 3035 1567 3038 —
1597 3018 1684 3047 ratio
1709 3025 1745 3048 c:
1774 3018 1912 3047 rationis
1936 3017 2069 3054 Euat),

305 3066 366 3097 scd
393 3066 470 3106 syll.
497 3068 546 3097 nis
570 3068 600 3098 in
628 3070 711 3100 Bab
745 3069 879 3100 deleta:
914 3078 983 3099 om.
1003 3077 1024 3108 p
1064 3087 1096 3090 —
1137 3068 1187 3098 33.
1213 3068 1434 3106 Jn'aebz'lorem
1458 3071 1585 3106 sperent
1608 3068 1701 3106 fore?
1727 3067 1809 3097 Bene
1832 3067 2019 3097 ministrum
2042 3068 2072 3096 ec

303 3115 534 3155 procederem,
561 3118 638 3154 quia
670 3126 737 3157 ep:
772 3119 994 3157 praebitorem
1019 3117 1097 3157 quia
1124 3120 1209 3150 (om.
1237 3121 1363 3156 sperent
1382 3135 1428 3139 -—
1444 3117 1674 3157 praebitorem)
1700 3117 1814 3150 Bllb;
1849 3116 2071 3154 praebitorem

302 3166 441 3205 palent?
467 3166 546 3201 (ΟΠ).
574 3172 698 3204 §pererit
716 3167 1009 3206 --ffitraebitoreffl
1036 3168 1113 3205 (μιία
1139 3175 1160 3198 a
1199 3184 1230 3188 *-
1269 3167 1318 3197 134„
1350 3168 1426 3205 qnia
1451 3168 1621 3197 sordidum
1646 3168 1688 3197 C:
1717 3174 1780 3206 quo
1808 3165 1885 3204 quid
1907 3164 2071 3194 sordidius

306 3215 372 3246 alii.
402 3230 435 3234 -—
464 3214 514 3244 35.
543 3223 608 3245 esse
629 3217 712 3248 (lirit
738 3226 754 3248 e
783 3219 906 3253 (metius
927 3219 1045 3253 etium,
1071 3217 1280 3255 largitionem
1302 3217 1521 3255 corruptelam
1545 3225 1629 3253 esse,
1657 3215 1779 3246 deletis
1804 3216 1890 3253 quod
1914 3215 1947 3244 et
1971 3213 2066 3249 dixsit,

307 3265 397 3295 Bake
413 3264 581 3294 Mneinos.
610 3266 650 3296 lx
677 3275 695 3305 p
727 3267 813 3306 ³206)
853 3285 886 3289 -
925 3271 969 3298 est
993 3268 1077 3297 enim
1101 3266 1241 3296 deterior
1265 3267 1320 3303 qut
1345 3268 1465 3306 ασσιμὶι
1488 3270 1587 3305 atque
1611 3267 1710 3296 eliam
1734 3266 1777 3296 ad
1801 3265 1834 3295 id
1856 3271 1982 3301 semper
2004 3270 2068 3293 ex-

301 3315 669 3355 peccandumparatior
693 3316 822 3347 Nonius
846 3325 880 3357 p.
897 3318 970 3348 301.
1001 3334 1036 3339 -
1064 3316 1117 3347 36.
1143 3317 1267 3355 accepit
1291 3323 1321 3347 e.
