2249 3624
531 153 619 192 Lux.
651 153 718 192 IV.
757 152 852 193 Cn.
884 154 1161 194 XIII—XIV.
1197 151 1256 206 §§
1287 150 1482 195 31-37.
1806 153 1885 196 ’163

135 264 339 304 servando
381 267 659 317 occupatum?
703 266 803 318 quin
844 266 981 318 potius
1024 266 1080 306 ita
1121 266 1244 313 dicis,
1287 280 1410 306 omne
1452 266 1603 306 animal
1636 266 1887 320 applicatum

134 341 224 367 esse
264 326 314 367 ad
346 327 408 374 id,
451 327 563 380 quod
596 329 638 367 in
672 342 720 367 eo
753 329 805 367 sit
840 328 1061 380 optimum,
1101 335 1140 368 et
1171 331 1210 368 in
1242 330 1330 369 eius
1363 330 1486 370 unius
1517 335 1764 382 occupatum
1797 342 1887 368 esse

135 389 349 436 custodia,
390 390 657 443 reliquasque
698 396 865 430 naturas
908 391 1009 430 nihil
1052 391 1164 430 aliud
1205 405 1326 443 agere
1369 393 1447 431 nisi
1479 398 1523 432 ut
1553 392 1595 431 id
1627 398 1887 438 conservent,

134 451 245 504 quod
287 452 329 490 in
370 464 537 504 quaque
579 453 782 504 optimum
816 453 898 492 sit?
950 454 1042 500 Quo
1075 455 1197 493 modo
1229 461 1367 494 autem
1400 455 1625 507 optimum,
1667 455 1700 494 si
1730 454 1887 493 bonum

132 519 344 565 praeterea
376 513 536 551 nullum
569 516 657 552 est?
691 514 761 552 Sin
794 521 930 553 autem
965 515 1123 567 reliqua
1153 516 1384 568 appetenda
1417 523 1531 564 suut,
1563 530 1655 565 cur,
1687 516 1796 569 quod
1827 521 1918 555 esta

131 576 323 614 ultimum
367 588 505 614 rerum
547 576 900 627 appetendarum,
945 576 983 614 id
1026 590 1105 615 non
1144 585 1212 617 aut
1252 592 1303 617 ex
1345 579 1528 618 omnium
1562 592 1703 619 earum
1733 584 1806 618 aut
1835 590 1887 617 ex

129 638 401 690 plurimarum
434 643 473 676 ct
505 639 777 677 maximarum
810 639 1068 691 appetitione
1101 641 1392 680 concluditur?
1426 642 1473 680 Ut
1504 641 1670 680 Phidias
1703 644 1840 692 potest
1866 651 1888 678 a

128 700 260 752 primo
294 699 510 738 instituere
544 700 705 751 signum
740 701 868 753 idque
902 700 1121 753 perlicere,
1157 709 1288 753 potest
1312 703 1362 741 ab
1393 703 1477 742 alio
1510 703 1749 742 inchoatum
1781 701 1888 741 acci·-

127 775 223 814 pere
256 767 295 801 et
326 761 564 807 absolvere,
596 762 690 801 huic
722 763 870 802 similis
902 770 962 802 est
993 765 1218 816 sapientia:
1265 779 1347 804 non
1381 767 1487 805 euim
1521 767 1610 818 ipsa
1642 765 1785 817 genuit
1814 764 1888 803 ho-

126 825 300 870 minem,
332 823 404 863 sed
436 824 597 876 accepit
628 837 651 863 a
683 831 831 864 natura
863 825 1113 864 inchoatum.
1168 827 1281 865 llanc
1313 842 1409 879 ergo
1433 829 1598 867 intuens
1623 828 1746 867 debet
1771 826 1888 866 insti·
1903 832 1937 862 40

125 892 255 926 tutum
286 885 389 924 illud
423 887 541 938 quasi
573 887 737 937 signum
769 887 999 928 absolvere.
1060 888 1126 927 33.
1160 890 1333 937 Qualem
1366 891 1490 941 igitur
1511 890 1719 930 hominem
1743 895 1887 930 natura

124 946 363 987 inchoavit?
406 954 445 986 et
477 948 588 1000 quod
622 955 683 988 cst
716 963 885 997 munus,
918 950 1029 1003 quod
1064 964 1167 1004 opus
1199 952 1458 1004 sapientiae?
1491 952 1590 1004 quid
1620 954 1814 1006 estquod
1837 952 1886 992 ab

126 1023 173 1050 ea
211 1010 372 1049 absolvi
413 1016 453 1049 et
490 1010 632 1062 perlici
666 1010 843 1051 debeat?
895 1014 936 1052 Si
970 1013 1073 1052 nihil
1117 1014 1155 1052 iu
1199 1027 1247 1052 eo
1288 1012 1585 1066 perficiendum
1629 1020 1691 1054 est
1723 1020 1888 1067 praeter

125 1078 278 1112 motum
309 1073 462 1124 ingenii
495 1074 724 1125 quendam,
758 1074 798 1112 id
830 1080 893 1113 est
923 1076 1146 1122 rationem,
1178 1090 1349 1115 necesse
1373 1083 1433 1116 est
1460 1076 1558 1115 huic
1579 1075 1773 1115 ultimum
1795 1089 1887 1116 esse

125 1147 174 1174 ex
206 1133 354 1174 virtute
386 1148 534 1187 agere;
566 1136 738 1175 rationis
772 1136 881 1175 enim
915 1137 1116 1189 perfectio
1149 1143 1211 1177 est
1233 1139 1384 1178 virtus:
1418 1139 1451 1177 si
1484 1136 1588 1177 nihil
1621 1137 1699 1177 nisi
1722 1145 1935 1191 corpus,46

123 1210 278 1237 summa
309 1203 430 1237 erunt
462 1198 549 1245 illa,
584 1198 793 1246 valetudo,
825 1198 1010 1239 vacuitas
1034 1200 1211 1246 doloris,
1244 1200 1533 1253 pulchritudo,
1567 1205 1717 1240 cetera.
1770 1201 1888 1239 Nunc

122 1258 171 1299 de
208 1259 388 1299 hominis
432 1274 592 1300 summo
629 1260 738 1301 bono
771 1262 1000 1314 quaeritur.
1064 1262 1172 1304 XIV.
1202 1260 1268 1300 36.
1302 1262 1414 1310 Quid
1446 1276 1544 1315 ergo
1575 1261 1812 1303 dubitamus
1843 1263 1886 1302 in

120 1327 203 1362 tota
243 1323 333 1361 eius
372 1328 518 1362 natura
558 1337 758 1377 quaerere
797 1324 898 1377 quid
939 1326 991 1364 sit
1033 1326 1255 1364 effectum?
1302 1325 1403 1365 Cum
1444 1325 1555 1365 enim
1587 1330 1749 1364 constet
1779 1325 1887 1364 inter

119 1396 260 1424 omnes
293 1398 416 1424 omne
449 1384 634 1425 osticium
675 1399 914 1440 munusque
945 1387 1173 1439 sapientiae
1206 1387 1248 1426 in
1279 1387 1461 1427 hominis
1493 1387 1608 1427 cultu
1639 1399 1731 1427 esse
1763 1399 1886 1426 occu-

117 1452 274 1499 patum,
307 1447 379 1487 alii
409 1470 463 1476 —
490 1461 542 1487 ne
574 1461 639 1487 me
671 1449 884 1489 existimes
917 1456 1061 1489 contra
1094 1450 1256 1490 Stoicos
1288 1450 1423 1490 solum
1457 1451 1593 1490 dicere
1614 1470 1668 1477 —
1700 1461 1768 1488 eas
1791 1461 1885 1488 sen·
1899 1457 1935 1486 20

117 1510 265 1550 tentias
297 1510 493 1558 afferunt,
526 1517 570 1550 ut
603 1525 809 1551 summum
842 1512 998 1552 bonum
1030 1513 1072 1551 in
1105 1525 1153 1552 eo
1176 1526 1326 1565 genere
1347 1518 1526 1566 ponant,
1559 1510 1672 1565 quod
1694 1511 1748 1551 sit
1768 1515 1885 1551 extra

116 1578 297 1613 nostram
330 1578 602 1626 potestatem,
635 1579 847 1628 tamquam
880 1575 930 1615 de
963 1576 1148 1615 inanimo
1180 1575 1321 1629 aliquo
1351 1576 1601 1629 loquantur,
1633 1574 1703 1614 alii
1725 1578 1883 1620 contra,

116 1636 231 1688 quasi
263 1649 415 1688 corpus
448 1636 606 1676 nullum
639 1637 690 1675 sit
720 1636 923 1684 hominis,
955 1638 1010 1677 ita
1043 1643 1207 1690 praeter
1237 1639 1421 1677 animum
1452 1637 1559 1677 nihil
1590 1640 1757 1683 curant,
1789 1648 1882 1674 cum

115 1700 358 1750 praesertim
390 1699 479 1752 ipse
512 1712 683 1752 quoque
716 1698 879 1739 animus
911 1713 995 1739 non
1027 1701 1150 1739 inane
1172 1700 1314 1739 nescio
1339 1699 1437 1753 quid
1460 1700 1513 1739 sit
1533 1720 1587 1728 —
1607 1711 1747 1751 neque
1771 1697 1882 1736 enim

114 1758 154 1798 id
184 1773 353 1813 possum
384 1762 627 1814 intellegere
659 1784 731 1809 —,
765 1761 837 1802 sed
870 1764 910 1802 in
934 1763 1114 1816 quodam
1147 1774 1297 1813 genere
1327 1761 1533 1814 corporis,
1564 1765 1610 1800 ut
1639 1772 1690 1800 ne
1722 1759 1758 1799 is
1791 1758 1881 1812 qui·
1896 1769 1932 1799 25

114 1821 204 1862 dem
236 1824 387 1864 virtute
424 1838 508 1864 una
547 1830 767 1864 contentus
808 1825 884 1872 sit,
925 1826 998 1865 sed
1031 1828 1200 1877 appetat
1230 1823 1482 1863 vacuitatem
1514 1822 1688 1863 doloris.
1744 1820 1880 1869 Quam

113 1884 162 1924 ob
194 1898 279 1926 rem
310 1887 480 1940 utrique
513 1887 622 1926 idem
652 1887 811 1927 faciunt
842 1895 887 1928 ut
919 1889 951 1928 si
980 1888 1138 1927 laevam
1161 1891 1319 1938 partem
1341 1885 1630 1938 neglegerent,
1663 1884 1879 1924 dexteram

111 1951 344 1996 tuerentur,
375 1954 447 1988 aut
478 1949 612 2001 ipsius
644 1950 791 1997 animi,
823 1956 868 1989 ut
898 1950 996 1989 fecit
1018 1949 1187 1995 Erillus,
1220 1948 1500 2000 cognitionem
1524 1947 1876 2001 amplexarentur,

110 2009 314 2050 actionem
350 2011 647 2064 relinquerent.
706 2013 861 2052 Eorum
897 2013 1007 2052 enim
1039 2010 1244 2057 omnium,
1284 2010 1414 2049 multa
1445 2008 1878 2063 praetermittentium,

112 2071 207 2112 dum
239 2074 395 2126 eligant
425 2073 602 2126 aliquid,
636 2074 749 2127 quod
781 2081 1033 2128 sequantur,
1066 2073 1184 2126 quasi
1217 2079 1333 2112 curta
1358 2072 1587 2112 sententia:
1620 2076 1662 2112 at
1686 2083 1784 2111 vero
1806 2068 1878 2108 illa
1891 2079 1956 2119 30¹

109 2134 289 2188 perfecta
319 2142 445 2189 atque
478 2136 601 2188 plena
633 2150 796 2183 eorum,
829 2138 899 2190 qui
935 2151 1029 2176 cum
1063 2135 1113 2174 de
1144 2134 1328 2174 hominis
1360 2147 1521 2174 summo
1552 2134 1663 2174 bono
1698 2144 1877 2187 quaere-

108 2203 217 2244 rent,
259 2198 416 2238 nullam
454 2199 496 2237 in
538 2212 587 2238 eo
627 2213 763 2252 neque
795 2200 925 2239 animi
957 2212 1095 2252 neque
1127 2197 1315 2249 corporis
1347 2203 1507 2249 partem
1538 2208 1714 2236 vacuam
1744 2193 1874 2234 tutela

108 2259 380 2313 reliquerunt.
439 2258 506 2299 37.
538 2262 622 2300 Vos
654 2268 812 2309 autem,
847 2262 959 2309 Cato,
992 2261 1092 2314 quia
1115 2259 1262 2306 virtus,
1294 2264 1338 2299 ut
1360 2273 1504 2299 omnes
1535 2258 1730 2304 fatemur,
1761 2255 1876 2296 altis-

108 2321 255 2361 simum
286 2323 425 2363 locum
456 2323 499 2362 in
530 2323 699 2362 homine
732 2329 773 2363 et
803 2324 983 2363 maxime
1015 2322 1291 2362 excellentem
1324 2328 1441 2362 tenet
1471 2328 1512 2361 et
1541 2320 1657 2374 quod
1686 2332 1770 2367 eos,
1804 2318 1875 2372 qui

109 2384 316 2436 sapientes
348 2390 464 2432 sunt,
496 2385 710 2424 absolutos
744 2390 783 2424 et
814 2385 1019 2439 perfectos
1051 2390 1264 2436 putamus,
1296 2384 1429 2423 aciem
1458 2383 1693 2423 animorum
1713 2386 1924 2421 nostro-85

107 2458 197 2486 rum
226 2447 389 2487 virtutis
420 2448 642 2501 splendore
674 2448 990 2500 praestringitis.
1051 2448 1099 2486 ln
1139 2447 1252 2486 omni
1285 2448 1396 2486 enim
1428 2447 1639 2486 animante
1672 2449 1734 2484 est
1763 2456 1874 2484 sum-

108 2519 219 2548 mum
249 2508 409 2563 aliquid
440 2516 564 2563 atque
597 2510 824 2562 optimum,
856 2516 902 2549 ut
932 2510 974 2550 in
1006 2509 1148 2563 equis,
1181 2509 1223 2549 in
1254 2509 1449 2558 canibus,
1481 2508 1632 2562 quibus
1663 2512 1800 2547 tamen
1831 2510 1872 2546 et

190 2716 222 2750 4.
249 2718 319 2758 Quo
348 2720 454 2762 modo]
485 2717 548 2759 quii
571 2721 595 2751 B
630 2720 714 2760 (non
739 2720 793 2759 E).
834 2721 884 2752 Cf.
912 2721 930 2761 g
955 2721 1007 2752 33.
1035 2738 1069 2742 -
1097 2721 1129 2751 5.
1156 2720 1219 2750 sint
1242 2719 1266 2750 B
1294 2735 1331 2741 —
1362 2718 1393 2749 6.
1419 2717 1637 2757 appetendum
1659 2717 1683 2748 B
1709 2733 1746 2739 —
1780 2715 1869 2748 omni

104 2775 219 2800 earum
243 2770 266 2801 B
282 2770 307 2801 E
333 2786 368 2792 —
396 2770 427 2802 7.
450 2770 540 2809 plur.
568 2774 625 2801 aut
648 2779 741 2801 max.
768 2771 792 2801 E
820 2786 854 2792 —
883 2771 914 2802 9.
941 2770 1116 2801 absolvere.
1142 2770 1225 2800 Huic
1249 2769 1273 2800 O
1300 2785 1335 2789 ——
1361 2768 1475 2799 similis
1499 2770 1543 2799 est
1565 2766 1728 2805 sapientia
1750 2765 1794 2796 B:
1822 2769 1868 2797 est

103 2818 263 2856 sapientia
285 2819 399 2851 similis
421 2818 523 2851 codd.
551 2818 654 2853 dett.;
680 2820 843 2859 sapientia
866 2821 980 2851 similis
1006 2821 1085 2859 (om.
1110 2823 1163 2857 est)
1190 2820 1214 2850 O
1242 2835 1277 2840 —
1304 2818 1357 2848 41.
1386 2816 1531 2858 Qualem]
1559 2818 1671 2855 Quare
1693 2815 1717 2846 B
1745 2832 1780 2836 —
1805 2815 1866 2845 ho—

103 2867 220 2900 minem
242 2872 367 2901 natura
390 2869 472 2901 BE:
505 2873 628 2900 natura
652 2870 813 2901 hominem
837 2871 868 2901 M
884 2871 907 2901 O
935 2888 967 2892 —
1000 2871 1051 2900 42.
1079 2869 1166 2908 quid]
1192 2868 1278 2907 qaod
1301 2868 1324 2898 B
1341 2867 1364 2898 E
1393 2885 1427 2889 —
1454 2866 1495 2897 ab
1519 2875 1554 2897 eo
1578 2866 1641 2898 BE
1669 2882 1704 2888 —
1732 2864 1784 2897 43.
1810 2865 1864 2897 Sic

103 2923 135 2946 n.
153 2916 178 2947 B
199 2935 233 2941 —
257 2918 292 2950 in
313 2928 348 2951 eo
371 2918 478 2951 palat.
497 2920 533 2950 5:
561 2921 690 2959 quidem
713 2921 743 2951 in
768 2929 803 2951 co
822 2922 866 2951 G:
894 2921 925 2950 in
951 2929 1013 2959 qao
1039 2920 1105 2958 (uin
1130 2917 1269 2949 animali
1293 2916 1440 2956 aliquo»)
1465 2915 1619 2956 Madvig;
1645 2916 1680 2946 in
1703 2923 1751 2954 eo,
1777 2915 1864 2954 quod

103 2964 127 2996 Β
152 2966 176 2997 Ο
203 2984 238 2990 -
266 2967 317 3000 44.
344 2969 377 2999 id
403 2972 447 3000 est
471 2977 534 3009 per
561 2970 810 3010 compendium
835 2970 845 3000 i
875 2972 952 3008 (non
979 2970 1022 3008 id)
1051 2968 1215 3001 exhibent
1239 2967 1302 2998 BE
1328 2983 1362 2988 -
1391 2967 1443 2997 45.
1469 2974 1486 2998 e
1506 2966 1627 2997 virtute
1648 2966 1676 2996 D
1702 2981 1737 2986 —
1765 2972 1864 3004 agere

104 3013 127 3044 B
142 3015 188 3045 D:
213 3016 318 3048 uitam
342 3026 440 3058 agere
456 3018 610 3058 (augere,
627 3019 795 3059 sranyere)
815 3019 916 3050 codd.
937 3019 1040 3055 dett:
1067 3019 1169 3049 citam
1190 3020 1314 3058 fingere
1330 3016 1354 3047 Ο
1374 3033 1408 3037 -
1435 3016 1481 3046 sic
1498 3015 1595 3046 nichil
1611 3015 1634 3045 B
1654 3032 1689 3037 —
1716 3014 1768 3045 46.
1782 3014 1863 3052 pul-

103 3063 249 3097 chritudo
273 3075 342 3099 om.
369 3068 393 3098 B
421 3068 499 3107 (non
526 3068 563 3106 E)
589 3086 623 3090 -
654 3071 703 3099 13.
731 3070 881 3108 queritur
904 3070 985 3100 bono
1009 3070 1032 3100 B
1053 3086 1087 3090 —
1114 3067 1202 3108 erqo]
1230 3067 1330 3106 iyitur
1354 3066 1377 3096 B
1404 3082 1439 3088 -
1468 3065 1520 3096 49.
1545 3064 1714 3104 sapiencia
1736 3061 1754 3095 ἒ
1776 3064 1811 3094 in
1834 3063 1858 3094 B

107 3129 141 3135 —
168 3114 219 3146 ΞΟ.
243 3117 381 3148 stoicum
403 3117 427 3148 B
454 3134 489 3139 —
522 3118 574 3148 22.
602 3118 639 3148 (Ie
668 3127 736 3149 om.
764 3120 787 3150 B
823 3137 858 3140 —
891 3120 1038 3150 inanimo
1069 3118 1181 3156 aliquo
1205 3116 1413 3154 Madvigius:
1448 3115 1481 3145 in
1505 3115 1643 3146 animali
1666 3123 1730 3153 quo
1753 3114 1794 3150 B;
1825 3113 1860 3143 in

103 3164 218 3194 annali
240 3173 303 3205 quo
326 3166 371 3203 E;
398 3167 537 3198 animali
560 3167 671 3207 aliquo
696 3169 720 3199 O
748 3186 781 3190 —
809 3169 861 3200 24.
880 3170 966 3200 enim
990 3178 1060 3200 om.
1086 3169 1110 3199 B
1138 3185 1172 3189 -
1208 3167 1260 3197 28.
1287 3166 1398 3196 eritius
1419 3165 1502 3196 BE:
1528 3165 1670 3197 Herillus
1692 3165 1724 3195 M
1737 3164 1774 3195 O.
1807 3162 1857 3195 Cf.

104 3211 149 3250 11,
175 3211 261 3253 §35
283 3232 318 3237 —
346 3214 398 3247 30.
425 3216 551 3255 aliquid
574 3217 669 3257 quod]
696 3218 829 3257 aliquod
852 3218 875 3249 B
897 3236 931 3240 -
957 3217 1125 3257 sententia]
1150 3216 1308 3247 sententia
1330 3218 1376 3246 est
1398 3216 1532 3246 Marsus
1557 3216 1590 3246 et
1614 3212 1804 3246 Lambinus
1820 3228 1855 3233 -

104 3258 156 3292 33.
180 3261 401 3304 relinquerent
421 3265 446 3297 B
473 3282 508 3288 -
534 3265 601 3297 Nos
623 3266 686 3298 BE
714 3285 749 3289 —
776 3267 828 3298 35.
855 3268 958 3299 aciem
974 3266 1280 3307 --praestrinyitis
1302 3265 1432 3297 Nonius
1455 3273 1489 3306 p.
1516 3264 1571 3297 35.
