2249 3624
206 127 289 169 502
866 124 936 163 DE
965 120 1317 162 DIVINATIONE

208 233 530 274 concertationis
569 231 708 271 studio
746 229 873 269 modo
913 229 971 267 ait
1007 227 1108 273 hoc,
1148 225 1272 266 modo
1303 225 1408 264 illud
1439 226 1524 273 ait;
1569 224 1640 264 ille
1673 224 1787 278 quod
1818 227 1971 274 sentit3

208 296 335 336 sentit
364 301 503 335 autem
534 293 639 334 nihil
669 305 867 346 umquam
900 290 1083 341 elegans,
1115 288 1219 327 nibil
1251 287 1460 328 decorum.
1520 287 1643 327 Hunc
1672 300 1770 340 ergo
1802 293 1974 341 antepo-

208 371 284 398 nes
306 358 467 398 Platoni
490 363 529 396 et
551 355 741 395 Socrati?
773 353 844 406 qui
875 358 921 391 ut
951 351 1154 390 rationem
1187 364 1270 389 non
1301 350 1536 397 redderent,
1566 351 1810 390 auctoritate
1835 356 1974 390 tamen

207 420 286 460 hos
318 420 501 460 minutos
532 415 810 470 philosophos
843 414 1071 453 vincerent.
1132 413 1252 452 lubet
1286 412 1412 464 igitur
1442 412 1558 452 Plato
1598 412 1657 452 sic
1693 412 1744 452 ad
1781 426 1973 453 somnum

177 480 417 535 sproficisci
449 479 693 532 corporibus
725 476 920 523 adfectis,
962 481 1008 514 ut
1039 475 1143 513 nihil
1175 476 1228 514 sit
1265 475 1379 528 quod
1412 488 1593 514 errorem
1634 475 1783 515 animis
1814 481 1975 528 pertur-

208 545 507 596 bationemque
549 540 723 580 adferat.
783 540 846 578 Ex
889 551 971 591 quo
1016 538 1139 576 etiam
1178 537 1462 590 Pythagoricis
1502 537 1768 578 interdictum
1807 544 1977 591 putatur

208 620 261 647 ne
301 606 396 646 faba
435 608 726 649 vescerentur,
770 600 882 654 quod
926 599 1052 639 habet
1089 599 1348 638 inflationem
1389 613 1580 652 magnam
1619 600 1653 639 is
1685 601 1821 648 cibus,
1865 606 1976 640 tran-

210 667 407 723 quillitati
447 666 597 705 mentis
637 663 854 717 quaerenti
893 675 990 702 vera
1030 662 1295 701 contrariam.
1356 660 1421 702 63.
1465 663 1565 702 Cum
1598 676 1697 715 ergo
1737 669 1800 703 est
1830 676 1976 704 somno

209 735 426 772 sevocatus
471 727 634 767 animus
677 739 699 765 a
742 725 941 764 societate
983 729 1023 764 et
1062 738 1084 764 a
1127 725 1378 776 contagione
1420 726 1625 777 corporis,
1668 731 1755 765 tum
1788 726 1978 766 meminit

158 806 194 836 4ο
209 792 541 848 praeteritorum,
574 788 810 842 praesentia
841 787 986 834 cernit,
1018 787 1157 827 futura
1189 787 1401 839 providet3
1433 787 1542 826 iacet
1568 788 1677 826 enim
1706 799 1856 840 corpus
1883 788 1978 828 dor-

209 856 376 894 mientis
415 860 459 892 ut
498 851 673 898 mortui,
713 853 824 903 viget
861 856 1000 889 autem
1046 855 1087 889 et
1127 850 1226 888 vivit
1265 850 1442 888 animus.
1514 849 1639 897 Quod
1678 850 1808 889 multo
1846 851 1976 903 magis

206 917 332 957 faciet
363 921 457 968 post
487 920 687 960 mortem,
729 927 822 952 cum
854 913 1025 952 omnino
1058 924 1231 963 corpore
1266 913 1506 951 excesserit.
1574 913 1722 966 Itaque
1752 912 1978 966 adpropin-

209 984 363 1032 quante
407 983 538 1016 morte
580 976 711 1015 multo
755 981 817 1015 est
854 975 1048 1014 divinior.
1108 975 1211 1012 Nam
1254 980 1295 1013 et
1334 975 1374 1013 id
1407 974 1544 1027 ipsum
1576 975 1736 1022 vident,
1779 976 1978 1029 quisunt

207 1041 351 1081 morbo
384 1039 497 1092 gravi
531 1044 571 1077 et
601 1037 815 1077 mortifero
847 1037 1023 1084 adfecti,
1056 1037 1212 1076 instare
1245 1043 1451 1084 mortem,
1495 1038 1636 1090 itaque
1668 1038 1718 1077 iis
1751 1045 1978 1079 occurrunt

157 1118 193 1147 45
207 1105 453 1157 plerumque
485 1101 688 1153 imagines
721 1106 993 1145 mortuorum,
1025 1104 1199 1152 tumque
1225 1101 1290 1139 vel
1318 1113 1510 1140 maxume
1538 1100 1651 1140 laudi
1674 1101 1854 1148 student,
1885 1114 1977 1141 eos-

206 1180 302 1221 que,
335 1166 407 1219 qui
439 1177 560 1205 secus
592 1176 714 1215 quam
747 1163 886 1202 decuit
916 1162 1132 1209 vixerunt,
1164 1168 1431 1214 peccatorum
1463 1176 1635 1202 suorum
1665 1169 1752 1203 tum
1783 1176 1977 1204 maxume

204 1229 401 1282 paenitet.
462 1223 527 1266 64.
569 1226 766 1265 Divinare
807 1230 943 1264 autem
985 1224 1211 1264 morientes
1250 1225 1322 1264 illo
1363 1225 1487 1264 etiam
1527 1226 1721 1278 exemplo
1758 1225 1978 1266 confirmat

205 1291 477 1337 Posidonius,
521 1288 634 1343 quod
672 1287 830 1335 adfert,
872 1287 1082 1326 Rhodium
1123 1286 1332 1340 quendam
1375 1288 1622 1327 morientem
1662 1301 1738 1328 sex
1776 1289 1976 1341 aequales

205 1353 442 1394 nominasse
475 1357 515 1392 et
547 1351 720 1398 dixisse,
753 1351 825 1404 qui
857 1351 1015 1403 primus
1039 1364 1198 1396 eorum,
1229 1350 1300 1403 qui
1329 1350 1553 1398 secundus,
1584 1351 1655 1404 qui
1684 1348 1835 1390 deinde
1859 1350 1977 1391 dein-

154 1429 190 1459 20
206 1429 301 1470 ceps
334 1415 562 1455 moriturus
595 1419 718 1454 esset,
781 1413 862 1453 Sed
894 1413 1026 1453 tribus
1058 1412 1195 1452 modis
1221 1418 1362 1452 censet
1384 1413 1558 1452 deorum
1582 1413 1762 1466 adpulsu
1785 1414 1976 1454 homines

205 1479 436 1520 somniare:
478 1491 582 1524 uno,
626 1476 736 1530 quod
769 1475 986 1530 provideat
1016 1476 1179 1515 animus
1211 1475 1301 1528 ipse
1333 1489 1406 1529 per
1437 1489 1552 1523 sese,
1585 1476 1743 1528 quippe
1775 1477 1846 1529 qui
1879 1477 1977 1517 deo-

204 1556 296 1582 rum
327 1540 577 1594 cognatione
609 1544 822 1586 teneatur‚
865 1539 1020 1585 altero,
1061 1538 1172 1590 quod
1205 1538 1352 1591 plenus
1384 1551 1455 1578 aer
1486 1539 1538 1578 sit
1568 1539 1849 1579 inmortalium
1888 1540 1977 1579 ani-

205 1618 389 1649 morum,
420 1604 462 1643 in
497 1603 652 1656 quibus
684 1608 894 1654 tamquam
927 1602 1148 1654 insignitae
1181 1607 1303 1640 notae
1335 1602 1522 1641 veritatis
1553 1607 1806 1654 appareant,
1838 1603 1974 1650 tertio,

206 1666 319 1720 quod
360 1667 438 1720 ipsi
480 1666 521 1706 di
562 1679 654 1705 cum
694 1664 998 1704 dormientibus
1042 1663 1360 1716 conloquantur.
1422 1664 1580 1716 quue,
1623 1670 1669 1704 ut
1705 1665 1830 1704 modo
1870 1664 1974 1713 dixi,

154 1742 191 1772 25
205 1728 369 1768 facilius
410 1729 548 1767 evenit
579 1728 942 1780 adpropinquante
975 1732 1128 1773 morte,
1172 1731 1219 1765 ut
1249 1725 1376 1766 animi
1408 1726 1546 1766 futura
1577 1733 1847 1780 augurentur.
1907 1726 1973 1767 65.

205 1793 268 1832 Ex
301 1804 385 1844 quo
418 1796 459 1830 et
489 1790 592 1830 illud
625 1796 688 1829 est
719 1789 901 1835 Callani,
943 1788 993 1827 de
1034 1802 1117 1841 quo
1158 1795 1251 1828 ante
1293 1788 1404 1836 dixi,
1448 1795 1488 1829 et
1526 1789 1737 1829 Homerici
1768 1789 1974 1836 Hectoris,

208 1854 279 1908 qui
311 1854 493 1893 moriens
526 1853 801 1906 propinquam
825 1851 976 1891 Achilli
1009 1857 1183 1891 mortem
1208 1852 1440 1892 denuntiat.
1499 1852 1655 1891 XXXI.
1687 1854 1832 1905 Neque
1864 1851 1973 1892 enim

204 1916 310 1957 illud
352 1916 522 1956 verbum
561 1922 716 1956 temere
758 1914 1020 1954 consuetudo
1061 1914 1400 1967 adprobavisset,
1445 1913 1477 1955 si
1517 1928 1565 1955 ea
1604 1929 1670 1955 res
1711 1915 1827 1954 nulla
1864 1919 1975 1955 esset

207 1980 393 2026 omnino,

153 2056 191 2088 30
290 2042 628 2095 Praesagibat
667 2042 868 2081 animus
906 2039 1107 2080 frustra
1144 2054 1216 2080 me
1249 2041 1345 2087 ire,
1390 2054 1499 2081 cum
1537 2042 1730 2081 exirem
1763 2039 1918 2080 domo.

207 2105 350 2158 Sagire
391 2105 501 2145 enim
543 2105 698 2144 sentire
740 2109 859 2143 acute
898 2109 980 2150 est,
1024 2117 1075 2142 ex
1116 2118 1197 2156 quo
1237 2117 1359 2156 sagae
1402 2117 1526 2151 anus,
1568 2104 1664 2157 quia
1703 2103 1833 2143 multa
1869 2103 1975 2143 scire

207 2168 374 2215 volunt,
415 2172 456 2207 et
486 2181 655 2220 sagaces
687 2166 785 2206 dicti
820 2179 956 2206 canes.
1017 2167 1054 2205 Is
1087 2166 1236 2218 igitur,
1279 2167 1351 2219 qui
1390 2172 1486 2206 ante
1528 2167 1635 2220 sagit
1674 2180 1797 2220 quam
1837 2167 1976 2207 oblata

206 2245 272 2271 res
304 2236 387 2278 est,
420 2230 570 2270 dicitur
600 2229 856 2283 praesagire,
888 2229 930 2268 id
963 2234 1043 2276 est,
1075 2228 1214 2269 futura
1245 2235 1340 2269 ante
1372 2230 1541 2269 sentire.
1600 2228 1667 2269 66.
1710 2230 1824 2269 Inest
1852 2229 1976 2282 igitur

296 2407 324 2437 ⁴.
357 2406 453 2437 modo
476 2405 552 2440 hoc,
579 2405 673 2435 modo
696 2403 779 2434 illud
804 2404 871 2439 ai!;
903 2403 955 2433 ille
984 2403 1070 2442 qnod
1100 2403 1194 2432 sentit
1227 2402 1383 2441 Madvig:
1422 2403 1517 2432 modo
1541 2404 1588 2433 aie
1614 2404 1691 2441 (aul
1714 2402 1758 2441 H)
1795 2403 1854 2434 hoc
1877 2404 1973 2435 modo

204 2458 287 2490 illud
317 2460 352 2488 at
381 2457 433 2486 ille
465 2456 550 2494 quod
578 2455 672 2485 sentit
698 2454 742 2489 C;
776 2455 871 2484 modo
902 2453 949 2483 ait
979 2453 1053 2490 hoc,
1086 2453 1181 2482 modo
1211 2453 1302 2483 illud.
1343 2453 1383 2483 At
1411 2452 1463 2483 ille
1493 2453 1571 2491 quid
1593 2453 1710 2484 sentit?
1735 2453 1760 2484 O
1815 2453 1973 2486 «Acerba

205 2510 315 2540 ironia
341 2508 528 2547 Epicurum
553 2504 688 2542 laudat,
715 2503 808 2544 quod
835 2512 903 2534 non
929 2504 965 2533 ut
990 2502 1209 2539 Carneades,
1236 2503 1328 2542 quod
1356 2501 1526 2539 lubuerit,
1553 2502 1736 2541 defendat,
1763 2503 1825 2535 sed
1851 2507 1972 2545 aperte

207 2558 301 2600 quod
326 2558 452 2588 sentiat
476 2555 601 2586 dicat.»
632 2572 665 2576 —
701 2554 731 2585 4.
759 2554 845 2584 Iube!
870 2553 1260 2592 igitur-„contrariam
1284 2552 1382 2583 atl'ert
1409 2552 1534 2583 Gellius
1559 2554 1651 2584 NA.
1678 2553 1732 2589 IV,
1754 2554 1787 2584 tt
1819 2571 1852 2576 —-
1888 2556 1919 2585 5,
1944 2558 1974 2586 ec

207 2610 332 2649 affectis
356 2608 382 2637 H
410 2623 442 2627 —
471 2606 500 2636 6.
528 2605 738 2644 Pythagoreis
763 2603 891 2635 Gellius
920 2620 953 2624 —
981 2603 1011 2633 7.
1039 2602 1134 2642 quod]
1161 2612 1246 2640 quae
1268 2611 1320 2633 res
1345 2602 1489 2640 Gellius,
1517 2611 1534 2633 a
1561 2611 1630 2642 quo
1655 2602 1756 2634 abest
1779 2604 1806 2634 is
1829 2604 1919 2635 cibus
1936 2622 1970 2627 —

206 2666 364 2697 magnam
399 2655 520 2686 eseibus
550 2655 595 2692 Η,
629 2654 691 2685 sed
724 2653 847 2684 escibus
881 2651 969 2683 linea
1002 2654 1202 2683 transversa
1236 2652 1390 2683 deletum
1427 2671 1461 2675 —
1500 2653 1530 2683 7.
1557 2653 1831 2691 tranquillitatem
1860 2655 1976 2685 mentis

207 2706 438 2748 quaerentibus
460 2705 667 2735 contrariam
692 2702 820 2734 Gellius
850 2721 883 2725 -
911 2703 1099 2741 quaerentis
1124 2702 1227 2733 codd.
1248 2702 1332 2733 dett.
1361 2705 1393 2734 et
1411 2703 1435 2734 Ο
1455 2720 1489 2724 —-
1525 2703 1575 2733 40.
1599 2704 1751 2741 prouidet
1767 2704 1846 2735 AB:
1872 2713 1975 2743 prae-

207 2758 295 2788 uidet
320 2756 493 2795 Vt‘32HO;
528 2754 571 2785 cf.
601 2755 630 2792 1,
658 2753 748 2793 got.
783 2754 830 2791 11,
857 2752 896 2793 §g
917 2752 968 2790 44,
997 2752 1048 2789 16,
1078 2752 1128 2787 47,
1157 2753 1209 2783 25.
1236 2753 1277 2783 ⁶27
1317 2771 1350 2775 —
1385 2754 1470 2784 enim
1495 2761 1564 2783 om.
1593 2753 1620 2783 H
1651 2771 1693 2775 —
1730 2754 1781 2784 43.
1808 2757 1853 2785 ext
1876 2751 1976 2793 quom

207 2810 283 2838 ante
306 2805 450 2836 diuinior
474 2806 500 2836 H
530 2823 563 2826 —
597 2808 626 2835 et
650 2803 786 2835 inclusit
810 2805 853 2840 Ο;
881 2804 915 2833 at
938 2812 970 2832 v.
998 2802 1146 2841 Madvig⁴
1175 2801 1217 2832 ad
1245 2803 1317 2834 Cic.
1345 2803 1388 2834 de
1415 2802 1497 2834 sinn,
1525 2811 1556 2843 p.
1576 2803 1638 2833 799
1666 2821 1699 2825 ——
1726 2805 1761 2835 id
1785 2813 1855 2835 om.
1882 2805 1910 2836 H
1937 2822 1972 2827 —

208 2855 260 2888 ⁴4.
287 2854 436 2885 morbum
461 2854 487 2885 H
516 2871 549 2876 -
577 2854 617 2884 iis
642 2854 687 2883 V:
714 2863 742 2885 ts
765 2854 844 2891 AB,
871 2853 919 2882 liis
943 2852 1008 2883 ΗΟ
1036 2869 1067 2872 -
1099 2852 1147 2881 45.
1176 2853 1306 2882 studens
1330 2851 1369 2883 Α1
1398 2870 1430 2874 -
1459 2852 1510 2883 47.
1535 2853 1655 2890 penitet
1679 2853 1761 2889 BH,
1784 2855 1927 2892 poenitet
1950 2855 1974 2886 Ο

212 2923 246 2928 -
272 2905 328 2935 illo
352 2904 452 2934 eliam
477 2904 520 2935 C:
554 2905 652 2935 eliam
677 2905 730 2935 illo
755 2905 779 2935 O
815 2921 849 2926 —
885 2903 937 2934 48.
965 2903 1050 2941 quod
1074 2901 1190 2932 ABV:
1227 2910 1290 2940 quo
1315 2902 1377 2932 llO
1401 2919 1444 2924 —-
1467 2902 1657 2932 morientem
1682 2903 1845 2940 quendam
1871 2903 1910 2934 Ηι
1935 2921 1970 2925 -

210 2954 260 2986 49.
289 2954 344 2993 qui
367 2954 479 2984 deinde
503 2954 652 2992 deinceps
677 2954 721 2984 C:
755 2954 811 2992 qui
836 2953 950 2983 deinde
974 2952 1029 2990 qui
1054 2951 1202 2988 deinceps
1226 2948 1278 2988 W,
1311 2951 1368 2988 que·
1391 2951 1538 2990 deinceps
1561 2952 1585 2982 O
1614 2969 1648 2973 —
1681 2951 1734 2982 ΞΟ.
1761 2952 1897 2990 adpulso
1920 2952 1972 2989 Αἱ,

207 3004 325 3043 apulsa
343 3004 369 3034 H
398 3021 430 3025 —
458 3003 511 3033 ζ21.
534 3004 730 3042 ρναεαὶᾶεαι
754 3002 865 3041 Vt‘?)O
893 3020 927 3024 -
955 3002 1007 3031 ⁶22.
1034 3000 1227 3031 mortalium
1252 3001 1278 3031 ll
1307 3018 1341 3023 —
1370 3000 1421 3032 24.
1448 3001 1544 3039 idque
1567 3009 1631 3031 non
1655 3002 1750 3032 modo
1774 3002 1814 3032 A¹
1842 3019 1875 3023 —
1901 3002 1975 3032 dimi

207 3055 302 3085 modo
328 3055 353 3085 H
383 3071 416 3076 —-
443 3054 495 3084 25.
524 3054 647 3084 eueniet
671 3054 694 3084 B
724 3071 756 3075 ——
784 3053 836 3084 26,
863 3052 935 3082 illua
958 3053 985 3083 Α
1012 3070 1045 3074 -
1075 3052 1192 3083 Catani
1218 3052 1299 3087 ss0;
1328 3053 1362 3082 at
1386 3061 1416 3081 v.
1445 3050 1489 3082 ad
1514 3051 1585 3091 §47
1615 3069 1649 3074 -
1677 3052 1728 3083 27.
1748 3052 1832 3082 enim
1856 3059 1925 3082 om.
1945 3052 1973 3083 H

206 3103 259 3136 ⁶28.
286 3103 617 3143 appropinquasuisset
644 3105 667 3135 ll
697 3122 731 3126 —-
767 3104 818 3134 30.
843 3102 1095 3143 praesagat-abac
1120 3101 1172 3137 13¹3
1208 3111 1332 3133 versus
1357 3104 1468 3133 exstat
1491 3102 1523 3132 in
1551 3101 1659 3133 Plauti
1679 3100 1788 3133 Aulul.
1822 3102 1862 3139 ΙΙ,
1888 3102 1920 3139 2,
1941 3102 1970 3140 4,

207 3154 300 3186 unde
325 3152 514 3184 Lambinus
541 3154 754 3193 praesumtae
778 3154 822 3183 mi
846 3154 976 3183 animus
1003 3170 1036 3175 -—
1072 3152 1125 3182 31.
1152 3160 1252 3191 saque
1276 3160 1360 3182 anus
1384 3152 1442 3181 V22
1469 3160 1632 3191 sageanus
1656 3151 1800 3190 A2Hv1,
1833 3159 1973 3191 sagenus

206 3204 246 3236 A¹
276 3221 307 3226 —
342 3202 431 3243 quia]
457 3212 541 3241 quae
566 3202 716 3234 malebat
742 3202 938 3234 fremellus
972 3221 1006 3225 —
1044 3201 1096 3233 32.
1123 3202 1179 3241 qui
1210 3202 1243 3233 in
1269 3210 1336 3233 ras.
1363 3202 1391 3233 1-1
1426 3219 1460 3224 -
1495 3204 1569 3233 ante
1599 3209 1668 3233 om.
1695 3202 1723 3233 H
1755 3219 1790 3223 —
1823 3202 1972 3242 sagaque

207 3253 317 3286 oblata
340 3253 368 3285 H
396 3269 428 3275 —
458 3252 511 3285 33.
536 3253 616 3285 inest
640 3261 710 3284 om.
737 3254 776 3284 H.
