2249 3624
284 228 355 271 404
366 230 390 271 8
1021 232 1299 278 CICERONIS

284 334 385 373 Sese
412 335 714 387 conficiensque
742 336 856 376 sinus
885 349 906 375 e
935 349 1106 389 corpore
1142 338 1291 389 flexos,

286 397 382 441 Quos
408 400 492 435 cani
518 405 668 446 tanyunt
694 403 868 436 immunes
895 403 1049 448 yuryitis
1078 402 1217 439 Arctoe.

288 460 413 497 Verum
439 463 525 499 haec
551 468 729 501 extremae
755 466 999 501 circumdatur
1026 467 1168 512 aqmz‘ne
1195 469 1332 503 caudae
1348 496 1357 509 ,

286 522 367 566 Qua
392 527 513 570 spirae
538 527 637 561 sinus
663 532 733 568 est,
773 529 970 564 involvitur
997 530 1115 565 altera
1141 530 1250 565 caeto.

281 584 412 632 Nempe
437 587 559 624 Helice
585 594 763 625 extremae
789 591 1035 626 circumdatur
1062 593 1204 640 aymine
1231 593 1388 633 caudae,

284 647 364 692 Qua
392 651 512 695 spirae
537 652 636 686 sinus
662 656 730 693 est,
762 658 869 698 caput
896 658 945 688 est
975 652 1216 699 Cynosuridos
1256 654 1388 690 Ursae:

284 710 384 754 Quae
412 717 529 748 tamen
555 724 665 759 usque
690 715 794 759 pedes
821 726 959 750 summo
987 716 1089 750 illum
1118 728 1141 752 a
1168 718 1296 752 vertice
1327 720 1455 764 tan9it.

281 774 503 820 Retroyrado
530 777 587 812 hic
614 778 743 812 iterum
769 789 875 813 cursu
902 780 1121 814 convertitur
1148 781 1289 825 anquis.

280 835 378 873 Huic
405 848 485 874 non
513 849 592 876 una
620 836 739 876 modo
768 844 890 889 caput
916 851 1065 878 ornans
1093 839 1208 879 stella
1242 839 1415 888 relucet,

279 897 429 936 Verum
456 904 639 950 tempora
668 906 763 939 sunt
790 899 939 952 duplici
967 901 1120 952 fulgore
1147 908 1307 951 notata,

279 959 308 997 E
337 959 605 1012 trucibusque
635 962 763 1002 oculis
792 962 871 1001 duo
900 963 1054 1002 fervida
1082 963 1234 1003 lumina
1267 965 1457 1015 flagrant,

280 1022 411 1072 Atque
441 1034 520 1060 uno
548 1029 730 1062 mentum
758 1025 931 1063 radianti
960 1025 1095 1064 sidere
1123 1026 1253 1067 lucet:

280 1083 497 1136 Obstipum
525 1093 648 1138 caput
676 1092 715 1126 et
742 1089 860 1126 tereti
891 1089 1051 1126 cervice
1081 1089 1276 1127 reflexum

280 1145 475 1185 Obtutum
503 1149 543 1186 in
572 1148 702 1188 cauda
729 1150 891 1187 maioris
920 1150 1044 1200 figere
1073 1149 1198 1189 dicas.

281 1208 456 1256 Opposita
483 1217 663 1248 extremae
689 1215 818 1259 capitis
845 1219 926 1249 sunt
953 1216 1103 1250 dextera
1130 1217 1280 1251 caudae.

278 1271 360 1309 Hoc
387 1277 510 1323 caput
533 1272 596 1311 hic
624 1273 789 1324 paulum
818 1286 910 1313 sese
939 1286 1113 1326 seroque
1149 1276 1355 1325 recondit,

279 1334 400 1373 Ortus
430 1335 498 1373 ubi
528 1341 650 1387 atque
678 1336 814 1375 obitus
842 1344 958 1388 parte
988 1337 1266 1377 admiscentur
1292 1340 1333 1377 in
1370 1352 1463 1379 una.

377 1423 482 1467 Quod
508 1427 680 1473 tangens
710 1422 870 1463 defessa
902 1423 1011 1463 velut
1037 1426 1258 1464 maerentis
1286 1427 1417 1476 imago

278 1484 474 1533 Vertitur;
505 1488 598 1522 hanc
624 1498 726 1523 nemo
754 1493 846 1524 certo
874 1490 940 1523 tibi
967 1490 1081 1524 dicere
1112 1491 1239 1534 possit,

277 1549 346 1585 Aut
373 1552 560 1596 quisnam,
592 1562 660 1596 quo
687 1553 733 1586 sit
758 1553 890 1596 sessus,
921 1553 1048 1587 labor:
1078 1558 1234 1588 attamen
1272 1554 1374 1589 illam

276 1610 571 1660 Engonasin
600 1612 795 1661 vocitant,
826 1612 1000 1662 genibus
1031 1613 1125 1663 quia
1153 1614 1246 1652 nixa
1282 1614 1446 1653 seratur.

277 1675 349 1710 Illa
374 1677 461 1720 petit
491 1677 584 1711 binis
611 1678 778 1712 manibus
806 1679 950 1713 diversa
978 1679 1159 1725 locorum,

278 1736 391 1783 Atque
417 1739 582 1773 humeros
607 1750 738 1784 supera
765 1741 870 1775 tensis
896 1741 1127 1785 dispenditur
1152 1741 1270 1782 ulnis,

278 1801 322 1836 Et
347 1813 453 1846 super
480 1813 545 1837 ora
572 1804 669 1838 cavis
695 1804 877 1848 spirantia
906 1805 1056 1838 naribus
1087 1805 1205 1849 iynem

278 1862 456 1909 Serpentis
482 1865 629 1900 deoetrae
655 1867 732 1911 fiyit
758 1867 908 1912 vestiyia
940 1867 1098 1911 plantae.

376 1949 445 1987 Hic
471 1948 538 1988 illa
566 1950 711 1988 eximio
738 1952 869 2000 posita
897 1956 959 1989 est
988 1950 1141 2001 fulgore
1174 1951 1395 1990 Corona:

276 2013 382 2049 Hanc
409 2013 657 2049 Ariadnaeum
686 2015 848 2050 Bacchus
877 2021 1022 2050 testatus
1051 2026 1209 2050 amorem

277 2075 403 2111 Intulit
431 2077 468 2111 in
496 2078 649 2118 caelum,
681 2089 753 2123 qua
778 2073 868 2113 Nm·
897 2083 997 2124 terya
1024 2080 1210 2122 fatiscunt.

375 2163 486 2199 quta
513 2165 676 2199 humeros
704 2164 842 2200 Sertum
870 2171 937 2200 est:
967 2169 1139 2214 propter
1166 2169 1289 2214 caput
1324 2164 1766 2214 Anguitenentis,

278 2225 405 2270 Quem
434 2224 542 2263 claro
567 2225 786 2276 perhibent
817 2225 1129 2276 Ophiuchum
1162 2226 1325 2264 nomine
1363 2226 1495 2274 Graii,

278 2287 340 2322 Est
366 2294 472 2333 caput
499 2290 615 2328 illius,
644 2301 850 2335 summoque
877 2301 920 2325 ex
947 2291 1075 2325 vertice
1113 2289 1201 2324 Nixi

278 2350 452 2394 Perfacile
480 2353 627 2387 alterius
655 2354 846 2388 candentia
873 2354 993 2387 sidera
1021 2363 1156 2387 nosces.

278 2411 376 2448 Huic
401 2423 550 2462 supera
579 2411 763 2462 duplices
792 2425 955 2451 umeros
987 2411 1120 2451 adfixa
1153 2412 1315 2451 videtur

278 2472 421 2522 Stella,
452 2474 606 2512 micans
635 2474 701 2513 tali
736 2475 873 2525 specie
899 2474 1050 2524 talique
1079 2475 1236 2523 nitore,

280 2536 428 2583 Fulqeat
454 2543 511 2581 ut,
538 2539 643 2583 pleno
670 2550 749 2574 cum
777 2540 910 2574 lumine
940 2539 1042 2573 Luna
1069 2539 1224 2582 refulsit.

278 2599 359 2634 Non
384 2611 453 2644 par
478 2605 527 2634 est
554 2602 703 2646 qeminis
732 2602 900 2635 manibus
927 2602 1030 2646 vtqor
1048 2628 1057 2641 ,
1097 2606 1128 2635 et
1157 2602 1236 2635 licet
1266 2602 1339 2635 iltis

278 2661 348 2697 Nec
374 2663 492 2697 nullus
519 2664 685 2707 splendor
711 2674 773 2698 nec
799 2665 844 2698 sit
870 2665 1092 2708 parvissima
1127 2664 1257 2703 moles,

278 2725 441 2759 Attamen
468 2729 516 2759 est
542 2727 655 2760 tenuis
683 2727 841 2771 disperso
870 2727 1003 2761 lumine
1037 2726 1171 2771 salyor.

278 2785 347 2822 Hic
375 2796 521 2834 pressu
550 2784 698 2835 duplici
727 2786 952 2837 palmarum
982 2787 1160 2823 continet
1187 2787 1443 2835 Anguem,

279 2847 411 2896 Atque
440 2847 527 2884 eius
553 2848 641 2897 ipse
670 2853 806 2886 manet
832 2847 1026 2897 religatus
1054 2859 1224 2897 corpore
1253 2853 1378 2895 torto;

280 2908 461 2957 Namque
488 2909 619 2946 virum
649 2908 826 2947 medlum
856 2921 1028 2960 serpens
1058 2908 1134 2947 sub
1163 2914 1328 2959 pectora
1360 2910 1494 2959 cingit.

281 2968 350 3005 Ille
380 2974 513 3007 tamen
545 2970 677 3008 nitens
705 2971 881 3019 graviter
908 2971 1075 3020 vestigia
1108 2971 1220 3020 ponit

281 3032 412 3080 Atque
440 3030 578 3068 oculos
605 3038 720 3080 urget
748 3031 925 3082 pedibus
958 3037 1186 3082 pectusque
1217 3033 1386 3083 Nepai.

281 3093 369 3138 Hic,
398 3105 538 3139 pressus
565 3096 714 3139 dcoetra,
758 3097 851 3131 tollit
876 3108 910 3131 se
934 3101 1038 3141 parte
1073 3097 1240 3140 sinistra,

282 3156 331 3191 Ac
360 3156 464 3191 Serta
492 3159 670 3203 attinyunt
697 3170 856 3194 summae
882 3159 1025 3195 Minoia
1062 3160 1193 3193 malae.

284 3218 354 3254 Sub
382 3221 483 3264 spira
510 3230 656 3263 quaeres
684 3222 854 3255 immenso
882 3233 1029 3266 corpore
1063 3221 1206 3261 Chelas,

285 3279 385 3323 Quae
412 3286 530 3316 tamen
556 3282 654 3316 haud
681 3293 850 3328 maynum
876 3285 1016 3319 iactant
1040 3294 1108 3330 pro
1136 3283 1226 3318 mole
1254 3284 1419 3321 nitorem.

1985 474 2034 512 50

1987 784 2034 822 55

1988 1429 2034 1467 65

1986 1743 2034 1779 70

1983 2079 2030 2117 75

1983 2416 2033 2454 80

1985 2727 2032 2766 85

1983 3037 2031 3074 90
