2032 3624
688 404 1393 469 PRAEFATIO.

272 599 401 639 Maior
444 610 540 652 pars
583 595 786 637 librorum
827 594 1134 643 Tullianorum‚
1183 595 1255 652 qui
1289 594 1340 636 ad
1375 592 1684 650 philosophiam
1717 597 1920 648 spectant,

159 682 242 709 uno
284 679 462 721 corpore
506 671 671 706 servata
714 663 767 705 ad
814 670 994 705 aetatem
1040 671 1225 705 nostram
1282 663 1530 720 pervenisse
1576 661 1753 709 videtur,
1807 660 1923 717 quod

159 734 519 791 complectebatur
551 732 678 774 libros
710 731 763 774 de
795 733 974 773 deorum
999 740 1158 783 natura,
1191 733 1244 774 de
1268 732 1537 779 divinatione.
1575 730 1628 772 de
1653 730 1924 772 universitate

158 806 247 848 sive
279 805 511 848 Timaeum,
561 802 612 844 de
645 802 748 847 l'ato.
782 801 942 858 topica,
993 801 1205 857 paradoxa
1243 802 1494 849 Stoicorum,
1529 799 1762 851 Lucullum,
1794 798 1924 840 libros

158 874 343 930 denique
395 873 448 914 de
491 872 670 927 legibus,
735 871 792 912 Ex
837 884 922 927 quo
962 884 1048 912 uno
1097 884 1277 927 corpore
1321 886 1415 913 cum
1449 871 1589 912 omnia
1620 883 1731 926 quae
1764 875 1927 911 exstant

157 942 403 999 apographa
434 942 622 983 derivata
654 955 750 983 esse
783 947 947 983 constet
978 963 1024 968 —
1071 954 1166 982 nam
1200 941 1241 981 in
1273 941 1470 982 omnibus
1503 940 1565 982 his
1597 940 1714 981 libris
1746 938 1925 981 eaedem

158 1012 281 1069 plane
322 1011 497 1053 lacunae
539 1009 919 1067 deprehenduntur
956 1035 1031 1052 ——.
1075 1009 1229 1052 criticis
1263 1010 1302 1051 in
1336 1009 1397 1051 his
1430 1009 1598 1065 scriptis
1630 1022 1679 1050 ea
1711 1008 1816 1050 ratio
1857 1021 1925 1050 se-

157 1082 327 1135 quenda
359 1089 432 1126 est,
467 1089 511 1122 ut
543 1081 658 1122 libris
692 1079 1000 1137 posterioribus
1033 1079 1237 1135 neglectis
1278 1079 1330 1122 ad
1373 1078 1490 1121 solos
1525 1077 1843 1135 antiquissimos
1885 1083 1926 1119 et

159 1152 329 1193 minime
362 1149 636 1206 interpolatos
670 1149 886 1192 Ciceronis
920 1148 1047 1191 verba
1081 1149 1286 1204 redigant.
1345 1149 1428 1190 Nos
1462 1147 1635 1204 quidem
1658 1147 1698 1188 in
1723 1146 1785 1188 his
1808 1146 1926 1189 libris

158 1219 518 1273 recognoscendis
556 1218 826 1260 adhibuimus
866 1218 974 1260 duos
1013 1218 1245 1260 Leidenses
1286 1218 1513 1259 Vossianos
1559 1231 1671 1258 num.
1703 1216 1755 1257 84
1787 1222 1829 1258 ct
1858 1216 1923 1264 86,

160 1303 340 1345 quorum
387 1302 549 1330 summa
587 1288 815 1330 auctoritas
855 1288 937 1330 iam
974 1287 1137 1330 dudum
1180 1288 1346 1344 cognita
1389 1293 1480 1329 erat
1519 1288 1570 1339 (v,
1610 1286 1725 1328 Bake
1756 1285 1809 1328 ad
1842 1286 1926 1328 Cic.

159 1358 211 1399 de
250 1357 355 1412 legg.
396 1371 435 1413 p.
483 1357 562 1398 1104
600 1358 721 1414 sqq.),
769 1363 992 1413 praeterea
1023 1357 1190 1399 tertium
1221 1356 1478 1399 Leidensem
1510 1356 1806 1403 Heinsianum,
1855 1354 1927 1411 qui

158 1440 241 1468 non
273 1426 400 1468 habet
431 1426 508 1468 nisi
541 1425 670 1468 libros
703 1426 756 1469 de
788 1426 966 1469 deorum
999 1434 1147 1468 natura
1180 1434 1221 1469 et
1252 1426 1306 1468 de
1336 1425 1595 1468 divinatione
1625 1432 1665 1467 et
1687 1425 1740 1468 de
1763 1424 1927 1480 legibus

159 1497 210 1549 (v.
249 1496 363 1537 Bake
403 1495 426 1538 l.
460 1510 494 1538 e.
527 1510 568 1552 p.
604 1496 719 1551 406),
754 1497 941 1554 denique
971 1504 1162 1540 veterem
1192 1496 1578 1544 vindobonensem,
1612 1495 1684 1552 qui
1716 1500 1926 1537 vetustate

158 1567 283 1607 etiam
327 1565 580 1607 Leidensem
615 1580 729 1607 num.
771 1566 823 1607 84
863 1566 1072 1621 signatum
1119 1566 1375 1609 antecedere
1407 1565 1585 1613 videtur,
1619 1564 1695 1607 sed
1728 1563 1854 1605 hodie
1888 1568 1928 1604 et

158 1635 210 1677 ab
256 1635 371 1676 initio
412 1642 452 1676 et
493 1635 545 1676 ad
583 1634 744 1677 calcem
792 1636 1006 1678 mutilatus
1049 1643 1124 1679 est.
1187 1638 1223 1679 ls
1255 1650 1429 1693 quoque
1461 1635 1616 1682 codex,
1650 1640 1695 1675 ut
1725 1632 1796 1690 qui
1829 1631 1929 1674 olim

159 1703 368 1746 Theodori
412 1703 630 1746 Pulmanni
662 1704 785 1746 fuerit
817 1706 868 1759 (v.
905 1705 1151 1762 Catalogum
1184 1705 1422 1748 Endlicheri
1456 1720 1497 1762 p.
1532 1704 1585 1745 ⁶26
1616 1704 1714 1760 sq),
1749 1716 1799 1744 ex
1828 1700 1929 1743 Hol-

159 1773 299 1814 landia
332 1774 370 1815 in
404 1780 536 1815 terras
569 1780 733 1816 nostras
766 1774 1032 1830 migraverat.
1093 1776 1196 1818 Cum
1230 1783 1370 1817 autem
1410 1774 1570 1816 nullum
1610 1772 1764 1814 librum
1800 1784 1927 1812 manu

159 1844 364 1899 seriptum
404 1844 617 1899 cognitum
660 1843 934 1893 haberemus,
980 1845 1051 1901 qui
1091 1845 1142 1886 ad
1178 1844 1343 1887 illorum
1386 1851 1570 1887 aetatem
1607 1849 1677 1885 aut
1707 1847 1926 1898 praestan-

162 1912 261 1954 tiam
279 1912 528 1968 adspiraret,
555 1913 595 1954 in
613 1911 677 1954 his
701 1914 835 1969 copiis
857 1914 979 1955 nobis
1002 1913 1367 1970 adquiescendum
1386 1911 1768 1966 existimavimusss‘).
1786 1911 1930 1965 Nuper

161 1981 332 2023 demum
365 1981 493 2022 alium
516 1981 707 2023 eiusdem
730 1983 899 2037 generis
921 1982 1112 2025 codicem
1135 1983 1294 2032 detexi,
1328 1983 1399 2040 qui
1424 1982 1536 2025 idem
1561 1994 1716 2037 corpus
1739 1978 1927 2033 exceptis

159 2051 310 2106 topicis
356 2051 540 2093 continet
580 2051 821 2109 eodemque
862 2052 1011 2095 ordine
1057 2067 1143 2110 quo
1186 2053 1227 2094 hi
1274 2052 1366 2095 libri
1405 2051 1444 2093 in
1484 2050 1681 2094 Leidensi
1717 2063 1828 2090 num.
1873 2047 1925 2089 84

158 2119 442 2162 inveniuntur.
507 2121 554 2164 Ut
591 2128 732 2164 autem
780 2136 930 2178 magno
977 2136 1108 2179 opere
1153 2123 1325 2179 gavisus
1356 2136 1471 2168 sum.
1518 2119 1635 2177 quod
1667 2133 1822 2161 novum
1855 2131 1927 2160 co-

158 2187 295 2230 dicem
335 2188 587 2236 msullianum
632 2204 718 2246 quo
751 2204 877 2233 nemo
910 2191 1049 2234 adhuc
1082 2205 1186 2233 usus
1219 2199 1319 2240 erat,
1354 2191 1611 2238 inv‚eneram
1645 2189 1701 2231 ita
1732 2186 1834 2229 illud
1872 2188 1928 2229 si-

157 2256 242 2298 mul
274 2256 503 2300 dolendum
535 2266 644 2307 erat,
678 2261 793 2317 quod
827 2275 924 2303 eum
960 2261 1109 2303 inveni
1135 2261 1322 2303 editione
1355 2267 1497 2303 nostra
1530 2260 1611 2301 iam
1644 2258 1836 2300 absoluta
1868 2257 1928 2298 in-

157 2326 341 2382 venique
372 2326 412 2367 in
444 2327 550 2369 uibe
582 2342 666 2384 qua
697 2329 789 2385 ipse
821 2330 942 2386 dego
979 2330 1016 2371 in
1052 2311 1307 2372 bibliotheca
1340 2329 1626 2371 universitatis
1644 2327 1924 2370 Monacensis.

158 2396 197 2436 Is
243 2394 348 2436 liber
393 2396 566 2438 saeculo
610 2398 664 2438 XI
697 2397 927 2440 admodum
973 2399 1102 2441 nitide
1146 2399 1328 2455 scriptus
1375 2406 1416 2440 et
1462 2396 1797 2440 correctionibus
1840 2396 1926 2438 sere

159 2477 337 2511 vacuus,
359 2465 430 2520 qui
454 2479 565 2507 nunc
587 2467 776 2522 signatus
799 2474 863 2510 est
885 2468 987 2511 Cod.
1011 2469 1083 2513 Ms.
1104 2468 1198 2517 5⁶28,
1220 2468 1353 2510 suerat
1369 2467 1585 2524 quondam
1607 2466 1769 2522 collegii
1791 2465 1926 2508 socie-

158 2533 253 2575 tatis
284 2535 384 2574 Jesu
413 2534 777 2590 lngolstadiensis,
812 2536 863 2578 ad
897 2536 1011 2593 quod
1031 2551 1083 2579 ex
1103 2537 1359 2579 monasterio
1380 2536 1633 2591 Biburgensi
1656 2541 1923 2592 pervenerat.

271 2603 355 2645 Sed
388 2613 431 2645 ut
461 2605 514 2646 ad
547 2604 733 2661 reliquas
766 2607 1021 2663 scriptiones
1053 2606 1328 2663 philosophas
1359 2605 1733 2662 transgrediamur,
1774 2603 1825 2646 ad
1859 2618 1926 2645 re-
1987 2618 1991 2622 ‘

159 2673 417 2715 censendam
459 2675 653 2728 exiguam
700 2682 880 2731 partem,
921 2690 1032 2733 quae
1073 2690 1125 2718 ex
1155 2676 1261 2718 libro
1294 2678 1309 2718 Ι
1342 2675 1686 2718 academicorum
1716 2675 1926 2732 posterio-

158 2757 248 2783 rum
286 2750 452 2785 servata
491 2752 573 2793 est,
607 2758 690 2786 non
723 2745 896 2801 contigit
926 2745 1049 2788 nobis
1082 2753 1126 2788 ut
1158 2745 1330 2788 codices
1362 2745 1709 2788 nancisceremur
1752 2742 1924 2786 saeculo

156 2811 226 2853 XV
257 2812 540 2867 antiquiores3
573 2813 770 2855 videmur
802 2821 943 2857 tamen
975 2814 1098 2857 nobis
1121 2814 1304 2871 primum
1327 2814 1432 2856 hanc
1454 2813 1703 2871 particulam
1722 2812 1773 2856 ad
1796 2811 1927 2854 libro-

158 2896 252 2922 rum
309 2882 562 2938 scriptorum
618 2882 746 2925 fidem
787 2884 1006 2940 redegisse
1057 2898 1137 2927 nec
1181 2884 1272 2926 sine
1312 2883 1454 2941 aliquo
1500 2884 1635 2926 fructu
1686 2882 1738 2924 ad
1791 2881 1925 2924 fontes

158 2963 274 3004 ipsos
308 2964 494 3005 regressi
532 2965 642 2994 esse.

270 3020 312 3059 In
345 3019 460 3061 libris
492 3019 545 3062 de
578 3019 730 3063 finibus
762 3020 970 3064 bonorum
1003 3028 1044 3064 et
1075 3020 1282 3063 malorum
1328 3020 1559 3064 Carolus
1597 3021 1755 3063 Prien
1797 3020 1922 3062 homo

160 3085 258 3127 mihi
309 3087 655 3130 familiarissimus
700 3090 822 3132 nobis
869 3091 997 3133 cessit
1043 3090 1270 3141 lectiones,
1321 3104 1428 3148 quas
1468 3091 1626 3133 Romae
1672 3104 1724 3132 ex
1755 3089 1923 3131 duobus

160 3155 358 3197 Palatinis
389 3158 688 3213 exscripserat,
722 3172 903 3215 quorum
935 3159 1112 3201 alterum
1144 3173 1256 3202 num.
1299 3159 1406 3202 »15¹3
1449 3159 1635 3201 omnium
1676 3159 1747 3215 qui
1785 3158 1924 3202 adhuc

163 3225 329 3267 excussi
362 3232 457 3267 sunt
486 3227 819 3269 vetustissimum
850 3242 946 3271 esse
977 3242 1054 3285 pro
1087 3235 1202 3271 certo
1234 3228 1477 3272 habendum
1508 3235 1584 3271 est.

251 3345 282 3385 *)
309 3344 393 3377 Vide
420 3346 537 3378 tamen
562 3355 657 3379 nunc
681 3347 767 3380 Mus.
795 3348 906 3381 Rhen.
933 3347 1052 3390 philol.
1079 3348 1180 3389 XVII,
1207 3357 1241 3392 p.
1267 3349 1341 3381 295.
