2249 3624
354 195 407 239 50
878 194 1306 237 ACADEMICORUM
1334 193 1574 234 PRIORUM

353 311 454 352 chus
484 311 632 365 probat
660 309 860 351 maxime,
893 312 933 347 et
962 307 1207 347 Aristoteles
1239 306 1415 359 eiusque
1440 304 1562 344 amici
1591 303 1673 342 huc
1702 302 1896 355 proxime
1916 303 2111 344 videntur

352 374 565 414 accedere.
623 370 917 412 Introducebat
946 370 1069 409 etiam
1103 368 1358 414 Carneades,
1388 379 1474 406 non
1505 378 1589 418 quo
1619 365 1834 418 probaret,
1865 365 1937 405 sed
1967 371 2014 406 ut
2039 379 2111 420 op-

351 442 529 489 poneret
559 435 728 481 Stoicis,
760 446 965 472 summum
996 431 1151 470 bonum
1184 443 1274 469 esse
1305 428 1387 468 frui
1417 427 1540 467 rebus
1563 427 1627 474 iis,
1660 440 1764 480 quas
1786 427 1942 480 primas
1963 433 2112 467 natura

351 497 670 537 conciliavisset.
730 495 915 534 Honeste
946 498 1082 532 autem
1114 492 1275 538 vivere,
1309 489 1422 544 quod
1455 489 1629 529 ducatur
1658 502 1682 529 a
1713 489 2008 529 conciliatione
2038 502 2112 529 na-

318 565 489 606 sturae,
520 561 631 598 Zeno
664 556 807 596 statuit
834 555 961 594 finem
992 567 1084 593 esse
1113 554 1342 601 bonorum,
1380 552 1453 606 qui
1481 552 1678 593 inventor
1708 557 1747 592 et
1776 551 1970 607 princeps
2003 551 2113 592 Stoi-

349 635 492 662 corum
521 620 613 660 fuit.

460 683 605 723 XLIII.
639 677 731 719 432.
761 680 849 719 Iam
879 678 984 718 illud
1008 677 1279 731 perspicuum
1302 682 1385 725 est,
1417 677 1606 717 omnibus
1627 675 1695 716 his
1715 675 1871 716 finibus
1892 677 2112 724 bonorum,

349 758 453 800 quos
486 743 682 796 exposui,
714 741 916 781 malorum
948 737 1050 779 fines
1083 753 1175 779 esse
1199 740 1440 780 contrarios.
1488 740 1551 779 Ad
1573 752 1647 779 vos
1668 752 1781 779 nunc
1804 739 1955 787 refero,
1987 752 2112 792 quem

347 821 519 861 sequar:
559 803 681 845 modo
719 816 771 842 ne
810 803 901 855 quis
943 801 1049 841 illud
1088 806 1170 841 tam
1201 803 1456 843 ineruditum
1487 801 1799 855 absurdumque
1829 801 2111 856 respondeat:

298 882 332 910 ,ιο
349 868 634 922 «quemlubet,
678 864 803 905 modo
843 864 1089 918 aliquem:›)
1130 864 1232 904 nihil
1275 870 1414 918 potest
1444 865 1525 904 dici
1557 863 1922 904 inconsideratius.
1981 862 2111 916 Cupio

346 930 467 984 sequi
499 929 674 969 Stoicos.
733 927 904 966 Licetne
937 950 990 954 —
1022 927 1167 968 omitto
1198 941 1274 980 per
1303 927 1594 973 Aristotelem,
1634 939 1728 965 meo
1758 925 1916 965 iudicio
1946 925 1991 964 in
2020 925 2112 978 phi-

345 992 537 1045 losophia
576 1003 708 1044 prope
749 989 1003 1042 singularem
1035 1012 1087 1016 -
1119 1003 1195 1042 per
1225 990 1361 1041 ipsum
1391 988 1674 1029 Antiochum?
1723 987 1796 1041 qui
1826 987 2111 1041 appellabatur

343 1054 643 1100 Academicus,
675 1057 763 1092 erat
793 1051 987 1105 quidem,
1030 1051 1065 1091 si
1096 1065 1306 1104 perpauca
1336 1051 1597 1098 mutavisset,
1630 1050 1971 1103 germanissimus
2003 1049 2111 1089 Stoi-

344 1130 430 1157 cus.
478 1116 568 1155 Erit
596 1115 723 1168 igitur
753 1127 819 1153 res
850 1114 931 1153 iam
962 1114 1005 1153 in
1028 1114 1288 1154 discrimine:
1319 1127 1414 1153 nam
1446 1118 1517 1153 aut
1549 1113 1711 1153 Stoicus
1742 1112 2017 1152 constituatur
2047 1125 2112 1152 sa-

295 1191 329 1220 45
342 1180 462 1232 piens
493 1183 564 1218 aut
592 1177 745 1217 veteris
776 1175 1038 1216 Academiae.
1095 1176 1325 1229 Utrumque
1357 1189 1443 1215 non
1473 1180 1632 1228 potest:
1665 1181 1727 1214 est
1757 1174 1868 1213 enim
1898 1175 2008 1214 inter
2038 1187 2110 1214 eos

342 1255 427 1282 non
468 1240 519 1280 de
555 1239 767 1286 terminis,
806 1238 880 1278 sed
921 1238 971 1277 de
1002 1243 1087 1277 tota
1117 1238 1384 1291 possessione
1415 1238 1644 1277 contentio.
1702 1238 1806 1276 Nam
1838 1237 1973 1276 omnis
2003 1237 2109 1276 ratio

341 1305 452 1344 vitae
484 1300 730 1342 definitione
766 1300 916 1340 summi
947 1300 1046 1340 boni
1078 1300 1337 1347 continetur,
1369 1300 1420 1340 de
1454 1313 1537 1353 qua
1570 1300 1643 1353 qui
1669 1299 1893 1347 dissident,
1924 1299 1976 1339 de
1998 1299 2110 1339 omni

341 1365 452 1406 vitae
480 1364 642 1405 ratione
674 1363 892 1403 dissident.
942 1364 1035 1402 Non
1066 1368 1205 1415 potest
1233 1363 1358 1415 igitur
1377 1368 1554 1416 uterque
1577 1376 1669 1402 esse
1692 1362 1879 1415 sapiens,
1911 1362 2109 1415 quoniam

343 1432 458 1468 tanto
489 1439 616 1479 opere
649 1425 923 1473 dissentiunt,
964 1424 1037 1465 sed
1069 1425 1184 1464 alter.
1246 1425 1288 1464 Si
1318 1425 1620 1472 Polemoneus,
1657 1429 1801 1478 peccat
1832 1424 2018 1472 Stoicus,
2049 1423 2110 1464 rei

292 1489 471 1533 20falsae
513 1487 752 1529 adsentiens
785 1511 837 1516 —
868 1501 965 1527 nam
1004 1501 1078 1527 vos
1118 1487 1285 1540 quidem
1322 1488 1426 1527 nihil
1459 1501 1549 1528 esse
1581 1487 1717 1527 dicitis
1748 1500 1772 1527 a
1803 1486 1994 1540 sapiente
2025 1491 2109 1525 tam

342 1553 523 1593 alienum
555 1564 632 1590 —2
665 1552 729 1590 sin
759 1563 857 1590 vera
889 1555 986 1590 sunt
1015 1550 1215 1597 Zenonis,
1252 1549 1397 1590 eadem
1428 1550 1470 1589 in
1501 1555 1663 1590 veteres
1693 1550 1967 1589 Academicos
1997 1548 2111 1588 Peri-

340 1615 630 1668 pateticosque
662 1612 852 1652 dicenda.
911 1612 989 1651 Hic
1019 1612 1164 1664 igitur,
1196 1611 1332 1651 neutri
1354 1612 1617 1659 adsentiens,
1649 1611 1678 1663 ’ἴ
1701 1611 1735 1651 si
1764 1624 1994 1664 numquam
2015 1616 2110 1650 uter

343 1681 407 1716 est
435 1675 711 1729 prudentior?
772 1671 865 1714 133.
899 1673 1038 1722 Quid?
1070 1688 1163 1713 cum
1194 1674 1284 1726 ipse
1306 1676 1534 1714 Antiochus
1566 1674 1763 1714 dissentit
1786 1673 2039 1727 quibusdam
2060 1673 2105 1712 in

341 1735 467 1778 rebus
498 1738 548 1777 ab
578 1738 666 1785 his,
699 1751 805 1791 quos
837 1742 968 1783 amat,
1001 1737 1173 1782 Stoicis,
1205 1750 1343 1776 nonne
1369 1737 1525 1776 indicat
1545 1750 1629 1776 non
1651 1750 1774 1790 posse
1796 1736 1867 1776 illa
1888 1736 2106 1789 probanda

291 1815 328 1845 25
342 1814 433 1841 esse
464 1800 674 1853 sapienti?
705 1800 845 1840 Placet
876 1799 1026 1838 Stoicis
1058 1799 1197 1838 omnia
1228 1804 1397 1852 peccata
1429 1813 1521 1839 esse
1552 1800 1690 1853 paria:
1723 1804 1765 1839 at
1793 1799 1873 1838 hoc
1894 1798 2106 1838 Antiocho

339 1863 707 1904 vehementissime
739 1862 946 1915 displicet.
996 1861 1139 1900 Liceat
1169 1861 1337 1901 tandem
1368 1861 1469 1901 mihi
1501 1861 1764 1902 considerare
1786 1869 1919 1901 utram
1942 1866 2111 1901 senten-

340 1927 442 1966 tiam
481 1938 644 1978 sequar.
706 1925 924 1971 Praecide,
969 1924 1126 1977 inquit·
1171 1928 1306 1963 statue
1346 1923 1576 1977 aliquando
1618 1923 1837 1977 quidlibet.
1889 1923 2031 1972 Quid?
2075 1923 2111 1962 si

342 2001 449 2042 quae
479 1987 678 2028 dicuntur
708 1987 752 2026 in
782 1992 1003 2040 utramque
1032 1991 1192 2039 partem
1215 1992 1256 2026 et
1276 1992 1398 2026 acuta
1419 1986 1521 2026 mihi
1542 1987 1736 2026 videntur
1757 1991 1798 2026 et
1818 1986 1948 2040 paria,
1970 1998 2109 2026 nonne

429 2169 459 2200 4.
485 2168 618 2206 eiusque
639 2166 760 2198 aemuli
784 2165 946 2206 Bentley:
973 2168 1007 2197 at
1031 2175 1062 2196 v.
1091 2165 1134 2197 de
1160 2166 1242 2197 finn.
1262 2165 1296 2197 b.
1318 2168 1351 2197 et
1376 2174 1422 2196 m.
1450 2166 1477 2195 II
1502 2164 1520 2204 ἓ
1546 2163 1586 2196 44
1610 2168 1639 2195 et
1662 2164 1729 2204 ipse
1749 2164 1941 2205 (Epicurus)
1959 2169 1988 2197 et
2011 2166 2110 2197 amici

339 2218 407 2249 eius
431 2219 498 2249 cet.
522 2235 555 2239 —
581 2218 642 2248 huc
666 2217 713 2247 Io.
733 2214 828 2246 Scala
856 2224 874 2246 e
893 2215 1010 2247 codas
1039 2225 1123 2246 nunt·
1146 2219 1172 2246 A
1188 2216 1210 2246 B
1227 2216 1250 2246 E
1266 2217 1290 2246 G
1305 2216 1329 2246 O
1349 2233 1384 2237 —
1412 2216 1441 2246 2.
1461 2223 1583 2254 oppene
1606 2223 1675 2245 reni
1698 2211 1736 2245 Β1
1756 2232 1791 2237 -
1818 2214 1848 2249 3,
1867 2215 1986 2246 simum
2009 2213 2048 2247 B¹
2067 2233 2111 2238 —

339 2276 404 2299 esse
428 2265 495 2298 del.
523 2265 691 2298 censebat
715 2265 852 2297 Ernesti
879 2280 912 2286 —
940 2265 1014 2304 frue
1037 2264 1074 2295 B¹
1096 2283 1129 2287 —
1157 2265 1251 2296 rebus
1273 2266 1320 2295 his
1345 2265 1416 2304 (hiis
1440 2266 1484 2302 G,
1513 2265 1580 2294 istis
1596 2265 1631 2302 E)
1657 2266 1681 2295 A
1696 2264 1720 2295 Β
1736 2264 1759 2295 Ε
1775 2265 1818 2301 G?
1844 2264 1886 2295 iis
1906 2264 2003 2296 rebus
2026 2265 2051 2296 Ο
2071 2282 2106 2288 -

340 2316 371 2348 4.
397 2316 525 2347 honeste
548 2320 658 2347 autem
680 2316 789 2346 vivere
811 2315 937 2346 Davies
963 2324 981 2345 e
1007 2314 1084 2345 cod.
1112 2323 1200 2346 uno:
1226 2316 1359 2346 honesta
1377 2316 1555 2355 (honestum
1572 2313 1612 2345 ΑΞ
1626 2311 1673 2353 32)
1700 2317 1810 2345 autem
1832 2314 1944 2346 uidere
1968 2315 2110 2355 (uidetur

341 2366 423 2403 AB,
450 2365 514 2397 sed
537 2369 592 2396 tur
615 2367 639 2397 B
664 2366 697 2397 in
722 2366 804 2404 ras.)
830 2366 988 2402 ABGv3
1022 2365 1189 2396 honestum
1213 2370 1322 2396 autem
1346 2366 1459 2401 EOr;
1495 2364 1537 2395 cf.
1565 2363 1608 2395 de
1633 2363 1716 2395 finn.
1743 2363 1777 2394 b.
1805 2365 1840 2395 et
1863 2373 1911 2396 m.
1937 2366 1984 2404 ΙΙ,
2011 2364 2030 2406 ἓ
2054 2364 2107 2397 34.

340 2415 395 2452 IV,
424 2414 441 2455 ἓ
466 2415 519 2446 26.
545 2414 599 2446 43.
628 2434 663 2439 -
691 2417 823 2446 dicatur
846 2414 922 2446 B¹E
948 2432 982 2436 —
1011 2415 1041 2446 7.
1069 2419 1113 2446 est
1136 2416 1169 2446 in
1195 2416 1342 2447 omnibus
1365 2417 1391 2446 A
1410 2432 1445 2436 -
1475 2415 1512 2445 iis
1536 2415 1559 2445 B
1582 2431 1614 2436 —-
1644 2415 1695 2445 10.
1721 2414 1902 2452 quemlubet
1925 2415 1968 2446 B:
1995 2424 2109 2455 quem-

339 2463 413 2494 libet
436 2465 501 2495 ΑΟ
529 2481 564 2485 -
597 2466 650 2497 41.
676 2467 783 2497 stoicis
807 2469 833 2496 A
864 2483 905 2487 ——
932 2473 995 2504 per
1018 2466 1104 2504 ‘ipsos
1127 2466 1318 2497 aristotilem
1343 2466 1387 2503 E,
1415 2474 1476 2504 per
1498 2465 1605 2503 ipsum
1627 2464 1665 2495 A.
1691 2463 1714 2495 b
1749 2482 1783 2486 —
1819 2463 1871 2496 44.
1896 2465 2111 2497 constituetur

341 2513 430 2544 coni.
457 2513 606 2552 Ernesti,
638 2516 675 2545 ut
698 2516 766 2545 iam
793 2516 845 2545 est
870 2515 903 2544 in
928 2523 1037 2554 marg.
1058 2514 1179 2546 Lamb.
1201 2532 1236 2537 —
1266 2516 1316 2547 216.
1344 2516 1475 2547 termini
1498 2514 1536 2546 Β1
1556 2532 1590 2537 -
1619 2515 1670 2545 47.
1690 2514 1890 2554 definitiones
1912 2513 1950 2545 13¹
1969 2533 2004 2537 —
2030 2524 2111 2546 eon-

339 2562 481 2592 tionetur
503 2561 541 2593 Βι
568 2581 603 2585 -
631 2563 683 2595 19.
711 2566 897 2602 ἰαηιο,ρενθ
919 2565 946 2594 A
974 2580 1008 2585 —
1036 2564 1133 2596 aliter
1156 2567 1180 2596 A
1195 2566 1219 2596 B
1239 2582 1273 2586 —
1302 2566 1353 2596 20.
1381 2573 1458 2596 nam
1482 2573 1536 2595 vos
1553 2564 1683 2603 quidem
1698 2563 1843 2595 Davies:
1870 2572 1950 2595 num
1967 2564 2043 2604 (non
2059 2561 2109 2604 B¹)

340 2613 469 2651 quidem
493 2615 518 2644 A
534 2614 558 2644 B
574 2613 598 2644 E
613 2612 684 2644 rb:
710 2622 766 2644 vos
790 2613 919 2652 quidem
943 2613 1041 2644 GOv
1064 2632 1107 2636 —-
1130 2623 1195 2646 esse
1219 2616 1324 2646 dicitis
1347 2617 1373 2647 A
1388 2615 1411 2646 B
1427 2615 1509 2645 EG:
1542 2622 1606 2645 esse
1631 2614 1655 2644 Ο
1683 2628 1718 2635 -
1746 2613 1799 2644 2¹.
1824 2613 1875 2645 sin
1897 2612 1943 2645 b:
1973 2622 2039 2645 esse
2060 2614 2112 2645 sin

339 2660 442 2692 codd.
463 2662 507 2698 Ο;
535 2665 679 2702 apparet
703 2671 767 2694 esse
792 2671 833 2694 ex
858 2662 1089 2704 dittographia
1114 2667 1193 2695 ante
1219 2666 1267 2695 sin
1292 2668 1408 2696 ortum
1427 2672 1504 2695 esse
1525 2680 1559 2684 —
1584 2663 1875 2702 peripateticosA,
1901 2666 1940 2695 ut
1955 2663 2108 2703 videtur,

339 2711 375 2741 et
398 2710 423 2741 O
450 2728 484 2732 —
511 2711 562 2743 22.
591 2713 796 2743 assentientes
821 2712 845 2743 E
871 2729 905 2733 —
933 2713 959 2742 si
983 2721 1165 2752 numquam
1189 2711 1324 2753 (tiquam
1349 2712 1397 2752 13¹)
1422 2716 1496 2744 uter
1519 2716 1562 2744 est
1582 2712 1778 2752 prudentior
1802 2713 1904 2745 codd.
1923 2716 2108 2754 corrupte:

337 2759 388 2790 hic
411 2761 514 2800 igitur
536 2763 645 2792 neutri
668 2762 867 2793 assentietis:
899 2762 949 2792 sin
981 2764 1128 2801 utrique,
1161 2767 1234 2794 uter
1258 2773 1289 2795 es
1323 2764 1449 2803 prud.?
1480 2763 1669 2799 Manutius;
1702 2762 1752 2793 hic
1776 2763 1797 2793 i.
1823 2772 1856 2794 n.
1882 2749 2060 2795 assentiens
2083 2763 2111 2794 si

337 2819 537 2849 numquam,
569 2815 642 2843 uter
669 2813 708 2843 sit
739 2813 886 2851 sapiens,
919 2813 1107 2851 apparebit,
1138 2823 1244 2845 nmine
1274 2818 1413 2853 utroque
1437 2817 1481 2844 est
1500 2813 1625 2852 prud?
1653 2812 1796 2850 Lamb.;
1827 2813 1879 2843 hic
1901 2813 1924 2844 i.
1949 2822 1983 2844 n.
2010 2821 2059 2852 a.‚
2082 2812 2111 2844 si

337 2868 496 2899 usquam,
527 2864 666 2900 utroque
695 2865 740 2892 est
766 2862 971 2901 prudentior.
1004 2863 1150 2900 Das-ies3
1184 2864 1234 2893 liic
1263 2864 1284 2894 i.
1319 2874 1350 2895 n.
1378 2873 1425 2903 a„
1457 2865 1483 2894 si
1514 2865 1692 2903 quicquam
1720 2864 1869 2902 interest,
1896 2864 2106 2903 prudentior.

338 2908 502 2949 Bentley:
534 2910 751 2950 probabilius
782 2912 872 2942 coni.
901 2911 1035 2942 Christ:
1068 2912 1118 2943 liic
1149 2914 1265 2953 igitur,
1298 2915 1404 2945 neutri
1433 2914 1631 2952 adsentiens,
1665 2914 1767 2945 multo
1798 2922 1901 2953 quam
1929 2916 2034 2945 vester
2063 2915 2109 2944 est

334 2958 540 2996 prudentior.
571 2977 605 2982 -
632 2959 684 2991 24.
709 2961 867 2999 probante
892 2960 948 2998 B¹;
972 2961 1159 3000 probabilia
1182 2964 1372 2998 Manutius;
1401 2972 1464 2994 non
1488 2971 1551 2993 esse
1575 2963 1633 2993 illa
1652 2963 1829 3002 probanda
1851 2961 1907 2994 vel
1929 2971 1996 2994 non
2014 2970 2109 3002 posse

336 3007 395 3038 illa
416 3008 559 3046 probata
581 3018 647 3041 esse
671 3010 791 3042 Lanib.
821 3029 855 3033 -
884 3012 935 3042 25.
962 3014 1106 3051 sapiente
1130 3011 1167 3043 Βι
1196 3031 1227 3034 —
1264 3017 1298 3043 at
1322 3022 1390 3044 om.
1419 3013 1459 3049 B,
1489 3012 1533 3042 ad
1556 3010 1594 3042 A¹
1618 3028 1662 3033 —
1685 3012 1737 3043 27.
1767 3012 1875 3051 Quid?
1898 3011 2107 3051 si-—paria

338 3057 494 3089 Moserus
519 3058 653 3098 (Synil).
681 3060 755 3090 crit.
783 3061 835 3097 IV,
863 3061 911 3099 9):
944 3062 1022 3100 quid
1051 3062 1103 3101 (in
1129 3064 1154 3093 A
1181 3071 1257 3103 sup.
1284 3062 1354 3101 lin.)
1382 3071 1465 3101 quae
1493 3062 1648 3092 dicuntur
1671 3062 1749 3101 quid
1776 3064 1805 3092 et
1827 3064 1929 3092 acuta
1951 3061 2030 3092 mihi
2052 3061 2107 3092 ui-

338 3105 456 3136 dentur
480 3107 511 3137 in
538 3111 712 3148 utramque
731 3113 863 3148 partem
887 3114 915 3141 et
935 3112 1037 3150 paria
1061 3114 1086 3142 A
1102 3113 1125 3143 B
1141 3121 1174 3150 r;
1203 3112 1361 3151 quaelibet
1387 3112 1578 3153 (praecedit
1604 3112 1766 3151 quidlibet)
1792 3112 1948 3143 dicuntur
1971 3120 2056 3151 quae
2077 3113 2108 3143 et

337 3159 439 3186 acuta
462 3159 528 3187 cet.
556 3160 636 3195 Gv;
670 3167 819 3198 quaeque
851 3161 1006 3191 (licuntur
1029 3162 1157 3201 quidem
1188 3166 1215 3193 ct
1247 3167 1347 3193 acuta
1378 3164 1444 3193 cet.
1473 3163 1515 3199 E;
1551 3163 1651 3201 Quid,
1683 3162 1769 3202 quod
1793 3170 1878 3201 quae
1900 3161 2055 3192 dicuntur
2076 3163 2107 3191 et

337 3208 438 3235 acuta
472 3206 550 3236 mihi
583 3207 736 3239 videntur
770 3209 804 3239 in
839 3214 1014 3250 utramque
1038 3216 1169 3251 partem
1199 3216 1227 3243 et
1250 3213 1378 3251 paria?
1414 3213 1556 3242 Guietus
1582 3211 1683 3252 prob.
1709 3211 1881 3251 Madvigio
1906 3211 1936 3250 1,
1960 3218 1996 3251 p.
2022 3209 2102 3247 203;

340 3254 448 3293 Quid?
472 3256 494 3294 ἦ
511 3264 596 3294 quae
620 3257 774 3288 dicuntur
799 3259 950 3300 [quidem]
977 3264 1005 3291 et
1029 3265 1127 3292 acuta
1153 3264 1219 3293 cet.
1242 3260 1356 3299 Orelli,
1383 3261 1440 3300 qui
1466 3262 1498 3292 in
1523 3259 1640 3291 adnot.
1660 3262 1756 3292 recte
1781 3260 1916 3292 monuit
1938 3258 2047 3291 verba
2071 3259 2105 3290 in

336 3307 515 3344 utramque
538 3309 670 3346 partem
701 3310 962 3349 transponenda
987 3319 1078 3343 esse.
1115 3311 1201 3342 Nam
1231 3311 1264 3342 in
1289 3310 1479 3342 verborum
1504 3309 1625 3342 ordine
1650 3309 1780 3351 aliquid
1803 3309 1986 3343 turbatum
2010 3317 2101 3348 esse,
