2249 3624
328 161 410 202 238
768 163 1195 204 TUSCULANARUM
1225 165 1662 206 DISPUTATIONUM

326 274 582 308 mortuorum
615 272 754 307 autem
792 281 877 307 non
908 268 1033 307 modo
1066 268 1173 308 vitae
1205 271 1454 318 commodis,
1497 272 1569 311 sed
1601 286 1652 310 ne
1685 271 1769 311 vita
1802 272 1971 324 quidem
2003 272 2094 324 ipsa

327 330 551 383 quisquam
591 336 716 370 caret.
774 331 834 369 De
866 330 1042 369 mortuis
1074 330 1249 384 loquor,
1292 333 1364 386 qui
1401 334 1504 373 nulli
1537 340 1656 373 sunt:
1698 346 1796 381 nos,
1831 333 1901 387 qui
1935 347 2094 382 sumus,

326 407 424 432 num
455 399 526 432 aut
557 393 751 433 cornibus
783 405 968 431 caremus
999 398 1071 431 aut
1102 394 1272 445 pinnis?
1306 396 1449 448 ecquis
1491 396 1532 435 id
1566 395 1749 435 dixerit?
1798 396 1916 435 Certe
1958 409 2094 435 nemo.

326 455 435 502 Quid
468 455 552 494 ita?
593 454 720 502 Quia,
759 467 851 493 cum
883 454 924 492 id
958 467 1040 493 non
1072 454 1245 503 habeas,
1278 457 1392 510 quod
1424 458 1498 496 tibi
1531 472 1608 497 nec
1641 471 1717 497 usu
1749 471 1827 497 nec
1858 464 2008 497 natura
2040 459 2093 498 sit

290 523 488 570 5aptum,
527 531 610 556 non
648 529 809 562 careas,
850 517 973 555 etiam
1015 517 1048 555 si
1080 519 1236 557 sentias
1267 525 1307 558 te
1340 532 1423 557 non
1455 519 1621 558 habere.
1682 518 1749 558 88.
1784 520 1871 560 Hoc
1904 534 2094 573 premen-

324 580 421 618 dum
453 579 578 618 etiam
610 584 734 631 atque
768 579 890 618 etiam
925 585 987 618 est
1015 586 1304 631 argumentum
1328 581 1570 620 confirmato
1593 582 1684 628 illo,
1719 583 1769 620 de
1794 596 1897 635 quo,
1930 583 1965 621 si
1988 596 2097 622 mor-

324 641 427 680 tales
458 641 585 681 animi
618 647 734 688 sunt,
767 641 957 680 dubitare
990 655 1073 681 non
1106 654 1347 694 possumus,
1381 643 1486 696 quin
1519 649 1658 683 tantus
1680 645 1872 683 interitus
1897 645 1941 683 in
1964 650 2095 684 morte

323 704 393 749 sit,
425 709 471 743 ut
501 716 552 742 ne
585 704 755 743 minima
785 703 955 756 quidem
988 704 1171 757 suspicio
1204 717 1351 743 sensus
1383 705 1665 758 relinquatur:
1696 706 1778 745 1100
1814 706 1941 758 igitur
1970 707 2096 760 probe

323 766 506 805 stabilito
539 771 578 805 et
611 764 693 804 fixo
724 765 828 805 illud
861 766 1160 805 excutiendum
1194 772 1277 812 est,
1321 773 1366 806 ut
1404 768 1580 814 sciatur,
1623 769 1723 820 quid
1756 768 1810 807 sit
1841 781 2004 815 carere,
2044 782 2096 808 ne

273 838 309 868 10
322 828 585 881 relinquatur
615 827 776 880 aliquid
809 828 960 866 erroris
992 828 1035 866 in
1068 828 1207 867 verbo.
1261 828 1409 868 Carere
1442 829 1569 881 igitur
1601 828 1938 881 hocsignificat,
1974 844 2096 883 egere

324 904 394 936 eo,
426 890 539 943 quod
572 890 724 929 habere
757 890 874 929 velis.
926 890 1039 929 Inest
1070 891 1181 929 enim
1213 890 1318 929 velle
1351 892 1391 929 in
1425 892 1629 938 carendo,
1662 892 1741 931 nisi
1775 906 1868 931 cum
1901 893 1960 932 sic
1993 899 2097 932 tam-

323 965 448 1005 quam
490 953 532 991 in
575 952 679 991 febri
723 953 896 999 dicitur,
939 952 1021 992 alia
1061 952 1242 1006 quadam
1284 954 1455 991 notione
1498 953 1627 992 verbi.
1678 954 1840 993 Dicitur
1870 955 1980 993 enim
2012 955 2094 995 alio

322 1015 446 1054 modo
484 1015 607 1054 etiam
649 1028 812 1062 carere,
852 1029 946 1054 cum
984 1014 1145 1069 aliquid
1178 1028 1260 1054 non
1294 1014 1450 1055 habeas
1483 1022 1523 1055 et
1554 1029 1638 1055 non
1670 1016 1823 1055 babere
1855 1022 1893 1055 te
1927 1019 2095 1065 sentias,

322 1077 448 1116 etiam
479 1076 513 1116 si
541 1076 584 1116 id
605 1077 726 1116 facile
749 1077 920 1130 patiare.
969 1077 998 1128 ’1-
1023 1078 1172 1117 Carere
1195 1077 1237 1115 in
1260 1082 1389 1116 morte
1422 1091 1505 1117 non
1538 1078 1709 1126 dicitur3
1743 1092 1818 1118 nec
1841 1079 1953 1118 enim
1986 1086 2097 1119 esset

272 1151 308 1180 45
323 1138 573 1178 dolendum:
605 1139 759 1179 dicitur
788 1140 906 1187 illud,
938 1141 1048 1180 bono
1072 1152 1225 1187 carere,
1258 1140 1370 1192 quod
1394 1146 1455 1179 est
1476 1140 1642 1179 malum.
1685 1141 1766 1180 Sed
1792 1154 1843 1179 ne
1865 1142 1982 1181 vivus
2004 1143 2096 1194 qui-

322 1201 416 1240 dem
447 1201 559 1240 bono
592 1208 724 1249 caret,
757 1202 789 1241 si
824 1216 871 1242 eo
903 1216 987 1241 non
1019 1202 1191 1254 indiget.
1241 1202 1322 1241 Sed
1355 1202 1398 1241 in
1430 1203 1524 1241 vivo
1557 1203 1747 1255 intellegi
1779 1209 1917 1243 tamen
1944 1209 2096 1257 potest,

321 1277 449 1315 regno
481 1269 521 1303 te
554 1277 692 1303 carere
716 1287 767 1292 —
792 1265 873 1303 dici
905 1269 1046 1304 autem
1078 1265 1156 1304 hoc
1179 1265 1221 1303 in
1245 1270 1284 1304 te
1307 1265 1407 1304 satis
1431 1265 1637 1304 subtiliter
1660 1279 1741 1304 non
1763 1271 1921 1318 potest,
1952 1271 2098 1318 posset

320 1326 363 1365 in
386 1326 630 1379 Tarquinio,
662 1340 756 1366 cum
787 1340 916 1379 regno
939 1332 1048 1367 esset
1070 1327 1273 1379 expulsus
1298 1342 1374 1366 —z
1405 1332 1445 1366 at
1466 1328 1508 1366 in
1532 1333 1695 1367 mortuo
1719 1340 1770 1366 ne
1792 1328 1980 1380 intellegi
2004 1328 2097 1381 qui-

321 1388 440 1436 dem3
481 1402 620 1428 carere
654 1389 765 1429 enim
797 1390 1017 1429 sentientis
1050 1396 1134 1437 est,
1166 1403 1242 1429 nec
1273 1403 1422 1429 sensus
1453 1391 1495 1429 in
1528 1395 1712 1430 mortuo:
1747 1403 1799 1429 ne
1830 1403 1969 1429 carere
2001 1389 2095 1442 qui-

269 1463 306 1493 20
322 1450 415 1490 dem
448 1452 574 1504 igitur
604 1452 647 1490 in
679 1458 844 1491 mortuo
880 1458 955 1491 est.

435 1514 647 1554 XXXVII.
679 1512 745 1553 89.
788 1514 1053 1567 Quamquam
1093 1514 1196 1567 quid
1235 1527 1340 1567 opus
1373 1520 1436 1553 est
1466 1514 1509 1552 in
1540 1514 1620 1553 hoc
1652 1515 1961 1567 philosophari,
1999 1528 2092 1555 011111

320 1589 407 1616 rem
438 1590 522 1615 non
554 1589 703 1629 magno
736 1589 861 1629 opere
893 1576 1160 1630 philosophia
1192 1590 1313 1629 egere
1344 1576 1593 1616 videamus?
1627 1576 1832 1624 Quotiens
1860 1592 1944 1617 non
1968 1578 2091 1618 modo

320 1639 513 1678 ductores
560 1646 716 1685 nosti„
764 1638 837 1678 sed
880 1639 1064 1678 universi
1107 1640 1230 1678 etiam
1270 1640 1479 1677 exercitus
1517 1638 1567 1677 ad
1601 1652 1684 1677 non
1718 1640 1882 1680 dubiam
1915 1646 2090 1680 mortem

320 1702 644 1742 concurrerunt!
683 1715 789 1754 quae
822 1701 991 1754 quidem
1025 1702 1059 1741 si
1090 1702 1326 1748 timeretur,
1358 1714 1443 1740 non
1476 1701 1520 1739 L.
1552 1703 1703 1740 Brutus
1736 1715 1882 1743 arcens
1909 1717 2003 1743 eum
2026 1717 2092 1743 re-

268 1766 408 1806 25111111
447 1771 694 1820 tyrannum,
737 1778 862 1817 quem
906 1764 996 1816 ipse
1028 1763 1267 1816 expulerat,
1305 1764 1347 1801 in
1379 1763 1541 1815 proelio
1575 1763 1846 1813 concidisset,
1879 1779 1964 1805 non
1996 1779 2090 1805 cum

319 1829 476 1869 Latinis
509 1829 726 1867 decertans
758 1833 877 1879 pater
907 1827 1085 1873 Decius,
1130 1840 1221 1866 cum
1253 1826 1438 1865 Etruscis
1471 1824 1601 1873 filius,
1644 1840 1737 1866 cum
1769 1827 1925 1881 Pyrrho
1957 1840 2089 1880 nepos

319 1906 363 1932 se
395 1891 578 1930 hostium
611 1890 704 1929 telis
737 1889 1014 1936 obiecissent,
1053 1902 1137 1927 non
1170 1902 1254 1928 uno
1286 1888 1397 1927 bello
1435 1901 1511 1940 pro
1544 1888 1679 1940 patria
1711 1888 1898 1928 cadentis
1931 1889 2092 1941 Scipio-

317 1967 392 1994 nes
423 1953 628 2006 Hispania
659 1952 851 1998 vidisset,
884 1951 1057 1991 Paulum
1091 1957 1132 1990 et
1163 1951 1384 1990 Geminum
1409 1950 1596 1997 Cannae,
1629 1951 1813 1991 Venusia
1834 1952 2092 1999 Marcellum,

318 2015 464 2056 Litana
494 2015 712 2062 Albinum,
745 2015 903 2053 Lucani
936 2013 1182 2053 Gracchum.
1238 2014 1345 2052 Num
1377 2013 1470 2065 quis
1501 2012 1650 2052 horum
1682 2014 1809 2053 miser
1840 2013 1997 2053 bodie?
2039 2026 2092 2052 ne

267 2087 305 2116 30
319 2084 406 2118 tum
437 2077 608 2131 quidem
639 2082 733 2131 post
764 2076 957 2129 spiritum
990 2082 1243 2123 extremum3
1276 2088 1353 2114 nec
1386 2075 1496 2114 enim
1527 2081 1666 2128 potest
1697 2089 1791 2116 esse
1823 2077 1950 2116 miser
1981 2076 2094 2130 quis-

322 2155 446 2196 quam
486 2153 611 2180 sensu
649 2146 879 2193 perempto.
936 2137 1002 2177 90.
1035 2139 1087 2177 At
1117 2138 1159 2178 id
1192 2139 1328 2190 ipsum
1361 2136 1557 2176 odiosum
1591 2143 1674 2185 est,
1707 2139 1796 2178 sine
1828 2152 1953 2179 sensu
1985 2152 2091 2179 0550.

320 2204 546 2250 Odiosum,
588 2203 622 2241 si
664 2202 706 2241 id
745 2206 857 2241 esset
887 2213 1042 2240 carere.
1109 2200 1210 2240 Cum
1243 2213 1342 2239 vero
1374 2200 1643 2252 perspicuum
1676 2201 1728 2239 sit
1758 2200 1862 2241 nihil
1894 2215 2019 2254 posse
2049 2200 2092 2240 in

318 2280 368 2307 eo
411 2279 525 2312 esse,
572 2265 644 2318 qui
686 2265 777 2317 ipse
819 2276 902 2302 non
944 2263 1015 2309 sit,
1058 2263 1160 2315 quid
1198 2268 1338 2315 potest
1368 2275 1460 2301 esse
1492 2263 1535 2301 in
1567 2275 1616 2301 eo
1650 2262 1862 2310 odiosum,
1911 2263 1984 2317 qui
2015 2276 2092 2303 nec

319 2334 458 2369 careat
489 2340 565 2367 nec
598 2327 779 2367 sentiat?
827 2326 1094 2378 Quamquam
1125 2325 1206 2365 hoc
1238 2324 1411 2378 quidem
1444 2324 1568 2364 nimis
1600 2337 1749 2378 saepe,
1781 2326 1853 2365 sed
1877 2339 1945 2373 eo,
1977 2326 2091 2379 quod

266 2397 303 2426 35
318 2392 361 2431 in
400 2392 479 2430 hoc
519 2391 627 2429 inest
668 2389 803 2428 omnis
842 2389 967 2427 animi
1011 2390 1241 2427 contractio
1284 2401 1336 2426 ex
1376 2393 1489 2426 metu
1522 2389 1681 2426 mortis.
1734 2388 1816 2435 Qui
1849 2389 1961 2428 enim
1992 2389 2092 2428 satis

317 2453 487 2499 viderit,
520 2453 560 2492 id
595 2451 707 2505 quod
741 2456 804 2491 est
835 2450 928 2489 luce
961 2450 1135 2497 clarius,
1176 2450 1314 2489 animo
1347 2454 1387 2488 et
1419 2462 1596 2501 corpore
1629 2456 1877 2503 consumpto
1916 2455 2094 2504 totoque

317 2517 526 2557 animante
569 2515 705 2554 deleto
747 2519 788 2553 et
828 2512 937 2551 facto
978 2513 1148 2552 interitu
1185 2511 1382 2551 universo
1423 2510 1527 2549 illud
1568 2511 1745 2558 animal,
1795 2511 1905 2564 quod
1946 2511 2092 2560 fuerit,

315 2578 468 2618 factum
501 2591 592 2617 esse
624 2576 750 2623 nibil,
789 2577 823 2615 is
861 2575 985 2626 plane
1028 2575 1256 2627 perspiciet
1287 2573 1396 2612 inter
1426 2573 1834 2626 Hippocentaurum,
1872 2574 1943 2626 qui
1974 2587 2094 2613 num-

318 2654 443 2694 quam
474 2640 623 2686 fuerit,
666 2644 707 2678 et
736 2652 877 2691 regem
909 2639 1266 2690 Agamemnonem
1300 2636 1403 2675 nihil
1446 2635 1670 2682 interesse,
1711 2649 1787 2674 nec
1819 2635 1952 2688 pluris
1982 2648 2093 2674 nunc

266 2707 303 2737 40
317 2703 455 2742 facere
487 2705 539 2743 M.
574 2701 794 2742 Camillum
826 2700 905 2740 hoc
935 2699 1056 2739 civile
1087 2699 1263 2746 bellum,
1306 2711 1431 2751 quam
1463 2710 1539 2750 ego
1580 2697 1652 2736 illo
1684 2697 1778 2736 vivo
1810 2697 1980 2736 fecerim
2011 2699 2093 2736 Ro-

317 2778 427 2805 mam
458 2770 632 2818 captam.
686 2764 768 2803 Cur
798 2763 926 2816 igitur
956 2767 996 2802 et
1027 2761 1227 2802 Camillus
1259 2760 1442 2807 doleret,
1483 2759 1517 2799 si
1547 2759 1651 2799 haec
1682 2764 1779 2812 post
1809 2765 2020 2799 trecentos
2052 2762 2093 2799 et

410 2936 441 2968 3.
467 2940 526 2968 aut
555 2936 582 2966 si
612 2933 765 2966 cornibus
789 2935 833 2970 C;
865 2933 924 2964 elsi
954 2932 1107 2964 cornibus
1131 2932 1156 2963 O
1186 2950 1215 2954 —
1247 2932 1364 2971 pennis
1387 2932 1411 2962 O
1441 2948 1472 2953 ——
1508 2931 1617 2969 ecquis
1647 2931 1680 2961 id
1703 2931 1880 2962 Davisius:
1914 2930 1955 2960 sit
1978 2931 2034 2969 qui
2056 2930 2091 2962 id

318 2991 399 3025 ΒΗ,
432 2988 474 3018 sit
498 2985 576 3025 quid
600 2985 644 3021 G;
673 2983 706 3014 id
729 2984 803 3022 quis
826 2984 903 3014 Otto
929 2983 1037 3013 Heine
1064 2982 1117 3021 (de
1145 2982 1214 3012 Cic.
1242 2981 1344 3012 Tusc.
1373 2981 1467 3021 Disp.
1495 2989 1528 3020 p.
1555 2980 1629 3019 35);
1665 2981 1737 3020 quis
1761 2984 1805 3012 est
1829 2979 1885 3017 qui
1909 2979 1943 3010 id
1967 2979 2086 3011 Herm.

316 3039 500 3079 Sauppius.
528 3034 603 3065 Vid.
625 3032 667 3063 ad
688 3034 712 3063 11
731 3033 749 3072 ξ
767 3034 820 3064 20.
843 3051 877 3054 —
899 3033 929 3063 6.
949 3032 1155 3072 affluendum
1173 3031 1196 3062 C
1218 3047 1251 3052 ——
1274 3030 1326 3061 44.
1347 3039 1461 3061 carere
1484 3031 1519 3061 in
1542 3034 1647 3061 morte
1664 3031 1707 3061 C:
1735 3031 1855 3062 Carere
1878 3029 1913 3060 in
1936 3030 2026 3061 malo
2043 3030 2085 3067 O;

317 3087 431 3130 [Malo]
462 3093 577 3117 carere
606 3084 642 3113 in
672 3085 776 3113 morte
807 3082 1022 3122 Tregderus,
1057 3079 1300 3121 supplemento
1325 3080 1441 3120 (malo)
1467 3080 1509 3110 tle
1536 3080 1696 3120 Madvigii
1721 3080 1921 3111 coniectura
1947 3079 2086 3117 addito;

317 3139 438 3170 Carere
467 3135 554 3166 malo
586 3134 622 3163 O.
650 3132 758 3162 Hcine
788 3131 809 3162 1.
836 3131 857 3162 l.
884 3140 917 3172 p.
945 3131 985 3163 44
1011 3139 1085 3170 sq.;
1119 3130 1169 3160 Ila
1200 3138 1316 3160 carere
1346 3129 1379 3160 in
1403 3132 1506 3160 morte
1531 3130 1648 3160 Herm.
1677 3130 1860 3170 Sauppius.
1890 3147 1924 3151 —
1953 3129 2005 3160 49.
2030 3137 2090 3160 nec

315 3196 430 3220 carere
455 3185 583 3225 quidem
608 3183 632 3214 C
660 3199 694 3203 —
722 3182 774 3212 u2¹2.
800 3190 1000 3222 iiiayriopere
1025 3181 1049 3212 C
1076 3196 1111 3201 —
1139 3179 1192 3211 24.
1219 3181 1449 3210 concurrerint
1474 3180 1497 3209 C
1525 3196 1558 3200 ——
1587 3179 1637 3219 L.]
1662 3180 1767 3210 lucius
1791 3180 1814 3210 C
1844 3195 1878 3200 -
1906 3179 1958 3210 ⁵28.
1983 3178 2089 3219 qemi-

315 3239 408 3270 m‘um
432 3237 495 3267 GR
524 3252 557 3256 -
584 3233 637 3264 ἓξ).
663 3232 784 3262 Litana
806 3231 1084 3263 Lindemannus:
1111 3229 1217 3259 latina
1242 3230 1285 3265 C;
1312 3229 1424 3260 Latini
1448 3229 1485 3260 Ο.
1517 3228 1567 3260 Cf.
1596 3229 1665 3260 Liv.
1692 3228 1808 3266 XXIII,
1828 3226 1880 3259 24.
1901 3244 1936 3249 —
1965 3228 2015 3260 31.
2038 3227 2088 3258 Ad

315 3288 351 3320 id
375 3286 440 3319 GR
467 3300 500 3306 —
529 3281 581 3314 34.
608 3289 812 3323 quamquam
834 3282 897 3313 huc
920 3290 950 3321 q.
976 3290 1008 3313 η,
1036 3287 1133 3318 saepe
1155 3280 1263 3318 redeo,
1289 3279 1376 3318 quod
1399 3279 1491 3310 Bake
1515 3277 1537 3310 1.
1556 3277 1578 3310 l.
1601 3286 1635 3319 p.
1655 3278 1709 3310 80.
1730 3293 1766 3301 -
1792 3276 1846 3309 40.
1872 3278 1951 3309 uiuo
1974 3277 2030 3308 illo
2045 3277 2083 3310 R.
