2249 3624
535 168 621 208 Lm.
654 167 684 207 Ι.
728 166 823 207 cst.
856 166 1116 206 VII—VIII.
1159 163 1218 218 §§
1252 162 1444 205 13-46,
1794 157 1874 202 213

109 276 179 322 sit,
211 280 280 316 aut
311 275 413 315 nihil
447 274 548 314 dicis
579 274 759 314 omnino.
820 273 866 312 A.
901 274 984 325 Age
1018 273 1098 312 iam
1132 271 1315 311 concedo
1347 285 1430 311 non
1465 285 1556 311 esse
1583 272 1768 318 miseros,
1802 272 1873 325 qui

107 339 259 379 mortui
293 339 395 383 sint,
427 338 625 391 quoniam
659 336 869 376 extorsisti
901 342 946 374 ut
977 335 1144 379 faterer,
1177 335 1248 388 qui
1281 335 1449 374 omnino
1481 348 1563 374 non
1597 339 1751 380 essent,
1805 347 1876 374 eos

107 414 158 440 ne
199 402 370 440 miseros
410 399 578 452 quidem
620 412 710 437 esse
752 411 885 450 posse.
950 397 1088 445 Quid?
1129 398 1198 449 qui
1237 398 1432 444 vivimus,
1475 411 1565 437 cum
1608 396 1872 436 moriendum

107 464 181 510 sit,
212 476 352 502 nonne
384 462 522 501 miseri
555 463 726 500 sumus?
759 474 866 514 quae
898 461 1004 499 enim
1038 465 1175 512 potest
1206 461 1246 499 in
1270 460 1350 498 vita
1375 474 1463 498 esse
1487 458 1744 505 iucunditas,
1778 473 1871 499 cum

108 525 195 565 dies
227 530 267 564 et
297 529 438 563 noctes
471 522 736 574 cogitandum
771 523 821 561 sit
856 523 933 562 iam
968 523 1133 575 iamque
1166 535 1256 561 esse
1289 523 1585 562 moriendum?

218 586 325 624 VIII.
366 582 422 623 15.
462 585 516 623 M.
551 584 705 636 Ecquid
739 597 836 635 ergo
872 583 1081 631 intellegis
1114 590 1314 636 quantum
1350 585 1444 624 mali
1480 585 1529 623 de
1563 585 1742 624 humana
1775 597 1872 623 con-

106 648 261 687 ditione
299 647 529 685 deieceris?
581 646 626 684 A.
660 645 851 692 Quonam
886 646 1038 684 modo?
1097 646 1149 684 M.
1183 646 1308 693 Quia,
1342 647 1374 685 si
1409 647 1511 685 mori
1545 646 1668 685 etiam
1703 647 1872 686 mortuis

104 709 299 748 miserum
332 713 459 752 esset,
494 707 700 746 infinitum
734 708 944 760 quoddam
977 713 1017 746 et
1048 708 1344 760 sempiternum
1369 709 1518 748 malum
1543 709 1792 748 haberemus
1816 706 1872 763 [in

104 767 227 822 vita]:
261 783 368 808 nunc
400 769 522 808 video
554 769 722 813 calcem,
755 769 804 808 ad
839 782 962 822 quam
987 782 1076 807 cum
1105 770 1156 808 sit
1179 770 1423 817 ‹lei-ursum,
1457 771 1559 810 nihil
1583 771 1635 810 sit
1658 776 1873 824 praeterea

103 832 472 873 extimescendum.
506 832 586 870 Sed
619 836 661 869 tu
696 832 795 870 mihi
825 831 981 869 videris
1004 830 1255 882 Epicharmi,
1278 833 1386 871 acuti
1412 847 1487 872 nec
1509 834 1653 873 insulsi
1678 834 1922 882 hominis,io

104 900 147 934 ut
188 894 335 940 Siculi,
375 894 620 933 sententiam
662 893 796 946 sequi.
848 895 892 932 A.
927 893 1091 940 Quam?
1137 907 1219 932 non
1252 896 1360 934 euim
1392 895 1502 934 novi.
1555 897 1607 935 M.
1640 897 1804 943 Dicam,
1837 898 1872 937 si

103 962 267 1011 potero,
302 956 467 1001 Latine;
500 956 579 995 scis
612 956 719 994 enim
754 969 817 994 me
850 955 1006 994 Graece
1028 955 1152 1010 'loqui
1186 956 1229 995 in
1261 957 1406 997 Latino
1438 971 1630 997 sermone
1663 972 1744 997 non
1778 958 1871 1010 plus

101 1018 236 1058 solere
267 1030 391 1070 quam
424 1019 465 1057 in
498 1018 654 1058 Graeco
688 1018 847 1057 Latine.
906 1018 952 1057 A.
986 1018 1036 1057 Et
1066 1023 1178 1057 recte
1211 1018 1396 1071 quidem.
1450 1020 1530 1059 Sed
1564 1034 1670 1073 quae
1703 1021 1871 1062 tandem

102 1086 165 1121 est
195 1078 427 1133 Epicharmi
460 1081 539 1120 ista
570 1080 806 1120 sententia?
852 1081 905 1120 M.

240 1142 407 1182 Emori
441 1143 582 1189 nolo,
615 1142 704 1182 sed
738 1155 808 1182 me
841 1155 952 1182 esse
985 1147 1247 1183 mortuum
1277 1144 1444 1184 nihili
1477 1144 1714 1185 aestimo.
1886 1159 1922 1187 45

102 1206 148 1246 A.
181 1206 264 1245 Iam
296 1204 506 1258 adgnosco
539 1206 754 1245 Graecum.
812 1204 890 1244 Sed
925 1205 1120 1258 quoniam
1162 1206 1334 1258 coegisti
1375 1211 1421 1246 ut
1460 1207 1756 1255 concederem,
1798 1209 1871 1261 qui

104 1269 249 1309 mortui
282 1273 442 1314 essent,
475 1281 546 1307 eos
579 1268 752 1307 miseros
783 1280 867 1306 non
890 1280 1001 1313 esse,
1035 1265 1205 1319 perfice,
1240 1269 1272 1308 si
1296 1274 1435 1322 potes,
1469 1274 1512 1308 ut
1534 1283 1585 1309 ne
1608 1270 1870 1311 moriendum

103 1332 272 1386 quidem
315 1344 406 1370 esse
450 1332 642 1370 miserum
686 1335 842 1383 putem.
904 1326 969 1368 slti.
1004 1330 1055 1368 M.
1095 1331 1177 1370 Iam
1215 1331 1323 1370 istuc
1366 1331 1535 1384 quidem
1573 1332 1677 1371 nihil
1713 1334 1869 1385 negotii

103 1400 185 1441 est,
223 1393 287 1433 sed
317 1394 474 1432 maiora
503 1394 658 1432 molior.
710 1391 757 1431 A.
789 1392 882 1440 Quo
913 1391 1039 1431 modo
1078 1392 1156 1431 hoc
1192 1393 1296 1432 nihil
1328 1393 1485 1446 negotii
1523 1396 1614 1433 est?
1655 1400 1727 1434 aut
1762 1408 1871 1449 quae

103 1461 199 1497 sunt
238 1455 405 1495 tandem
445 1455 522 1495 ista
562 1455 750 1494 maiora?
806 1455 859 1493 M.
893 1453 1019 1502 Quia,
1060 1455 1259 1507 quoniam
1301 1462 1396 1509 post
1434 1461 1609 1496 mortem
1641 1457 1737 1497 mali
1768 1458 1922 1501 nihssaeo

103 1524 183 1565 est,
225 1531 277 1558 ne
309 1531 418 1557 mors
451 1517 620 1571 quidem
653 1523 715 1557 est
746 1517 923 1563 malum,
961 1517 1026 1556 cui
1058 1530 1307 1571 proxumum
1348 1524 1512 1572 tempus
1544 1523 1607 1558 est
1637 1525 1734 1572 post
1762 1533 1870 1560 mor-

103 1587 208 1628 tem,
248 1580 290 1620 in
332 1594 414 1633 quo
455 1580 552 1619 mali
592 1579 694 1619 nihil
728 1592 818 1619 esse
851 1579 1067 1619 concedis:
1111 1580 1168 1620 ita
1198 1594 1250 1620 ne
1282 1581 1545 1622 moriendum
1578 1581 1747 1636 quidem
1780 1595 1872 1622 esse

103 1643 256 1683 malum
290 1648 374 1689 est;
406 1642 448 1682 id
480 1647 543 1681 est
573 1643 681 1682 enim
713 1642 1040 1695 perveniendum
1073 1655 1163 1682 esse
1191 1643 1242 1682 ad
1265 1643 1329 1691 id,
1362 1645 1475 1698 quod
1497 1658 1581 1684 non
1604 1657 1695 1684 esse
1717 1644 1871 1685 malum

104 1704 364 1745 confitemur.
410 1704 456 1744 A.
491 1704 666 1744 Uberius
698 1704 794 1751 ista,
826 1717 1006 1757 quaeso3
1039 1704 1141 1745 haec
1173 1706 1284 1745 enim
1307 1707 1547 1759 spinosiora
1571 1706 1686 1761 prius
1707 1713 1752 1747 ut
1775 1721 1870 1748 con-

103 1767 223 1807 fitear
264 1780 329 1806 me
369 1773 523 1819 cogunt
563 1780 686 1820 quam
720 1771 764 1806 ut
794 1766 1016 1806 adsentiar.
1068 1767 1147 1807 Sed
1181 1781 1288 1821 quae
1321 1774 1418 1809 sunt
1449 1783 1517 1817 ea,
1557 1783 1663 1824 quae
1695 1770 1799 1811 dicis
1830 1776 1870 1812 te
1885 1787 1922 1815 25

1881 518 1901 545 5

190 1948 222 1978 2.
248 1948 311 1978 sint
335 1947 359 1977 G
376 1947 398 1977 R
424 1948 458 1977 et
483 1946 669 1986 (superscr.
690 1954 713 1976 u
729 1945 773 1976 ab
793 1945 918 1977 eadem
936 1946 996 1983 m.)
1023 1945 1046 1976 B
1064 1954 1069 1973 r
1097 1948 1172 1976 sunt
1195 1946 1220 1976 Ο
1241 1964 1275 1968 -
1303 1946 1333 1977 6.
1353 1947 1446 1984 ecqui
1463 1948 1509 1984 C;
1535 1947 1614 1979 vide
1633 1948 1676 1980 ad
1695 1958 1728 1989 p.
1748 1951 1824 1987 212.
1842 1951 1871 1983 t.

107 2017 141 2022 —
169 1998 200 2030 8.
229 1999 261 2029 in
291 1998 357 2028 rita
386 1999 549 2037 suspecta
583 1997 720 2027 Davisio
753 1999 786 2027 et
817 1995 978 2027 Scbiitzio
1010 1995 1169 2026 eicienda
1203 1998 1325 2027 censet
1354 1997 1459 2027 etiam
1483 1999 1522 2028 A.
1549 1998 1593 2029 de
1618 1999 1725 2038 Iongh
1749 2000 1871 2040 symb.

104 2047 164 2080 litt.
193 2048 234 2078 vi
259 2056 291 2088 p.
311 2046 368 2078 54:
399 2048 494 2085 «Quo
520 2046 623 2078 modo
649 2047 757 2086 possit
782 2047 1038 2086 sempiternum
1064 2044 1195 2076 malum
1221 2045 1253 2075 in
1276 2046 1347 2076 cita
1371 2054 1468 2083 esse,
1496 2048 1524 2078 si
1549 2048 1636 2078 mori
1662 2050 1808 2081 mortuis
1832 2051 1876 2082 sit

104 2096 247 2135 malum,
276 2106 342 2128 non
368 2096 530 2136 intelligo.
567 2097 638 2127 Nec
663 2097 777 2136 potest
802 2096 832 2126 isi
860 2098 928 2127 rita
952 2095 994 2126 ad
1020 2096 1201 2135 sequentia
1228 2095 1275 2135 (in
1298 2097 1368 2126 vila
1391 2105 1478 2127 nunc
1501 2098 1594 2128 video
1610 2098 1746 2138 calcem)
1771 2100 1870 2131 trahi.

104 2148 158 2179 Sic
189 2148 281 2178 enim
314 2146 581 2186 significaretur,
615 2146 769 2186 conspici
801 2145 952 2182 calcem,
985 2145 1028 2175 ad
1055 2153 1160 2185 quam
1187 2154 1266 2176 cum
1293 2147 1387 2177 esset
1411 2146 1614 2184 decursum,
1645 2146 1757 2188 aliqua
1782 2147 1873 2180 vitae

103 2206 184 2238 pars
209 2199 427 2228 remaneret:
456 2206 571 2236 neque
597 2198 689 2228 enim
715 2198 804 2227 vitae
830 2197 936 2227 tinem
963 2196 993 2226 in
1012 2196 1078 2225 vita
1105 2204 1184 2226 esse
1210 2195 1276 2226 dici
1302 2198 1451 2236 potest.»
1473 2214 1507 2218 —
1536 2197 1586 2228 44.
1613 2198 1773 2236 epicarmi
1797 2198 1831 2230 h.
1851 2197 1873 2230 l.

104 2248 128 2279 G
143 2248 167 2279 R
195 2264 229 2268 —
258 2248 308 2278 «¹5.
329 2247 408 2277 nihil
426 2247 448 2277 C
465 2247 501 2277 O.
529 2247 589 2279 «Ut
613 2246 803 2285 Madvigius
830 2247 899 2277 Fin.
919 2246 958 2280 11.
978 2244 1018 2276 88
1043 2246 1160 2284 spreta
1179 2245 1340 2277 codicum
1360 2247 1540 2286 utriusque
1558 2246 1707 2277 familiae
1726 2245 1874 2279 lectione

102 2297 182 2328 nihil
203 2295 379 2336 vulgatam
405 2296 592 2328 lectionem
617 2296 736 2336 (nihili)
762 2296 921 2329 retinuit,
949 2295 998 2326 sic
1024 2303 1087 2333 ego
1115 2303 1181 2325 non
1207 2294 1328 2325 dubito
1347 2295 1429 2334 quin
1448 2296 1570 2326 Cicero
1588 2295 1622 2326 h.
1642 2294 1662 2326 1.
1681 2296 1873 2336 scripserit,

103 2348 139 2376 ut
164 2347 217 2376 est
241 2347 274 2376 in
299 2345 450 2376 editione
476 2344 614 2378 Aldina,
642 2344 732 2375 aliis:
769 2346 871 2375 nihili.
907 2345 1027 2384 Neque
1054 2344 1146 2374 enin]
1173 2344 1349 2374 aestimare
1374 2353 1436 2384 pro
1461 2352 1523 2375 sua
1548 2344 1811 2384 significatione,
1838 2347 1876 2376 ut

103 2397 306 2433 emistimare,
328 2399 461 2434 putare,
488 2397 584 2432 cett.‚
611 2394 788 2435 duplicem
815 2395 1053 2426 accusativum
1073 2394 1234 2431 admittit,
1267 2403 1381 2434 neque
1401 2394 1563 2426 videntur
1580 2396 1687 2426 Latini
1705 2396 1784 2426 nihil
1801 2405 1877 2427 um-

105 2453 209 2486 quam
243 2445 286 2475 ita
318 2445 494 2485 posuisse,
526 2447 563 2475 ut
593 2444 694 2484 plane
727 2444 820 2476 idem
851 2446 945 2475 esset
976 2444 1069 2484 quod
1096 2444 1188 2474 nihili
1212 2444 1231 2474 i.
1260 2452 1290 2474 e.
1320 2443 1444 2474 nullius
1471 2445 1582 2483 pretii.
1608 2445 1698 2475 Nihil
1720 2444 1874 2486 (aliquid)

105 2504 184 2526 cum
217 2495 289 2533 quis
313 2494 419 2536 (quid)
449 2504 513 2526 esse
538 2495 732 2531 dicebatur,
767 2496 847 2526 nihil
872 2495 1023 2535 (aliquid)
1044 2503 1138 2534 posse
1163 2493 1298 2533 (valere)
1325 2493 1598 2533 significabatur,
1627 2496 1662 2525 ut
1686 2494 1728 2526 ad
1755 2494 1871 2528 Famil.

104 2545 172 2582 vlt,
193 2545 246 2582 27,
267 2546 283 2575 2
308 2545 368 2575 islo
392 2545 460 2584 ipso
486 2546 515 2576 ἱη
541 2554 669 2585 genere,
694 2546 727 2575 in
753 2554 816 2584 quo
840 2546 1006 2584 aliquid
1026 2554 1121 2584 posse
1144 2545 1205 2582 vis,
1232 2547 1260 2574 le
1284 2543 1390 2574 nihil
1413 2552 1489 2574 esse.
1518 2544 1663 2576 Divinat.
1684 2545 1727 2577 ad
1747 2544 1872 2577 Caecil.

106 2595 145 2636 §S
170 2595 221 2627 47.
250 2594 302 2626 49.
328 2594 373 2626 ad
397 2596 464 2625 Att.
493 2595 546 2631 15¹,
576 2595 604 2631 ²2.
632 2595 662 2625 ¹2.
695 2594 812 2625 Famil.
840 2596 895 2631 ΙΙΙ,
922 2595 952 2630 8,
980 2595 1010 2625 Ξ.
1049 2596 1140 2625 Orat.
1170 2594 1187 2634 g
1213 2593 1274 2624 *2118
1306 2593 1386 2623 nihil
1416 2594 1459 2623 ad
1488 2602 1556 2624 rem
1586 2598 1632 2625 est
1662 2595 1711 2634 (z
1734 2595 1873 2627 Terent.

104 2645 243 2677 Phorm.
271 2644 310 2682 V,
336 2645 367 2681 5,
395 2645 459 2682 2¹).
498 2643 620 2675 Tibull.
648 2645 672 2681 Ι,
698 2645 729 2676 5.
750 2645 788 2675 Ξῖ
808 2653 861 2685 sq.
899 2646 969 2676 Nec
996 2645 1135 2682 mirum,
1162 2645 1189 2675 si
1216 2644 1345 2675 indocti
1371 2643 1630 2682 negligentesve
1655 2643 1786 2676 librarii
1813 2645 1877 2677 ali-

105 2694 243 2735 quando
268 2693 458 2725 rarioribus
483 2693 603 2725 formis
628 2693 751 2734 (nihili,
778 2694 891 2733 nihilo)
917 2695 1029 2726 tritius
1048 2693 1128 2725 illud
1146 2694 1228 2725 ¹nihil
1244 2693 1511 2731 substituerunt,
1539 2695 1577 2724 ut
1593 2693 1635 2725 de
1654 2694 1757 2734 Legg.
1777 2695 1801 2732 Ι,
1821 2694 1874 2728 34.

105 2744 148 2776 de
173 2744 270 2775 Offic.
298 2745 327 2780 Ι,
355 2744 406 2774 72.
435 2745 480 2781 ΙΙ,
507 2744 558 2775 76.
588 2745 650 2781 Ill,
678 2744 729 2776 38.
767 2744 867 2775 Tusc.
895 2746 1013 2785 Dispp.
1041 2745 1095 2782 IV,
1122 2744 1196 2776 712.»
1224 2745 1278 2775 W.
1317 2744 1367 2775 Cf.
1396 2744 1436 2774 Ill
1462 2744 1480 2783 ἓ
1506 2743 1557 2775 48.
1587 2762 1620 2766 —
1648 2745 1760 2776 estimo
1785 2746 1808 2777 C
1838 2763 1872 2768 —

106 2794 157 2826 46.
183 2803 303 2834 yraeco
330 2796 514 2834 ‘superscr
542 2795 608 2832 um)
635 2795 661 2825 G
687 2811 720 2815 —-
757 2794 819 2824 Sed
845 2795 1032 2825 Manutius:
1065 2797 1093 2824 et
1124 2794 1161 2825 C.
1200 2794 1286 2825 Vide
1316 2792 1359 2824 ad
1391 2793 1411 2833 S
1435 2793 1488 2824 82.
1517 2811 1551 2815 —
1585 2793 1638 2824 49.
1663 2795 1717 2825 sed
1744 2795 1877 2826 maiora

104 2843 221 2874 molior
236 2843 299 2874 W:
327 2843 380 2873 sed
403 2844 504 2873 etiam
526 2843 660 2874 maiora
682 2843 802 2874 molior
818 2843 860 2877 Ο;
888 2851 958 2874 om.
979 2844 1015 2874 C.
1045 2843 1134 2882 «Ego
1159 2844 1208 2875 sic
1233 2843 1369 2874 scribo:
1397 2846 1461 2874 est:
1487 2843 1552 2883 [sed
1574 2843 1707 2875 maiora
1730 2845 1874 2886 molior]‚

106 2892 240 2924 abiecta
267 2894 315 2932 (ut
339 2894 391 2923 est
416 2893 447 2923 in
466 2892 565 2924 Vind.
586 2894 608 2931 1)
636 2892 802 2933 particula
819 2893 929 2929 etiam,
956 2901 1046 2932 quae
1065 2894 1136 2924 sive
1154 2892 1316 2932 augendo
1335 2894 1574 2932 comparativo
1592 2893 1736 2925 inservit
1753 2893 1874 2935 (noch),

106 2950 230 2983 parum
255 2943 351 2972 recte
377 2942 420 2973 ita
448 2943 557 2982 posita
585 2944 648 2978 est,
676 2943 774 2982 quasi
799 2951 958 2982 magnum
981 2942 1145 2982 (difficile)
1171 2942 1301 2983 aliquid
1326 2942 1576 2983 praecederet,
1603 2944 1676 2974 sive
1701 2944 1876 2984 prioribus

107 2992 287 3032 sequentia
314 2990 518 3032 simpliciter
542 2991 697 3031 adiungit
721 2991 845 3032 (auch),
872 3000 940 3023 non
966 2992 1071 3023 modo
1096 2993 1311 3028 necessaria,
1337 2991 1400 3022 sed
1427 2992 1481 3023 vix
1506 2993 1693 3025 commoda
1713 2996 1776 3026 est.
1808 2995 1875 3026 Ce-

108 3043 220 3072 terum
245 3040 531 3081 supplementum
556 3040 638 3072 illud
665 3043 905 3073 necessarium
930 3041 1090 3073 librarius
1116 3041 1239 3083 aliquis
1264 3042 1439 3073 recentior
1463 3050 1504 3073 ex
1529 3042 1582 3081 iis,
1609 3052 1698 3083 quae
1719 3051 1877 3084 sequun-

107 3092 181 3122 tur:
214 3100 299 3130 quae
322 3094 398 3122 sunt
421 3100 470 3127 ea,
497 3099 582 3128 quae
606 3092 685 3122 dicis
716 3095 752 3121 te
781 3092 944 3122 maiora
973 3092 1143 3123 moliri?
1176 3094 1270 3123 recte
1306 3090 1470 3122 effinxit.»
1496 3092 1551 3123 W.
1588 3092 1675 3124 Vide
1700 3102 1743 3125 ne
1769 3095 1875 3125 etiam

108 3139 274 3180 particula
299 3141 352 3170 sed
377 3140 559 3172 abicienda
585 3141 638 3171 sit.
670 3158 703 3162 —
731 3141 783 3172 020.
810 3144 948 3172 mortem
971 3142 1067 3180 mali,
1093 3150 1132 3172 ne
1157 3143 1181 3173 G
1199 3142 1241 3174 R:
1272 3144 1412 3172 mortem
1434 3141 1514 3172 nihil
1537 3145 1582 3173 est
1606 3152 1644 3174 ne
1667 3143 1711 3180 B;
1739 3147 1876 3175 mortem

109 3189 189 3219 nihil
210 3193 255 3220 est
277 3190 375 3228 mali,
403 3198 441 3220 ne
465 3190 501 3220 O.
530 3190 596 3220 «Ex
616 3190 692 3221 cod.
712 3191 899 3229 Beruensi‚
926 3190 1000 3222 aliis
1018 3191 1246 3222 scribendum
1265 3192 1318 3222 est
1333 3191 1415 3222 mali
1430 3191 1513 3223 nihil
1529 3195 1591 3224 est:
1619 3192 1754 3233 vulgata
1774 3192 1876 3224 lectio

110 3246 233 3278 parum
257 3238 364 3270 habet
388 3239 621 3271 auctoritatis:
658 3240 690 3270 in
716 3240 855 3280 optimis
880 3241 972 3273 enim
997 3241 1101 3273 codd.
1129 3242 1154 3272 G
1170 3242 1192 3272 R
1217 3240 1298 3271 nihil
1321 3244 1364 3273 est
1387 3242 1467 3273 ante
1493 3251 1531 3274 ne
1555 3241 1715 3275 excidit.»
1742 3242 1796 3273 W.
1823 3241 1873 3274 Cf.

110 3294 142 3318 v.
168 3286 221 3319 ⁶22.
251 3305 285 3311 -
312 3289 365 3320 23.
393 3289 427 3320 id
450 3289 506 3330 est]
531 3285 585 3321 ide
611 3290 635 3320 G
652 3291 688 3321 R.
