2249 3624
602 151 690 191 Lm.
724 150 752 190 l.
793 149 892 190 CAP.
923 147 1259 190 XVII—XVIII,
1300 145 1359 201 §§
1391 143 1581 186 53-61.
1916 137 1962 180 91

212 266 404 312 cesserit;
443 270 483 305 at
520 268 662 303 contra
702 262 883 313 gaudere
922 266 1086 301 nosmet
1129 260 1369 300 omittendis
1401 259 1635 306 doloribus,
1679 258 1800 298 etiam
1834 257 1867 297 si
1901 270 1972 297 vo-

212 329 346 382 luptas
378 342 439 374 ea,
470 341 575 381 quae
607 340 772 365 sensum
806 330 985 371 moveat,
1021 324 1131 363 nulla
1155 324 1424 370 successerit3
1457 336 1593 376 eoque
1616 320 1797 372 intellegi
1822 325 1974 374 potest,

212 398 365 444 quauta
407 391 598 443 voluptas
637 390 686 429 sit
725 402 805 427 nou
850 387 1003 427 dolere.
1064 386 1129 426 ΞΠ.
1164 387 1243 426 Sed
1286 391 1329 424 ut
1370 386 1419 424 iis
1451 386 1570 425 bonis
1602 384 1822 436 erigimur,
1865 395 1974 436 quae

212 459 516 507 exspectamus,
556 452 614 491 sic
656 451 856 490 lactamur
888 450 960 496 iis,
993 462 1099 502 quae
1131 449 1419 495 1·ecordamur;
1458 448 1572 487 stulti
1604 453 1740 486 autem
1772 446 1973 486 malorum

214 516 412 556 memoria
445 520 712 568 torquentur,
757 514 965 565 sapientes
997 513 1104 551 bona
1138 512 1359 565 praeterita
1390 518 1503 564 grata
1535 510 1822 549 recordatione
1855 516 2008 548 reno-5

213 584 303 619 vata
334 577 554 616 delectant.
613 577 685 615 Est
715 581 852 614 autem
886 576 1008 614 situm
1042 576 1082 614 iu
1116 575 1256 621 nobis,
1289 580 1332 614 ut
1364 580 1404 614 et
1433 574 1608 614 adversa
1631 574 1751 626 quasi
1774 576 1976 625 perpetua

213 641 419 680 oblivione
462 640 683 679 obruamus
728 644 768 677 et
799 638 982 677 secunda
1014 636 1194 675 iucunde
1226 650 1271 675 ac
1303 637 1487 675 suaviter
1519 635 1842 675 meminerimus.
1894 632 1976 671 Sed

211 716 303 742 cum
336 715 403 747 ea,
435 714 541 755 quae
571 701 897 754 praeterierunt,
929 700 1012 738 acri
1041 699 1179 738 animo
1211 705 1250 737 et
1280 704 1440 739 attento
1473 700 1699 746 iutuemur,
1731 703 1816 738 tum
1845 695 1901 743 lit,
1932 700 1978 735 ut

211 765 424 817 aegritudo
458 771 677 817 sequatur,
710 763 742 802 si
776 763 845 802 illa
878 762 984 801 mala
1016 761 1120 807 sint,
1153 761 1331 807 laetitia,
1363 762 1396 800 si
1428 762 1549 800 bona.

323 828 471 866 XVlll.
512 827 544 863 ()
587 825 842 878 praeclaram
875 824 994 863 beate
1026 822 1192 862 vivendi
1224 829 1265 862 et
1294 830 1477 876 apertam
1512 829 1552 863 et
1583 824 1812 876 simplicem
1845 828 1887 863 et
1916 822 1977 862 di·
1994 830 2027 858 ⁴0

213 895 364 930 rectam
404 888 536 928 viaml
593 887 691 926 Cum
737 887 845 926 enim
887 891 996 925 certe
1037 885 1142 924 nihil
1183 885 1342 925 bomini
1384 887 1518 938 possit
1548 887 1696 926 melius
1728 900 1818 926 esse
1851 898 1975 939 quam

210 966 356 991 vacare
389 951 501 991 omui
535 951 680 989 dolore
713 954 753 988 et
785 949 974 988 molestia
1006 947 1250 1001 perfruique
1283 948 1476 988 maximis
1508 953 1549 988 et
1578 949 1705 987 aiiimi
1729 953 1769 987 et
1794 948 1977 1001 corporis

211 1014 515 1066 voluptatibus,
547 1013 772 1058 videtisne,
805 1024 928 1065 quam
960 1011 1062 1050 nibil
1095 1011 1467 1064 praetermittatur,
1501 1010 1615 1064 quod
1640 1011 1763 1050 vitam
1796 1011 1976 1057 adiuvet,

214 1090 297 1129 quo
337 1076 501 1115 facilius
542 1075 605 1122 id,
648 1074 759 1127 quod
798 1073 1057 1126 propositum
1089 1078 1169 1119 est,
1212 1086 1420 1112 summum
1452 1073 1605 1112 honum
1638 1073 1977 1127 consequamur?

216 1139 369 1178 Clamat
401 1139 624 1190 Epicurus,
661 1137 715 1182 is,
748 1148 871 1189 quem
903 1148 977 1174 vos
1008 1135 1131 1174 nimis
1165 1134 1450 1186 voluptatibus
1483 1148 1573 1174 esse
1605 1134 1794 1174 deditum
1827 1134 1976 1180 dicitis,
1994 1142 2029 1171 45

214 1215 296 1240 uon
330 1214 452 1253 posse
485 1199 664 1239 iucunde
697 1199 798 1244 vivi,
838 1198 917 1237 nisi
957 1197 1190 1250 sapienter,
1232 1196 1407 1236 honeste
1448 1196 1643 1249 iusteque
1675 1196 1860 1243 vivatur,
1903 1208 1978 1235 nec

214 1264 441 1316 sapienter,
481 1262 673 1307 honeste,
718 1261 844 1307 iuste,
877 1260 958 1299 nisi
991 1260 1184 1299 iucunde.
1245 1258 1311 1298 ὃὸ.
1342 1259 1486 1312 Neque
1520 1259 1631 1298 enim
1663 1258 1809 1298 civitas
1842 1259 1883 1297 in
1916 1272 1980 1297 se-

216 1325 373 1364 ditione
404 1324 523 1363 beata
555 1337 645 1363 esse
677 1329 811 1375 potest
844 1336 920 1361 nec
949 1322 990 1361 in
1013 1322 1220 1361 discordia
1244 1322 1507 1362 dominorum
1532 1321 1704 1361 domus:
1737 1335 1819 1374 quo
1843 1322 1980 1361 minus

213 1387 376 1427 animus
416 1399 439 1426 a
482 1400 525 1426 se
563 1387 652 1438 ipse
685 1385 892 1424 dissidens
931 1398 1157 1438 secumque
1192 1385 1432 1424 discordans
1464 1389 1631 1437 gustare
1662 1389 1821 1438 partem
1852 1385 1978 1424 ullam

213 1449 399 1504 liquidae
448 1448 674 1501 voluptatis
720 1453 760 1486 et
801 1447 955 1487 liberae
993 1452 1144 1501 potest.
1205 1447 1333 1500 Atqui
1373 1446 1657 1500 pugnantibus
1689 1451 1729 1486 et
1761 1447 1981 1486 contrariis
2000 1457 2035 1484 20

214 1512 363 1552 studiis
406 1512 675 1564 consiliisque
722 1524 886 1563 semper
927 1514 1048 1549 utens
1089 1509 1193 1549 nihil
1237 1510 1369 1563 quieti
1411 1510 1572 1556 videre,
1618 1509 1725 1548 nihil
1766 1509 1982 1563 tranquilli

215 1579 364 1628 potest.
424 1572 490 1613 59.
523 1574 645 1622 Quod
678 1574 709 1612 si
743 1573 931 1626 corporis
963 1573 1221 1626 gravioribus
1253 1572 1408 1612 morbis
1439 1573 1548 1612 vitae
1583 1572 1821 1612 iucunditas
1852 1572 1983 1625 impe—

216 1637 348 1683 ditur,
390 1642 547 1689 quanto
588 1637 718 1688 magis
760 1636 887 1675 animi
921 1636 1075 1675 morbis
1106 1636 1299 1688 impediri
1333 1649 1504 1676 necesse
1537 1636 1624 1676 est!
1675 1636 1813 1675 Animi
1843 1641 1981 1675 autem

215 1699 346 1738 morbi
379 1705 474 1738 sunt
506 1699 753 1752 cupiditates
787 1699 1011 1736 immensae
1045 1702 1085 1736 et
1115 1698 1261 1737 inanes
1291 1698 1549 1745 divitiarum,
1582 1698 1760 1750 gloriae,
1793 1699 1983 1739 domina-

215 1762 359 1808 tionis,
392 1761 707 1800 libidinosarum
732 1761 853 1799 etiam
877 1760 1158 1812 voluptatium
1191 1761 1397 1800 accedunt
1418 1760 1719 1813 aegritudines,
1752 1761 1981 1807 molestiae,
1996 1768 2031 1797 25

216 1836 436 1869 maerores,
469 1824 541 1876 qui
573 1823 759 1862 exedunt
788 1822 948 1861 animos
983 1821 1296 1876 conficiuntque
1329 1823 1437 1862 curis
1468 1823 1684 1863 hominum
1707 1836 1791 1862 non
1818 1823 1983 1863 intelle-

217 1885 400 1937 gentium
443 1885 545 1924 nihil
584 1885 810 1923 dolendum
852 1897 943 1923 esse
984 1885 1144 1931 animo,
1187 1885 1298 1938 quod
1331 1886 1384 1925 sit
1413 1899 1436 1925 a
1468 1885 1611 1925 dolore
1643 1887 1826 1939 corporis
1866 1900 1983 1940 prae-

217 1946 322 1985 senti
368 1945 558 1986 futurove
591 1948 839 1986 seiunctum.
893 1948 976 1985 Nec
1008 1960 1105 1985 vero
1137 1949 1363 2000 quisquam
1395 1948 1546 1988 stultus
1578 1962 1660 1987 non
1692 1949 1840 1988 horum
1873 1962 1984 1987 mor-

216 2010 361 2049 borum
405 2009 547 2061 aliquo
588 2010 770 2048 laborat:
811 2022 933 2048 nemo
973 2009 1099 2061 igitur
1143 2016 1205 2049 est
1244 2023 1328 2049 non
1361 2011 1498 2050 miser.
1557 2009 1623 2049 60.
1655 2011 1827 2051 Accedit
1857 2013 1980 2051 etiam

218 2085 349 2118 mors,
391 2084 514 2124 quae,
557 2073 676 2124 quasi
709 2086 853 2111 saxum
894 2072 1089 2118 'l'autalo,
1134 2086 1298 2125 semper
1333 2073 1565 2126 impendet,
1608 2080 1694 2114 tum
1726 2075 1980 2128 superstitio,
1996 2082 2032 2110 30

217 2148 299 2187 qua
341 2135 412 2187 qui
458 2140 519 2173 est
561 2135 765 2180 imbutus,
809 2134 976 2187 quietus
1017 2147 1107 2173 esse
1146 2148 1370 2188 numquam
1412 2142 1562 2189 potest.
1625 2138 1844 2177 Praeterea
1874 2138 1982 2177 bona

215 2197 436 2249 praeterita
468 2210 551 2235 non
583 2197 883 2243 meminerunt,
914 2198 1202 2250 praesentibus
1235 2212 1318 2238 uon
1345 2199 1561 2246 sruuntur;
1593 2200 1730 2239 futura
1762 2201 1884 2239 modo
1911 2214 1982 2238 ex-

215 2264 419 2311 spectant,
463 2272 570 2311 quae
615 2259 714 2312 quia
757 2266 868 2298 certa
899 2272 990 2299 esse
1026 2273 1110 2299 nou
1142 2268 1336 2314 possunt,
1379 2260 1656 2302 coniiciuntur
1687 2268 1728 2302 et
1757 2276 1911 2315 angore
1943 2268 1984 2301 et

217 2326 348 2366 metu,
381 2322 645 2374 nmximeque
677 2323 937 2369 cruciantur,
971 2336 1064 2361 cum
1097 2336 1189 2363 sero
1221 2326 1410 2364 sentiunt
1439 2325 1592 2364 frustra
1625 2338 1668 2364 se
1689 2330 1759 2364 aut
1781 2324 1983 2378 pecuniae

216 2382 427 2422 studuisse
459 2388 529 2422 aut
559 2384 744 2437 imperiis
776 2391 847 2424 aut
877 2385 1025 2438 opibus
1058 2390 1128 2424 aut
1165 2385 1334 2437 gloriae.
1385 2387 1530 2426 Nullas
1562 2388 1671 2426 enim
1704 2393 2033 2427 consecu11tur35

216 2444 466 2497 voluptates,
505 2459 681 2499 quarum
719 2447 906 2499 potiendi
945 2461 1017 2500 spe
1054 2447 1298 2487 inflammati
1338 2450 1491 2489 multos
1531 2449 1693 2488 labores
1725 2462 1983 2501 magnosque

215 2513 497 2559 susceperant.
557 2505 623 2548 ot.
654 2509 762 2548 Ecce
794 2515 932 2549 autem
964 2510 1033 2549 alii
1066 2510 1216 2550 minuti
1250 2517 1288 2551 et
1318 2512 1509 2564 angusti,
1546 2517 1616 2551 aut
1647 2512 1787 2552 omnia
1818 2525 1985 2565 semper

300 2718 331 2748 6.
357 2721 385 2748 el
410 2726 478 2749 om.
506 2719 529 2749 B
562 2737 589 2741 —
621 2719 651 2750 7.
678 2720 831 2760 secunda]
857 2721 966 2751 secula
990 2721 1013 2751 Β
1041 2737 1075 2741 -
1104 2720 1134 2751 8.
1163 2723 1286 2750 allento
1311 2722 1355 2750 A:
1384 2720 1504 2751 intento
1529 2720 1597 2751 ΒΜ
1614 2721 1656 2758 Ο;
1684 2721 1726 2752 cs.
1754 2721 1796 2753 de
1815 2723 1908 2753 Orat.
1929 2722 1983 2757 lll,

214 2766 232 2806 S
252 2767 302 2797 Π.
323 2784 354 2790 -
383 2769 460 2806 tum]
486 2778 559 2799 cum
577 2770 599 2800 B
620 2787 653 2791 —
683 2770 712 2800 9.
733 2771 860 2801 ductilia
884 2772 910 2801 si
935 2771 1017 2802 bona
1038 2772 1079 2802 A:
1107 2771 1133 2800 si
1150 2770 1177 2801 b.
1200 2770 1327 2801 laetitia
1352 2770 1374 2800 Β
1390 2771 1421 2800 M
1440 2787 1473 2790 Ἠ
1502 2770 1553 2801 43,
1574 2771 1685 2812 quam]
1704 2780 1784 2810 quos
1807 2773 1830 2803 B
1850 2774 1929 2810 (non
1950 2773 1983 2809 1⁴3)

218 2834 250 2838 -
281 2816 332 2848 tt.
358 2826 598 2856 prosequamur
621 2820 644 2850 Β
675 2838 707 2841 —
736 2821 788 2851 47.
816 2821 901 2851 enim
926 2823 971 2851 A:
999 2830 1069 2851 om.
1097 2821 1140 2856 133
1170 2820 1277 2860 [enim]
1305 2821 1334 2851 M
1359 2838 1401 2842 -
1427 2820 1479 2850 49,
1507 2821 1682 2852 (licordans
1706 2824 1731 2853 A
1752 2839 1786 2844 —-
1814 2823 1866 2853 ⁶20.
1894 2823 1986 2861 alqui

214 2869 238 2897 Α
256 2867 295 2896 B:
322 2871 421 2907 alque
437 2870 461 2898 O
481 2885 514 2889 -
543 2869 595 2899 ⁶21.
623 2870 726 2907 quielc
744 2871 785 2907 Β,
813 2871 876 2901 scd
902 2871 995 2901 idem
1021 2871 1194 2908 tranquilli
1213 2887 1246 2891 —
1270 2870 1320 2899 22.
1340 2870 1425 2900 citae
1441 2887 1489 2892 —-
1505 2870 1627 2901 morbis
1649 2879 1719 2902 om.
1740 2872 1764 2902 E
1789 2874 1872 2910 (non
1892 2873 1926 2910 Β)
1948 2889 1981 2892 -

213 2916 266 2946 ⁶23.
294 2916 369 2955 imp.
396 2926 518 2948 neccsse
538 2922 641 2957 potest
666 2920 737 2955 (sed
765 2929 887 2951 necesse
912 2919 1000 2951 linea
1027 2929 1044 2950 a
1072 2929 1122 2960 pr.
1151 2929 1196 2950 m.
1225 2918 1397 2950 subducta
1424 2919 1640 2959 significatur
1663 2920 1866 2959 delendum)
1894 2924 1918 2952 A
1948 2938 1981 2942 —

214 2964 266 2996 24.
295 2965 442 2997 inmanes
466 2970 489 2998 A
504 2969 540 2998 Β.
568 2969 617 3000 Ct'.
638 2970 655 3008 {e}
673 2971 713 3001 :⁷53
740 2972 773 3000 ct
797 2970 840 3001 de
865 2971 1123 3011 permutatione
1151 2970 1276 3000 horum
1296 2968 1485 3000 verborum
1505 2970 1558 3007 tv„
1579 2971 1596 3010 g
1614 2970 1666 3001 23.
1687 2988 1722 2992 -
1750 2971 1987 3001 dominationes

215 3016 239 3044 A
254 3014 277 3044 B
293 3014 316 3045 E
338 3033 370 3037 —
398 3016 449 3046 26.
470 3018 609 3048 eredunt
634 3020 714 3057 (acc.
736 3020 757 3049 Β
771 3020 805 3057 Ε)
832 3021 958 3050 animos
980 3022 1004 3051 A
1018 3021 1038 3051 Β
1053 3021 1091 3050 ti:
1121 3021 1248 3050 animos
1272 3020 1412 3049 exedunt
1437 3019 1461 3049 O
1483 3037 1516 3042 —
1544 3021 1596 3050 Ξῖ.
1616 3029 1637 3050 α
1661 3020 1781 3059 dolore]
1807 3021 1906 3051 edere
1924 3023 1982 3057 A¹3

215 3064 316 3095 adore
339 3064 379 3095 Α”-’
406 3083 436 3087 -
471 3066 523 3097 29.
550 3070 594 3096 esc
618 3068 698 3097 AB:
733 3077 846 3098 ern-unz.
871 3078 950 3099 cuni
979 3070 1098 3100 Ursino
1125 3070 1148 3099 O
1177 3086 1209 3090 -—
1238 3069 1364 3099 Accedit
1382 3085 1430 3090 -—
1448 3069 1590 3100 imbutus
1613 3070 1710 3100 atl'crt
1737 3070 1868 3101 Nonius
1895 3071 1985 3100 Mar-

216 3113 322 3145 cellus
349 3123 380 3155 p.
407 3114 485 3152 3324,
514 3116 565 3146 29.
595 3134 629 3138 —
662 3117 712 3148 30.
740 3118 894 3157 impendi(
920 3119 990 3157 {sic}
1018 3120 1040 3149 Β
1057 3119 1080 3149 15
1111 3137 1142 3140 —
1171 3123 1238 3149 lum
1263 3119 1342 3157 quia
1367 3119 1422 3157 qui
1447 3120 1528 3158 (om.
1553 3119 1748 3158 superstitio)
1775 3119 1916 3149 Nonius.
1947 3134 1981 3140 —

216 3163 267 3195 34.
290 3166 436 3203 pecuniis
460 3166 482 3196 Β
507 3183 550 3187 -
585 3166 635 3196 37.
670 3167 752 3198 Ecce
783 3172 891 3198 aulem
922 3169 1003 3198 mali
1034 3169 1149 3199 minuti
1184 3172 1213 3199 c!
1238 3170 1369 3208 angusti
1393 3173 1421 3200 cl
1445 3171 1554 3201 omnia
1581 3181 1603 3201 s.
1630 3172 1716 3209 (Iesp.
1744 3173 1802 3200 aut
1825 3170 1983 3205 malit-oli,

215 3214 334 3251 incidi,
367 3215 497 3255 difficile
525 3218 586 3249 esl.
619 3216 768 3256 lucifuqi,
804 3218 971 3256 maledici,
1006 3219 1202 3249 monstruosi
1233 3219 1363 3250 Nonius
1394 3220 1499 3251 Marc.
1532 3229 1565 3261 p.
1593 3220 1668 3256 345,
1698 3220 1748 3250 27.
1779 3236 1812 3240 —
1852 3219 1981 3259 minuti]

215 3263 337 3294 ‘minuet‘
362 3264 402 3301 153
431 3264 553 3296 inimici
577 3265 601 3297 E
630 3283 662 3288 —-
689 3266 758 3308 aul]
786 3270 819 3298 ut
842 3268 877 3298 B.
