2249 3624
430 154 518 194 Lm.
550 153 580 193 Ι.
621 151 718 193 CAP.
748 150 1140 192 XLVIII—XLIX.
1180 148 1239 202 §§
1272 146 1518 189 ⁴43—ii7.
1776 144 1856 187 ⁶249

325 259 524 314 Ignaris
556 258 795 298 homines
828 259 876 297 in
911 258 1019 298 vita
1052 257 1317 297 mentibus
1350 261 1554 296 errant:

319 321 620 374 Euthynous
654 322 879 373 potitur,
911 319 1139 359 fatorum
1172 320 1411 366 numine,
1444 320 1565 359 leto·

322 385 399 426 Sic
427 383 527 422 fuit
557 383 740 422 utilius
773 382 914 422 finiri
948 384 1159 436 ipsique
1194 382 1420 436 tibique.

101 449 192 491 416.
232 449 306 489 His
344 452 384 487 et
422 445 573 485 talibus
604 446 842 484 auctoribus
874 446 936 484 usi
968 443 1212 485 confirmant
1242 458 1407 484 causam
1443 440 1598 498 [rebus]
1631 457 1654 483 a
1687 444 1748 484 dis
1781 445 1856 484 im-

100 512 335 554 mortalibus
366 507 601 548 iudicatam.
652 507 886 547 Alcidamas
919 507 1102 560 quidem,
1135 508 1276 547 rhetor
1305 508 1501 561 antiquus
1533 507 1574 545 in
1608 507 1751 560 primis
1783 517 1888 546 iio-5

98 576 213 622 bilis,
252 570 414 625 scripsit
453 569 575 608 etiam
610 568 893 608 laudationem
927 569 1086 615 mortis,
1127 584 1234 623 quae
1267 575 1429 610 constat
1460 584 1512 610 ex
1543 570 1857 609 enumeratione

98 638 371 678 humanorum
402 631 618 671 malorum.
672 631 745 670 Cui
779 631 962 670 rationes
995 644 1087 677 eae,
1121 646 1228 685 quae
1261 633 1510 684 exquisitius
1542 645 1564 671 a
1596 631 1858 684 philosophis

98 698 367 750 colliguntur,
400 693 639 741 defuerunt,
670 694 836 733 ubertas
869 694 1068 733 orationis
1100 708 1183 732 non
1217 693 1362 732 defuit.
1415 694 1557 733 Clarae
1586 707 1683 733 vero
1707 699 1858 733 mortes

97 774 170 816 pro
210 757 341 812 patria
386 757 595 810 oppetitae
627 770 710 795 non
743 756 874 794 solum
908 756 1115 806 gloriosae
1149 756 1410 801 rhetoribus,
1453 756 1524 795 scd
1557 757 1680 795 etiam
1713 756 1859 795 beatae

96 822 224 863 videri
254 820 402 860 solent.
454 820 664 871 Repetunt
696 818 747 857 ab
780 818 1036 864 Erechtheo,
1069 819 1186 858 cuius
1219 819 1340 858 etiam
1374 818 1484 858 filiae
1516 818 1664 871 cupide
1688 823 1911 857 mortemio

95 883 386 938 expetiverunt
416 894 490 934 pro
522 881 605 920 vita
637 881 811 923 civium:
848 880 1049 928 Codrum,
1081 880 1151 932 qui
1186 893 1228 918 se
1260 881 1301 918 in
1334 881 1494 919 medios
1534 880 1691 919 inmisit
1728 880 1859 919 hostis

94 951 206 988 veste
236 944 451 991 famulari,
483 958 535 984 ne
567 949 710 997 posset
741 943 954 996 adgnosci,
987 943 1021 981 si
1045 947 1153 981 esset
1174 948 1323 981 ornatu
1347 942 1476 994 regio,
1508 941 1620 995 quod
1648 942 1859 982 oraculum

95 1014 180 1049 erat
210 1007 371 1054 datum,
408 1009 441 1047 si
483 1021 558 1047 rex
590 1006 830 1047 interfectus
862 1010 990 1051 esset,
1032 1004 1211 1043 victricis
1245 1004 1427 1043 Athenas
1458 1004 1559 1043 fore.
1610 1005 1860 1043 Menoeceus

94 1083 177 1110 non
218 1070 583 1122 praetermittitur,
628 1070 698 1122 qui
736 1069 834 1108 item
877 1067 1044 1107 oraculo
1087 1066 1197 1105 edito
1241 1066 1411 1117 largitus
1450 1072 1513 1106 est
1552 1068 1708 1120 patriae
1740 1080 1860 1106 suum

95 1133 351 1186 sanguinem.
403 1132 620 1185 Iphigenia
664 1131 814 1170 Aulide
857 1130 953 1170 duci
987 1142 1031 1169 se
1062 1128 1359 1169 immolandam
1392 1126 1526 1175 iubet,
1573 1135 1648 1168 «ut
1679 1128 1913 1168 hostiumis

95 1196 284 1236 eliciatur
306 1208 423 1234 suo».
458 1195 639 1234 Veniunt
670 1193 766 1232 inde
797 1193 847 1233 ad
881 1193 1089 1246 propiora.
1132 1192 1279 1230 XLlX.
1305 1191 1559 1230 Harmodius
1590 1192 1632 1230 in
1655 1205 1725 1231 ore
1749 1196 1864 1231 estet

94 1258 371 1310 Aristogit0n;
413 1256 770 1296 Lacedaemonius
818 1255 1049 1302 Leonidas,
1092 1254 1315 1294 Thebanus
1356 1253 1668 1306 Epaminondas
1710 1255 1862 1306 vigent.

93 1322 268 1360 Nostros
301 1333 382 1359 non
413 1324 591 1365 norunt,
624 1333 726 1372 quos
759 1331 1004 1358 enumerare
1039 1331 1230 1370 magnum
1263 1322 1348 1356 est:
1382 1317 1438 1356 ita
1469 1322 1565 1356 sunt
1597 1317 1739 1364 multi,
1771 1316 1863 1370 qui-

98 1384 175 1423 bus
207 1381 398 1422 videmus
430 1382 626 1435 optabilis
658 1387 810 1421 mortes
840 1381 970 1420 fuisse
1002 1394 1094 1420 cum
1127 1379 1271 1432 gloria.

207 1442 299 1484 Ι117.
333 1445 450 1493 Quae
482 1458 574 1484 cum
607 1445 662 1484 ita
694 1445 796 1491 sint,
829 1457 977 1496 magna
1008 1449 1146 1483 tamen
1168 1442 1407 1494 eloquentia
1431 1447 1493 1482 est
1514 1442 1714 1482 utendum
1737 1447 1862 1495 atque
1876 1454 1912 1483 20

97 1505 182 1562 [ita]
216 1508 331 1548 velut
363 1507 576 1560 superiore
609 1520 630 1545 e
662 1507 754 1547 loco
786 1505 1125 1551 contionandum,
1156 1510 1203 1544 ut
1222 1504 1412 1544 homines
1434 1510 1609 1544 mortem
1632 1505 1697 1544 vel
1719 1510 1863 1558 optare

95 1571 297 1624 incipiant
328 1570 391 1610 vel
422 1575 531 1609 certe
562 1569 708 1609 timere
741 1569 957 1609 desistant.
1009 1570 1110 1607 Nam
1144 1568 1177 1607 si
1209 1580 1426 1620 supremus
1459 1568 1529 1607 ille
1562 1567 1650 1607 dies
1682 1581 1765 1607 non
1792 1582 1864 1607 ex-

97 1634 362 1680 tinctionem,
401 1633 474 1673 sed
508 1633 873 1673 commutationem
905 1631 1039 1672 adfert
1069 1631 1170 1677 loci,
1204 1630 1303 1684 quid
1333 1631 1590 1683 optabilius?
1628 1632 1690 1670 sin
1723 1636 1863 1671 autem

96 1696 261 1750 perimit
299 1708 345 1735 ac
385 1695 497 1735 delet
535 1696 725 1742 omniuo,
769 1695 867 1748 quid
908 1694 1057 1733 melius
1089 1707 1211 1747 quam
1248 1694 1290 1732 in
1334 1694 1480 1733 mediis
1513 1694 1619 1733 vitae
1652 1693 1862 1733 laboribus

96 1759 403 1799 obdormiscere
441 1763 482 1797 et
518 1758 575 1797 ita
617 1758 879 1797 coniventem
921 1770 1068 1795 somno
1102 1756 1311 1810 consopiri
1343 1757 1626 1810 sempiterno?
1675 1756 1797 1805 Quod
1830 1755 1914 1796 sias

98 1820 187 1870 fiat,
220 1821 366 1861 melior
394 1821 505 1860 Enni
538 1835 661 1874 quam
696 1820 859 1860 Solonis
891 1819 1038 1859 oratio.
1091 1820 1168 1859 Hic
1201 1819 1309 1858 enim
1345 1825 1506 1859 noster:

263 1885 415 1922 Nemo
448 1897 521 1923 me
555 1883 792 1923 lacrimis
825 1882 1055 1929 decoret,
1095 1883 1249 1936 inquit,
1282 1895 1372 1922 nec
1401 1882 1586 1922 funera
1618 1880 1750 1922 fletu

319 1945 348 1984 F
361 1958 383 1985 a
396 1945 475 1985 xit
494 1947 502 1985 l
1500 1951 1504 1956 ’

181 2083 212 2113 ⁶2.
238 2083 323 2113 laeto
349 2081 372 2112 C
402 2099 436 2104 -—
470 2081 500 2113 4.
529 2094 542 2108 «
557 2082 602 2112 Ex
636 2081 792 2112 Lambini
826 2082 1027 2113 coniectura
1058 2082 1152 2113 rebus
1183 2085 1219 2113 ut
1253 2092 1292 2114 cx
1326 2083 1515 2114 auctoribus
1546 2083 1731 2123 repetitum
1766 2082 1864 2113 uncis

96 2130 232 2162 includo
259 2130 423 2171 (debebat
450 2133 544 2162 certe
570 2140 648 2163 esse
673 2136 703 2164 el
727 2131 821 2162 rebus
845 2135 873 2162 cl
896 2131 1020 2168 verbis,
1049 2131 1090 2163 cf.
1111 2132 1129 2173 g
1147 2134 1158 2164 4
1174 2132 1208 2164 il
1227 2134 1294 2174 sq.)
1316 2146 1329 2161 ι)
1365 2134 1402 2164 V.
1427 2150 1459 2155 —
1482 2134 1544 2164 (liis
1567 2134 1591 2164 C
1622 2151 1646 2154 --
1682 2134 1711 2163 5.
1732 2133 1865 2163 Alcida-

94 2190 166 2212 mas
189 2181 349 2213 Ursinus:
377 2181 580 2211 alchidamus
605 2182 628 2211 C
659 2199 690 2202 -
728 2181 758 2211 6.
785 2184 905 2212 conslel
931 2182 954 2211 C
983 2199 1018 2203 —
1046 2182 1076 2213 8.
1103 2184 1245 2213 rationis
1270 2184 1292 2214 C
1317 2201 1349 2205 —-
1378 2184 1493 2214 mortis
1517 2184 1579 2214 GR
1607 2201 1641 2205 -
1670 2184 1699 2214 9.
1726 2182 1866 2222 gloriose

94 2230 275 2262 rethoribus
300 2232 322 2261 G
341 2231 363 2261 R
393 2249 425 2252 —
454 2230 543 2261 beale
568 2232 591 2261 G
619 2247 655 2252 —
692 2231 738 2261 10.
768 2232 911 2262 erectheo
937 2232 960 2262 C
983 2250 1016 2254 —
1044 2233 1182 2271 cupidae
1207 2234 1282 2264 GR.
1318 2234 1385 2264 «Ex
1411 2232 1567 2273 gemellis
1593 2232 1774 2264 codicibus
1801 2232 1862 2262 GR

95 2280 291 2319 Tregderus
316 2281 477 2320 scripsit:
504 2281 597 2311 cuias
621 2281 720 2311 eliam
741 2280 830 2320 filiae
855 2282 1031 2320 cupidae
1054 2286 1191 2314 marceni
1214 2285 1461 2322 erpelieeriml,
1490 2284 1510 2314 i.
1531 2294 1561 2315 e.
1582 2282 1684 2321 tiliae,
1712 2290 1865 2322 quarum

96 2331 234 2372 propria
260 2330 430 2371 cupiditas
456 2333 541 2367 crat,
569 2340 659 2371 quae
685 2330 834 2371 cupidae
853 2341 930 2363 csse
949 2331 1107 2363 solebant
1127 2332 1428 2372 sleidcnschastlivhe
1448 2333 1604 2373 Tachlcr),
1631 2332 1672 2363 cs.
1694 2332 1788 2363 (mie.
1808 2331 1863 2368 ΙΙΙ,

96 2381 154 2417 ὅ9;
183 2389 262 2411 nam
287 2381 423 2419 cupidus
448 2380 589 2420 (ai-idus,
615 2381 789 2420 studiosus)
815 2382 1028 2421 antiquiores
1054 2383 1196 2422 quidem
1223 2386 1319 2413 certe
1347 2392 1470 2422 prosae
1489 2383 1652 2413 orationis
1675 2381 1865 2420 scriptores

96 2433 237 2471 (poetae
262 2431 312 2462 sic
337 2429 442 2461 locuti
467 2432 566 2467 sunt,
602 2432 638 2461 ut
663 2431 792 2461 Ennius
817 2431 908 2471 apud
936 2432 1006 2463 Cic.
1034 2431 1077 2462 de
1104 2433 1249 2463 Divinat.
1278 2434 1306 2469 1,
1336 2433 1395 2463 407
1429 2433 1518 2464 avidi
1548 2435 1693 2471 speclari(
1717 2431 1760 2461 acl
1786 2439 1866 2460 car-

96 2482 179 2512 ceris
202 2489 296 2517 oras,
324 2480 447 2511 Cicero
473 2480 547 2520 ipse
573 2481 608 2511 T.
629 2481 668 2512 D.
694 2481 732 2515 ΙΙ,
760 2480 801 2511 624
826 2482 926 2512 acida
948 2490 979 2512 sc
1003 2482 1046 2511 ad
1065 2486 1182 2521 passus
1204 2482 1317 2522 referl)
1343 2490 1534 2522 numquam
1560 2490 1639 2512 cuni
1667 2479 1865 2521 praedicato

97 2531 142 2562 ita
175 2531 337 2570 iungunt,
375 2533 411 2561 ut
442 2529 590 2561 subiecti
625 2532 656 2561 in
689 2530 826 2570 agendo
859 2532 969 2561 status
1002 2530 1193 2562 affec-iusve
1226 2531 1440 2570 significetur
1474 2533 1532 2570 (ct.
1561 2531 1696 2571 Madvig
1728 2531 1862 2571 §3OOM

97 2589 239 2621 semper
271 2578 479 2611 adverbium
512 2582 662 2620 ponunt,
698 2582 733 2611 ut
766 2590 798 2621 p.
826 2581 926 2611 Rosc.
955 2582 1070 2610 Anicr.
1101 2580 1118 2619 g
1143 2581 1183 2611 50
1207 2582 1347 2612 studiose
1370 2581 1709 2621 colebanl--cupidc
1733 2582 1867 2620 adpete-

97 2630 192 2669 bant,
219 2631 318 2661 Caes.
347 2631 382 2660 B.
411 2631 447 2661 G.
475 2630 507 2666 Ι,
534 2629 574 2661 40
599 2631 804 2669 cupidissime
821 2647 837 2653 -
852 2648 869 2652 -
887 2630 1046 2668 adpetisse
1064 2629 1183 2668 (Plaut.
1205 2632 1282 2661 Cas,
1304 2631 1348 2667 ΙΙ,
1368 2631 1398 2665 3,
1419 2630 1459 2662 4-9
1484 2631 1599 2670 cupide
1621 2631 1762 2670 cupere),
1790 2631 1864 2661 Cat..

97 2681 140 2712 M.
167 2680 186 2720 ἓ
211 2680 251 2711 72
276 2680 370 2710 avide
393 2680 609 2718 adpetendum
633 2680 760 2711 senibus
784 2680 838 2717 (cf.
861 2680 878 2720 g
902 2680 943 2711 ⁶26
967 2680 1062 2710 aride
1085 2681 1245 2719 arripui),
1272 2680 1307 2711 T.
1327 2681 1366 2711 D.
1388 2681 1440 2717 iv,
1460 2681 1499 2711 530·
1523 2681 1686 2720 cupiditas
1708 2681 1802 2710 avide
1818 2697 1866 2702 --

97 2734 258 2769 empelens.
301 2730 350 2760 De
383 2728 560 2761 levissimo
587 2730 704 2761 mendi
730 2739 859 2770 genere
885 2729 975 2761 conf.
1004 2729 1220 2769 Tregderum
1246 2739 1278 2770 p.
1308 2731 1360 2761 lx.
1387 2732 1405 2770 ξ
1432 2731 1492 2761 Υ115
1518 2730 1641 2771 (laeto).
1677 2731 1720 2769 ΙΙ,
1748 2730 1786 2761 43
1812 2729 1866 2770 (ac

96 2778 266 2819 improbe).
302 2779 364 2817 ΙΙΙ,
391 2779 430 2810 77
456 2779 675 2820 (propriacjm
704 2781 757 2811 w.
789 2798 821 2802 -
850 2779 900 2811 14.
929 2780 984 2818 qai
1010 2780 1083 2810 ilem
1107 2780 1285 2810 Davisius:
1321 2781 1449 2818 quidem
1482 2781 1527 2816 C;
1561 2782 1616 2820 qui
1640 2782 1676 2812 Ο.
1710 2780 1795 2810 Vide
1821 2779 1863 2810 ad

98 2828 116 2868 ἓ
142 2828 215 2860 404.
245 2846 279 2850 —
307 2829 358 2860 46.
381 2830 563 2868 propriora
587 2832 650 2861 GR
679 2848 712 2852 —
749 2833 792 2860 est
817 2830 980 2861 Rathius:
1009 2838 1079 2860 om.
1108 2830 1184 2861 CO.
1224 2830 1341 2861 «Cous.
1370 2829 1565 2862 Emendatt.
1592 2830 1677 2871 Epp.
1705 2838 1738 2870 p.
1765 2829 1802 2860 47
1830 2838 1863 2860 n.

98 2879 135 2909 ln
159 2878 276 2909 verbis
301 2879 335 2909 in
359 2887 415 2909 ore
439 2883 482 2910 est
507 2882 542 2910 et
564 2880 672 2920 vigenl
697 2880 750 2920 (cf.
779 2879 894 2911 Farnil.
922 2879 1006 2917 vul,
1034 2881 1064 2916 4,
1090 2878 1119 2917 4)
1147 2888 1187 2909 cx
1214 2881 1345 2910 veniunt
1375 2878 1637 2919 intelligendum
1660 2880 1700 2910 iis
1722 2895 1761 2909 Ξ
1784 2879 1866 2909 rhe-

99 2927 244 2965 toribus,
271 2928 366 2968 quod
391 2927 510 2960 Klotzii
536 2939 640 2961 causa
667 2938 806 2967 moneo,
833 2930 890 2969 qui
916 2929 958 2960 ad
985 2929 1075 2960 Lael.
1103 2929 1121 2969 g
1147 2930 1165 2959 ·.).
1192 2930 1223 2959 in
1248 2938 1303 2960 ore
1327 2938 1406 2960 cum
1431 2930 1539 2970 i-iqent
1562 2931 1678 2970 iungat
1703 2932 1807 2969 atque
1834 2930 1864 2959 in

98 2978 205 3018 vigent
241 2978 355 3008 inesse
380 2978 526 3009 omnibus
551 2979 602 3010 vel
627 2980 738 3010 mullis
761 2983 834 3010 sant
859 2978 1012 3010 credat.»
1043 2979 1095 3010 W.
1126 2996 1159 3001 ——
1196 2979 1248 3009 1¹7.
1273 2979 1450 3019 Arisloyilo
1474 2980 1510 3009 Ο.
1546 2978 1780 3019 «Tregderus,
1808 2979 1864 3018 qui

102 3027 119 3067 g
145 3027 184 3058 92
220 3036 261 3058 ex
293 3027 494 3068 Archetypo
524 3029 728 3068 Endymion,
760 3030 780 3069 5
807 3029 866 3060 443
898 3029 1013 3067 Biton,
1040 3029 1078 3065 V,
1106 3030 1144 3060 27
1169 3030 1274 3060 Zenon
1300 3030 1438 3070 scripsit
1464 3029 1522 3068 (cf.
1549 3030 1574 3068 1,
1601 3030 1640 3061 57
1665 3029 1804 3060 Archet.
1832 3031 1867 3059 et

100 3076 424 3108 Pseudo-Boethius
450 3078 578 3115 Menon,
609 3079 705 3110 Oiiic.
734 3080 846 3116 111‚95
871 3079 1106 3119 Assamemnon,
1134 3079 1278 3109 Dix'inat.
1300 3079 1338 3116 li,
1360 3079 1419 3109 432
1445 3079 1647 3118 Euphorion,
1673 3078 1763 3117 alia),
1789 3078 1866 3109 Ari-

100 3126 240 3166 sloyiton
263 3126 421 3158 scribere
447 3127 567 3159 debuit
592 3130 625 3159 et
648 3129 703 3166 111,
731 3129 771 3159 39
799 3128 946 3159 Telamon
973 3129 1021 3167 (ut
1045 3130 1097 3159 est
1121 3127 1164 3159 de
1190 3128 1282 3158 Orat.
1310 3128 1349 3164 ΙΙ,
1378 3128 1462 3167 1¹93).
1490 3129 1538 3160 Cf.
1566 3129 1701 3169 Madvig
1725 3129 1767 3159 ad
1795 3129 1863 3159 Fin.

103 3176 142 3213 li,
169 3176 209 3207 49
234 3175 276 3207 de
303 3176 448 3216 Callipho
479 3186 540 3217 pro
564 3177 767 3217 Calliphon.»
793 3179 847 3209 W.
875 3195 909 3199 —
944 3178 1032 3218 αἱρεῖ
1064 3178 1088 3209 C
1125 3195 1157 3199 —-
1191 3178 1241 3207 21.
1268 3177 1316 3208 ila
1346 3177 1488 3210 seclusit
1511 3180 1572 3215 W;
1611 3179 1866 3220 «sequentibus

104 3225 196 3256 enim
213 3225 331 3257 verbis
347 3230 381 3256 ul
395 3243 412 3248 -
424 3243 442 3249 -
455 3227 610 3258 desistant
626 3227 840 3267 significatur
857 3226 1051 3265 consilium,
1071 3235 1139 3267 quo
1156 3235 1280 3265 magna
1296 3244 1314 3249 -
1326 3244 1344 3249 -
1360 3228 1650 3260 contionandum.»
1665 3247 1696 3251 —
1718 3228 1770 3261 ⁶24.
1787 3237 1866 3268 per·

104 3274 180 3305 emit
203 3275 227 3305 G
242 3271 281 3306 R¹
303 3292 345 3298 —
367 3275 421 3306 ⁶25.
446 3275 665 3307 conhibenlem
689 3277 726 3316 G,
751 3276 973 3309 conibucnlem
996 3278 1022 3309 R
1049 3295 1083 3301 —
1110 3277 1164 3308 ⁶26.
1191 3277 1290 3309 Ennii
1313 3278 1390 3311 ΒΟ.
