2249 3624
939 611 996 669 M.
1034 611 1222 669 TULLII
1259 610 1564 671 CICERONIS

518 761 1220 821 TUSCULANARUM
1259 764 1973 822 DiSPUTATmNUM

1046 922 1116 960 AD
1148 922 1201 960 M.
1235 921 1452 961 BRUTUM

975 1061 1180 1107 LIBER
1211 1060 1523 1108 TERTIUS.

475 1407 504 1445 l.
539 1403 575 1445 ll.
610 1406 819 1455 Quidnam
854 1421 966 1454 esse,
1008 1409 1158 1454 Brute,
1195 1420 1345 1447 causae
1377 1412 1518 1460 putem
1551 1420 1648 1453 cur,
1687 1421 1779 1446 cum
1813 1413 2052 1448 constemus
2086 1421 2138 1447 ex

362 1469 502 1508 animo
536 1475 574 1508 et
605 1482 792 1521 corpore,
825 1469 1014 1522 corporis
1047 1470 1216 1509 curandi
1251 1470 1482 1522 tuendique
1517 1483 1642 1509 causa
1676 1470 1865 1522 quaesita
1898 1470 1952 1509 sit
1982 1483 2048 1509 ars
2079 1476 2140 1509 at—

367 1544 449 1583 que
482 1531 572 1569 eius
605 1530 762 1570 utilitas
793 1531 962 1571 deorum
996 1532 1278 1571 inmortalium
1304 1532 1536 1571 inventioni
1563 1538 1817 1578 consecrata,
1850 1533 1975 1572 animi
1999 1539 2138 1572 autem

365 1592 566 1632 medicina
598 1606 675 1632 nec
708 1598 787 1632 tam
821 1593 1055 1633 desiderata
1089 1595 1141 1633 sit
1171 1600 1265 1633 ante
1301 1608 1423 1647 quam
1456 1595 1647 1640 inventa,
1680 1607 1756 1633 nec
1795 1599 1877 1633 tam
1915 1596 2026 1634 culta
2065 1608 2140 1648 po—

331 1660 449 1695 5stea
483 1668 604 1707 quam
639 1656 805 1707 cognita
838 1662 922 1703 est,
955 1670 1031 1695 nec
1064 1662 1147 1696 tam
1180 1657 1320 1696 multis
1353 1662 1468 1708 grata
1501 1662 1541 1695 et
1572 1656 1769 1709 probata,
1801 1656 1989 1709 pluribus
2012 1659 2134 1697 etiam

363 1723 558 1769 suspecta
591 1722 630 1756 et
661 1718 822 1757 invisa?
863 1719 923 1757 An
959 1720 1070 1771 quod
1104 1719 1293 1771 corporis
1334 1719 1576 1771 gravitatem
1610 1725 1648 1758 et
1682 1719 1869 1758 dolorem
1902 1719 2042 1758 animo
2074 1719 2137 1758 iu-

363 1779 570 1825 dicamus,
603 1779 728 1818 animi
763 1781 950 1820 morbum
985 1795 1156 1834 corpore
1189 1794 1272 1821 non
1305 1780 1543 1820 sentimus?
1578 1782 1637 1820 lta
1670 1780 1712 1820 tit
1741 1786 1786 1820 ut
1815 1780 1982 1820 animus
2015 1782 2065 1820 de
2095 1794 2138 1820 se

362 1843 451 1894 ipse
484 1848 570 1880 tum
603 1842 776 1889 iudicet,
819 1856 912 1881 cum
946 1842 986 1881 id
1027 1843 1185 1895 ipsum,
1228 1857 1311 1896 quo
1343 1842 1569 1889 iudicatur,
1611 1849 1811 1895 aegrotet.
1873 1841 1911 1882 9.
1946 1843 2070 1891 Quod
2103 1844 2137 1882 si

362 1905 456 1944 talis
489 1918 563 1943 nos
595 1910 744 1943 natura
776 1905 1011 1956 genuisset,
1046 1911 1089 1944 ut
1120 1919 1210 1944 eam
1242 1906 1374 1958 ipsam
1402 1906 1556 1945 intueri
1578 1911 1618 1944 et
1640 1905 1879 1958 perspicere
1905 1907 2137 1959 eademque

314 1968 521 2020 tooptima
566 1966 673 2005 duce
716 1979 881 2006 cursum
925 1967 1033 2006 vitae
1074 1966 1278 2007 conficere
1317 1981 1555 2020 possemus,
1603 1968 1714 2006 haud
1756 1972 1844 2006 erat
1883 1979 1982 2006 sane
2024 1967 2138 2020 quod

364 2029 582 2081 quisquam
614 2028 815 2067 rationem
848 2041 895 2068 ac
928 2029 1157 2069 doctrinam
1189 2031 1436 2084 requireret.
1489 2031 1607 2069 Nunc
1639 2030 1835 2083 parvulos
1867 2029 1989 2069 nobis
2024 2029 2140 2069 dedit
2169 2036 2174 2040 “

343 2091 589 2143 igniculos,
637 2103 744 2143 quos
785 2091 975 2131 celeriter
1016 2093 1134 2132 malis
1181 2093 1367 2132 moribus
1410 2092 1769 2146 opinionibusque
1817 2092 2031 2145 depravati
2079 2092 2139 2131 sic

363 2152 684 2205 restinguimus,
716 2158 762 2192 ut
791 2166 1002 2207 nusquam
1034 2160 1206 2194 naturae
1238 2156 1377 2193 lumen
1410 2161 1624 2208 appareat.
1677 2155 1781 2194 Sunt
1813 2155 1922 2194 enim
1955 2154 2138 2207 ingeniis

364 2216 518 2254 nostris
550 2215 710 2254 semina
740 2215 884 2255 innata
914 2217 1134 2263 virtutum,
1175 2230 1281 2269 quae
1314 2217 1347 2255 si
1379 2217 1620 2257 adolescere
1652 2217 1819 2264 liceret,
1859 2217 1949 2270 ipsa
1980 2230 2056 2257 nos
2086 2216 2139 2256 ad

314 2290 349 2318 ’15
364 2276 526 2316 beatam
560 2278 686 2316 vitam
712 2282 860 2317 natura
882 2278 1141 2331 perduceret.
1188 2281 1304 2319 Nunc
1327 2285 1487 2326 autem,
1519 2280 1642 2319 simul
1666 2286 1791 2333 atque
1815 2279 1915 2319 editi
1938 2278 1981 2319 in
2004 2278 2138 2318 lucem

365 2345 405 2379 et
436 2340 617 2393 suscepti
651 2352 812 2386 sumus,
855 2340 897 2378 iu
940 2341 1052 2380 omni
1086 2342 1286 2381 continuo
1318 2342 1521 2394 pravitate
1555 2347 1595 2381 et
1626 2342 1669 2381 in
1701 2354 1862 2381 summa
1893 2341 2138 2394 opinionum

365 2402 637 2453 perversitate
678 2416 909 2450 versamur,
950 2408 995 2442 ut
1032 2417 1166 2456 paene
1199 2418 1292 2443 cum
1326 2404 1431 2443 lacte
1463 2404 1636 2444 nutricis
1669 2417 1852 2443 errorem
1885 2404 2047 2443 suxisse
2079 2403 2139 2442 vi-

365 2464 547 2503 deamur.
601 2464 701 2503 Cum
736 2478 834 2503 vero
866 2467 1108 2518 parentibus
1140 2466 1314 2514 redditi,
1346 2466 1443 2505 dein
1468 2467 1677 2518 magistris
1699 2466 1838 2506 traditi
1863 2480 2021 2513 sumus,
2051 2472 2138 2505 tum

365 2526 421 2564 ita
454 2526 576 2565 variis
609 2526 819 2566 inbuimur
851 2528 1082 2575 erroribus,
1115 2534 1160 2568 ut
1191 2529 1362 2568 vanitati
1396 2530 1546 2568 veritas
1578 2535 1618 2568 et
1651 2529 1840 2581 opinioni
1872 2527 2138 2568 confirmatae

314 2601 349 2628 90
365 2593 512 2627 natura
544 2590 633 2641 ipsa
665 2590 796 2628 cedat.
858 2591 907 2628 ll.
940 2588 978 2629 3.
1010 2591 1228 2631 Accedunt
1260 2592 1383 2631 etiam
1417 2596 1586 2644 poetae,
1619 2592 1689 2644 qui
1714 2604 1804 2630 cum
1832 2603 2023 2642 magnam
2045 2602 2140 2642 spe-

366 2649 469 2687 ciem
504 2650 717 2690 doctrinae
750 2652 1068 2705 sapientiaeque
1100 2667 1200 2705 prae
1232 2667 1275 2693 se
1307 2654 1509 2700 tulerunt,
1540 2653 1780 2700 audiuntur,
1812 2653 2019 2704 leguntur,
2052 2651 2139 2690 edi-

366 2717 538 2750 scuntur
582 2718 621 2751 et
661 2713 959 2754 inhaerescunt
995 2716 1163 2767 penitus
1195 2716 1238 2755 in
1269 2716 1502 2755 mentibus:
1552 2729 1643 2755 cum
1678 2728 1775 2754 vero
1808 2715 1976 2762 eodem,
2018 2713 2138 2767 quasi

448 2899 483 2920 Ji.
511 2899 617 2921 Trita
641 2901 813 2924 CICERONIS
838 2902 1091 2925 Tt‘.scr'1„.4,x·.41‹t·.n
1115 2903 1210 2926 immi
1236 2903 1372 2926 TERTIUS
1396 2904 1521 2926 mewa·
1547 2896 1588 2925 G:
1616 2904 1650 2925 31.
1680 2903 1787 2925 istm!
1811 2902 1839 2926 c,
1859 2903 1922 2925 Lm.
1943 2902 1993 2925 111.
2012 2901 2138 2924 m'cunr

363 2938 407 2972 ss;
442 2940 560 2979 Incipit
592 2942 614 2972 Ι(
645 2952 663 2972 a
696 2943 812 2973 verbis
836 2953 958 2974 causae
983 2949 1114 2983 palem,
1149 2945 1260 2984 spatio
1287 2945 1390 2975 trium
1416 2953 1581 2975 versuum
1609 2944 1651 2974 ad
1680 2943 1815 2974 titulum
1842 2943 1917 2974 libri
1944 2946 1977 2974 et
2002 2943 2136 2973 initium

363 2987 497 3019 relicto.
519 3006 551 3010 —
583 2991 610 3020 ¹2.
638 2995 737 3029 atque
760 2993 828 3022 eius
852 2994 1042 3024 Manutius:
1070 2995 1137 3024 eius
1161 2997 1259 3032 atquc
1285 2994 1329 3030 C3
1356 2994 1489 3032 eiusque
1514 2994 1538 3024 O
1561 3012 1592 3015 ἢ
1622 2994 1651 3025 3,
1680 2994 1833 3024 <iecorum
1857 2993 1967 3023 littera
1993 3001 2010 3022 c
2034 3000 2133 3023 erasa

366 3038 387 3067 R
418 3056 451 3059 —
479 3038 508 3068 ¹4.
537 3039 684 3070 desidera
709 3042 771 3072 GR
797 3058 838 3063 —
870 3043 900 3073 5
929 3051 985 3073 nec
1010 3044 1077 3073 iam
1100 3043 1211 3073 mullis
1235 3042 1325 3073 Bake
1358 3042 1378 3073 l.
1406 3041 1426 3073 l.
1457 3051 1488 3082 p.
1515 3042 1568 3073 87,
1601 3061 1633 3065 —
1662 3043 1712 3073 rlO.
1740 3043 1828 3072 haud
1853 3043 1894 3073 B:
1923 3045 1981 3072 auc
2006 3042 2069 3073 GR
2098 3058 2132 3063 -

365 3087 415 3116 41.
443 3088 570 3118 ratione
594 3098 633 3119 ac
657 3090 806 3121 doctrina
832 3092 855 3123 C
877 3108 911 3114 -
940 3093 992 3123 4¹2.
1020 3093 1196 3131 depranam
1222 3093 1264 3122 B:
1293 3092 1485 3130 deprauatae's
1509 3094 1533 3123 G
1549 3094 1571 3123 R
1589 3094 1612 3122 O
1632 3109 1665 3114 —
1696 3091 1746 3123 44.
1774 3093 1890 3122 semila
1907 3093 1931 3121 G
1954 3109 1985 3113 —-
2013 3092 2136 3122 licetret

364 3136 478 3175 priore
505 3140 514 3167 t
540 3141 711 3177 expuncta
739 3140 783 3176 G,
810 3141 881 3171 licel
907 3151 998 3172 corr.
1027 3142 1102 3173 ead.
1133 3151 1177 3174 m.
1206 3143 1237 3173 in
1264 3143 1374 3173 liceret
1398 3144 1421 3173 R
1451 3161 1483 3164 —
1517 3143 1565 3172 ¹8.
1593 3142 1784 3172 redditidem
1810 3141 1914 3181 <quod
1940 3141 2045 3172 etiam
2069 3140 2135 3179 legi

363 3187 478 3225 potest
502 3188 618 3218 redditi
642 3189 724 3227 dein)
752 3190 793 3225 (33
828 3191 1034 3222 reddit.idcm
1060 3191 1134 3231 (sed
1160 3191 1280 3222 litteris
1306 3195 1318 3222 c
1341 3193 1350 3222 i
1375 3193 1473 3230 signo
1500 3191 1583 3222 infra
1608 3200 1750 3222 versum
1777 3191 1912 3230 iunctis)
1940 3192 1983 3225 B2
2016 3190 2134 3221 redditi

363 3235 491 3264 demum
516 3236 539 3266 B
567 3253 600 3257 —
636 3241 704 3267 lum
730 3237 775 3267 ita
792 3256 841 3261 --
859 3240 928 3278 ipsa
953 3241 1048 3272 cedat
1071 3242 1200 3272 Nonius
1226 3251 1258 3281 p.
1287 3240 1360 3273 4¹6.
1390 3258 1424 3263 —
1462 3241 1514 3272 19.
1540 3241 1651 3279 opinio
1675 3240 1751 3281 syll.
1779 3241 1813 3271 m'
1837 3248 2016 3281 superscr.
2043 3241 2069 3270 G
2097 3255 2131 3261 —

361 3284 577 3323 confirmatae
600 3287 748 3318 Nonius:
775 3290 973 3329 confirmata
997 3292 1021 3322 C
1052 3308 1084 3312 —
1112 3292 1165 3322 22.
1190 3299 1269 3323 vero
1295 3290 1440 3331 [accedit]
1465 3291 1576 3321 eodem
1600 3291 1638 3321 Ο.
