2249 3624
262 106 343 149 600
973 106 1111 146 CATO
1144 106 1316 147 MAIOR

264 216 368 257 caeli
408 220 534 269 atque
571 219 704 254 terrae
745 213 787 252 C.
815 211 1002 259 Gallum,
1042 211 1290 252 familiarem
1322 213 1452 265 patris
1483 212 1566 259 tui,
1606 212 1759 266 Scipio.
1821 213 2023 262 Quotiens

264 278 382 318 illurn
423 277 496 317 lux
533 282 657 316 noctu
696 274 855 328 aliquid
895 274 1133 314 describere
1170 275 1425 327 ingressum,
1466 276 1659 328 quotiens
1690 289 1774 315 nox
1804 278 2024 330 oppressit,

265 354 356 380 cum
390 353 510 379 mane
543 338 772 390 coepisset!
836 337 971 384 Quam
1010 336 1244 376 delectabat
1281 351 1375 377 eum
1414 337 1668 377 defectiones
1699 338 1800 378 solis
1832 345 1873 378 et
1902 339 2025 380 lunae

266 402 397 442 multo
429 406 524 440 ante
555 400 676 439 nobis
707 399 974 452 praedicere!
1037 397 1102 438 50.
1136 399 1247 446 Quid
1277 401 1319 439 in
1351 400 1577 439 levioribus
1600 399 1771 447 studiis,
1794 401 1867 440 sed
1888 407 2026 443 tamen

235 465 427 505 bacutis‘?
489 463 624 511 Quam
663 461 869 514 gaudebat
905 461 1015 501 bello
1055 475 1130 501 suo
1166 462 1324 502 Punico
1360 463 1562 509 Naevius,
1605 475 1728 515 quam
1772 463 2026 504 Truculento

264 527 448 572 Plautus,
480 538 601 578 quam
633 523 866 563 Pseudolo!
919 524 1013 563 Vidi
1044 524 1167 564 etiam
1201 537 1341 564 senem
1364 524 1542 570 Livium,
1575 524 1646 577 qui
1679 538 1773 564 cum
1805 538 1880 564 sex
1909 527 2028 567 annis

264 595 359 628 ante
391 601 515 641 quam
548 599 624 639 ego
657 591 777 625 natus
809 600 899 626 sum
931 585 1115 626 fabulam
1148 586 1359 626 docuisset
1391 586 1579 626 Centone
1605 586 1901 640 Tuditanoque
1933 601 2029 628 con-

264 651 444 696 sulibus,
485 662 621 702 usque
663 648 713 688 ad
755 648 1084 688 adulescentiam
1125 662 1259 688 meam
1300 649 1504 702 processit
1543 654 1690 688 aetate.
1751 648 1862 697 Quid
1903 649 1955 690 de
1985 652 2028 691 P.

264 713 413 753 Licinii
449 711 585 752 Crassi
617 716 657 750 et
687 708 891 763 pontificii
927 716 968 750 et
999 711 1133 750 civilis
1166 711 1267 750 iuris
1300 710 1438 751 studio
1470 711 1617 764 loquar
1646 716 1718 750 aut
1749 710 1800 750 de
1831 711 1955 751 huius
1988 713 2029 753 Ρ.

213 786 249 815 to
266 775 497 828 Scipionis,
540 773 611 827 qui
653 773 717 812 his
758 773 902 826 paucis
941 772 1088 813 diebus
1125 772 1315 826 pontifex
1346 774 1550 812 maximus
1580 772 1715 813 factus
1747 776 1843 813 est?
1902 774 2028 827 Atqui

263 851 334 878 eos
365 850 529 881 omnes,
563 848 667 888 quos
700 835 1043 882 commemoravi,
1074 835 1140 874 his
1172 835 1321 875 studiis
1352 836 1564 887 flagrantis
1586 849 1708 874 senes
1730 835 1927 875 vidimus.
1975 837 2029 876 M.

262 912 361 938 vero
396 897 644 950 Cethegum,
677 911 802 951 quem
834 903 944 937 recte
977 897 1168 937 Suadae
1210 898 1480 939 medullam
1522 898 1628 937 dixit
1658 898 1838 944 Ennius,
1872 904 2029 951 quanto

263 960 401 1001 studio
443 960 632 1000 exerceri
671 960 714 999 in
752 960 931 1000 dicendo
964 960 1208 999 videbamus
1241 959 1364 999 etiam
1397 960 1564 999 senem!
1629 959 1747 1007 Quae
1780 965 1876 999 sunt
1905 960 2032 1012 igitur

263 1023 481 1076 epularum
521 1029 593 1062 aut
632 1023 823 1063 ludorum
865 1028 937 1062 aut
975 1028 1203 1062 scortorum
1244 1022 1482 1074 voluptates
1522 1035 1612 1061 cum
1652 1021 1716 1061 his
1746 1021 2030 1075 voluptatibus

213 1097 248 1126 ⁴5
263 1085 596 1139 comparandae?
656 1087 790 1139 Atque
822 1085 924 1124 haec
957 1085 1125 1138 quidem
1159 1085 1296 1124 studia
1327 1084 1562 1130 doctrinae,
1595 1097 1702 1136 quae
1735 1084 1904 1137 quidem
1938 1098 2032 1137 pru-

263 1149 458 1189 dentibus
490 1154 531 1188 et
559 1148 666 1188 bene
696 1148 897 1187 institutis
928 1148 1085 1200 pariter
1105 1160 1198 1186 cum
1220 1152 1357 1186 aetate
1380 1152 1594 1192 crescunt,
1616 1151 1662 1186 ut
1681 1146 1903 1186 honestum
1926 1147 2031 1187 illud

264 1212 432 1251 Solonis
463 1211 528 1257 sit,
560 1209 672 1263 quod
704 1211 761 1250 ait
792 1210 1001 1250 versiculo
1034 1209 1230 1262 quodam,
1264 1214 1308 1248 ut
1338 1214 1434 1248 ante
1466 1208 1573 1255 dixi,
1597 1221 1816 1248 senescere
1839 1222 1882 1248 se
1906 1209 2034 1249 multa

261 1274 305 1313 in
337 1274 425 1313 dies
457 1272 757 1319 addiscentem,
791 1286 872 1326 qua
903 1273 1117 1325 voluptate
1149 1270 1273 1311 animi
1306 1271 1421 1310 nulla
1454 1276 1564 1311 certe
1595 1277 1733 1324 potest
1763 1285 1855 1311 esse
1887 1271 2031 1311 maior.

375 1336 465 1375 XV.
497 1332 563 1374 51.
596 1335 728 1374 Venio
760 1348 870 1374 nunc
901 1334 954 1374 ad
984 1335 1222 1387 voluptates
1254 1334 1554 1386 agricolarum,
1597 1333 1749 1387 quibus
1787 1347 1863 1386 ego
1900 1335 2033 1374 incre-

213 1398 444 1438 aodibiliter
474 1397 687 1438 delector:
734 1410 842 1450 quae
883 1410 960 1436 nec
999 1397 1084 1436 ulla
1119 1396 1406 1449 impediuntur
1437 1402 1651 1436 senectute
1683 1401 1724 1435 et
1754 1396 1854 1435 mihi
1887 1396 1937 1436 ad
1970 1410 2033 1437 sa-

263 1461 416 1515 pientis
455 1461 579 1500 vitam
621 1461 812 1513 proxime
855 1459 1052 1499 videntur
1091 1458 1304 1498 accedere.
1365 1459 1530 1498 Habent
1562 1458 1671 1498 enim
1703 1459 1906 1499 rationem
1939 1473 2032 1499 cum

263 1530 395 1570 terra,
429 1537 535 1577 quae
569 1536 794 1575 numquam
827 1529 992 1562 recusat
1023 1522 1244 1575 imperium
1276 1535 1352 1561 nec
1384 1534 1580 1574 umquam
1615 1522 1704 1561 sine
1736 1535 1862 1562 usura
1893 1521 2032 1562 reddit

263 1586 378 1638 quod
409 1586 582 1638 accepit,
615 1585 687 1624 sed
720 1586 821 1625 alias
854 1586 1030 1631 minore,
1064 1585 1314 1638 plerumque
1345 1584 1502 1623 maiore
1535 1597 1625 1623 cum
1650 1583 1832 1623 faenore.
1878 1584 2033 1632 Quam·

265 1661 389 1702 quam
434 1661 498 1687 me
540 1647 710 1701 quidem
754 1662 838 1687 non
880 1646 1039 1687 fructus
1081 1646 1228 1693 modO,
1270 1647 1341 1686 sed
1385 1646 1508 1686 etiam
1552 1646 1685 1698 ipsius
1726 1652 1862 1686 terrae
1894 1647 1956 1686 vis
1987 1659 2033 1686 ac

213 1717 413 1751 25natura
452 1710 644 1750 delectat.
705 1710 823 1758 Quae
865 1724 956 1749 cum
1000 1710 1157 1761 gremio
1199 1708 1356 1749 mollito
1388 1723 1435 1749 ac
1467 1709 1638 1748 subacto
1670 1722 1857 1762 sparsum
1890 1722 2032 1749 semen

264 1773 451 1827 excepit,
484 1774 663 1826 primum
695 1773 733 1812 id
769 1778 1032 1812 occaecatum
1066 1772 1252 1819 cohibet,
1285 1786 1336 1811 ex
1369 1786 1450 1825 quo
1482 1771 1662 1818 occatio,
1695 1785 1802 1825 quae
1833 1772 1913 1811 hoc
1945 1770 2033 1811 effi-

264 1837 338 1883 cit,
369 1836 581 1876 nominata
613 1841 701 1882 est;
736 1835 888 1875 deinde
921 1834 1173 1887 tepefactum
1206 1848 1359 1887 vapore
1393 1839 1434 1873 et
1464 1847 1706 1886 compressu
1739 1847 1815 1872 suo
1839 1833 2034 1875 diffundit

265 1905 305 1938 et
335 1898 448 1938 elicit
479 1897 795 1937 herbescentem
827 1911 880 1936 ex
912 1910 961 1936 eo
994 1897 1261 1943 viriditatem,
1295 1910 1403 1949 quae
1435 1898 1534 1936 nixa
1565 1894 1679 1935 fibris
1711 1896 1904 1948 stirpium
1939 1910 2033 1936 sen-

265 1963 341 2001 sim
381 1960 586 2000 adulescit
626 1961 850 2014 culmoque
893 1966 1028 2000 erecta
1067 1959 1307 2011 geniculato
1339 1959 1498 2011 vaginis
1530 1958 1611 1998 iam
1645 1959 1764 2012 quasi
1797 1957 2032 2012 pubescens

214 2024 518 2071 30includitur3
562 2037 583 2063 e
616 2023 766 2077 quibus
799 2037 891 2063 cum
925 2023 1116 2068 emersit,
1157 2021 1295 2060 fundit
1325 2020 1485 2073 frugem
1519 2021 1623 2073 spic-i
1656 2021 1802 2060 ordine
1834 2026 2031 2061 structam

265 2093 306 2127 et
344 2092 488 2126 contra
527 2086 664 2125 avium
707 2086 913 2125 minorum
955 2098 1118 2124 morsus
1161 2083 1347 2123 munitur
1387 2083 1496 2123 vallo
1529 2083 1762 2123 aristarum.
1823 2081 1889 2123 5⁶2.
1923 2084 2032 2132 Quid

264 2161 341 2200 ego
373 2147 519 2187 vitium
553 2154 682 2195 ortus,
715 2153 843 2194 satus,
875 2147 1130 2187 incrementa
1158 2148 1515 2186 commemorem?
1576 2146 1724 2185 Satiari
1756 2146 2032 2186 delectatione

263 2224 344 2251 non
377 2224 570 2264 possum,
611 2215 655 2250 ut
686 2223 802 2249 meae
834 2210 1063 2250 senectutis
1094 2209 1326 2262 requietem
1367 2208 1804 2262 oblectamentumque
1834 2208 2031 2248 noscatis.

261 2443 367 2474 studio
392 2442 416 2473 E
434 2441 467 2472 in
485 2448 553 2471 ras.
576 2457 609 2460 —
638 2439 823 2470 dimeliemli
841 2439 964 2477 (demet.
980 2438 1067 2477 Bis)
1091 2447 1195 2478 paene
1213 2438 1256 2468 C:
1282 2446 1386 2477 poene
1403 2438 1459 2469 hic
1478 2446 1548 2468 om.
1569 2438 1611 2475 Ο,
1639 2446 1718 2468 cum
1738 2439 1885 2469 Graevio
1904 2438 2029 2470 edens:

262 2493 350 2524 Mori
370 2499 475 2530 paene
499 2489 686 2520 videbamus
711 2492 799 2520 etc:
838 2487 953 2520 locun]
980 2489 1022 2519 ad
1049 2489 1284 2528 integritatem
1310 2487 1448 2518 reduxit
1464 2487 1601 2527 Madvig
1618 2488 1745 2528 Opusc.
1773 2487 1893 2525 11.274
1918 2497 1971 2529 sq,
1991 2506 2032 2511 —-

264 2544 293 2573 4.
320 2545 349 2572 et
372 2544 483 2572 terrae
506 2541 530 2570 R
562 2557 595 2561 —
632 2540 665 2571 C.
693 2548 762 2570 om.
781 2540 804 2570 C
840 2558 873 2562 —
908 2540 1022 2579 yolum
1049 2538 1083 2570 Ρ1
1110 2556 1144 2561 -
1180 2540 1209 2569 2.
1238 2538 1297 2569 ἰιω1
1322 2538 1345 2568 Ε
1372 2546 1449 2577 sup.
1477 2537 1536 2569 lin.
1567 2554 1600 2560 —
1637 2538 1666 2569 li.
1694 2538 1785 2569 nobis
1809 2541 1884 2569 ante
1908 2539 1968 2569 ΒΟ
1995 2556 2029 2561 ——

256 2592 456 2632 praedicare
480 2591 535 2621 ΒΞ
563 2608 596 2612 -
626 2590 656 2620 6.
681 2590 838 2629 pseudulo
863 2590 986 2627 BElS,
1014 2589 1168 2628 speudolo
1193 2589 1216 2619 R
1239 2606 1271 2610 -
1299 2589 1422 2618 leuium
1447 2588 1470 2619 E
1497 2605 1530 2609 —
1559 2588 1589 2620 8.
1611 2589 1643 2619 Ρ.
1663 2597 1732 2620 om.
1752 2589 1777 2620 E
1808 2606 1834 2611 -—
1868 2588 1897 2619 9.
1918 2589 2033 2619 Licinii

263 2650 332 2672 om.
352 2641 377 2671 R
406 2658 438 2662 —
471 2640 523 2670 40.
551 2639 660 2670 diebus
681 2640 797 2679 paucis
822 2640 845 2671 E
874 2657 909 2661 —
942 2648 1121 2670 maxumus
1145 2639 1165 2669 S
1192 2655 1225 2659 ——
1253 2641 1352 2676 alque
1376 2638 1401 2669 R
1429 2655 1463 2659 —
1499 2639 1550 2668 112.
1577 2641 1723 2678 cetegum
1748 2639 1770 2668 P
1801 2656 1831 2660 —
1861 2639 1911 2669 45.
1939 2638 2032 2676 atqui

262 2691 396 2723 BEPS
424 2708 457 2712 —
495 2690 551 2721 hec
574 2691 683 2721 studia
708 2691 838 2729 quidem
862 2693 936 2720 sunt
961 2690 984 2720 B
1014 2706 1046 2709 —
1086 2688 1137 2718 117.
1165 2687 1288 2717 salonis
1314 2687 1357 2717 EI
1388 2704 1419 2708 —
1458 2687 1497 2717 sit
1522 2688 1642 2721 oni.1,
1670 2696 1716 2718 m.
1738 2696 1809 2719 sec.
1830 2687 1918 2720 linea
1946 2687 2032 2719 sub-

262 2740 407 2771 ductum
433 2741 465 2771 in
491 2741 526 2776 P,
560 2744 604 2772 est
627 2742 652 2772 R
678 2759 717 2763 ——
748 2744 805 2771 am
831 2742 853 2771 P
879 2749 969 2770 corr.
997 2740 1028 2770 in
1054 2739 1102 2769 ait
1128 2755 1160 2759 —
1198 2738 1248 2768 48.
1276 2738 1384 2767 maior
1407 2740 1510 2776 polest
1533 2746 1598 2768 esse
1624 2738 1647 2768 R
1674 2754 1708 2759 —-
1743 2738 1794 2769 ΞΟ.
1820 2739 2032 2778 inpediuntur

262 2791 309 2821 lR
334 2807 376 2812 —
407 2790 459 2820 21.
482 2799 648 2829 proxume
674 2791 751 2822 BS:
779 2793 807 2821 et
830 2791 943 2820 mihi-
960 2806 976 2811 -
993 2789 1146 2820 accedere
1172 2788 1350 2819 Charisius
1377 2797 1408 2827 p.
1425 2788 1487 2818 ς215
1513 2788 1549 2818 K.
1575 2805 1606 2810 —
1643 2789 1727 2818 enim
1753 2788 1901 2818 BERS:
1934 2789 2031 2819 eliam

262 2841 298 2877 Ρ,
324 2841 427 2880 iqitur
451 2841 461 2870 l
491 2858 523 2862 —
552 2840 604 2871 ⁵23.
622 2841 744 2871 minori
770 2840 792 2871 E
821 2856 854 2862 —
883 2839 937 2871 ⁶24.
957 2839 1010 2869 sed
1035 2840 1133 2869 eliam
1149 2854 1197 2860 --
1214 2839 1341 2876 excepit
1365 2838 1497 2869 Nonius
1523 2846 1555 2877 p.
1573 2837 1646 2873 40⁴,
1664 2838 1702 2869 40
1723 2847 1729 2873 ς
1752 2846 1903 2877 sparsum
1926 2846 2031 2868 semen

262 2907 310 2913 —-
327 2891 499 2920 nominata
522 2895 567 2922 est
590 2890 683 2921 idem
710 2899 742 2931 p.
760 2889 813 2928 42,
833 2890 873 2921 46
900 2907 934 2911 —
962 2890 1015 2920 26.
1043 2891 1253 2919 occaecatum
1278 2888 1356 2918 PR:
1385 2887 1596 2918 obcaecalum
1621 2887 1761 2925 Nonius,
1788 2892 1968 2919 occelalum
1992 2888 2027 2924 Ε,

261 2944 411 2972 occatum
436 2941 512 2971 BIS
539 2958 571 2963 —
599 2941 652 2971 27.
673 2941 746 2970 dein
770 2941 846 2971 BIS
875 2957 909 2962 ——
937 2939 1091 2978 diffundit
1116 2938 1139 2969 C
1168 2938 1281 2976 (etiam
1300 2939 1359 2971 P):
1387 2938 1527 2977 diffindit
1551 2937 1631 2969 edd.
1652 2939 1869 2969 recentiores
1893 2946 2027 2975 omnes,

262 2990 436 3021 incertum
463 2999 528 3030 qua
555 2991 761 3021 auctoritate
790 3007 823 3011 -
851 2989 904 3021 ⁶28.
931 2993 960 3019 et
984 2989 1087 3028 erigit
1110 2987 1349 3023 Ruhnkenius,
1378 2996 1409 3017 v,
1427 2987 1679 3019 Schneidewini
1706 2986 1823 3019 Philol.
1852 2987 1891 3025 V,
1911 2987 1972 3018 752
1993 3003 2026 3009 —-

261 3048 304 3071 ex
328 3048 363 3071 eo
386 3040 525 3071 herbesc.
553 3040 585 3076 Ι,
611 3039 673 3070 sed
699 3048 741 3070 eac
765 3048 800 3070 eo
825 3048 901 3080 sup.
929 3037 987 3070 lin.
1016 3039 1027 3067 l
1060 3046 1104 3068 m.
1141 3054 1176 3058 —
1211 3036 1264 3066 29.
1291 3037 1461 3075 culmoque
1484 3041 1573 3068 recta
1600 3037 1695 3073 lPS;
1728 3037 1899 3077 culmoque
1922 3037 2030 3067 erecta

261 3107 279 3114 —
296 3107 313 3113 -
330 3094 490 3120 structam
513 3091 644 3122 Nonius
676 3099 708 3130 p.
724 3090 799 3126 225,
822 3090 860 3120 26
898 3106 932 3111 —
974 3089 1026 3120 30.
1054 3087 1181 3117 emersit
1206 3095 1275 3116 oni.
1295 3087 1426 3117 Nonius
1465 3105 1498 3109 —
1540 3090 1702 3118 structam
1726 3087 1808 3118 ER:
1846 3088 1968 3116 structo
1992 3086 2027 3122 P,

262 3143 429 3172 exstructo
454 3141 555 3172 BIS:
591 3140 703 3180 fruges
727 3141 805 3180 spici
829 3141 944 3171 ordine
967 3142 1112 3169 structus
1143 3137 1274 3167 Nonius
1310 3154 1343 3158 -
1382 3136 1433 3167 31.
1462 3137 1540 3176 quid
1563 3146 1641 3177 erqo
1666 3138 1766 3173 BIS3
1800 3136 1880 3174 quid
1903 3144 2027 3175 390--

265 3199 514 3221 commemorem
545 3191 676 3221 Nonius
704 3199 737 3230 p.
758 3190 832 3226 ε227,
853 3190 871 3220 6
911 3207 943 3212 —-
982 3189 1034 3220 32.
1062 3190 1210 3218 satorum
1233 3188 1272 3225 S,
1305 3188 1432 3218 socium
1457 3188 1468 3218 Ι
1508 3205 1542 3210 -
1580 3187 1631 3218 33.
1659 3190 1694 3218 ut
1718 3184 2028 3218 meae--noscaeis

261 3241 459 3273 Priscianus
482 3240 538 3279 XI,
557 3240 597 3271 58
626 3258 659 3262 —
696 3240 872 3280 requietem
896 3240 921 3271 E
946 3247 1069 3271 rasura
1095 3238 1267 3269 mutatum
1292 3238 1326 3270 in
1350 3238 1506 3277 requiem.
