2249 3624
494 144 583 184 Lm.
615 144 645 183 I.
685 143 780 184 cip.
812 141 1195 183 XXVI—XXVII.
1236 140 1295 194 §§
1327 138 1372 180 Gl
1395 140 1524 181 —67.
1814 134 1896 177 ⁶229

130 249 263 303 prima
299 248 448 288 ultima
486 248 622 288 media
663 249 913 290 videremus.
972 247 1039 288 ὃὸ.
1072 250 1244 288 Prorsus
1286 248 1388 288 baec
1420 248 1559 288 divina
1596 248 1695 288 mihi
1735 247 1898 286 videtur

130 311 212 358 vis,
250 322 358 362 quae
395 315 455 349 tot
494 324 558 350 res
601 308 754 350 efficiat
794 316 835 350 et
875 315 1022 350 tantas.
1075 311 1183 358 Quid
1219 316 1281 350 est
1312 312 1421 350 enim
1462 312 1659 351 memoria
1689 324 1827 350 rerum
1859 314 1899 348 et

131 372 383 413 verborum?
430 372 531 424 quid
574 386 697 425 porro
740 372 957 413 inventio?
1000 374 1187 413 Profecto
1229 374 1291 420 id,
1333 388 1417 427 quo
1456 388 1508 413 ne
1551 375 1592 413 in
1635 375 1714 414 deo
1745 373 1898 426 quidem

134 434 355 489 quicquam
397 435 528 472 mains
566 435 751 485 intellegi
793 441 942 488 potest.
996 438 1085 475 Non
1119 437 1228 476 enim
1261 438 1467 477 ambrosia
1501 438 1601 477 deos
1632 443 1702 477 aut
1733 441 1898 476 nectare

130 503 200 538 aut
241 497 456 535 Iuventate
497 497 647 548 pocula
689 497 946 537 ministrante
984 499 1126 538 laetari
1158 501 1351 546 arbitror,
1395 514 1470 540 nec
1500 502 1728 540 Homerum
1760 498 1930 544 audio‚5

131 559 202 615 qui
234 558 506 611 Ganymeden
549 559 599 598 ab
632 559 694 598 dis
732 564 894 611 raptum
928 562 985 600 ait
1017 567 1188 614 propter
1219 562 1414 609 sormam,
1456 570 1498 604 ut
1531 563 1617 603 lovi
1649 562 1792 601 bibere
1824 560 1900 600 mi-

130 625 344 665 nistraret:
376 635 459 661 non
491 623 600 662 iusta
634 636 758 662 causa
789 636 863 661 cnr
895 622 1169 663 Laomedonti
1203 630 1311 663 tanta
1336 623 1451 665 lieret
1486 627 1649 666 iniuria.
1700 624 1902 677 Fingebat

130 689 230 728 haec
270 685 479 725 Homerus
520 692 560 724 et
590 685 773 724 hnmana
804 684 855 724 ad
888 684 990 722 deos
1023 685 1318 725 transferebat:
1361 688 1500 728 divina
1532 689 1696 728 mallem
1729 686 1778 725 ad
1811 699 1899 724 nos.

131 750 246 798 Quae
277 754 414 787 autem
448 748 618 787 divina?
650 748 815 800 Vigere,
848 760 1012 800 sapere,
1045 747 1259 794 invenire,
1292 750 1544 790 meminisse.
1591 752 1701 801 Ergo
1723 749 1901 793 animus,

127 816 173 852 ut
203 822 279 862 ego
312 809 424 857 dico,
458 811 624 850 divinus
657 816 742 857 est,
787 815 834 849 ut
863 808 1088 862 Euripides
1120 809 1259 849 dicere
1290 812 1440 859 audet,
1481 813 1606 859 deus;
1647 818 1687 851 et
1717 810 1951 864 quidemno

128 874 162 914 si
193 872 297 912 deus
330 878 402 912 aut
433 874 570 913 anima
603 878 672 913 aut
704 871 812 924 ignis
844 877 933 919 est,
965 869 1074 911 idem
1109 876 1170 910 est
1201 872 1364 912 animus
1395 874 1592 914 bominis.
1643 876 1744 914 Nam
1768 879 1811 913 ut
1832 873 1902 912 illa

128 940 274 976 natura
319 935 510 976 caelestis
552 941 591 976 et
633 942 741 975 terra
774 939 894 974 vacat
925 939 965 974 et
1006 947 1173 981 umore,
1216 935 1275 974 sie
1317 936 1538 989 utriusque
1579 938 1724 977 harum
1765 950 1904 976 rerum

128 998 333 1038 humanus
371 998 533 1038 animus
566 1004 629 1038 est
661 1011 825 1051 expers.
880 997 951 1036 Sin
983 1001 1120 1036 autem
1155 1002 1216 1036 est
1247 998 1393 1050 quinta
1424 1000 1628 1052 quaedam
1662 1005 1823 1046 natura,
1854 998 1904 1037 ab

127 1060 352 1100 Aristotele
384 1061 554 1101 inducta
586 1061 784 1114 primum,
816 1060 919 1099 haec
952 1064 992 1099 et
1024 1059 1198 1099 deorum
1232 1065 1293 1099 est
1325 1066 1365 1100 et
1395 1062 1644 1101 animorum.
1688 1063 1803 1101 llanc
1829 1074 1905 1101 nos

129 1124 377 1165 sententiam
412 1124 543 1163 secuti
576 1123 640 1163 his
672 1124 773 1177 ipsis
805 1122 942 1162 verbis
975 1121 1015 1160 in
1051 1121 1349 1162 Consolatione
1384 1121 1491 1176 [hoc]
1526 1125 1830 1178 expressimus:
1919 1134 1955 1163 45

240 1187 414 1226 XXVII.
446 1185 512 1226 66.
560 1187 827 1226 «Animorum
870 1185 986 1224 nulla
1016 1185 1057 1224 in
1090 1185 1209 1224 terris
1242 1186 1360 1239 origo
1393 1187 1572 1226 inveniri
1603 1192 1762 1241 potest3
1804 1186 1907 1226 nihil

129 1249 240 1290 enim
282 1253 346 1288 est
388 1250 429 1288 in
469 1250 618 1289 animis
659 1249 835 1288 mixtum
867 1253 992 1302 atque
1024 1253 1263 1287 concretum
1296 1253 1366 1288 aut
1398 1250 1510 1303 quod
1542 1263 1594 1289 ex
1626 1255 1736 1289 terra
1768 1255 1908 1289 natum

127 1317 255 1366 atque
286 1308 428 1351 fictum
462 1325 554 1351 esse
586 1311 796 1358 videatur,
830 1311 932 1350 nibil
964 1324 1014 1350 ne
1047 1316 1118 1350 aut
1148 1311 1336 1350 umidum
1369 1313 1535 1366 quidem
1568 1318 1638 1352 aut
1669 1312 1807 1352 ssabile
1839 1317 1910 1352 aut

128 1375 310 1427 igneum.
363 1373 440 1414 His
482 1374 592 1413 enim
633 1374 673 1413 in
715 1373 874 1413 naturis
914 1373 1018 1413 nihil
1057 1374 1165 1413 inest
1196 1373 1308 1427 quod
1341 1375 1424 1414 vim
1456 1375 1704 1423 memoriae,
1744 1375 1909 1421 mentis,

79 1471 82 1474 .
129 1435 396 1490 cogitationis
427 1434 604 1483 habeat,
637 1436 750 1490 quod
783 1441 822 1475 et
852 1436 1079 1489 praeterita
1112 1441 1252 1476 teneat
1275 1442 1315 1477 et
1337 1437 1479 1477 futura
1498 1438 1716 1491 provideat
1737 1443 1778 1477 et
1799 1446 1960 1477 com-20

128 1500 255 1556 plecti
286 1499 421 1552 possit
452 1499 714 1552 praesentia,
748 1511 855 1552 quae
887 1498 976 1538 sola
1009 1498 1149 1538 divina
1182 1505 1302 1547 sunt;
1337 1514 1413 1540 nec
1444 1501 1681 1541 invenietur
1713 1513 1911 1554 umquam

131 1563 244 1604 unde
276 1560 326 1602 ad
361 1561 579 1601 hominem
612 1561 756 1601 venire
788 1561 954 1614 possint
984 1561 1066 1601 nisi
1097 1575 1121 1601 a
1152 1562 1243 1603 deo.
1297 1563 1529 1617 Singularis
1553 1569 1615 1603 est
1634 1563 1763 1615 igitur
1787 1576 1913 1617 quae-

132 1627 225 1667 dam
258 1631 408 1666 natura
441 1630 566 1677 atque
588 1625 651 1664 vis
677 1624 820 1671 animi,
851 1624 1037 1664 seiuncta
1069 1625 1119 1665 ab
1150 1625 1215 1665 his
1237 1627 1400 1666 usitatis
1422 1627 1617 1680 notisque
1636 1626 1809 1666 naturis.
1852 1626 1913 1665 lta

135 1688 339 1744 quicquid
382 1692 443 1727 est
484 1687 609 1735 illud,
655 1686 768 1741 quod
807 1687 954 1734 sentit,
1001 1687 1114 1741 quod
1155 1689 1281 1742 sapit,
1327 1690 1442 1743 quod
1479 1690 1599 1737 vivit,
1643 1689 1758 1742 quod
1788 1688 1914 1739 viget,

135 1751 317 1792 caeleste
351 1755 393 1790 et
423 1747 609 1790 divinum
642 1750 694 1789 ob
727 1762 903 1803 eamque
934 1764 1022 1790 rem
1053 1755 1267 1792 aeternum
1300 1753 1353 1792 sit
1382 1766 1555 1793 neeesse
1586 1757 1661 1793 est.
1710 1754 1794 1792 Nec
1815 1765 1913 1791 vero
1926 1758 1963 1790 25

139 1815 241 1854 deus
274 1814 389 1867 ipse,
422 1813 494 1866 qui
527 1813 784 1865 intellegitur
815 1825 838 1852 a
868 1813 1007 1861 nobis,
1040 1813 1121 1854 alio
1154 1815 1280 1855 modo
1312 1815 1499 1869 intellegi
1531 1821 1669 1869 potest
1695 1815 1775 1855 nisi
1796 1827 1912 1853 mens

135 1878 272 1918 soluta
304 1875 511 1931 quaedam
544 1880 585 1915 et
614 1875 768 1923 libera,
801 1881 1017 1929 segregata
1048 1877 1099 1916 ab
1121 1878 1235 1917 omni
1259 1879 1526 1918 concretione
1554 1878 1742 1925 mortali,
1775 1877 1915 1917 omnia

131 1941 316 1980 sentiens
349 1943 390 1978 et
421 1952 594 1978 movens
637 1939 814 1993 ipsaque
846 1939 1037 1991 praedita
1069 1945 1184 1980 motu
1215 1942 1511 1994 sempiterno.»
1573 1939 1639 1980 67.
1670 1941 1759 1980 Hoc
1792 1954 1813 1980 e
1844 1953 1914 1993 ge-

129 2016 229 2043 nere
262 2007 390 2056 atque
423 2001 569 2041 eadem
602 2015 623 2042 e
654 2008 804 2042 natura
835 2007 895 2042 est
926 2002 1107 2042 humana
1138 2017 1268 2043 mens.
1321 2004 1397 2044 Ubi
1431 2004 1558 2058 igitur
1589 2008 1661 2044 aut
1682 2003 1819 2056 qualis
1851 2007 1914 2043 est

129 2065 208 2105 ista
248 2067 395 2104 mens?
440 2064 511 2104 ubi
551 2070 623 2104 tua
660 2070 733 2105 aut
771 2065 939 2118 qualis?
986 2070 1159 2118 potesne
1193 2066 1364 2106 dicere?
1402 2079 1474 2115 an,
1514 2068 1547 2106 si
1579 2066 1718 2106 omnia
1758 2065 1810 2105 ad
1850 2066 1963 2118 in—3Q

130 2126 413 2181 tellegendum
445 2141 529 2167 non
559 2127 718 2174 habeo,
751 2140 859 2181 quae
881 2127 1036 2167 habere
1061 2128 1235 2177 vellem,
1267 2143 1319 2169 ne
1342 2129 1392 2170 iis
1415 2130 1600 2183 quidem,
1636 2142 1743 2183 quae
1763 2128 1912 2176 habeo,

216 2321 246 2352 2.
275 2321 362 2352 enim
385 2327 563 2360 superscr.
591 2318 669 2350 ead.
697 2328 743 2350 m.
771 2320 803 2351 in
830 2321 855 2351 G
882 2337 915 2342 —
952 2320 983 2351 3.
1009 2329 1049 2351 ne
1070 2322 1105 2352 in
1129 2321 1186 2352 deo
1212 2321 1341 2360 quidem
1366 2321 1444 2352 cod.
1473 2320 1708 2354 Coloniensis:
1735 2329 1775 2353 ne
1796 2321 1832 2352 in
1855 2322 1913 2352 deo

132 2371 196 2402 GR
222 2372 256 2402 et
280 2370 333 2411 (ne
357 2378 449 2401 corr.
477 2369 555 2400 ead.
582 2378 629 2400 m.
657 2370 688 2400 in
715 2370 785 2410 nec)
811 2371 854 2407 B;
888 2379 945 2401 nee
974 2371 1010 2401 in
1035 2371 1092 2401 deo
1117 2371 1142 2401 O
1171 2389 1204 2393 —
1235 2370 1265 2402 4.
1288 2374 1394 2410 potest
1420 2370 1551 2409 (littera
1577 2371 1668 2403 finali
1693 2373 1823 2411 puncto
1848 2379 1913 2402 no-

134 2422 214 2461 tata)
240 2422 283 2458 R,
307 2422 400 2460 potes
424 2421 450 2450 G
477 2437 512 2442 —
539 2420 570 2451 5.
598 2420 724 2450 laetare
749 2421 773 2450 G
789 2419 827 2451 R¹
854 2437 888 2442 —
917 2420 947 2450 6.
975 2421 1198 2459 Ganymedem
1221 2421 1246 2451 O
1274 2438 1308 2442 —
1337 2420 1377 2451 ab
1400 2421 1450 2451 lais
1474 2421 1503 2460 (h
1520 2430 1610 2452 corr.
1631 2422 1664 2452 in
1682 2422 1711 2459 d)
1739 2421 1780 2457 113
1808 2429 1829 2451 a
1852 2421 1914 2451 diis

133 2470 158 2501 Ο
188 2487 220 2492 -
247 2473 282 2500 ut
311 2470 381 2501 Ιουὶ
412 2468 517 2500 bibere
548 2469 754 2500 ministraret
784 2470 975 2501 Arusianus
1001 2479 1033 2510 p.
1062 2471 1122 2501 ’217
1149 2479 1182 2501 n.
1211 2469 1250 2500 36
1281 2469 1335 2500 ed.
1363 2470 1522 2500 Lindem.
1551 2487 1585 2492 —
1614 2471 1645 2501 7.
1669 2471 1757 2511 fierit
1781 2471 1846 2501 GR
1872 2487 1907 2493 -

133 2520 164 2551 9.
191 2521 322 2552 animus
353 2518 561 2551 Lambinus:
595 2520 727 2550 animus
759 2520 814 2558 qai
840 2520 878 2550 C.
915 2533 928 2547 a
942 2522 1087 2552 Prorsus
1120 2519 1311 2551 delendum
1344 2519 1405 2551 suit
1431 2521 1504 2559 qui3
1539 2521 1687 2551 divinum
1712 2521 1807 2552 enim
1832 2529 1911 2552 esse

134 2570 290 2601 animum
321 2568 534 2601 concludere
562 2569 684 2600 Cicero
718 2570 785 2608 ipse
808 2569 932 2604 voluit:
966 2571 1159 2610 Euripidem
1184 2578 1309 2602 ausum
1336 2579 1415 2602 esse
1440 2571 1535 2601 deum
1558 2570 1677 2602 dicere
1703 2570 1780 2602 data
1807 2579 1911 2602 occa—

133 2620 231 2651 sione
255 2619 422 2651 addidit.»
449 2620 504 2650 W.
533 2637 568 2641 —
598 2620 648 2651 40.
676 2620 824 2655 (livinus,
857 2623 893 2650 ut
926 2621 964 2651 E.
991 2621 1022 2652 d.
1049 2622 1165 2655 audet.
1193 2621 1271 2651 deus
1292 2624 1337 2651 est
1362 2621 1386 2651 O
1415 2639 1449 2644 —
1477 2622 1528 2651 42.
1555 2621 1690 2652 humore
1715 2620 1748 2651 h.
1776 2619 1796 2652 l.
1826 2622 1904 2652 GR.

139 2686 171 2691 —
200 2670 251 2701 45.
277 2669 337 2700 hoe
362 2669 405 2700 C:
431 2668 512 2700 haee
536 2669 572 2700 Ο.
609 2670 756 2709 «Neque
781 2670 841 2701 hoe
863 2678 979 2707 neque
1003 2670 1083 2702 haee
1108 2679 1232 2702 verum
1257 2671 1407 2702 videtur.
1434 2672 1467 2701 Si
1492 2672 1678 2710 eaeprimere
1711 2670 1793 2702 nihil
1819 2670 1911 2702 aliud

135 2722 231 2751 esset
254 2728 360 2760 quam
384 2719 510 2757 dicere,
536 2720 594 2750 hoe
618 2720 673 2750 vel
700 2720 815 2760 potius
839 2720 918 2751 hac:¹
942 2719 985 2750 ad
1012 2729 1071 2756 ea,
1101 2729 1191 2760 quae
1216 2722 1424 2760 sequuntur,
1450 2719 1573 2751 referri
1597 2722 1743 2760 poterat.
1771 2720 1833 2760 (Cf.
1853 2721 1908 2759 ΙΙΙ,

134 2768 200 2809 41.)
226 2769 329 2809 Atqui
354 2769 405 2800 sic
427 2768 578 2800 verbum
605 2768 686 2800 illud
712 2768 756 2799 ab
782 2770 935 2809 antiquis
960 2778 1153 2809 numquam
1180 2770 1331 2809 ponitur.
1360 2768 1475 2809 (Aead.
1502 2770 1542 2807 11,
1563 2770 1601 2800 77
1626 2773 1834 2808 expresserat
1859 2772 1912 2801 est

135 2818 339 2857 obtinuerat,
365 2817 603 2860 probaverat.)
628 2818 680 2850 Ad
704 2819 788 2850 hane
813 2818 1017 2857 (Aristotelis
1036 2828 1141 2850 unam
1164 2818 1353 2859 quandam)
1379 2820 1572 2850 sententiam
1589 2820 1617 2850 si
1634 2819 1806 2857 retuleris,
1832 2821 1911 2852 haee

136 2867 260 2900 falsum
285 2869 338 2907 sit,
365 2869 423 2899 hoc
446 2878 572 2909 parum
597 2872 735 2910 aptum:
765 2870 888 2900 Cicero
920 2868 1125 2910 simpliciter
1152 2879 1225 2900 eam
1246 2869 1400 2900 dixisset.
1439 2869 1509 2908 Ego
1533 2868 1723 2902 delendum
1747 2871 1806 2901 hoc
1831 2879 1909 2902 esse

136 2918 296 2959 suspicor
327 2917 417 2958 [om.
450 2919 519 2949 iam
550 2918 723 2950 Prellerus
754 2920 838 2951 llist.
866 2917 988 2959 philos.
1019 2920 1273 2950 Graeco-Rom.
1301 2928 1334 2958 p.
1355 2917 1447 2957 4-23]‚
1482 2920 1519 2950 ut
1542 2919 1700 2951 additum
1724 2919 1768 2951 ab
1794 2919 1908 2960 aliquo

136 2965 296 3005 librario,
333 2968 392 3008 qui
423 2969 635 3000 structuram
664 2968 775 3007 illam,
807 2978 875 3008 qua
901 2968 1079 3000 obiectum
1105 2969 1247 3000 definito
1272 2966 1383 2998 vei-ho
1408 2976 1490 2999 cum
1514 2970 1694 3010 participio
1719 2978 1908 3001 commune

139 3015 348 3057 plerumque
367 3017 478 3049 semel
495 3020 628 3049 tantum
648 3020 799 3059 ponitur,
821 3020 893 3050 sive
912 3020 1121 3059 ignoraverit
1138 3020 1210 3050 sive
1229 3017 1403 3058 explicare
1420 3017 1602 3051 voluerit.»
1620 3021 1675 3051 W.
1697 3036 1731 3042 —
1759 3020 1809 3051 46.
1828 3019 1909 3051 Ani-

140 3075 270 3097 morum
286 3085 304 3090 -
318 3070 464 3106 -potest.
491 3068 580 3098 Nihil
604 3071 647 3098 est
670 3070 703 3099 in
729 3069 849 3099 animis
864 3086 881 3091 -
895 3087 912 3091 —
929 3069 1045 3100 divina
1066 3073 1152 3100 sune.
1179 3069 1244 3099 Nee
1267 3069 1352 3099 enim
1374 3068 1559 3100 invenietur
1575 3071 1773 3101 Lactantius
1791 3069 1833 3100 de
1858 3070 1908 3100 ira

143 3124 173 3147 c.
199 3115 251 3147 40.
279 3132 316 3139 -
344 3116 396 3147 48.
422 3117 571 3148 umidum
594 3118 638 3148 B:
664 3118 833 3148 humidum
859 3119 923 3149 GO
952 3136 986 3140 —
1013 3119 1065 3150 ⁶2⁴2.
1092 3119 1166 3149 inde
1191 3126 1280 3149 corr¹
1308 3116 1384 3148 ead.
1411 3126 1458 3148 m.
1486 3119 1519 3149 in
1541 3120 1627 3150 unde
1651 3122 1675 3151 C
1702 3137 1736 3142 —
1764 3121 1817 3152 ⁶25.
1843 3120 1909 3150 Nee

142 3173 220 3196 vero
236 3167 439 3197 --sentiens
462 3169 491 3197 et
513 3175 644 3198 movens
667 3168 864 3198 Lactantius
891 3169 914 3206 1,
942 3169 973 3199 5.
1003 3185 1038 3190 —-
1070 3169 1122 3199 26.
1148 3168 1175 3198 si
1200 3168 1397 3207 intellegitur
1420 3167 1593 3200 Prellerus
1618 3168 1637 3201 1,
1665 3168 1685 3201 l.
1723 3170 1773 3201 Ad
1798 3168 1907 3200 verba

145 3214 200 3254 qui
227 3215 426 3256 intelleyitur
457 3214 661 3256 explicanda
696 3217 930 3256 Leodegarius
956 3226 975 3248 a
1001 3218 1140 3255 Quercu
1165 3217 1314 3248 addidit:
1346 3226 1433 3250 «nec
1456 3219 1522 3250 sub
1547 3228 1693 3252 sensum
1717 3220 1840 3252 cadit».
1870 3237 1903 3242 —

145 3263 197 3296 30.
220 3268 350 3304 potesne
372 3266 479 3297 dicere
502 3264 570 3297 del.
596 3266 687 3298 Bake
713 3265 732 3297 1.
760 3265 780 3297 l.
808 3275 841 3308 p.
868 3267 921 3300 79.
949 3284 983 3290 -
1011 3267 1062 3299 31.
1090 3269 1116 3298 is
1141 3266 1237 3306 GR¹;
1262 3268 1312 3300 his
1333 3268 1372 3301 Β.
