<?xml version="1.0" encoding="UTF-8"?>
<!DOCTYPE html PUBLIC "-//W3C//DTD XHTML 1.0 Transitional//EN"
    "http://www.w3.org/TR/xhtml1/DTD/xhtml1-transitional.dtd">
<html xmlns="http://www.w3.org/1999/xhtml" xml:lang="en" lang="en">
 <head>
  <title>
</title>
<meta http-equiv="Content-Type" content="text/html;charset=utf-8" />
  <meta name='ocr-system' content='tesseract 3.04.00' />
  <meta name='ocr-capabilities' content='ocr_page ocr_carea ocr_par ocr_line ocrx_word'/>
</head>
<body>
  <div class='ocr_page' id='page_1' title='image "./operaquaesupersu04ciceuoft_0410.png"; bbox 0 0 2249 3624; ppageno 0'>
   <div class='ocr_carea' id='block_1_1' title="bbox 736 863 1637 926">
    <p class='ocr_par' dir='ltr' id='par_1_1' title="bbox 736 863 1637 926">
     <span class='ocr_line' id='line_1_1' title="bbox 736 863 1637 926; baseline -0.001 -1"><span class='ocrx_word' id='word_1_1' title='bbox 736 864 1150 926; x_wconf 86' lang='lat' dir='ltr'>SUPPLEMENTA</span> <span class='ocrx_word' id='word_1_2' title='bbox 1186 863 1637 925; x_wconf 82' lang='lat' dir='ltr'><strong>ADNOTATIONIS.</strong></span> 
     </span>
    </p>
   </div>
   <div class='ocr_carea' id='block_1_2' title="bbox 297 1230 2082 1388">
    <p class='ocr_par' dir='ltr' id='par_1_2' title="bbox 297 1230 2082 1388">
     <span class='ocr_line' id='line_1_2' title="bbox 388 1230 2082 1275; baseline -0.003 -8"><span class='ocrx_word' id='word_1_3' title='bbox 388 1236 470 1275; x_wconf 77' lang='lat' dir='ltr'><strong><em>Pag.</em></strong></span> <span class='ocrx_word' id='word_1_4' title='bbox 495 1235 571 1273; x_wconf 70' lang='lat'>⁶2⁴5,</span> <span class='ocrx_word' id='word_1_5' title='bbox 599 1234 651 1265; x_wconf 71' lang='lat'><strong><em>⁴7.</em></strong></span> <span class='ocrx_word' id='word_1_6' title='bbox 690 1234 790 1265; x_wconf 87' lang='lat' dir='ltr'><strong><em>Hunc</em></strong></span> <span class='ocrx_word' id='word_1_7' title='bbox 812 1232 929 1265; x_wconf 87' lang='lat' dir='ltr'><strong><em>locum</em></strong></span> <span class='ocrx_word' id='word_1_8' title='bbox 953 1232 1127 1273; x_wconf 83' lang='lat' dir='ltr'><strong><em>Seyfferto</em></strong></span> <span class='ocrx_word' id='word_1_9' title='bbox 1152 1234 1296 1264; x_wconf 89' lang='lat' dir='ltr'><strong><em>auctore</em></strong></span> <span class='ocrx_word' id='word_1_10' title='bbox 1322 1231 1510 1263; x_wconf 86' lang='lat' dir='ltr'><strong><em>Tischerus</em></strong></span> <span class='ocrx_word' id='word_1_11' title='bbox 1534 1231 1568 1263; x_wconf 90' lang='lat' dir='ltr'><strong><em>in</em></strong></span> <span class='ocrx_word' id='word_1_12' title='bbox 1593 1230 1746 1263; x_wconf 85' lang='lat' dir='ltr'>editione</span> <span class='ocrx_word' id='word_1_13' title='bbox 1767 1231 1868 1263; x_wconf 84' lang='lat' dir='ltr'><strong><em>tertia</em></strong></span> <span class='ocrx_word' id='word_1_14' title='bbox 1889 1232 1939 1262; x_wconf 91' lang='lat' dir='ltr'><strong><em>sic</em></strong></span> <span class='ocrx_word' id='word_1_15' title='bbox 1956 1230 2082 1263; x_wconf 87' lang='lat' dir='ltr'><strong><em>distin-</em></strong></span> 
     </span>
     <span class='ocr_line' id='line_1_3' title="bbox 298 1287 2082 1334; baseline -0.004 -9"><span class='ocrx_word' id='word_1_16' title='bbox 298 1294 367 1325; x_wconf 77' lang='lat' dir='ltr'><strong><em>xit:</em></strong></span> <span class='ocrx_word' id='word_1_17' title='bbox 403 1292 558 1334; x_wconf 76' lang='lat' dir='ltr'><strong><em>Coyitare</em></strong></span> <span class='ocrx_word' id='word_1_18' title='bbox 579 1291 666 1323; x_wconf 79' lang='lat' dir='ltr'><strong><em>enim</em></strong></span> <span class='ocrx_word' id='word_1_19' title='bbox 688 1294 719 1322; x_wconf 84' lang='lat' dir='ltr'><strong><em>et</em></strong></span> <span class='ocrx_word' id='word_1_20' title='bbox 737 1291 926 1330; x_wconf 81' lang='lat' dir='ltr'><strong><em>providere,</em></strong></span> <span class='ocrx_word' id='word_1_21' title='bbox 953 1294 982 1321; x_wconf 82' lang='lat' dir='ltr'><strong><em>et</em></strong></span> <span class='ocrx_word' id='word_1_22' title='bbox 1005 1291 1128 1321; x_wconf 77' lang='lat' dir='ltr'><strong><em>discere</em></strong></span> <span class='ocrx_word' id='word_1_23' title='bbox 1152 1293 1181 1320; x_wconf 72' lang='lat' dir='ltr'><strong><em>et</em></strong></span> <span class='ocrx_word' id='word_1_24' title='bbox 1209 1290 1335 1328; x_wconf 81' lang='lat' dir='ltr'><strong><em>docere,</em></strong></span> <span class='ocrx_word' id='word_1_25' title='bbox 1361 1293 1391 1320; x_wconf 77' lang='lat' dir='ltr'><strong><em>et</em></strong></span> <span class='ocrx_word' id='word_1_26' title='bbox 1413 1289 1562 1320; x_wconf 82' lang='lat' dir='ltr'><strong><em>invenire</em></strong></span> <span class='ocrx_word' id='word_1_27' title='bbox 1586 1288 1715 1327; x_wconf 81' lang='lat' dir='ltr'><strong><em>aliquid</em></strong></span> <span class='ocrx_word' id='word_1_28' title='bbox 1738 1291 1770 1319; x_wconf 77' lang='lat' dir='ltr'><strong><em>et</em></strong></span> <span class='ocrx_word' id='word_1_29' title='bbox 1792 1291 1862 1318; x_wconf 80' lang='lat' dir='ltr'><strong><em>tam</em></strong></span> <span class='ocrx_word' id='word_1_30' title='bbox 1882 1287 1990 1319; x_wconf 76' lang='lat' dir='ltr'><strong><em>multa</em></strong></span> <span class='ocrx_word' id='word_1_31' title='bbox 2011 1287 2082 1319; x_wconf 85' lang='lat' dir='ltr'><strong><em>alia</em></strong></span> 
     </span>
     <span class='ocr_line' id='line_1_4' title="bbox 297 1345 1922 1388; baseline -0.003 -7"><span class='ocrx_word' id='word_1_32' title='bbox 297 1349 498 1388; x_wconf 79' lang='lat' dir='ltr'><strong><em>meminisse,</em></strong></span> <span class='ocrx_word' id='word_1_33' title='bbox 525 1356 642 1380; x_wconf 82' lang='lat' dir='ltr'><strong><em>amare</em></strong></span> <span class='ocrx_word' id='word_1_34' title='bbox 665 1348 781 1388; x_wconf 78' lang='lat' dir='ltr'><strong><em>odisse,</em></strong></span> <span class='ocrx_word' id='word_1_35' title='bbox 807 1356 926 1388; x_wconf 82' lang='lat' dir='ltr'><strong><em>cupere</em></strong></span> <span class='ocrx_word' id='word_1_36' title='bbox 949 1348 1074 1382; x_wconf 80' lang='lat' dir='ltr'><strong><em>timere,</em></strong></span> <span class='ocrx_word' id='word_1_37' title='bbox 1101 1347 1180 1386; x_wconf 68' lang='lat' dir='ltr'><strong><em>angi</em></strong></span> <span class='ocrx_word' id='word_1_38' title='bbox 1204 1346 1326 1378; x_wconf 80' lang='lat' dir='ltr'><strong><em>laetari</em></strong></span> <span class='ocrx_word' id='word_1_39' title='bbox 1353 1364 1387 1369; x_wconf 87' lang='lat'><em>-</em></span> <span class='ocrx_word' id='word_1_40' title='bbox 1413 1347 1493 1377; x_wconf 83' lang='lat' dir='ltr'><strong><em>haec</em></strong></span> <span class='ocrx_word' id='word_1_41' title='bbox 1516 1349 1545 1377; x_wconf 75' lang='lat' dir='ltr'><strong><em>et</em></strong></span> <span class='ocrx_word' id='word_1_42' title='bbox 1568 1345 1690 1377; x_wconf 79' lang='lat' dir='ltr'><strong><em>similia</em></strong></span> <span class='ocrx_word' id='word_1_43' title='bbox 1715 1354 1830 1377; x_wconf 83' lang='lat' dir='ltr'><strong><em>eorum</em></strong></span> <span class='ocrx_word' id='word_1_44' title='bbox 1854 1347 1922 1377; x_wconf 91' lang='lat' dir='ltr'><strong><em>cet.</em></strong></span> 
     </span>
    </p>
   </div>
   <div class='ocr_carea' id='block_1_3' title="bbox 293 1413 2081 1618">
    <p class='ocr_par' dir='ltr' id='par_1_3' title="bbox 293 1413 2081 1618">
     <span class='ocr_line' id='line_1_5' title="bbox 386 1413 2080 1458; baseline -0.002 -9"><span class='ocrx_word' id='word_1_45' title='bbox 386 1419 467 1458; x_wconf 85' lang='lat' dir='ltr'><strong><em>Pag.</em></strong></span> <span class='ocrx_word' id='word_1_46' title='bbox 492 1416 567 1456; x_wconf 87' lang='lat'>303,</span> <span class='ocrx_word' id='word_1_47' title='bbox 595 1415 648 1449; x_wconf 71' lang='lat'><strong><em>⁴4.</em></strong></span> <span class='ocrx_word' id='word_1_48' title='bbox 681 1417 870 1456; x_wconf 78' lang='lat' dir='ltr'><strong><em>praestanti</em></strong></span> <span class='ocrx_word' id='word_1_49' title='bbox 901 1416 1064 1455; x_wconf 80' lang='lat' dir='ltr'><strong><em>sapientia</em></strong></span> <span class='ocrx_word' id='word_1_50' title='bbox 1092 1419 1121 1446; x_wconf 69' lang='lat' dir='ltr'><strong><em>et</em></strong></span> <span class='ocrx_word' id='word_1_51' title='bbox 1143 1414 1326 1456; x_wconf 73' lang='lat' dir='ltr'><strong><em>nobilitate]</em></strong></span> <span class='ocrx_word' id='word_1_52' title='bbox 1354 1413 1470 1446; x_wconf 83' lang='lat' dir='ltr'><strong><em>«Nulla</em></strong></span> <span class='ocrx_word' id='word_1_53' title='bbox 1498 1415 1800 1446; x_wconf 80' lang='lat' dir='ltr'>commemoratur</span> <span class='ocrx_word' id='word_1_54' title='bbox 1823 1415 1858 1446; x_wconf 93' lang='lat' dir='ltr'><strong><em>in</em></strong></span> <span class='ocrx_word' id='word_1_55' title='bbox 1882 1413 2080 1454; x_wconf 79' lang='lat' dir='ltr'>Pythagora</span> 
     </span>
     <span class='ocr_line' id='line_1_6' title="bbox 299 1470 2080 1514; baseline -0.003 -9"><span class='ocrx_word' id='word_1_56' title='bbox 299 1475 438 1514; x_wconf 84' lang='lat' dir='ltr'><strong><em>generis</em></strong></span> <span class='ocrx_word' id='word_1_57' title='bbox 463 1472 625 1505; x_wconf 77' lang='lat' dir='ltr'><strong><em>nobilitas</em></strong></span> <span class='ocrx_word' id='word_1_58' title='bbox 649 1481 738 1512; x_wconf 88' lang='lat' dir='ltr'><strong><em>quae</em></strong></span> <span class='ocrx_word' id='word_1_59' title='bbox 764 1473 874 1513; x_wconf 84' lang='lat' dir='ltr'><strong><em>possit</em></strong></span> <span class='ocrx_word' id='word_1_60' title='bbox 898 1480 979 1503; x_wconf 89' lang='lat' dir='ltr'><strong><em>cum</em></strong></span> <span class='ocrx_word' id='word_1_61' title='bbox 1005 1472 1174 1512; x_wconf 76' lang='lat' dir='ltr'><strong><em>sapientia</em></strong></span> <span class='ocrx_word' id='word_1_62' title='bbox 1200 1472 1386 1511; x_wconf 75' lang='lat' dir='ltr'><strong><em>coniungi:</em></strong></span> <span class='ocrx_word' id='word_1_63' title='bbox 1419 1471 1613 1511; x_wconf 83' lang='lat' dir='ltr'><strong><em>scripserat</em></strong></span> <span class='ocrx_word' id='word_1_64' title='bbox 1637 1471 1782 1502; x_wconf 85' lang='lat' dir='ltr'><strong><em>Cicero:</em></strong></span> <span class='ocrx_word' id='word_1_65' title='bbox 1814 1470 2000 1510; x_wconf 79' lang='lat' dir='ltr'><strong><em>praestanti</em></strong></span> <span class='ocrx_word' id='word_1_66' title='bbox 2022 1478 2080 1500; x_wconf 85' lang='lat' dir='ltr'><strong><em>sa-</em></strong></span> 
     </span>
     <span class='ocr_line' id='line_1_7' title="bbox 293 1525 2081 1570; baseline -0.002 -9"><span class='ocrx_word' id='word_1_67' title='bbox 293 1531 450 1570; x_wconf 78' lang='lat' dir='ltr'><strong><em>pientiae</em></strong></span> <span class='ocrx_word' id='word_1_68' title='bbox 472 1530 641 1561; x_wconf 73' lang='lat' dir='ltr'><strong><em>nobilitate</em></strong></span> <span class='ocrx_word' id='word_1_69' title='bbox 666 1531 730 1568; x_wconf 91' lang='lat' dir='ltr'><strong><em>(sc.</em></strong></span> <span class='ocrx_word' id='word_1_70' title='bbox 757 1528 847 1560; x_wconf 83' lang='lat' dir='ltr'><strong><em>fama</em></strong></span> <span class='ocrx_word' id='word_1_71' title='bbox 876 1530 909 1559; x_wconf 90' lang='lat' dir='ltr'><strong><em>et</em></strong></span> <span class='ocrx_word' id='word_1_72' title='bbox 934 1527 1066 1568; x_wconf 85' lang='lat' dir='ltr'><strong><em>gloria).</em></strong></span> <span class='ocrx_word' id='word_1_73' title='bbox 1105 1529 1223 1559; x_wconf 90' lang='lat' dir='ltr'><strong><em>Genus</em></strong></span> <span class='ocrx_word' id='word_1_74' title='bbox 1249 1528 1378 1559; x_wconf 87' lang='lat' dir='ltr'><strong><em>erroris</em></strong></span> <span class='ocrx_word' id='word_1_75' title='bbox 1403 1529 1646 1568; x_wconf 81' lang='lat' dir='ltr'><strong><em>pervagatum,</em></strong></span> <span class='ocrx_word' id='word_1_76' title='bbox 1674 1527 1710 1558; x_wconf 89' lang='lat' dir='ltr'><strong><em>et</em></strong></span> <span class='ocrx_word' id='word_1_77' title='bbox 1733 1528 1771 1557; x_wconf 89' lang='lat' dir='ltr'><strong><em>ut</em></strong></span> <span class='ocrx_word' id='word_1_78' title='bbox 1795 1535 1836 1557; x_wconf 85' lang='lat' dir='ltr'><strong><em>ex</em></strong></span> <span class='ocrx_word' id='word_1_79' title='bbox 1863 1534 1900 1557; x_wconf 87' lang='lat' dir='ltr'><strong><em>ae</em></strong></span> <span class='ocrx_word' id='word_1_80' title='bbox 1924 1525 1984 1557; x_wconf 88' lang='lat' dir='ltr'><strong><em>fiat</em></strong></span> <span class='ocrx_word' id='word_1_81' title='bbox 2006 1535 2028 1557; x_wconf 90' lang='lat' dir='ltr'><strong><em>a</em></strong></span> <span class='ocrx_word' id='word_1_82' title='bbox 2050 1528 2081 1557; x_wconf 74' lang='lat' dir='ltr'><strong><em>et</em></strong></span> 
     </span>
     <span class='ocr_line' id='line_1_8' title="bbox 299 1585 915 1618; baseline -0.002 -1"><span class='ocrx_word' id='word_1_83' title='bbox 299 1588 334 1618; x_wconf 83' lang='lat' dir='ltr'><strong><em>et</em></strong></span> <span class='ocrx_word' id='word_1_84' title='bbox 356 1588 394 1618; x_wconf 91' lang='lat' dir='ltr'><strong><em>ut</em></strong></span> <span class='ocrx_word' id='word_1_85' title='bbox 418 1595 461 1617; x_wconf 86' lang='lat' dir='ltr'><strong><em>ex</em></strong></span> <span class='ocrx_word' id='word_1_86' title='bbox 484 1595 505 1617; x_wconf 91' lang='lat' dir='ltr'><strong><em>a</em></strong></span> <span class='ocrx_word' id='word_1_87' title='bbox 528 1589 559 1618; x_wconf 78' lang='lat' dir='ltr'><strong><em>et</em></strong></span> <span class='ocrx_word' id='word_1_88' title='bbox 582 1586 642 1618; x_wconf 85' lang='lat' dir='ltr'><strong><em>fiat</em></strong></span> <span class='ocrx_word' id='word_1_89' title='bbox 665 1594 738 1617; x_wconf 87' lang='lat' dir='ltr'><strong><em>ae.»</em></strong></span> <span class='ocrx_word' id='word_1_90' title='bbox 771 1585 915 1616; x_wconf 70' lang='lat' dir='ltr'><strong><em>MAnvio.</em></strong></span> 
     </span>
    </p>
   </div>
   <div class='ocr_carea' id='block_1_4' title="bbox 296 1651 2081 1856">
    <p class='ocr_par' dir='ltr' id='par_1_4' title="bbox 296 1651 2081 1856">
     <span class='ocr_line' id='line_1_9' title="bbox 386 1651 2081 1695; baseline -0.002 -8"><span class='ocrx_word' id='word_1_91' title='bbox 386 1656 466 1695; x_wconf 85' lang='lat' dir='ltr'><strong><em>Pag.</em></strong></span> <span class='ocrx_word' id='word_1_92' title='bbox 494 1654 570 1694; x_wconf 82' lang='grc'><strong>313,</strong></span> <span class='ocrx_word' id='word_1_93' title='bbox 596 1655 649 1686; x_wconf 83' lang='grc'><strong><em>31.</em></strong></span> <span class='ocrx_word' id='word_1_94' title='bbox 689 1653 967 1686; x_wconf 77' lang='lat' dir='ltr'><strong><em>«scribendun1:</em></strong></span> <span class='ocrx_word' id='word_1_95' title='bbox 998 1653 1065 1684; x_wconf 77' lang='lat' dir='ltr'><strong><em>Nec</em></strong></span> <span class='ocrx_word' id='word_1_96' title='bbox 1094 1661 1174 1683; x_wconf 88' lang='lat' dir='ltr'><strong><em>vero</em></strong></span> <span class='ocrx_word' id='word_1_97' title='bbox 1197 1653 1231 1683; x_wconf 81' lang='lat' dir='ltr'><strong><em>in</em></strong></span> <span class='ocrx_word' id='word_1_98' title='bbox 1255 1661 1383 1683; x_wconf 84' lang='lat' dir='ltr'><strong><em>omnem</em></strong></span> <span class='ocrx_word' id='word_1_99' title='bbox 1405 1651 1556 1683; x_wconf 79' lang='lat' dir='ltr'><strong><em>morbum</em></strong></span> <span class='ocrx_word' id='word_1_100' title='bbox 1579 1661 1621 1683; x_wconf 83' lang='lat' dir='ltr'><strong><em>ac</em></strong></span> <span class='ocrx_word' id='word_1_101' title='bbox 1638 1651 1925 1692; x_wconf 77' lang='lat' dir='ltr'><strong><em>perturbationem</em></strong></span> <span class='ocrx_word' id='word_1_102' title='bbox 1948 1652 2081 1683; x_wconf 85' lang='lat' dir='ltr'><strong><em>animus</em></strong></span> 
     </span>
     <span class='ocr_line' id='line_1_10' title="bbox 297 1708 2081 1752; baseline -0.001 -10"><span class='ocrx_word' id='word_1_103' title='bbox 297 1711 457 1752; x_wconf 70' lang='lat' dir='ltr'><strong><em>inqeniosi</em></strong></span> <span class='ocrx_word' id='word_1_104' title='bbox 485 1712 593 1745; x_wconf 75' lang='lat' dir='ltr'><strong><em>cadit:</em></strong></span> <span class='ocrx_word' id='word_1_105' title='bbox 625 1715 723 1742; x_wconf 81' lang='lat' dir='ltr'><strong><em>sunt</em></strong></span> <span class='ocrx_word' id='word_1_106' title='bbox 752 1711 839 1742; x_wconf 82' lang='lat' dir='ltr'><strong><em>enim</em></strong></span> <span class='ocrx_word' id='word_1_107' title='bbox 868 1710 976 1741; x_wconf 78' lang='lat' dir='ltr'><strong><em>multa</em></strong></span> <span class='ocrx_word' id='word_1_108' title='bbox 1006 1710 1146 1749; x_wconf 80' lang='lat' dir='ltr'><strong><em>efferata</em></strong></span> <span class='ocrx_word' id='word_1_109' title='bbox 1176 1712 1205 1741; x_wconf 79' lang='lat' dir='ltr'><strong><em>et</em></strong></span> <span class='ocrx_word' id='word_1_110' title='bbox 1228 1710 1392 1740; x_wconf 77' lang='lat' dir='ltr'><strong><em>immania</em></strong></span> <span class='ocrx_word' id='word_1_111' title='bbox 1418 1711 1447 1748; x_wconf 88' lang='lat' dir='ltr'><strong><em>(a</em></strong></span> <span class='ocrx_word' id='word_1_112' title='bbox 1473 1709 1601 1750; x_wconf 87' lang='lat' dir='ltr'><strong><em>quibus</em></strong></span> <span class='ocrx_word' id='word_1_113' title='bbox 1625 1708 1727 1750; x_wconf 86' lang='lat' dir='ltr'><strong><em>longe</em></strong></span> <span class='ocrx_word' id='word_1_114' title='bbox 1752 1708 1883 1750; x_wconf 84' lang='lat' dir='ltr'><strong><em>abest),</em></strong></span> <span class='ocrx_word' id='word_1_115' title='bbox 1916 1710 2081 1749; x_wconf 79' lang='lat' dir='ltr'><strong><em>quaedam</em></strong></span> 
     </span>
     <span class='ocr_line' id='line_1_11' title="bbox 297 1764 2080 1807; baseline -0.001 -8"><span class='ocrx_word' id='word_1_116' title='bbox 297 1770 408 1799; x_wconf 83' lang='lat' dir='ltr'><strong><em>aulem</em></strong></span> <span class='ocrx_word' id='word_1_117' title='bbox 432 1769 501 1799; x_wconf 86' lang='lat' dir='ltr'><strong><em>cet.</em></strong></span> <span class='ocrx_word' id='word_1_118' title='bbox 538 1767 655 1799; x_wconf 86' lang='lat' dir='ltr'><strong><em>Mendi</em></strong></span> <span class='ocrx_word' id='word_1_119' title='bbox 680 1767 776 1807; x_wconf 87' lang='lat' dir='ltr'><strong><em>origo</em></strong></span> <span class='ocrx_word' id='word_1_120' title='bbox 802 1776 820 1797; x_wconf 85' lang='lat' dir='ltr'><strong><em>e</em></strong></span> <span class='ocrx_word' id='word_1_121' title='bbox 845 1766 1040 1807; x_wconf 80' lang='lat' dir='ltr'><strong><em>scripturae</em></strong></span> <span class='ocrx_word' id='word_1_122' title='bbox 1070 1765 1180 1797; x_wconf 83' lang='lat' dir='ltr'><strong><em>forma</em></strong></span> <span class='ocrx_word' id='word_1_123' title='bbox 1206 1764 1327 1797; x_wconf 88' lang='lat' dir='ltr'><strong><em>similis</em></strong></span> <span class='ocrx_word' id='word_1_124' title='bbox 1352 1767 1457 1806; x_wconf 88' lang='lat' dir='ltr'><strong><em>atque</em></strong></span> <span class='ocrx_word' id='word_1_125' title='bbox 1482 1766 1515 1796; x_wconf 88' lang='lat' dir='ltr'><strong><em>in</em></strong></span> <span class='ocrx_word' id='word_1_126' title='bbox 1541 1766 1656 1797; x_wconf 89' lang='lat' dir='ltr'><strong><em>Pison.</em></strong></span> <span class='ocrx_word' id='word_1_127' title='bbox 1683 1765 1701 1806; x_wconf 67' lang='lat' dir='ltr'>S</span> <span class='ocrx_word' id='word_1_128' title='bbox 1726 1765 1780 1805; x_wconf 85' lang='lat'><strong><em>73,</em></strong></span> <span class='ocrx_word' id='word_1_129' title='bbox 1806 1764 1866 1797; x_wconf 91' lang='lat' dir='ltr'><strong><em>ubi</em></strong></span> <span class='ocrx_word' id='word_1_130' title='bbox 1892 1774 1910 1797; x_wconf 90' lang='lat' dir='ltr'><strong><em>e</em></strong></span> <span class='ocrx_word' id='word_1_131' title='bbox 1934 1774 2007 1797; x_wconf 84' lang='lat' dir='ltr'><strong><em>sum</em></strong></span> <span class='ocrx_word' id='word_1_132' title='bbox 2029 1765 2080 1797; x_wconf 82' lang='lat' dir='ltr'><strong><em>lo·</em></strong></span> 
     </span>
     <span class='ocr_line' id='line_1_12' title="bbox 296 1822 1227 1856; baseline -0.002 -1"><span class='ocrx_word' id='word_1_133' title='bbox 296 1827 390 1855; x_wconf 77' lang='lat' dir='ltr'><strong><em>culus</em></strong></span> <span class='ocrx_word' id='word_1_134' title='bbox 413 1826 531 1855; x_wconf 89' lang='lat' dir='ltr'><strong><em>ortum</em></strong></span> <span class='ocrx_word' id='word_1_135' title='bbox 557 1832 636 1856; x_wconf 88' lang='lat' dir='ltr'><strong><em>esse</em></strong></span> <span class='ocrx_word' id='word_1_136' title='bbox 661 1823 869 1855; x_wconf 74' lang='lat' dir='ltr'><strong><em>conlocutus</em></strong></span> <span class='ocrx_word' id='word_1_137' title='bbox 892 1822 1091 1853; x_wconf 62' lang='lat' dir='ltr'><strong><em>adnotavi»</em></strong></span> <span class='ocrx_word' id='word_1_138' title='bbox 1117 1822 1227 1853; x_wconf 34' lang='lat' dir='ltr'><strong><em>Mixnv.</em></strong></span> 
     </span>
    </p>
   </div>
   <div class='ocr_carea' id='block_1_5' title="bbox 295 1888 2080 2940">
    <p class='ocr_par' dir='ltr' id='par_1_5' title="bbox 295 1888 2080 2940">
     <span class='ocr_line' id='line_1_13' title="bbox 384 1888 2080 1933; baseline -0.002 -9"><span class='ocrx_word' id='word_1_139' title='bbox 384 1894 465 1933; x_wconf 84' lang='lat' dir='ltr'><strong><em>Pag.</em></strong></span> <span class='ocrx_word' id='word_1_140' title='bbox 492 1891 566 1930; x_wconf 67' lang='lat'>353,</span> <span class='ocrx_word' id='word_1_141' title='bbox 593 1892 623 1924; x_wconf 79' lang='lat'><strong><em>9.</em></strong></span> <span class='ocrx_word' id='word_1_142' title='bbox 669 1891 777 1923; x_wconf 84' lang='lat' dir='ltr'><strong><em>«Mihi</em></strong></span> <span class='ocrx_word' id='word_1_143' title='bbox 809 1891 954 1931; x_wconf 87' lang='lat' dir='ltr'><strong><em>quidem</em></strong></span> <span class='ocrx_word' id='word_1_144' title='bbox 987 1889 1134 1922; x_wconf 91' lang='lat' dir='ltr'><strong><em>dubium</em></strong></span> <span class='ocrx_word' id='word_1_145' title='bbox 1164 1899 1233 1921; x_wconf 91' lang='lat' dir='ltr'><strong><em>non</em></strong></span> <span class='ocrx_word' id='word_1_146' title='bbox 1264 1891 1317 1922; x_wconf 85' lang='lat' dir='ltr'><strong><em>est</em></strong></span> <span class='ocrx_word' id='word_1_147' title='bbox 1341 1890 1442 1930; x_wconf 88' lang='lat' dir='ltr'><strong><em>quin,</em></strong></span> <span class='ocrx_word' id='word_1_148' title='bbox 1477 1891 1516 1921; x_wconf 91' lang='lat' dir='ltr'><strong><em>ut</em></strong></span> <span class='ocrx_word' id='word_1_149' title='bbox 1541 1888 1711 1921; x_wconf 89' lang='lat' dir='ltr'><strong><em>Lambino</em></strong></span> <span class='ocrx_word' id='word_1_150' title='bbox 1741 1890 1776 1921; x_wconf 93' lang='lat' dir='ltr'><strong><em>et</em></strong></span> <span class='ocrx_word' id='word_1_151' title='bbox 1804 1888 1932 1921; x_wconf 79' lang='lat' dir='ltr'><strong><em>Wolfio</em></strong></span> <span class='ocrx_word' id='word_1_152' title='bbox 1963 1889 2080 1920; x_wconf 80' lang='lat' dir='ltr'><strong><em>visum</em></strong></span> 
     </span>
     <span class='ocr_line' id='line_1_14' title="bbox 298 1946 2078 1989; baseline -0.003 -8"><span class='ocrx_word' id='word_1_153' title='bbox 298 1951 369 1987; x_wconf 88' lang='lat' dir='ltr'><strong><em>est,</em></strong></span> <span class='ocrx_word' id='word_1_154' title='bbox 396 1950 429 1980; x_wconf 86' lang='lat' dir='ltr'><strong><em>in</em></strong></span> <span class='ocrx_word' id='word_1_155' title='bbox 455 1948 650 1989; x_wconf 84' lang='lat' dir='ltr'><strong><em>archetypo</em></strong></span> <span class='ocrx_word' id='word_1_156' title='bbox 675 1950 755 1988; x_wconf 89' lang='lat' dir='ltr'><strong><em>post</em></strong></span> <span class='ocrx_word' id='word_1_157' title='bbox 778 1948 896 1979; x_wconf 70' lang='lat' dir='ltr'><strong><em>relicta</em></strong></span> <span class='ocrx_word' id='word_1_158' title='bbox 920 1947 1090 1978; x_wconf 80' lang='lat' dir='ltr'><strong><em>exciderit</em></strong></span> <span class='ocrx_word' id='word_1_159' title='bbox 1114 1955 1152 1977; x_wconf 84' lang='lat' dir='ltr'><strong><em>a.</em></strong></span> <span class='ocrx_word' id='word_1_160' title='bbox 1190 1947 1414 1987; x_wconf 82' lang='lat' dir='ltr'><strong><em>Antiquiores</em></strong></span> <span class='ocrx_word' id='word_1_161' title='bbox 1440 1947 1532 1977; x_wconf 88' lang='lat' dir='ltr'><strong><em>enim</em></strong></span> <span class='ocrx_word' id='word_1_162' title='bbox 1557 1954 1685 1987; x_wconf 82' lang='lat' dir='ltr'><strong><em>prosae</em></strong></span> <span class='ocrx_word' id='word_1_163' title='bbox 1703 1946 1869 1977; x_wconf 79' lang='lat' dir='ltr'><strong><em>orationis</em></strong></span> <span class='ocrx_word' id='word_1_164' title='bbox 1886 1946 2078 1987; x_wconf 79' lang='lat' dir='ltr'><strong><em>scriptores</em></strong></span> 
     </span>
     <span class='ocr_line' id='line_1_15' title="bbox 298 2000 2079 2046; baseline -0.003 -9"><span class='ocrx_word' id='word_1_165' title='bbox 298 2006 445 2046; x_wconf 82' lang='lat' dir='ltr'><strong><em>(Cicero⁷</em></strong></span> <span class='ocrx_word' id='word_1_166' title='bbox 473 2005 615 2043; x_wconf 83' lang='lat' dir='ltr'><strong><em>Caesar,</em></strong></span> <span class='ocrx_word' id='word_1_167' title='bbox 643 2003 837 2041; x_wconf 83' lang='lat' dir='ltr'><strong><em>Sallustius,</em></strong></span> <span class='ocrx_word' id='word_1_168' title='bbox 864 2003 1012 2044; x_wconf 77' lang='lat' dir='ltr'><strong><em>Nepos),</em></strong></span> <span class='ocrx_word' id='word_1_169' title='bbox 1044 2005 1083 2034; x_wconf 92' lang='lat' dir='ltr'><strong><em>ut</em></strong></span> <span class='ocrx_word' id='word_1_170' title='bbox 1107 2002 1151 2034; x_wconf 88' lang='lat' dir='ltr'><strong><em>ad</em></strong></span> <span class='ocrx_word' id='word_1_171' title='bbox 1176 2003 1200 2040; x_wconf 84' lang='grc' dir='ltr'><strong><em>Ι,</em></strong></span> <span class='ocrx_word' id='word_1_172' title='bbox 1227 2002 1268 2034; x_wconf 85' lang='grc'><strong><em>83</em></strong></span> <span class='ocrx_word' id='word_1_173' title='bbox 1294 2002 1380 2040; x_wconf 81' lang='lat' dir='ltr'><strong><em>dixi,</em></strong></span> <span class='ocrx_word' id='word_1_174' title='bbox 1407 2002 1517 2034; x_wconf 84' lang='lat' dir='ltr'><strong><em>verba</em></strong></span> <span class='ocrx_word' id='word_1_175' title='bbox 1543 2011 1625 2033; x_wconf 85' lang='lat' dir='ltr'><strong><em>cuni</em></strong></span> <span class='ocrx_word' id='word_1_176' title='bbox 1650 2000 1945 2043; x_wconf 88' lang='lat' dir='ltr'><strong><em>inseparabilibus</em></strong></span> <span class='ocrx_word' id='word_1_177' title='bbox 1969 2001 2079 2043; x_wconf 89' lang='lat' dir='ltr'><strong><em>parti-</em></strong></span> 
     </span>
     <span class='ocr_line' id='line_1_16' title="bbox 296 2057 2076 2101; baseline -0.003 -8"><span class='ocrx_word' id='word_1_178' title='bbox 296 2060 382 2093; x_wconf 91' lang='lat' dir='ltr'><strong><em>culis</em></strong></span> <span class='ocrx_word' id='word_1_179' title='bbox 406 2070 450 2100; x_wconf 79' lang='lat' dir='ltr'><strong><em>se,</em></strong></span> <span class='ocrx_word' id='word_1_180' title='bbox 475 2070 524 2099; x_wconf 81' lang='lat' dir='ltr'><strong><em>re,</em></strong></span> <span class='ocrx_word' id='word_1_181' title='bbox 551 2061 600 2092; x_wconf 86' lang='lat' dir='ltr'><strong><em>dis</em></strong></span> <span class='ocrx_word' id='word_1_182' title='bbox 623 2061 818 2101; x_wconf 87' lang='lat' dir='ltr'><strong><em>composita</em></strong></span> <span class='ocrx_word' id='word_1_183' title='bbox 845 2068 1040 2100; x_wconf 84' lang='lat' dir='ltr'><strong><em>numquam</em></strong></span> <span class='ocrx_word' id='word_1_184' title='bbox 1065 2059 1108 2090; x_wconf 90' lang='lat' dir='ltr'><strong><em>de</em></strong></span> <span class='ocrx_word' id='word_1_185' title='bbox 1134 2060 1232 2090; x_wconf 87' lang='lat' dir='ltr'><strong><em>motu</em></strong></span> <span class='ocrx_word' id='word_1_186' title='bbox 1258 2057 1374 2100; x_wconf 88' lang='lat' dir='ltr'><strong><em>aliquo</em></strong></span> <span class='ocrx_word' id='word_1_187' title='bbox 1400 2058 1465 2090; x_wconf 92' lang='lat' dir='ltr'><strong><em>nisi</em></strong></span> <span class='ocrx_word' id='word_1_188' title='bbox 1489 2058 1607 2090; x_wconf 85' lang='lat' dir='ltr'><strong><em>addita</em></strong></span> <span class='ocrx_word' id='word_1_189' title='bbox 1635 2058 1896 2099; x_wconf 84' lang='lat' dir='ltr'><strong><em>praepositione</em></strong></span> <span class='ocrx_word' id='word_1_190' title='bbox 1920 2057 1995 2098; x_wconf 91' lang='lat' dir='ltr'><strong><em>(ab,</em></strong></span> <span class='ocrx_word' id='word_1_191' title='bbox 2021 2066 2076 2096; x_wconf 72' lang='lat' dir='ltr'><strong><em>ex,</em></strong></span> 
     </span>
     <span class='ocr_line' id='line_1_17' title="bbox 295 2113 2079 2159; baseline -0.002 -10"><span class='ocrx_word' id='word_1_192' title='bbox 295 2118 347 2159; x_wconf 87' lang='lat' dir='ltr'><strong><em>de)</em></strong></span> <span class='ocrx_word' id='word_1_193' title='bbox 372 2118 531 2158; x_wconf 84' lang='lat' dir='ltr'><strong><em>posuisse</em></strong></span> <span class='ocrx_word' id='word_1_194' title='bbox 555 2116 731 2148; x_wconf 70' lang='lat' dir='ltr'><strong><em>videntur.</em></strong></span> <span class='ocrx_word' id='word_1_195' title='bbox 771 2115 870 2154; x_wconf 91' lang='lat' dir='ltr'><strong><em>Quod</em></strong></span> <span class='ocrx_word' id='word_1_196' title='bbox 896 2125 959 2147; x_wconf 88' lang='lat' dir='ltr'><strong><em>cur</em></strong></span> <span class='ocrx_word' id='word_1_197' title='bbox 983 2115 1157 2154; x_wconf 83' lang='lat' dir='ltr'><strong><em>facerent,</em></strong></span> <span class='ocrx_word' id='word_1_198' title='bbox 1191 2124 1336 2147; x_wconf 84' lang='lat' dir='ltr'><strong><em>causam</em></strong></span> <span class='ocrx_word' id='word_1_199' title='bbox 1360 2115 1453 2146; x_wconf 90' lang='lat' dir='ltr'><strong><em>hanc</em></strong></span> <span class='ocrx_word' id='word_1_200' title='bbox 1479 2113 1585 2145; x_wconf 81' lang='lat' dir='ltr'><strong><em>fuisse</em></strong></span> <span class='ocrx_word' id='word_1_201' title='bbox 1612 2114 1748 2155; x_wconf 83' lang='lat' dir='ltr'><strong><em>opinor,</em></strong></span> <span class='ocrx_word' id='word_1_202' title='bbox 1775 2114 1870 2155; x_wconf 88' lang='lat' dir='ltr'><strong><em>quod</em></strong></span> <span class='ocrx_word' id='word_1_203' title='bbox 1893 2113 1970 2146; x_wconf 90' lang='lat' dir='ltr'><strong><em>illae</em></strong></span> <span class='ocrx_word' id='word_1_204' title='bbox 1995 2122 2079 2155; x_wconf 87' lang='lat' dir='ltr'><strong><em>par-</em></strong></span> 
     </span>
     <span class='ocr_line' id='line_1_18' title="bbox 295 2169 2077 2212; baseline -0.002 -7"><span class='ocrx_word' id='word_1_205' title='bbox 295 2172 421 2205; x_wconf 85' lang='lat' dir='ltr'><strong><em>ticulae</em></strong></span> <span class='ocrx_word' id='word_1_206' title='bbox 447 2183 518 2205; x_wconf 91' lang='lat' dir='ltr'><strong><em>non</em></strong></span> <span class='ocrx_word' id='word_1_207' title='bbox 542 2175 613 2204; x_wconf 88' lang='lat' dir='ltr'><strong><em>tam</em></strong></span> <span class='ocrx_word' id='word_1_208' title='bbox 637 2182 659 2204; x_wconf 84' lang='lat' dir='ltr'><strong><em>a</em></strong></span> <span class='ocrx_word' id='word_1_209' title='bbox 682 2171 760 2204; x_wconf 90' lang='lat' dir='ltr'><strong><em>loco</em></strong></span> <span class='ocrx_word' id='word_1_210' title='bbox 785 2171 901 2212; x_wconf 89' lang='lat' dir='ltr'><strong><em>aliquo</em></strong></span> <span class='ocrx_word' id='word_1_211' title='bbox 927 2174 1064 2204; x_wconf 83' lang='lat' dir='ltr'><strong><em>motum</em></strong></span> <span class='ocrx_word' id='word_1_212' title='bbox 1089 2180 1195 2212; x_wconf 90' lang='lat' dir='ltr'><strong><em>quam</em></strong></span> <span class='ocrx_word' id='word_1_213' title='bbox 1220 2171 1264 2202; x_wconf 85' lang='lat' dir='ltr'><strong><em>ad</em></strong></span> <span class='ocrx_word' id='word_1_214' title='bbox 1294 2170 1411 2202; x_wconf 90' lang='lat' dir='ltr'><strong><em>locum</em></strong></span> <span class='ocrx_word' id='word_1_215' title='bbox 1441 2170 1647 2210; x_wconf 78' lang='lat' dir='ltr'><strong><em>significant.</em></strong></span> <span class='ocrx_word' id='word_1_216' title='bbox 1685 2171 1836 2202; x_wconf 87' lang='lat' dir='ltr'><strong><em>Licentia</em></strong></span> <span class='ocrx_word' id='word_1_217' title='bbox 1861 2169 2077 2202; x_wconf 86' lang='lat' dir='ltr'><strong><em>omittendae</em></strong></span> 
     </span>
     <span class='ocr_line' id='line_1_19' title="bbox 295 2225 2077 2271; baseline -0.002 -10"><span class='ocrx_word' id='word_1_218' title='bbox 295 2230 565 2271; x_wconf 85' lang='lat' dir='ltr'><strong><em>praepositionis</em></strong></span> <span class='ocrx_word' id='word_1_219' title='bbox 591 2238 609 2260; x_wconf 88' lang='lat' dir='ltr'><strong><em>a</em></strong></span> <span class='ocrx_word' id='word_1_220' title='bbox 635 2230 747 2270; x_wconf 77' lang='lat' dir='ltr'><strong><em>poetis</em></strong></span> <span class='ocrx_word' id='word_1_221' title='bbox 771 2228 946 2269; x_wconf 80' lang='lat' dir='ltr'><strong><em>profecta,</em></strong></span> <span class='ocrx_word' id='word_1_222' title='bbox 980 2230 1019 2259; x_wconf 87' lang='lat' dir='ltr'><strong><em>ut</em></strong></span> <span class='ocrx_word' id='word_1_223' title='bbox 1047 2227 1110 2258; x_wconf 89' lang='lat' dir='ltr'><strong><em>alia</em></strong></span> <span class='ocrx_word' id='word_1_224' title='bbox 1135 2227 1243 2258; x_wconf 88' lang='lat' dir='ltr'><strong><em>multa</em></strong></span> <span class='ocrx_word' id='word_1_225' title='bbox 1270 2228 1323 2267; x_wconf 76' lang='lat' dir='ltr'><strong><em>(cf.</em></strong></span> <span class='ocrx_word' id='word_1_226' title='bbox 1351 2227 1487 2267; x_wconf 70' lang='lat' dir='ltr'><strong><em>Madvig</em></strong></span> <span class='ocrx_word' id='word_1_227' title='bbox 1511 2228 1530 2267; x_wconf 64' lang='lat' dir='ltr'><strong><em>g</em></strong></span> <span class='ocrx_word' id='word_1_228' title='bbox 1555 2226 1629 2264; x_wconf 69' lang='lat'><strong><em>273,</em></strong></span> <span class='ocrx_word' id='word_1_229' title='bbox 1655 2226 1691 2265; x_wconf 90' lang='lat' dir='ltr'><strong><em>b,</em></strong></span> <span class='ocrx_word' id='word_1_230' title='bbox 1718 2235 1752 2258; x_wconf 84' lang='lat' dir='ltr'><strong><em>n.</em></strong></span> <span class='ocrx_word' id='word_1_231' title='bbox 1778 2227 1797 2257; x_wconf 74' lang='lat'><strong><em>⁶2</em></strong></span> <span class='ocrx_word' id='word_1_232' title='bbox 1829 2229 1863 2258; x_wconf 91' lang='lat' dir='ltr'><strong><em>et</em></strong></span> <span class='ocrx_word' id='word_1_233' title='bbox 1893 2226 1970 2266; x_wconf 65' lang='lat'><strong><em>232,</em></strong></span> <span class='ocrx_word' id='word_1_234' title='bbox 1996 2235 2030 2258; x_wconf 84' lang='lat' dir='ltr'><strong><em>n.</em></strong></span> <span class='ocrx_word' id='word_1_235' title='bbox 2057 2225 2077 2258; x_wconf 83' lang='lat'><strong>4</strong></span> 
     </span>
     <span class='ocr_line' id='line_1_20' title="bbox 295 2282 2076 2326; baseline -0.002 -9"><span class='ocrx_word' id='word_1_236' title='bbox 295 2285 340 2317; x_wconf 94' lang='lat' dir='ltr'><strong><em>de</em></strong></span> <span class='ocrx_word' id='word_1_237' title='bbox 364 2286 664 2326; x_wconf 85' lang='lat' dir='ltr'><strong><em>praepositionum</em></strong></span> <span class='ocrx_word' id='word_1_238' title='bbox 689 2286 722 2316; x_wconf 83' lang='lat' dir='ltr'><strong><em>in</em></strong></span> <span class='ocrx_word' id='word_1_239' title='bbox 743 2285 837 2316; x_wconf 83' lang='lat' dir='ltr'><strong><em>etad</em></strong></span> <span class='ocrx_word' id='word_1_240' title='bbox 854 2284 1076 2321; x_wconf 74' lang='lat' dir='ltr'><strong><em>omissione),</em></strong></span> <span class='ocrx_word' id='word_1_241' title='bbox 1104 2284 1154 2315; x_wconf 86' lang='lat' dir='ltr'><strong><em>sic</em></strong></span> <span class='ocrx_word' id='word_1_242' title='bbox 1179 2282 1232 2314; x_wconf 85' lang='lat' dir='ltr'><strong><em>illa</em></strong></span> <span class='ocrx_word' id='word_1_243' title='bbox 1257 2283 1302 2314; x_wconf 88' lang='lat' dir='ltr'><strong><em>ad</em></strong></span> <span class='ocrx_word' id='word_1_244' title='bbox 1325 2283 1541 2323; x_wconf 85' lang='lat' dir='ltr'><strong><em>posteriores</em></strong></span> <span class='ocrx_word' id='word_1_245' title='bbox 1558 2291 1684 2324; x_wconf 90' lang='lat' dir='ltr'><strong><em>prosae</em></strong></span> <span class='ocrx_word' id='word_1_246' title='bbox 1702 2282 1869 2314; x_wconf 87' lang='lat' dir='ltr'><strong><em>orationis</em></strong></span> <span class='ocrx_word' id='word_1_247' title='bbox 1886 2283 2076 2323; x_wconf 86' lang='lat' dir='ltr'><strong><em>scriptores</em></strong></span> 
     </span>
     <span class='ocr_line' id='line_1_21' title="bbox 296 2338 2077 2381; baseline -0.002 -8"><span class='ocrx_word' id='word_1_248' title='bbox 296 2342 470 2380; x_wconf 68' lang='lat' dir='ltr'><strong><em>manavit3</em></strong></span> <span class='ocrx_word' id='word_1_249' title='bbox 499 2341 543 2373; x_wconf 85' lang='lat' dir='ltr'><strong><em>cf.</em></strong></span> <span class='ocrx_word' id='word_1_250' title='bbox 570 2341 707 2381; x_wconf 81' lang='lat' dir='ltr'><strong><em>Madvig</em></strong></span> <span class='ocrx_word' id='word_1_251' title='bbox 733 2340 751 2380; x_wconf 69' lang='lat' dir='ltr'><strong><em>g</em></strong></span> <span class='ocrx_word' id='word_1_252' title='bbox 778 2341 832 2371; x_wconf 26' lang='lat'><strong><em>26¹1</em></strong></span> <span class='ocrx_word' id='word_1_253' title='bbox 872 2349 905 2372; x_wconf 86' lang='lat' dir='ltr'><strong><em>n.</em></strong></span> <span class='ocrx_word' id='word_1_254' title='bbox 933 2340 964 2371; x_wconf 90' lang='lat'><strong><em>3.</em></strong></span> <span class='ocrx_word' id='word_1_255' title='bbox 1007 2340 1095 2371; x_wconf 80' lang='lat' dir='ltr'><strong><em>Cum</em></strong></span> <span class='ocrx_word' id='word_1_256' title='bbox 1121 2341 1196 2379; x_wconf 90' lang='lat' dir='ltr'><strong><em>ipse</em></strong></span> <span class='ocrx_word' id='word_1_257' title='bbox 1222 2340 1256 2370; x_wconf 91' lang='lat' dir='ltr'><strong><em>in</em></strong></span> <span class='ocrx_word' id='word_1_258' title='bbox 1281 2340 1453 2370; x_wconf 88' lang='lat' dir='ltr'><strong><em>Cicerone</em></strong></span> <span class='ocrx_word' id='word_1_259' title='bbox 1479 2339 1679 2379; x_wconf 85' lang='lat' dir='ltr'><strong><em>ceterisque</em></strong></span> <span class='ocrx_word' id='word_1_260' title='bbox 1703 2338 1861 2379; x_wconf 83' lang='lat' dir='ltr'><strong><em>legendis</em></strong></span> <span class='ocrx_word' id='word_1_261' title='bbox 1885 2338 1976 2370; x_wconf 87' lang='lat' dir='ltr'><strong><em>hanc</em></strong></span> <span class='ocrx_word' id='word_1_262' title='bbox 1999 2346 2077 2370; x_wconf 89' lang='lat' dir='ltr'><strong><em>rem</em></strong></span> 
     </span>
     <span class='ocr_line' id='line_1_22' title="bbox 296 2393 2077 2436; baseline -0.002 -7"><span class='ocrx_word' id='word_1_263' title='bbox 296 2398 502 2436; x_wconf 88' lang='lat' dir='ltr'><strong><em>attendens,</em></strong></span> <span class='ocrx_word' id='word_1_264' title='bbox 540 2399 615 2428; x_wconf 91' lang='lat' dir='ltr'><strong><em>tum</em></strong></span> <span class='ocrx_word' id='word_1_265' title='bbox 646 2396 756 2428; x_wconf 75' lang='lat' dir='ltr'><strong><em>lexica</em></strong></span> <span class='ocrx_word' id='word_1_266' title='bbox 790 2395 968 2435; x_wconf 87' lang='lat' dir='ltr'><strong><em>Freundii‚</em></strong></span> <span class='ocrx_word' id='word_1_267' title='bbox 1006 2395 1193 2434; x_wconf 83' lang='lat' dir='ltr'><strong><em>Schelleri,</em></strong></span> <span class='ocrx_word' id='word_1_268' title='bbox 1224 2396 1385 2434; x_wconf 66' lang='lat' dir='ltr'><strong><em>Gesuel&#39;i,</em></strong></span> <span class='ocrx_word' id='word_1_269' title='bbox 1423 2394 1543 2427; x_wconf 87' lang='lat' dir='ltr'><strong><em>Nizolii</em></strong></span> <span class='ocrx_word' id='word_1_270' title='bbox 1567 2394 1831 2435; x_wconf 79' lang='lat' dir='ltr'><strong><em>diligentissime</em></strong></span> <span class='ocrx_word' id='word_1_271' title='bbox 1859 2393 2077 2436; x_wconf 84' lang='lat' dir='ltr'><strong><em>perlustrans</em></strong></span> 
     </span>
     <span class='ocr_line' id='line_1_23' title="bbox 295 2451 2074 2495; baseline -0.003 -9"><span class='ocrx_word' id='word_1_272' title='bbox 295 2463 494 2495; x_wconf 88' lang='lat' dir='ltr'><strong><em>perpaucos</em></strong></span> <span class='ocrx_word' id='word_1_273' title='bbox 519 2454 583 2485; x_wconf 90' lang='lat' dir='ltr'><strong><em>hos</em></strong></span> <span class='ocrx_word' id='word_1_274' title='bbox 608 2452 705 2484; x_wconf 87' lang='lat' dir='ltr'><strong><em>locos</em></strong></span> <span class='ocrx_word' id='word_1_275' title='bbox 730 2454 858 2491; x_wconf 73' lang='lat' dir='ltr'><strong><em>inveni,</em></strong></span> <span class='ocrx_word' id='word_1_276' title='bbox 885 2453 944 2493; x_wconf 88' lang='lat' dir='ltr'><strong><em>qui</em></strong></span> <span class='ocrx_word' id='word_1_277' title='bbox 962 2451 1207 2484; x_wconf 85' lang='lat' dir='ltr'><strong><em>consuetudini</em></strong></span> <span class='ocrx_word' id='word_1_278' title='bbox 1225 2451 1363 2484; x_wconf 89' lang='lat' dir='ltr'><strong><em>illorum</em></strong></span> <span class='ocrx_word' id='word_1_279' title='bbox 1381 2451 1593 2492; x_wconf 89' lang='lat' dir='ltr'><strong><em>scriptorum</em></strong></span> <span class='ocrx_word' id='word_1_280' title='bbox 1611 2453 1861 2492; x_wconf 82' lang='lat' dir='ltr'><strong><em>repugnarent.</em></strong></span> <span class='ocrx_word' id='word_1_281' title='bbox 1886 2451 2074 2491; x_wconf 73' lang='lat' dir='ltr'><strong><em>Refuyio:</em></strong></span> 
     </span>
     <span class='ocr_line' id='line_1_24' title="bbox 296 2507 2074 2548; baseline -0.002 -6"><span class='ocrx_word' id='word_1_282' title='bbox 296 2511 422 2542; x_wconf 83' lang='lat' dir='ltr'><strong><em>Caesar</em></strong></span> <span class='ocrx_word' id='word_1_283' title='bbox 454 2510 492 2541; x_wconf 88' lang='lat' dir='ltr'><strong><em>B.</em></strong></span> <span class='ocrx_word' id='word_1_284' title='bbox 521 2510 558 2541; x_wconf 96' lang='lat' dir='ltr'><strong><em>C.</em></strong></span> <span class='ocrx_word' id='word_1_285' title='bbox 585 2510 645 2546; x_wconf 76' lang='lat'>111,</span> <span class='ocrx_word' id='word_1_286' title='bbox 673 2510 726 2547; x_wconf 75' lang='lat'><strong><em>95,</em></strong></span> <span class='ocrx_word' id='word_1_287' title='bbox 760 2508 819 2539; x_wconf 88' lang='lat' dir='ltr'><strong><em>ubi</em></strong></span> <span class='ocrx_word' id='word_1_288' title='bbox 850 2510 930 2539; x_wconf 86' lang='lat' dir='ltr'><strong><em>ante</em></strong></span> <span class='ocrx_word' id='word_1_289' title='bbox 964 2509 1035 2540; x_wconf 87' lang='lat' dir='ltr'><strong><em>acie</em></strong></span> <span class='ocrx_word' id='word_1_290' title='bbox 1066 2508 1239 2540; x_wconf 79' lang='lat' dir='ltr'><strong><em>excidisse</em></strong></span> <span class='ocrx_word' id='word_1_291' title='bbox 1271 2507 1312 2539; x_wconf 89' lang='lat' dir='ltr'><strong><em>ab</em></strong></span> <span class='ocrx_word' id='word_1_292' title='bbox 1344 2509 1403 2539; x_wconf 89' lang='lat' dir='ltr'><strong><em>aut</em></strong></span> <span class='ocrx_word' id='word_1_293' title='bbox 1433 2516 1477 2538; x_wconf 71' lang='lat' dir='ltr'><strong><em>ea:</em></strong></span> <span class='ocrx_word' id='word_1_294' title='bbox 1508 2507 1680 2548; x_wconf 88' lang='lat' dir='ltr'><strong><em>suspicari</em></strong></span> <span class='ocrx_word' id='word_1_295' title='bbox 1715 2507 1883 2539; x_wconf 85' lang='lat' dir='ltr'><strong><em>audacius</em></strong></span> <span class='ocrx_word' id='word_1_296' title='bbox 1914 2515 1985 2538; x_wconf 92' lang='lat' dir='ltr'><strong><em>non</em></strong></span> <span class='ocrx_word' id='word_1_297' title='bbox 2009 2507 2074 2546; x_wconf 83' lang='lat' dir='ltr'><strong><em>est,</em></strong></span> 
     </span>
     <span class='ocr_line' id='line_1_25' title="bbox 297 2562 2073 2607; baseline -0.002 -9"><span class='ocrx_word' id='word_1_298' title='bbox 297 2575 378 2598; x_wconf 89' lang='lat' dir='ltr'><strong><em>cum</em></strong></span> <span class='ocrx_word' id='word_1_299' title='bbox 403 2566 612 2607; x_wconf 83' lang='lat' dir='ltr'><strong><em>praesertim</em></strong></span> <span class='ocrx_word' id='word_1_300' title='bbox 639 2564 684 2596; x_wconf 90' lang='lat' dir='ltr'><strong><em>illi</em></strong></span> <span class='ocrx_word' id='word_1_301' title='bbox 708 2564 785 2596; x_wconf 81' lang='lat' dir='ltr'><strong><em>libri</em></strong></span> <span class='ocrx_word' id='word_1_302' title='bbox 811 2573 850 2596; x_wconf 81' lang='lat' dir='ltr'><strong><em>ex</em></strong></span> <span class='ocrx_word' id='word_1_303' title='bbox 878 2564 982 2595; x_wconf 90' lang='lat' dir='ltr'><strong><em>codd.</em></strong></span> <span class='ocrx_word' id='word_1_304' title='bbox 1010 2572 1126 2604; x_wconf 89' lang='lat' dir='ltr'><strong><em>neque</em></strong></span> <span class='ocrx_word' id='word_1_305' title='bbox 1151 2564 1291 2604; x_wconf 89' lang='lat' dir='ltr'><strong><em>optimis</em></strong></span> <span class='ocrx_word' id='word_1_306' title='bbox 1317 2565 1350 2594; x_wconf 85' lang='lat' dir='ltr'><strong><em>et</em></strong></span> <span class='ocrx_word' id='word_1_307' title='bbox 1381 2572 1506 2604; x_wconf 87' lang='lat' dir='ltr'><strong><em>parum</em></strong></span> <span class='ocrx_word' id='word_1_308' title='bbox 1532 2566 1698 2595; x_wconf 87' lang='lat' dir='ltr'><strong><em>accurate</em></strong></span> <span class='ocrx_word' id='word_1_309' title='bbox 1724 2562 1856 2594; x_wconf 86' lang='lat' dir='ltr'><strong><em>collatis</em></strong></span> <span class='ocrx_word' id='word_1_310' title='bbox 1880 2562 1963 2594; x_wconf 89' lang='lat' dir='ltr'><strong><em>editi</em></strong></span> <span class='ocrx_word' id='word_1_311' title='bbox 1986 2563 2073 2594; x_wconf 89' lang='lat' dir='ltr'><strong><em>sint:</em></strong></span> 
     </span>
     <span class='ocr_line' id='line_1_26' title="bbox 296 2618 2078 2660; baseline -0.002 -7"><span class='ocrx_word' id='word_1_312' title='bbox 296 2622 408 2654; x_wconf 80' lang='lat' dir='ltr'><strong><em>Cicero</em></strong></span> <span class='ocrx_word' id='word_1_313' title='bbox 425 2621 468 2652; x_wconf 85' lang='lat' dir='ltr'><strong><em>ad</em></strong></span> <span class='ocrx_word' id='word_1_314' title='bbox 487 2623 553 2652; x_wconf 86' lang='lat' dir='ltr'><strong><em>Att.</em></strong></span> <span class='ocrx_word' id='word_1_315' title='bbox 572 2621 628 2660; x_wconf 88' lang='lat' dir='ltr'><strong><em>1V,</em></strong></span> <span class='ocrx_word' id='word_1_316' title='bbox 647 2622 679 2659; x_wconf 83' lang='lat'><strong><em>6,</em></strong></span> <span class='ocrx_word' id='word_1_317' title='bbox 699 2620 716 2652; x_wconf 87' lang='grc'>3</span> <span class='ocrx_word' id='word_1_318' title='bbox 743 2621 770 2652; x_wconf 90' lang='lat' dir='ltr'><strong><em>si</em></strong></span> <span class='ocrx_word' id='word_1_319' title='bbox 795 2629 921 2652; x_wconf 86' lang='lat' dir='ltr'><strong><em>sanum</em></strong></span> <span class='ocrx_word' id='word_1_320' title='bbox 947 2622 1001 2651; x_wconf 91' lang='lat' dir='ltr'><strong><em>est</em></strong></span> <span class='ocrx_word' id='word_1_321' title='bbox 1023 2629 1073 2651; x_wconf 81' lang='lat' dir='ltr'><strong><em>me</em></strong></span> <span class='ocrx_word' id='word_1_322' title='bbox 1096 2619 1224 2651; x_wconf 80' lang='lat' dir='ltr'><strong><em>hercule</em></strong></span> <span class='ocrx_word' id='word_1_323' title='bbox 1246 2619 1429 2659; x_wconf 83' lang='lat' dir='ltr'><strong><em>incipiendo</em></strong></span> <span class='ocrx_word' id='word_1_324' title='bbox 1453 2619 1578 2659; x_wconf 69' lang='lat' dir='ltr'><strong><em>refaqi,</em></strong></span> <span class='ocrx_word' id='word_1_325' title='bbox 1604 2619 1790 2658; x_wconf 79' lang='lat' dir='ltr'><strong><em>incipiendo</em></strong></span> <span class='ocrx_word' id='word_1_326' title='bbox 1814 2627 1884 2650; x_wconf 90' lang='lat' dir='ltr'><strong><em>non</em></strong></span> <span class='ocrx_word' id='word_1_327' title='bbox 1909 2618 2004 2650; x_wconf 90' lang='lat' dir='ltr'><strong><em>idem</em></strong></span> <span class='ocrx_word' id='word_1_328' title='bbox 2022 2619 2078 2650; x_wconf 88' lang='lat' dir='ltr'><strong><em>est</em></strong></span> 
     </span>
     <span class='ocr_line' id='line_1_27' title="bbox 296 2674 2074 2718; baseline -0.002 -9"><span class='ocrx_word' id='word_1_329' title='bbox 296 2677 391 2718; x_wconf 90' lang='lat' dir='ltr'><strong><em>quod</em></strong></span> <span class='ocrx_word' id='word_1_330' title='bbox 416 2677 462 2709; x_wconf 89' lang='lat' dir='ltr'><strong><em>ab</em></strong></span> <span class='ocrx_word' id='word_1_331' title='bbox 486 2676 687 2716; x_wconf 81' lang='lat' dir='ltr'><strong><em>incipiendo,</em></strong></span> <span class='ocrx_word' id='word_1_332' title='bbox 719 2675 783 2707; x_wconf 89' lang='lat' dir='ltr'><strong><em>sed</em></strong></span> <span class='ocrx_word' id='word_1_333' title='bbox 810 2676 858 2715; x_wconf 89' lang='lat' dir='ltr'><strong><em>(ut</em></strong></span> <span class='ocrx_word' id='word_1_334' title='bbox 882 2675 954 2707; x_wconf 80' lang='lat' dir='ltr'><strong><em>fere</em></strong></span> <span class='ocrx_word' id='word_1_335' title='bbox 980 2676 1050 2707; x_wconf 86' lang='lat' dir='ltr'><strong><em>iam</em></strong></span> <span class='ocrx_word' id='word_1_336' title='bbox 1075 2676 1247 2707; x_wconf 81' lang='lat' dir='ltr'><strong><em>Manutius</em></strong></span> <span class='ocrx_word' id='word_1_337' title='bbox 1272 2674 1466 2715; x_wconf 79' lang='lat' dir='ltr'><strong><em>explicavit)</em></strong></span> <span class='ocrx_word' id='word_1_338' title='bbox 1493 2674 1588 2714; x_wconf 91' lang='lat' dir='ltr'><strong><em>quod</em></strong></span> <span class='ocrx_word' id='word_1_339' title='bbox 1617 2674 1793 2714; x_wconf 78' lang='lat' dir='ltr'><strong><em>incipiens,</em></strong></span> <span class='ocrx_word' id='word_1_340' title='bbox 1818 2674 1853 2705; x_wconf 85' lang='lat' dir='ltr'><strong><em>in</em></strong></span> <span class='ocrx_word' id='word_1_341' title='bbox 1876 2674 2074 2714; x_wconf 80' lang='lat' dir='ltr'><strong><em>incipienda,</em></strong></span> 
     </span>
     <span class='ocr_line' id='line_1_28' title="bbox 295 2729 2076 2773; baseline -0.002 -8"><span class='ocrx_word' id='word_1_342' title='bbox 295 2742 369 2765; x_wconf 82' lang='lat' dir='ltr'><strong><em>cum</em></strong></span> <span class='ocrx_word' id='word_1_343' title='bbox 400 2734 589 2773; x_wconf 76' lang='lat' dir='ltr'><strong><em>inciperem,</em></strong></span> <span class='ocrx_word' id='word_1_344' title='bbox 626 2732 670 2764; x_wconf 90' lang='lat' dir='ltr'><strong><em>de</em></strong></span> <span class='ocrx_word' id='word_1_345' title='bbox 704 2741 774 2773; x_wconf 88' lang='lat' dir='ltr'><strong><em>quo</em></strong></span> <span class='ocrx_word' id='word_1_346' title='bbox 806 2741 872 2764; x_wconf 90' lang='lat' dir='ltr'><strong><em>usu</em></strong></span> <span class='ocrx_word' id='word_1_347' title='bbox 903 2731 1063 2772; x_wconf 85' lang='lat' dir='ltr'><strong><em>gerundii</em></strong></span> <span class='ocrx_word' id='word_1_348' title='bbox 1093 2732 1227 2762; x_wconf 80' lang='lat' dir='ltr'><strong><em>modum</em></strong></span> <span class='ocrx_word' id='word_1_349' title='bbox 1251 2730 1430 2772; x_wconf 84' lang='lat' dir='ltr'><strong><em>quendam</em></strong></span> <span class='ocrx_word' id='word_1_350' title='bbox 1461 2731 1651 2771; x_wconf 86' lang='lat' dir='ltr'><strong><em>primariae</em></strong></span> <span class='ocrx_word' id='word_1_351' title='bbox 1675 2731 1822 2762; x_wconf 84' lang='lat' dir='ltr'><strong><em>actionis</em></strong></span> <span class='ocrx_word' id='word_1_352' title='bbox 1847 2729 2076 2770; x_wconf 85' lang='lat' dir='ltr'><strong><em>significantis</em></strong></span> 
     </span>
     <span class='ocr_line' id='line_1_29' title="bbox 296 2785 2072 2831; baseline -0.002 -11"><span class='ocrx_word' id='word_1_353' title='bbox 296 2789 389 2831; x_wconf 81' lang='lat' dir='ltr'><strong><em>apud</em></strong></span> <span class='ocrx_word' id='word_1_354' title='bbox 422 2790 630 2821; x_wconf 88' lang='lat' dir='ltr'><strong><em>Ciceronem</em></strong></span> <span class='ocrx_word' id='word_1_355' title='bbox 661 2788 857 2825; x_wconf 83' lang='lat' dir='ltr'><strong><em>rarissimo,</em></strong></span> <span class='ocrx_word' id='word_1_356' title='bbox 889 2797 909 2818; x_wconf 91' lang='lat' dir='ltr'><strong><em>a</em></strong></span> <span class='ocrx_word' id='word_1_357' title='bbox 941 2787 1216 2826; x_wconf 84' lang='lat' dir='ltr'><strong><em>recentioribus,</em></strong></span> <span class='ocrx_word' id='word_1_358' title='bbox 1248 2788 1287 2818; x_wconf 89' lang='lat' dir='ltr'><strong><em>ut</em></strong></span> <span class='ocrx_word' id='word_1_359' title='bbox 1317 2787 1446 2824; x_wconf 81' lang='lat' dir='ltr'><strong><em>Tacito,</em></strong></span> <span class='ocrx_word' id='word_1_360' title='bbox 1475 2785 1697 2826; x_wconf 81' lang='lat' dir='ltr'><strong><em>frequentato</em></strong></span> <span class='ocrx_word' id='word_1_361' title='bbox 1722 2786 1764 2818; x_wconf 80' lang='lat' dir='ltr'><strong><em>cf.</em></strong></span> <span class='ocrx_word' id='word_1_362' title='bbox 1790 2785 1930 2826; x_wconf 84' lang='lat' dir='ltr'><strong><em>Madvig</em></strong></span> <span class='ocrx_word' id='word_1_363' title='bbox 1953 2785 1972 2826; x_wconf 70' lang='lat' dir='ltr'>S</span> <span class='ocrx_word' id='word_1_364' title='bbox 1996 2785 2072 2825; x_wconf 73' lang='lat'><strong><em>4⁴6,</em></strong></span> 
     </span>
     <span class='ocr_line' id='line_1_30' title="bbox 296 2841 2073 2885; baseline -0.002 -9"><span class='ocrx_word' id='word_1_365' title='bbox 296 2854 330 2877; x_wconf 92' lang='lat' dir='ltr'><strong><em>n.</em></strong></span> <span class='ocrx_word' id='word_1_366' title='bbox 357 2847 393 2882; x_wconf 78' lang='grc'><strong><em>4;</em></strong></span> <span class='ocrx_word' id='word_1_367' title='bbox 422 2844 502 2883; x_wconf 85' lang='lat' dir='ltr'><strong><em>sed⁷</em></strong></span> <span class='ocrx_word' id='word_1_368' title='bbox 532 2845 699 2885; x_wconf 88' lang='lat' dir='ltr'><strong><em>quoniam</em></strong></span> <span class='ocrx_word' id='word_1_369' title='bbox 724 2852 767 2875; x_wconf 88' lang='lat' dir='ltr'><strong><em>ne</em></strong></span> <span class='ocrx_word' id='word_1_370' title='bbox 792 2844 969 2884; x_wconf 88' lang='lat' dir='ltr'><strong><em>incepisse</em></strong></span> <span class='ocrx_word' id='word_1_371' title='bbox 994 2843 1138 2883; x_wconf 90' lang='lat' dir='ltr'><strong><em>quidem</em></strong></span> <span class='ocrx_word' id='word_1_372' title='bbox 1161 2843 1284 2875; x_wconf 87' lang='lat' dir='ltr'><strong><em>Cicero</em></strong></span> <span class='ocrx_word' id='word_1_373' title='bbox 1302 2842 1452 2880; x_wconf 85' lang='lat' dir='ltr'><strong><em>videtur,</em></strong></span> <span class='ocrx_word' id='word_1_374' title='bbox 1479 2842 1604 2883; x_wconf 92' lang='lat' dir='ltr'><strong><em>opinor</em></strong></span> <span class='ocrx_word' id='word_1_375' title='bbox 1627 2841 1668 2873; x_wconf 90' lang='lat' dir='ltr'><strong><em>ab</em></strong></span> <span class='ocrx_word' id='word_1_376' title='bbox 1685 2842 1808 2874; x_wconf 88' lang='lat' dir='ltr'><strong><em>sivein</em></strong></span> <span class='ocrx_word' id='word_1_377' title='bbox 1825 2841 1982 2874; x_wconf 87' lang='lat' dir='ltr'><strong><em>Mediceo</em></strong></span> <span class='ocrx_word' id='word_1_378' title='bbox 1999 2841 2073 2873; x_wconf 87' lang='lat' dir='ltr'><strong><em>sive</em></strong></span> 
     </span>
     <span class='ocr_line' id='line_1_31' title="bbox 296 2896 2074 2940; baseline -0.002 -8"><span class='ocrx_word' id='word_1_379' title='bbox 296 2902 329 2932; x_wconf 92' lang='lat' dir='ltr'><strong><em>in</em></strong></span> <span class='ocrx_word' id='word_1_380' title='bbox 357 2900 550 2940; x_wconf 80' lang='lat' dir='ltr'><strong><em>archetypo</em></strong></span> <span class='ocrx_word' id='word_1_381' title='bbox 576 2908 655 2932; x_wconf 87' lang='lat' dir='ltr'><strong><em>esse</em></strong></span> <span class='ocrx_word' id='word_1_382' title='bbox 681 2900 852 2932; x_wconf 89' lang='lat' dir='ltr'><strong><em>omissum</em></strong></span> <span class='ocrx_word' id='word_1_383' title='bbox 877 2899 932 2939; x_wconf 82' lang='lat' dir='ltr'><strong><em>(cf.</em></strong></span> <span class='ocrx_word' id='word_1_384' title='bbox 961 2899 1005 2931; x_wconf 92' lang='lat' dir='ltr'><strong><em>de</em></strong></span> <span class='ocrx_word' id='word_1_385' title='bbox 1030 2900 1122 2931; x_wconf 90' lang='lat' dir='ltr'><strong><em>Orat.</em></strong></span> <span class='ocrx_word' id='word_1_386' title='bbox 1149 2900 1176 2930; x_wconf 89' lang='grc'><strong><em>11</em></strong></span> <span class='ocrx_word' id='word_1_387' title='bbox 1203 2899 1221 2939; x_wconf 69' lang='lat' dir='ltr'>S</span> <span class='ocrx_word' id='word_1_388' title='bbox 1247 2899 1286 2930; x_wconf 76' lang='grc'><strong><em>’10</em></strong></span> <span class='ocrx_word' id='word_1_389' title='bbox 1317 2899 1444 2938; x_wconf 84' lang='lat' dir='ltr'><strong><em>pudore</em></strong></span> <span class='ocrx_word' id='word_1_390' title='bbox 1467 2906 1489 2928; x_wconf 85' lang='lat' dir='ltr'><strong><em>a</em></strong></span> <span class='ocrx_word' id='word_1_391' title='bbox 1512 2897 1647 2930; x_wconf 85' lang='lat' dir='ltr'><strong><em>dicendo</em></strong></span> <span class='ocrx_word' id='word_1_392' title='bbox 1671 2898 1840 2939; x_wconf 64' lang='lat' dir='ltr'><strong><em>refugisti,</em></strong></span> <span class='ocrx_word' id='word_1_393' title='bbox 1866 2896 1968 2938; x_wconf 83' lang='lat' dir='ltr'><strong><em>al.)*)</em></strong></span> <span class='ocrx_word' id='word_1_394' title='bbox 2005 2897 2074 2929; x_wconf 75' lang='lat' dir='ltr'><strong><em>Re-</em></strong></span> 
     </span>
    </p>
   </div>
   <div class='ocr_carea' id='block_1_6' title="bbox 296 3087 2073 3277">
    <p class='ocr_par' dir='ltr' id='par_1_6' title="bbox 296 3087 2073 3277">
     <span class='ocr_line' id='line_1_32' title="bbox 373 3087 2073 3127; baseline -0.002 -7"><span class='ocrx_word' id='word_1_395' title='bbox 373 3093 397 3127; x_wconf 83' lang='lat'><strong><em>*)</em></strong></span> <span class='ocrx_word' id='word_1_396' title='bbox 425 3092 616 3120; x_wconf 71' lang='lat' dir='ltr'><strong><em>Relaoeare</em></strong></span> <span class='ocrx_word' id='word_1_397' title='bbox 641 3101 669 3120; x_wconf 86' lang='lat' dir='ltr'><strong><em>se</em></strong></span> <span class='ocrx_word' id='word_1_398' title='bbox 696 3092 834 3125; x_wconf 76' lang='lat' dir='ltr'><strong><em>vinculis,</em></strong></span> <span class='ocrx_word' id='word_1_399' title='bbox 861 3090 1102 3127; x_wconf 78' lang='lat' dir='ltr'><strong><em>occupationibus</em></strong></span> <span class='ocrx_word' id='word_1_400' title='bbox 1127 3090 1213 3125; x_wconf 84' lang='lat' dir='ltr'><strong><em>quod</em></strong></span> <span class='ocrx_word' id='word_1_401' title='bbox 1242 3089 1354 3118; x_wconf 86' lang='lat' dir='ltr'><strong><em>Cicero</em></strong></span> <span class='ocrx_word' id='word_1_402' title='bbox 1384 3090 1456 3125; x_wconf 85' lang='lat' dir='ltr'><strong><em>(Cat.</em></strong></span> <span class='ocrx_word' id='word_1_403' title='bbox 1478 3089 1517 3118; x_wconf 89' lang='lat' dir='ltr'><strong><em>M.</em></strong></span> <span class='ocrx_word' id='word_1_404' title='bbox 1540 3089 1556 3126; x_wconf 71' lang='lat' dir='ltr'>S</span> <span class='ocrx_word' id='word_1_405' title='bbox 1577 3089 1624 3119; x_wconf 72' lang='lat'><strong><em>8⁴.</em></strong></span> <span class='ocrx_word' id='word_1_406' title='bbox 1655 3089 1696 3118; x_wconf 85' lang='lat' dir='ltr'><strong><em>ad</em></strong></span> <span class='ocrx_word' id='word_1_407' title='bbox 1716 3089 1802 3117; x_wconf 83' lang='lat' dir='ltr'><strong><em>Fam.</em></strong></span> <span class='ocrx_word' id='word_1_408' title='bbox 1826 3087 1887 3125; x_wconf 83' lang='lat' dir='ltr'><strong><em>Vll,</em></strong></span> <span class='ocrx_word' id='word_1_409' title='bbox 1909 3089 1944 3125; x_wconf 70' lang='grc'><strong><em>’1,</em></strong></span> <span class='ocrx_word' id='word_1_410' title='bbox 1969 3089 1997 3118; x_wconf 85' lang='grc'><strong><em>5.</em></strong></span> <span class='ocrx_word' id='word_1_411' title='bbox 2031 3089 2073 3117; x_wconf 79' lang='lat' dir='ltr'><strong><em>ad</em></strong></span> 
     </span>
     <span class='ocr_line' id='line_1_33' title="bbox 296 3139 2071 3180; baseline -0.003 -8"><span class='ocrx_word' id='word_1_412' title='bbox 296 3144 354 3172; x_wconf 76' lang='lat' dir='ltr'><strong><em>Ait.</em></strong></span> <span class='ocrx_word' id='word_1_413' title='bbox 378 3142 459 3179; x_wconf 80' lang='lat' dir='ltr'>XVI,</span> <span class='ocrx_word' id='word_1_414' title='bbox 481 3142 533 3177; x_wconf 77' lang='grc'><strong><em>46,</em></strong></span> <span class='ocrx_word' id='word_1_415' title='bbox 555 3142 582 3177; x_wconf 72' lang='grc'><strong><em>’2)</em></strong></span> <span class='ocrx_word' id='word_1_416' title='bbox 614 3144 762 3177; x_wconf 83' lang='lat' dir='ltr'><strong><em>scripsit:</em></strong></span> <span class='ocrx_word' id='word_1_417' title='bbox 792 3144 896 3180; x_wconf 85' lang='lat' dir='ltr'><strong><em>idem,</em></strong></span> <span class='ocrx_word' id='word_1_418' title='bbox 925 3145 959 3170; x_wconf 81' lang='lat' dir='ltr'><strong><em>ut</em></strong></span> <span class='ocrx_word' id='word_1_419' title='bbox 985 3142 1095 3175; x_wconf 79' lang='lat' dir='ltr'><strong><em>levare,</em></strong></span> <span class='ocrx_word' id='word_1_420' title='bbox 1126 3142 1263 3175; x_wconf 80' lang='lat' dir='ltr'><strong><em>liberare,</em></strong></span> <span class='ocrx_word' id='word_1_421' title='bbox 1292 3142 1371 3176; x_wconf 70' lang='lat' dir='ltr'><strong><em>alia,</em></strong></span> <span class='ocrx_word' id='word_1_422' title='bbox 1401 3147 1485 3175; x_wconf 88' lang='lat' dir='ltr'><strong><em>quae</em></strong></span> <span class='ocrx_word' id='word_1_423' title='bbox 1513 3147 1587 3169; x_wconf 90' lang='lat' dir='ltr'><strong><em>cum</em></strong></span> <span class='ocrx_word' id='word_1_424' title='bbox 1613 3139 1753 3176; x_wconf 69' lang='lat' dir='ltr'><strong><em>privandi</em></strong></span> <span class='ocrx_word' id='word_1_425' title='bbox 1772 3140 1881 3169; x_wconf 88' lang='lat' dir='ltr'><strong><em>verbis</em></strong></span> <span class='ocrx_word' id='word_1_426' title='bbox 1902 3139 2071 3175; x_wconf 78' lang='lat' dir='ltr'><strong><em>cognatio-</em></strong></span> 
     </span>
     <span class='ocr_line' id='line_1_34' title="bbox 297 3187 2070 3228; baseline -0.001 -7"><span class='ocrx_word' id='word_1_427' title='bbox 297 3200 372 3222; x_wconf 89' lang='lat' dir='ltr'><strong><em>nem</em></strong></span> <span class='ocrx_word' id='word_1_428' title='bbox 399 3191 562 3228; x_wconf 82' lang='lat' dir='ltr'><strong><em>quandam</em></strong></span> <span class='ocrx_word' id='word_1_429' title='bbox 588 3192 708 3220; x_wconf 87' lang='lat' dir='ltr'><strong><em>habent</em></strong></span> <span class='ocrx_word' id='word_1_430' title='bbox 735 3192 878 3228; x_wconf 76' lang='lat' dir='ltr'><strong><em>(Madvig</em></strong></span> <span class='ocrx_word' id='word_1_431' title='bbox 905 3191 921 3228; x_wconf 66' lang='lat' dir='ltr'><strong><em>g</em></strong></span> <span class='ocrx_word' id='word_1_432' title='bbox 942 3191 1024 3227; x_wconf 75' lang='lat'><strong>26¹),</strong></span> <span class='ocrx_word' id='word_1_433' title='bbox 1052 3191 1094 3218; x_wconf 88' lang='lat' dir='ltr'><strong><em>ita</em></strong></span> <span class='ocrx_word' id='word_1_434' title='bbox 1124 3191 1234 3218; x_wconf 73' lang='lat' dir='ltr'><strong><em>laxare</em></strong></span> <span class='ocrx_word' id='word_1_435' title='bbox 1258 3191 1329 3218; x_wconf 86' lang='lat' dir='ltr'><strong><em>siue</em></strong></span> <span class='ocrx_word' id='word_1_436' title='bbox 1361 3191 1603 3225; x_wconf 86' lang='lat' dir='ltr'><strong><em>praepositione</em></strong></span> <span class='ocrx_word' id='word_1_437' title='bbox 1624 3190 1732 3226; x_wconf 85' lang='lat' dir='ltr'><strong><em>posuit</em></strong></span> <span class='ocrx_word' id='word_1_438' title='bbox 1752 3189 1847 3217; x_wconf 85' lang='lat' dir='ltr'><strong><em>Tusc.</em></strong></span> <span class='ocrx_word' id='word_1_439' title='bbox 1868 3189 1956 3224; x_wconf 87' lang='lat' dir='ltr'><strong><em>Disp.</em></strong></span> <span class='ocrx_word' id='word_1_440' title='bbox 1979 3189 2001 3225; x_wconf 90' lang='grc' dir='ltr'><strong><em>Ι,</em></strong></span> <span class='ocrx_word' id='word_1_441' title='bbox 2022 3187 2070 3219; x_wconf 70' lang='lat'><strong><em>44.</em></strong></span> 
     </span>
     <span class='ocr_line' id='line_1_35' title="bbox 298 3236 2069 3277; baseline -0.002 -7"><span class='ocrx_word' id='word_1_442' title='bbox 298 3242 406 3271; x_wconf 88' lang='lat' dir='ltr'><strong><em>Somn.</em></strong></span> <span class='ocrx_word' id='word_1_443' title='bbox 429 3241 514 3277; x_wconf 82' lang='lat' dir='ltr'><strong><em>scip.</em></strong></span> <span class='ocrx_word' id='word_1_444' title='bbox 538 3248 566 3271; x_wconf 86' lang='lat' dir='ltr'><strong><em>e.</em></strong></span> <span class='ocrx_word' id='word_1_445' title='bbox 588 3240 624 3277; x_wconf 88' lang='lat'><strong><em>3;</em></strong></span> <span class='ocrx_word' id='word_1_446' title='bbox 647 3241 686 3270; x_wconf 78' lang='lat' dir='ltr'><strong><em>cr.</em></strong></span> <span class='ocrx_word' id='word_1_447' title='bbox 715 3241 755 3269; x_wconf 87' lang='lat' dir='ltr'><strong><em>ad</em></strong></span> <span class='ocrx_word' id='word_1_448' title='bbox 775 3241 862 3271; x_wconf 84' lang='lat' dir='ltr'><strong><em>Fam.</em></strong></span> <span class='ocrx_word' id='word_1_449' title='bbox 885 3241 920 3276; x_wconf 80' lang='lat' dir='ltr'><strong><em>V,</em></strong></span> <span class='ocrx_word' id='word_1_450' title='bbox 942 3239 988 3277; x_wconf 74' lang='lat'><strong><em>44,</em></strong></span> <span class='ocrx_word' id='word_1_451' title='bbox 1010 3240 1038 3270; x_wconf 90' lang='lat'><strong><em>3.</em></strong></span> <span class='ocrx_word' id='word_1_452' title='bbox 1069 3240 1191 3269; x_wconf 82' lang='lat' dir='ltr'><strong><em>Eadem</em></strong></span> <span class='ocrx_word' id='word_1_453' title='bbox 1210 3241 1292 3268; x_wconf 85' lang='lat' dir='ltr'><strong><em>ratio</em></strong></span> <span class='ocrx_word' id='word_1_454' title='bbox 1314 3242 1364 3268; x_wconf 83' lang='lat' dir='ltr'><strong><em>est</em></strong></span> <span class='ocrx_word' id='word_1_455' title='bbox 1384 3239 1474 3268; x_wconf 85' lang='lat' dir='ltr'><strong><em>verbi</em></strong></span> <span class='ocrx_word' id='word_1_456' title='bbox 1495 3239 1693 3267; x_wconf 74' lang='lat' dir='ltr'><strong><em>relevandi</em></strong></span> <span class='ocrx_word' id='word_1_457' title='bbox 1712 3245 1731 3268; x_wconf 87' lang='lat' dir='ltr'><strong><em>a</em></strong></span> <span class='ocrx_word' id='word_1_458' title='bbox 1751 3238 1907 3268; x_wconf 82' lang='lat' dir='ltr'><strong><em>Cicerone</em></strong></span> <span class='ocrx_word' id='word_1_459' title='bbox 1927 3237 2026 3275; x_wconf 81' lang='lat' dir='ltr'><strong><em>(Catil.</em></strong></span> <span class='ocrx_word' id='word_1_460' title='bbox 2046 3236 2069 3272; x_wconf 85' lang='lat'><strong><em>1,</em></strong></span> 
     </span>
    </p>
   </div>
   <div class='ocr_carea' id='block_1_7' title="bbox 298 3291 542 3329">
    <p class='ocr_par' dir='ltr' id='par_1_7' title="bbox 298 3291 542 3329">
     <span class='ocr_line' id='line_1_36' title="bbox 298 3291 542 3329; baseline 0 -9"><span class='ocrx_word' id='word_1_461' title='bbox 298 3291 344 3329; x_wconf 76' lang='grc'><strong><em>31)</em></strong></span> <span class='ocrx_word' id='word_1_462' title='bbox 366 3292 415 3322; x_wconf 82' lang='lat' dir='ltr'><strong><em>sic</em></strong></span> <span class='ocrx_word' id='word_1_463' title='bbox 434 3291 542 3328; x_wconf 76' lang='lat' dir='ltr'><strong><em>positi.</em></strong></span> 
     </span>
    </p>
   </div>
   <div class='ocr_carea' id='block_1_8' title="bbox 2241 2245 2249 2750">
    <p class='ocr_par' dir='ltr' id='par_1_8' title="bbox 2241 2245 2249 2750">
     <span class='ocr_line' id='line_1_37' title="bbox 2241 2245 2249 2750; baseline 0 0"><span class='ocrx_word' id='word_1_464' title='bbox 2241 2245 2249 2750; x_wconf 95' lang='lat' dir='ltr'><strong><em> </em></strong></span> 
     </span>
    </p>
   </div>
  </div>
 </body>
</html>
