2249 3624
647 150 734 192 Lm.
767 151 797 191 I.
839 150 934 190 Car.
965 148 1164 189 lx—XI.
1205 146 1263 200 §§
1295 144 1484 188 32-39,
1895 141 1946 182 67

193 273 312 308 natus
345 272 407 308 est
438 265 712 319 disciplinam.
765 264 863 304 Eam
896 277 1081 316 quoque,
1114 263 1146 302 si
1178 262 1362 309 videtur,
1395 262 1694 301 correctionem
1717 260 1949 313 explicabo,

195 332 301 370 sicut
332 330 490 369 solebat
520 328 763 367 Antiochus.
824 326 924 366 Milii
957 340 1074 373 vero,
1108 327 1298 378 inquam,
1332 325 1515 364 videtur:
1549 324 1662 378 quod
1695 324 1810 363 vides
1842 324 1950 362 idem

195 391 428 445 significare
461 392 745 443 Pomponium.

310 456 358 494 X.
390 456 500 493 Zeno
541 453 666 503 igitur
706 453 820 491 nullo
855 452 976 490 modo
1009 452 1042 490 is
1075 457 1180 498 erat,
1223 452 1314 504 qui,
1359 456 1401 490 ut
1432 450 1766 502 'l‘lieoplu·astus,
1805 464 1954 490 nervos

197 518 359 558 virtutis
391 516 602 561 inciderit,
635 516 707 554 sed
740 521 881 553 eontra
916 516 987 566 qui
1019 515 1176 559 omnia,
1211 528 1318 567 quae
1351 514 1399 553 ad
1432 514 1594 553 beatam
1619 514 1740 553 vitam
1776 514 1989 566 pertine-5

198 585 310 625 rent,
351 579 390 617 in
435 591 515 616 una
554 577 702 615 virtute
745 583 915 628 poneret
959 590 1032 614 nec
1072 577 1295 629 quiequam
1337 577 1450 615 aliud
1485 582 1718 616 numeraret
1751 576 1790 615 in
1825 576 1958 621 bonis,

198 641 322 694 idque
360 639 590 692 appellaret
629 639 871 683 honestum,
915 639 1025 690 quod
1069 645 1179 677 esset
1219 640 1395 690 simplex
1430 639 1639 691 quoddam
1673 645 1711 678 et
1754 639 1887 678 solum
1921 644 1960 678 et

198 717 323 743 uuum
356 701 523 740 bonum.
583 699 649 739 36.
685 702 829 739 Cetera
861 707 995 738 autem
1030 702 1106 739 etsi
1140 715 1214 740 uec
1250 702 1357 739 bona
1391 715 1466 739 nec
1501 702 1606 740 mala
1634 707 1792 748 essent,
1825 708 1960 741 tamen

159 781 164 785 ·
197 765 278 804 alia
319 764 548 803 secundum
593 769 779 802 naturam
812 762 997 808 dicebat,
1037 764 1117 802 alia
1158 770 1327 802 naturae
1360 778 1450 801 esse
1483 765 1703 803 contraria.
1756 764 1828 802 llis
1860 764 1962 816 ipsis

197 827 274 866 alia
306 826 520 864 interiecta
553 831 592 864 et
624 825 760 864 media
794 825 1049 864 numerabat.
1103 826 1219 873 Quae
1252 832 1389 864 autem
1424 827 1653 865 secundum
1688 833 1872 866 naturam
1901 840 1962 865 es-
1982 835 2013 862 ιο

198 894 308 934 sent,
353 901 401 927 ea
443 889 643 927 sumenda
686 894 726 927 et
758 887 935 939 quadam
968 887 1258 926 aestimatione
1291 887 1498 939 dignanda
1532 889 1705 928 docebat
1736 895 1965 942 contraque

199 951 429 990 contraria:
463 958 611 990 neutra
642 957 780 990 autem
814 950 854 988 in
890 950 1037 989 mediis
1070 950 1356 1002 relinquebat,
1390 951 1430 989 in
1465 952 1617 1003 quibus
1650 953 1829 1004 ponebat
1862 952 1963 991 nibil

199 1013 369 1053 omnino
403 1027 494 1052 esse
528 1015 737 1053 momenti.
799 1012 865 1052 37.
900 1013 980 1052 Sed
1014 1026 1121 1065 quae
1155 1018 1296 1051 essent
1327 1013 1550 1060 sumenda,
1584 1027 1635 1052 ex
1658 1014 1708 1053 iis
1731 1015 1809 1054 alia
1837 1014 1966 1067 pluris

199 1090 289 1117 esse
320 1077 591 1124 aestimanda,
623 1077 702 1116 alia
725 1076 909 1115 minoris.
958 1076 1073 1123 Quae
1106 1075 1259 1127 pluriS,
1293 1089 1339 1115 ea
1372 1076 1685 1129 praeposita
1718 1076 1967 1128 appellabat,

198 1140 405 1178 reiecta
445 1146 602 1186 autem,
645 1152 750 1191 quae
793 1139 976 1177 minoris.
1035 1139 1170 1190 Atque
1213 1143 1257 1176 ut
1300 1138 1402 1177 haec
1442 1152 1524 1177 non
1565 1145 1647 1178 tam
1688 1139 1811 1178 rebus
1844 1150 2018 1192 quami5

200 1202 415 1241 vocabulis
449 1207 795 1246 commutaverat,
829 1201 887 1239 sic
921 1202 1027 1240 inter
1058 1205 1168 1239 recte
1200 1199 1353 1239 sactum
1387 1206 1513 1253 atque
1541 1206 1757 1254 peccatum
1781 1201 1968 1242 officium

200 1271 241 1304 et
281 1270 423 1303 contra
465 1262 647 1303 osticium
689 1263 862 1302 media
904 1263 1065 1303 locabat
1105 1263 1329 1316 quaedam,
1373 1270 1482 1303 recte
1520 1264 1626 1304 sacta
1658 1264 1748 1304 sola
1778 1264 1819 1303 in
1851 1263 1969 1302 bonis

201 1327 433 1366 actionibus
474 1340 656 1379 ponens,
695 1339 841 1379 prave,
883 1327 923 1365 id
963 1332 1023 1365 est
1068 1331 1257 1379 peccata,
1301 1326 1343 1365 in
1377 1326 1517 1366 malis:
1559 1326 1694 1367 officia
1726 1332 1863 1366 autem
1897 1321 1968 1379 [et]

201 1395 363 1429 servata
396 1390 775 1442 praetermissaque
808 1389 946 1428 media
978 1389 1171 1441 putabat,
1204 1395 1248 1427 ut
1269 1389 1371 1427 dixi.
1423 1388 1490 1429 38.
1516 1390 1704 1444 Cumque
1731 1389 1971 1443 superiores

202 1466 285 1491 non
332 1465 497 1492 omnem
539 1452 734 1491 virtutem
782 1453 821 1490 in
863 1451 1024 1490 ratione
1066 1464 1157 1489 esse
1197 1451 1406 1498 dicerent,
1456 1452 1527 1491 sed
1563 1453 1765 1505 quasdam
1800 1452 2022 1491 virtutes-20

201 1521 346 1554 natura
387 1521 455 1554 aut
496 1528 609 1554 more
651 1514 879 1566 perfectas,
922 1514 988 1553 hic
1021 1514 1157 1553 omnis
1189 1513 1230 1552 in
1263 1514 1424 1554 ratione
1457 1515 1661 1567 ponebat;
1701 1528 1880 1568 cumque
1912 1513 1973 1552 illi

203 1590 250 1617 ea
283 1589 436 1629 genera
466 1577 687 1624 virtutum,
735 1590 842 1630 quae
883 1589 1007 1628 supra
1049 1575 1155 1623 dixi,
1198 1576 1361 1629 seiungi
1394 1591 1516 1630 posse
1548 1578 1866 1625 arbitrarentur,
1906 1576 1973 1616 hic

204 1653 277 1679 nec
320 1639 360 1678 id
400 1639 486 1678 ullo
526 1639 651 1678 modo
695 1639 784 1678 fieri
827 1653 952 1691 posse
985 1639 1236 1685 disserebat,
1278 1652 1355 1678 nec
1386 1640 1548 1679 virtutis
1581 1654 1700 1680 usum
1734 1640 1883 1687 modo,
1929 1643 1975 1678 ut

203 1702 466 1754 superiores,
500 1701 572 1741 sed
606 1702 742 1755 ipsum
774 1701 958 1741 habitum
991 1715 1066 1754 per
1097 1715 1139 1741 se
1173 1715 1263 1740 esse
1295 1702 1581 1754 praeclarum;
1613 1716 1691 1742 nec
1722 1708 1861 1742 tamen
1893 1702 1975 1741 vir-

204 1771 337 1806 tutem
380 1766 574 1818 cuiquam
613 1764 779 1810 adesse,
828 1765 928 1816 quin
972 1777 1019 1803 ea
1059 1777 1225 1816 semper
1269 1770 1468 1804 uteretur.
1530 1766 1720 1819 Cumque
1761 1764 2025 1819 perturba-25

205 1828 339 1867 tiones
378 1827 503 1866 animi
544 1826 604 1865 illi
640 1839 692 1866 ex
731 1826 900 1865 homine
946 1839 1030 1865 non
1075 1827 1271 1866 tollerent
1319 1833 1552 1881 naturaque
1595 1833 1635 1867 et
1675 1828 1975 1868 condolescere

206 1895 246 1928 et
276 1889 573 1941 concupiscere
605 1894 646 1928 et
677 1889 949 1928 extimescere
983 1893 1022 1927 et
1053 1889 1188 1927 efferri
1230 1889 1386 1929 laetitia
1418 1891 1625 1938 dicerent,
1658 1891 1729 1930 sed
1763 1904 1832 1931 eas
1876 1903 1975 1930 con-

206 1951 417 1991 traherent
457 1951 498 1990 in
538 1956 843 2004 angustumque
891 1950 1169 1997 deducerent,
1214 1951 1283 1990 hic
1326 1953 1519 1992 omnibus
1560 1953 1625 1993 his
1666 1954 1787 2006 quasi
1819 1953 1974 1993 morbis

206 2013 340 2052 voluit
381 2026 521 2053 carere
563 2013 807 2066 sapientem.
867 2011 932 2052 39.
969 2013 1155 2066 Cumque
1188 2026 1256 2053 eas
1296 2015 1631 2067 perturbationes
1662 2016 1824 2070 antiqui
1856 2021 1975 2056 natu-

205 2076 313 2115 rales
354 2088 445 2115 esse
485 2076 671 2115 dicerent
724 2081 764 2115 et
803 2075 978 2115 rationis
1020 2081 1239 2128 expertes,
1285 2077 1453 2130 aliaque
1494 2078 1536 2117 in
1579 2083 1694 2131 parte
1736 2079 1863 2119 animi
1904 2085 2024 2118 (ιιι-30

207 2138 441 2190 piditatem,
482 2138 523 2177 in
562 2138 640 2178 alia
679 2138 885 2177 rationem
918 2137 1209 2186 conlocarent,
1254 2152 1304 2179 ne
1340 2139 1404 2179 his
1442 2140 1612 2194 quidem
1649 2141 1973 2181 adsentiebatur.

206 2202 309 2240 Nam
356 2206 397 2241 et
440 2200 773 2253 perturbationes
820 2200 1077 2240 voluntarias
1124 2214 1216 2241 esse
1258 2202 1432 2255 putabat
1476 2203 1772 2257 opinionisque
1818 2203 1973 2243 iudicio

208 2262 382 2315 suscipi,
415 2268 454 2302 et
483 2263 670 2303 omnium
701 2263 1059 2315 perturbationum
1091 2269 1264 2304 matrem
1298 2277 1389 2305 esse
1420 2265 1696 2305 arbitrabatur
1725 2266 1974 2306 immodera-

208 2331 290 2365 tam
324 2325 533 2379 quandam
566 2326 944 2379 intemperantiam.
1005 2326 1117 2365 Haec
1149 2326 1236 2366 fere
1269 2328 1319 2367 de
1351 2328 1551 2368 moribus.

319 2388 392 2427 XI.
423 2389 482 2427 De
513 2388 671 2428 naturis
702 2394 840 2428 autem
873 2389 929 2427 sic
968 2389 1198 2437 sentiebat,
1239 2390 1418 2443 primum
1460 2396 1506 2430 ut
1545 2392 1586 2430 in
1619 2397 1814 2445 quattuor
1843 2392 1973 2432 initiis
1988 2401 2023 2430 35

296 2577 326 2608 4.
351 2585 487 2616 eamque
510 2576 537 2608 si
561 2576 590 2607 V
613 2593 655 2600 --
679 2576 766 2617 eaepb
793 2586 880 2608 corr.
908 2586 924 2608 r
951 2594 986 2599 —
1014 2577 1046 2608 2.
1072 2577 1160 2608 rides
1179 2585 1248 2608 om.
1268 2586 1285 2607 r
1304 2594 1337 2598 —
1366 2576 1396 2609 4.
1422 2578 1532 2608 nervis
1554 2580 1577 2610 P
1598 2595 1632 2600 —
1659 2580 1689 2610 5.
1716 2580 1871 2613 incideret
1894 2581 1972 2613 cod.

209 2626 329 2658 Lamb.
355 2644 398 2649 —
421 2635 506 2666 quae
529 2627 701 2658 Manutius
727 2628 759 2657 et
786 2628 803 2658 3
828 2626 930 2658 codd.
952 2627 1130 2667 (‘?)Goe1'.:
1156 2635 1303 2666 quaeque
1328 2627 1351 2657 C
1367 2636 1384 2657 r
1406 2644 1438 2648 ——
1467 2628 1497 2658 7.
1524 2628 1687 2667 quodamo
1711 2634 1740 2661 et
1766 2631 1849 2660 V—
1873 2632 1904 2662 9.
1924 2632 1976 2662 di-

207 2677 321 2709 cebant
346 2677 377 2717 (n
401 2678 617 2718 punctatum)
643 2677 730 2707 aliae
754 2678 778 2707 G
802 2693 835 2698 —-
864 2677 904 2707 iis
928 2686 962 2713 r;
988 2677 1036 2708 liis
1060 2677 1136 2716 ipsis
1151 2694 1199 2700 --
1216 2685 1255 2707 ea
1278 2677 1437 2707 sumenda
1455 2685 1524 2708 om.
1546 2676 1596 2709 Ψ.
1625 2678 1738 2710 Verba
1762 2680 1811 2711 his
1834 2682 1912 2721 ipsis
1927 2698 1975 2704 —-

207 2726 402 2758 numerabat
432 2726 547 2758 Christ
576 2728 655 2766 post
686 2734 741 2756 vv.
769 2735 852 2765 quae
884 2727 1022 2757 initiaris
1045 2729 1090 2758 fv.
1118 2727 1168 2765 45)
1196 2726 1457 2766 transponenda
1484 2735 1563 2759 esse
1586 2731 1726 2766 censet;
1754 2731 1835 2761 milii
1861 2732 1975 2772 potius

209 2777 389 2808 adiecticia
413 2776 594 2813 videntur,
621 2776 751 2816 quippe
777 2777 881 2807 etiam
907 2776 950 2807 de
976 2777 1155 2807 Latinitate
1182 2778 1356 2816 suspecta.
1385 2793 1419 2798 —
1452 2778 1504 2808 it.
1529 2780 1742 2811 eaetimalz'one
1766 2782 1799 2811 et
1825 2780 1876 2812 44.
1902 2782 1976 2811 eci—

208 2826 373 2857 sumunda
398 2828 424 2857 G
449 2842 485 2848 —
519 2825 667 2865 eligenda
698 2826 786 2857 coni.
816 2827 948 2858 Ernesti
983 2844 1017 2849 -
1054 2826 1179 2857 dicebat
1203 2826 1323 2858 Lamb.
1354 2845 1387 2849 —
1423 2827 1473 2858 43.
1500 2836 1565 2859 esse
1589 2828 1655 2860 del.
1684 2830 1817 2861 Ernesti
1845 2849 1879 2853 —
1911 2831 1975 2871 sed]

209 2877 235 2906 si
259 2886 276 2907 r
303 2894 338 2899 —-
374 2875 543 2916 sumenda]
574 2876 684 2906 media
712 2877 839 2907 Davies
871 2894 914 2898 —
949 2877 1000 2908 117.
1033 2877 1195 2916 quaedam
1219 2876 1361 2907 Walker
1393 2876 1475 2915 del.,
1513 2879 1642 2917 quidem
1671 2881 1760 2911 coni.
1787 2881 1912 2912 Davies
1940 2896 1975 2902 —

209 2926 334 2965 sactum
350 2926 378 2956 V
399 2943 433 2948 -
462 2925 512 2956 48.
537 2934 638 2965 pones
654 2925 682 2955 V
702 2943 737 2947 —
759 2935 873 2965 praua
891 2929 915 2957 Α
936 2943 971 2947 —
993 2930 1021 2957 e!
1040 2926 1104 2958 del.
1129 2926 1271 2963 Lamb.;
1299 2926 1341 2957 ct'.
1362 2927 1473 2957 Madv.
1492 2928 1534 2959 ad
1554 2929 1624 2960 Cic.
1645 2929 1688 2960 de
1707 2930 1789 2961 finn.
1808 2939 1842 2971 p.
1859 2930 1975 2961 730.—

210 2977 263 3006 ⁹20.
290 2976 408 3007 diceret
431 2977 454 3007 P
481 2992 516 2997 -
541 2974 678 3005 virtutes
701 2976 794 3014 quasi
818 2980 943 3006 natura
969 2977 994 3007 G
1020 2993 1055 2998 —
1084 2977 1138 3007 Ἣ.
1165 2985 1273 3007 omnes
1298 2979 1320 3005 (J
1336 2976 1418 3011 VO,
1445 2978 1534 3008 omni
1558 2987 1575 3008 r
1601 2996 1634 2999 —
1662 2979 1714 3010 ⁵22.
1740 2981 1871 3011 virtutis
1894 2980 1918 3012 E
1942 2997 1977 3003 —

211 3025 459 3057 arbitrarentur
480 3026 517 3063 P,
543 3024 605 3056 sed
632 3027 684 3057 est
708 3027 904 3057 terminatio
931 3036 973 3057 ex
998 3035 1088 3057 corr.
1119 3042 1153 3048 —
1181 3027 1231 3057 hic
1248 3043 1293 3048 —-
1311 3026 1486 3057 disserebat
1510 3036 1579 3058 oni.
1599 3030 1623 3059 A
1640 3037 1656 3058 r
1673 3045 1708 3050 —
1736 3030 1788 3062 23.
1814 3031 1909 3061 modo
1934 3031 1977 3061 C:

213 3084 282 3107 om.
311 3076 335 3107 Ο
351 3084 368 3106 r
394 3093 429 3098 —
455 3075 510 3106 ⁶25.
537 3075 647 3106 adesse
671 3077 696 3107 G
723 3085 812 3107 corr.
841 3086 879 3107 ex
906 3078 950 3107 ad
972 3086 1042 3108 rem
1069 3096 1103 3100 —
1130 3081 1300 3108 uterentur
1323 3087 1339 3108 r
1363 3095 1405 3100 —-
1428 3079 1692 3117 perturbationes
1714 3079 1873 3111 XValker:
1903 3089 1982 3119 per-

213 3125 430 3156 turbationem
455 3126 479 3157 C
495 3124 550 3156 Or
575 3141 609 3147 -
637 3125 691 3157 28.
718 3135 774 3157 eas
796 3126 955 3157 Walker:
983 3136 1022 3159 ea
1049 3129 1073 3159 C
1093 3128 1117 3158 O
1133 3137 1166 3165 ry
1194 3136 1266 3158 eam
1291 3126 1425 3157 Ernesti
1453 3145 1487 3149 —
1514 3132 1690 3168 angustum
1715 3131 1738 3159 (Ξ
1755 3138 1771 3159 r
1789 3146 1823 3151 —
1851 3130 1903 3160 29.
1929 3138 1985 3160 eas

216 3183 285 3206 om.
312 3183 329 3206 r
354 3192 389 3197 —
417 3175 469 3207 31.
497 3175 530 3206 in
555 3175 624 3206 alia
648 3176 857 3208 Lambinus:
884 3178 952 3207 alia
980 3178 1003 3207 C
1020 3178 1075 3208 Or
1102 3195 1136 3199 Η
1165 3178 1294 3207 ratione
1318 3185 1334 3206 r
1361 3193 1396 3198 —
1423 3177 1463 3207 iis
1487 3186 1503 3207 r
1530 3196 1563 3200 —
1595 3178 1833 3209 assentiebatur
1857 3180 1892 3216 P,
1920 3178 1983 3210 sed

215 3227 395 3257 extremae
421 3224 577 3265 syllabae
604 3234 646 3256 ex
664 3235 754 3257 corr.
778 3243 812 3248 —
840 3227 894 3258 33.
920 3226 1039 3265 suscipi
1063 3227 1182 3258 iudicio
1207 3236 1223 3257 1·
1242 3243 1275 3247 -
1302 3230 1443 3256 matrem
1466 3236 1531 3258 esse
1553 3228 1625 3259 arb.
1646 3230 1669 3259 G
1686 3229 1727 3259 1³:
1754 3229 1825 3260 arb.
1844 3232 1986 3260 matrem

215 3282 278 3305 esse
295 3274 420 3307 AVOr
434 3292 469 3298 —
498 3274 553 3307 35.
572 3275 607 3307 in
624 3284 693 3308 om.
713 3276 738 3307 O
756 3284 835 3307 cum
853 3275 941 3307 libro
959 3277 1067 3308 L'rsini
1087 3277 1130 3316 (ut
1149 3280 1305 3315 quattuor
1326 3277 1482 3308 initiis--
1496 3287 1560 3309 non
1576 3278 1710 3310 adderet
1726 3279 1812 3310 coni.
1832 3278 1981 3318 Davies).
