<?xml version="1.0" encoding="UTF-8"?>
<!DOCTYPE html PUBLIC "-//W3C//DTD XHTML 1.0 Transitional//EN"
    "http://www.w3.org/TR/xhtml1/DTD/xhtml1-transitional.dtd">
<html xmlns="http://www.w3.org/1999/xhtml" xml:lang="en" lang="en">
 <head>
  <title>
</title>
<meta http-equiv="Content-Type" content="text/html;charset=utf-8" />
  <meta name='ocr-system' content='tesseract 3.04.00' />
  <meta name='ocr-capabilities' content='ocr_page ocr_carea ocr_par ocr_line ocrx_word'/>
</head>
<body>
  <div class='ocr_page' id='page_1' title='image "./operaquaesupersu04ciceuoft_0238.png"; bbox 0 0 2249 3624; ppageno 0'>
   <div class='ocr_carea' id='block_1_1' title="bbox 340 145 1672 189">
    <p class='ocr_par' dir='ltr' id='par_1_1' title="bbox 340 145 1672 189">
     <span class='ocr_line' id='line_1_1' title="bbox 340 145 1672 189; baseline -0.001 -1"><span class='ocrx_word' id='word_1_1' title='bbox 340 145 421 189; x_wconf 72' lang='grc'>210</span> <span class='ocrx_word' id='word_1_2' title='bbox 779 147 1205 187; x_wconf 87' lang='lat' dir='ltr'>TUSCULANARUM</span> <span class='ocrx_word' id='word_1_3' title='bbox 1238 147 1672 188; x_wconf 87' lang='lat' dir='ltr'><strong>DISPUTATIONUM</strong></span> 
     </span>
    </p>
   </div>
   <div class='ocr_carea' id='block_1_2' title="bbox 276 251 2110 2544">
    <p class='ocr_par' dir='ltr' id='par_1_2' title="bbox 337 251 2107 369">
     <span class='ocr_line' id='line_1_2' title="bbox 337 251 2107 306; baseline 0 -14"><span class='ocrx_word' id='word_1_4' title='bbox 337 252 434 300; x_wconf 88' lang='lat' dir='ltr'>fuit,</span> <span class='ocrx_word' id='word_1_5' title='bbox 465 252 609 306; x_wconf 87' lang='lat' dir='ltr'>itaque</span> <span class='ocrx_word' id='word_1_6' title='bbox 640 252 743 291; x_wconf 90' lang='lat' dir='ltr'>nihil</span> <span class='ocrx_word' id='word_1_7' title='bbox 774 252 1077 291; x_wconf 84' lang='lat' dir='ltr'>mathematicis</span> <span class='ocrx_word' id='word_1_8' title='bbox 1108 251 1342 292; x_wconf 87' lang='lat' dir='ltr'>inlustrius.</span> <span class='ocrx_word' id='word_1_9' title='bbox 1389 254 1442 292; x_wconf 90' lang='lat' dir='ltr'>At</span> <span class='ocrx_word' id='word_1_10' title='bbox 1471 266 1548 292; x_wconf 92' lang='lat' dir='ltr'>nos</span> <span class='ocrx_word' id='word_1_11' title='bbox 1580 251 1781 292; x_wconf 89' lang='lat' dir='ltr'>metiendi</span> <span class='ocrx_word' id='word_1_12' title='bbox 1810 252 2107 292; x_wconf 90' lang='lat' dir='ltr'>ratiocinandi-</span> 
     </span>
     <span class='ocr_line' id='line_1_3' title="bbox 339 314 1485 369; baseline -0.001 -14"><span class='ocrx_word' id='word_1_13' title='bbox 339 329 419 369; x_wconf 86' lang='lat' dir='ltr'>que</span> <span class='ocrx_word' id='word_1_14' title='bbox 450 315 630 355; x_wconf 89' lang='lat' dir='ltr'>utilitate</span> <span class='ocrx_word' id='word_1_15' title='bbox 661 315 788 354; x_wconf 90' lang='lat' dir='ltr'>huius</span> <span class='ocrx_word' id='word_1_16' title='bbox 820 315 920 354; x_wconf 90' lang='lat' dir='ltr'>artis</span> <span class='ocrx_word' id='word_1_17' title='bbox 956 314 1270 353; x_wconf 82' lang='lat' dir='ltr'>terminavimus</span> <span class='ocrx_word' id='word_1_18' title='bbox 1304 316 1485 355; x_wconf 91' lang='lat' dir='ltr'>modum.</span> 
     </span>
    </p>

    <p class='ocr_par' dir='ltr' id='par_1_3' title="bbox 303 375 2109 802">
     <span class='ocr_line' id='line_1_4' title="bbox 449 375 2106 431; baseline -0.001 -14"><span class='ocrx_word' id='word_1_19' title='bbox 449 379 518 417; x_wconf 92' lang='grc' dir='ltr'><strong>ΙΙΙ.</strong></span> <span class='ocrx_word' id='word_1_20' title='bbox 560 380 611 417; x_wconf 92' lang='lat' dir='ltr'>At</span> <span class='ocrx_word' id='word_1_21' title='bbox 653 382 796 416; x_wconf 89' lang='lat' dir='ltr'>contra</span> <span class='ocrx_word' id='word_1_22' title='bbox 827 383 1037 416; x_wconf 89' lang='lat' dir='ltr'>oratorem</span> <span class='ocrx_word' id='word_1_23' title='bbox 1070 375 1257 416; x_wconf 81' lang='lat' dir='ltr'>celeriter</span> <span class='ocrx_word' id='word_1_24' title='bbox 1289 378 1497 429; x_wconf 81' lang='lat' dir='ltr'>complexi</span> <span class='ocrx_word' id='word_1_25' title='bbox 1530 391 1692 423; x_wconf 91' lang='lat' dir='ltr'>sumus,</span> <span class='ocrx_word' id='word_1_26' title='bbox 1740 390 1815 416; x_wconf 90' lang='lat' dir='ltr'>nec</span> <span class='ocrx_word' id='word_1_27' title='bbox 1847 390 1941 416; x_wconf 90' lang='lat' dir='ltr'>eum</span> <span class='ocrx_word' id='word_1_28' title='bbox 1971 377 2106 431; x_wconf 90' lang='lat' dir='ltr'>primo</span> 
     </span>
     <span class='ocr_line' id='line_1_5' title="bbox 338 438 2109 492; baseline -0.002 -12"><span class='ocrx_word' id='word_1_29' title='bbox 338 440 566 487; x_wconf 88' lang='lat' dir='ltr'>eruditum,</span> <span class='ocrx_word' id='word_1_30' title='bbox 599 444 739 492; x_wconf 90' lang='lat' dir='ltr'>aptum</span> <span class='ocrx_word' id='word_1_31' title='bbox 771 445 909 478; x_wconf 88' lang='lat' dir='ltr'>tamen</span> <span class='ocrx_word' id='word_1_32' title='bbox 941 438 993 477; x_wconf 91' lang='lat' dir='ltr'>ad</span> <span class='ocrx_word' id='word_1_33' title='bbox 1025 438 1268 486; x_wconf 88' lang='lat' dir='ltr'>dicendum,</span> <span class='ocrx_word' id='word_1_34' title='bbox 1306 446 1400 492; x_wconf 88' lang='lat' dir='ltr'>post</span> <span class='ocrx_word' id='word_1_35' title='bbox 1431 446 1569 479; x_wconf 88' lang='lat' dir='ltr'>autem</span> <span class='ocrx_word' id='word_1_36' title='bbox 1603 438 1824 478; x_wconf 92' lang='lat' dir='ltr'>eruditum.</span> <span class='ocrx_word' id='word_1_37' title='bbox 1875 440 1977 478; x_wconf 91' lang='lat' dir='ltr'>Nam</span> <span class='ocrx_word' id='word_1_38' title='bbox 2012 438 2109 477; x_wconf 88' lang='lat' dir='ltr'>Gal-</span> 
     </span>
     <span class='ocr_line' id='line_1_6' title="bbox 303 499 2107 550; baseline 0 -10"><span class='ocrx_word' id='word_1_39' title='bbox 303 501 453 550; x_wconf 88' lang='lat' dir='ltr'>5bam,</span> <span class='ocrx_word' id='word_1_40' title='bbox 488 501 746 547; x_wconf 86' lang='lat' dir='ltr'>Africanum,</span> <span class='ocrx_word' id='word_1_41' title='bbox 788 501 975 540; x_wconf 89' lang='lat' dir='ltr'>Laelium</span> <span class='ocrx_word' id='word_1_42' title='bbox 1010 500 1155 540; x_wconf 87' lang='lat' dir='ltr'>doctos</span> <span class='ocrx_word' id='word_1_43' title='bbox 1187 499 1317 540; x_wconf 85' lang='lat' dir='ltr'>fuisse</span> <span class='ocrx_word' id='word_1_44' title='bbox 1347 501 1546 541; x_wconf 89' lang='lat' dir='ltr'>traditum</span> <span class='ocrx_word' id='word_1_45' title='bbox 1578 507 1664 547; x_wconf 90' lang='lat' dir='ltr'>est,</span> <span class='ocrx_word' id='word_1_46' title='bbox 1702 501 1937 540; x_wconf 90' lang='lat' dir='ltr'>studiosum</span> <span class='ocrx_word' id='word_1_47' title='bbox 1969 506 2107 540; x_wconf 84' lang='lat' dir='ltr'>autem</span> 
     </span>
     <span class='ocr_line' id='line_1_7' title="bbox 337 562 2107 618; baseline -0.002 -13"><span class='ocrx_word' id='word_1_48' title='bbox 337 580 454 612; x_wconf 91' lang='lat' dir='ltr'>eum,</span> <span class='ocrx_word' id='word_1_49' title='bbox 487 565 559 618; x_wconf 89' lang='lat' dir='ltr'>qui</span> <span class='ocrx_word' id='word_1_50' title='bbox 590 564 640 602; x_wconf 90' lang='lat' dir='ltr'>iis</span> <span class='ocrx_word' id='word_1_51' title='bbox 672 568 807 602; x_wconf 88' lang='lat' dir='ltr'>aetate</span> <span class='ocrx_word' id='word_1_52' title='bbox 839 562 1044 609; x_wconf 82' lang='lat' dir='ltr'>anteibat,</span> <span class='ocrx_word' id='word_1_53' title='bbox 1079 563 1302 610; x_wconf 85' lang='lat' dir='ltr'>Catonem;</span> <span class='ocrx_word' id='word_1_54' title='bbox 1344 569 1438 616; x_wconf 88' lang='lat' dir='ltr'>post</span> <span class='ocrx_word' id='word_1_55' title='bbox 1468 576 1566 602; x_wconf 86' lang='lat' dir='ltr'>vero</span> <span class='ocrx_word' id='word_1_56' title='bbox 1598 563 1825 616; x_wconf 86' lang='lat' dir='ltr'>Lepidum,</span> <span class='ocrx_word' id='word_1_57' title='bbox 1861 563 2107 610; x_wconf 86' lang='lat' dir='ltr'>Carbonem,</span> 
     </span>
     <span class='ocr_line' id='line_1_8' title="bbox 336 624 2108 677; baseline -0.003 -9"><span class='ocrx_word' id='word_1_58' title='bbox 336 628 567 672; x_wconf 87' lang='lat' dir='ltr'>Gracchos;</span> <span class='ocrx_word' id='word_1_59' title='bbox 599 626 696 664; x_wconf 91' lang='lat' dir='ltr'>inde</span> <span class='ocrx_word' id='word_1_60' title='bbox 728 626 785 664; x_wconf 90' lang='lat' dir='ltr'>ita</span> <span class='ocrx_word' id='word_1_61' title='bbox 817 638 990 677; x_wconf 78' lang='lat' dir='ltr'>magnos</span> <span class='ocrx_word' id='word_1_62' title='bbox 1022 630 1204 664; x_wconf 89' lang='lat' dir='ltr'>nostram</span> <span class='ocrx_word' id='word_1_63' title='bbox 1235 625 1286 664; x_wconf 92' lang='lat' dir='ltr'>ad</span> <span class='ocrx_word' id='word_1_64' title='bbox 1308 631 1509 672; x_wconf 88' lang='lat' dir='ltr'>aetatem,</span> <span class='ocrx_word' id='word_1_65' title='bbox 1542 630 1695 664; x_wconf 90' lang='lat' dir='ltr'>utnon</span> <span class='ocrx_word' id='word_1_66' title='bbox 1716 625 1892 665; x_wconf 90' lang='lat' dir='ltr'>multum</span> <span class='ocrx_word' id='word_1_67' title='bbox 1915 630 1986 664; x_wconf 90' lang='lat' dir='ltr'>aut</span> <span class='ocrx_word' id='word_1_68' title='bbox 2004 624 2108 664; x_wconf 92' lang='lat' dir='ltr'>nihil</span> 
     </span>
     <span class='ocr_line' id='line_1_9' title="bbox 336 685 2108 740; baseline -0.003 -10"><span class='ocrx_word' id='word_1_69' title='bbox 336 691 506 730; x_wconf 88' lang='lat' dir='ltr'>omnino</span> <span class='ocrx_word' id='word_1_70' title='bbox 547 688 714 728; x_wconf 89' lang='lat' dir='ltr'>Graecis</span> <span class='ocrx_word' id='word_1_71' title='bbox 755 687 985 726; x_wconf 85' lang='lat' dir='ltr'>cederetur.</span> <span class='ocrx_word' id='word_1_72' title='bbox 1045 685 1317 740; x_wconf 81' lang='lat' dir='ltr'>Philosophia</span> <span class='ocrx_word' id='word_1_73' title='bbox 1359 688 1485 727; x_wconf 90' lang='lat' dir='ltr'>iacuit</span> <span class='ocrx_word' id='word_1_74' title='bbox 1524 701 1659 740; x_wconf 91' lang='lat' dir='ltr'>usque</span> <span class='ocrx_word' id='word_1_75' title='bbox 1700 687 1751 726; x_wconf 90' lang='lat' dir='ltr'>ad</span> <span class='ocrx_word' id='word_1_76' title='bbox 1793 689 1898 727; x_wconf 86' lang='lat' dir='ltr'>hanc</span> <span class='ocrx_word' id='word_1_77' title='bbox 1929 692 2108 727; x_wconf 88' lang='lat' dir='ltr'>aetatem</span> 
     </span>
     <span class='ocr_line' id='line_1_10' title="bbox 335 750 2109 802; baseline -0.002 -10"><span class='ocrx_word' id='word_1_78' title='bbox 335 766 412 792; x_wconf 90' lang='lat' dir='ltr'>nec</span> <span class='ocrx_word' id='word_1_79' title='bbox 445 752 572 791; x_wconf 90' lang='lat' dir='ltr'>ullum</span> <span class='ocrx_word' id='word_1_80' title='bbox 606 750 751 790; x_wconf 90' lang='lat' dir='ltr'>habuit</span> <span class='ocrx_word' id='word_1_81' title='bbox 786 750 928 789; x_wconf 90' lang='lat' dir='ltr'>lumen</span> <span class='ocrx_word' id='word_1_82' title='bbox 960 750 1188 789; x_wconf 88' lang='lat' dir='ltr'>litterarum</span> <span class='ocrx_word' id='word_1_83' title='bbox 1220 751 1483 796; x_wconf 89' lang='lat' dir='ltr'>Latina1·um;</span> <span class='ocrx_word' id='word_1_84' title='bbox 1529 763 1637 802; x_wconf 91' lang='lat' dir='ltr'>quae</span> <span class='ocrx_word' id='word_1_85' title='bbox 1670 750 1932 789; x_wconf 87' lang='lat' dir='ltr'>inlustranda</span> <span class='ocrx_word' id='word_1_86' title='bbox 1963 755 2004 789; x_wconf 90' lang='lat' dir='ltr'>et</span> <span class='ocrx_word' id='word_1_87' title='bbox 2035 763 2109 789; x_wconf 85' lang='lat' dir='ltr'>ex-</span> 
     </span>
    </p>

    <p class='ocr_par' dir='ltr' id='par_1_4' title="bbox 283 811 2110 1115">
     <span class='ocr_line' id='line_1_11' title="bbox 283 811 2108 864; baseline -0.001 -13"><span class='ocrx_word' id='word_1_88' title='bbox 283 824 318 852; x_wconf 54' lang='lat'>210</span> <span class='ocrx_word' id='word_1_89' title='bbox 334 814 497 854; x_wconf 85' lang='lat' dir='ltr'>citanda</span> <span class='ocrx_word' id='word_1_90' title='bbox 528 813 647 853; x_wconf 89' lang='lat' dir='ltr'>nobis</span> <span class='ocrx_word' id='word_1_91' title='bbox 680 818 764 859; x_wconf 90' lang='lat' dir='ltr'>est,</span> <span class='ocrx_word' id='word_1_92' title='bbox 796 818 863 859; x_wconf 91' lang='lat' dir='ltr'>ut,</span> <span class='ocrx_word' id='word_1_93' title='bbox 896 812 930 851; x_wconf 92' lang='lat' dir='ltr'>si</span> <span class='ocrx_word' id='word_1_94' title='bbox 963 813 1154 864; x_wconf 85' lang='lat' dir='ltr'>occupati</span> <span class='ocrx_word' id='word_1_95' title='bbox 1187 811 1418 864; x_wconf 87' lang='lat' dir='ltr'>profuimus</span> <span class='ocrx_word' id='word_1_96' title='bbox 1447 811 1604 864; x_wconf 90' lang='lat' dir='ltr'>aliquid</span> <span class='ocrx_word' id='word_1_97' title='bbox 1630 812 1787 851; x_wconf 90' lang='lat' dir='ltr'>civibus</span> <span class='ocrx_word' id='word_1_98' title='bbox 1810 812 1982 858; x_wconf 91' lang='lat' dir='ltr'>nostris,</span> <span class='ocrx_word' id='word_1_99' title='bbox 2013 825 2108 864; x_wconf 92' lang='lat' dir='ltr'>pro-</span> 
     </span>
     <span class='ocr_line' id='line_1_12' title="bbox 333 873 2110 927; baseline -0.002 -11"><span class='ocrx_word' id='word_1_100' title='bbox 333 877 462 916; x_wconf 90' lang='lat' dir='ltr'>simus</span> <span class='ocrx_word' id='word_1_101' title='bbox 495 875 639 922; x_wconf 82' lang='lat' dir='ltr'>etiam,</span> <span class='ocrx_word' id='word_1_102' title='bbox 672 875 705 913; x_wconf 89' lang='lat' dir='ltr'>si</span> <span class='ocrx_word' id='word_1_103' title='bbox 739 888 983 927; x_wconf 90' lang='lat' dir='ltr'>possumus,</span> <span class='ocrx_word' id='word_1_104' title='bbox 1017 874 1155 913; x_wconf 89' lang='lat' dir='ltr'>otiosi.</span> <span class='ocrx_word' id='word_1_105' title='bbox 1216 874 1252 913; x_wconf 82' lang='lat'>6.</span> <span class='ocrx_word' id='word_1_106' title='bbox 1286 875 1331 913; x_wconf 92' lang='lat' dir='ltr'>In</span> <span class='ocrx_word' id='word_1_107' title='bbox 1364 888 1448 927; x_wconf 90' lang='lat' dir='ltr'>quo</span> <span class='ocrx_word' id='word_1_108' title='bbox 1481 888 1529 913; x_wconf 93' lang='lat' dir='ltr'>eo</span> <span class='ocrx_word' id='word_1_109' title='bbox 1563 875 1694 926; x_wconf 85' lang='lat' dir='ltr'>magis</span> <span class='ocrx_word' id='word_1_110' title='bbox 1725 874 1843 913; x_wconf 91' lang='lat' dir='ltr'>nobis</span> <span class='ocrx_word' id='word_1_111' title='bbox 1876 879 1939 913; x_wconf 91' lang='lat' dir='ltr'>est</span> <span class='ocrx_word' id='word_1_112' title='bbox 1969 873 2110 913; x_wconf 92' lang='lat' dir='ltr'>elabo-</span> 
     </span>
     <span class='ocr_line' id='line_1_13' title="bbox 332 935 2107 990; baseline -0.002 -11"><span class='ocrx_word' id='word_1_113' title='bbox 332 939 532 985; x_wconf 89' lang='lat' dir='ltr'>randum,</span> <span class='ocrx_word' id='word_1_114' title='bbox 566 937 679 990; x_wconf 91' lang='lat' dir='ltr'>quod</span> <span class='ocrx_word' id='word_1_115' title='bbox 711 937 830 976; x_wconf 91' lang='lat' dir='ltr'>multi</span> <span class='ocrx_word' id='word_1_116' title='bbox 861 937 942 976; x_wconf 91' lang='lat' dir='ltr'>iam</span> <span class='ocrx_word' id='word_1_117' title='bbox 976 950 1066 976; x_wconf 85' lang='lat' dir='ltr'>esse</span> <span class='ocrx_word' id='word_1_118' title='bbox 1101 937 1194 975; x_wconf 89' lang='lat' dir='ltr'>libri</span> <span class='ocrx_word' id='word_1_119' title='bbox 1230 938 1365 976; x_wconf 89' lang='lat' dir='ltr'>Latini</span> <span class='ocrx_word' id='word_1_120' title='bbox 1398 936 1596 975; x_wconf 86' lang='lat' dir='ltr'>dicuntur</span> <span class='ocrx_word' id='word_1_121' title='bbox 1627 936 1766 988; x_wconf 88' lang='lat' dir='ltr'>scripti</span> <span class='ocrx_word' id='word_1_122' title='bbox 1799 935 2107 975; x_wconf 88' lang='lat' dir='ltr'>inconsiderate</span> 
     </span>
     <span class='ocr_line' id='line_1_14' title="bbox 332 998 2110 1053; baseline -0.002 -12"><span class='ocrx_word' id='word_1_123' title='bbox 332 1002 382 1041; x_wconf 90' lang='lat' dir='ltr'>ab</span> <span class='ocrx_word' id='word_1_124' title='bbox 415 1001 581 1053; x_wconf 90' lang='lat' dir='ltr'>optimis</span> <span class='ocrx_word' id='word_1_125' title='bbox 612 999 695 1039; x_wconf 92' lang='lat' dir='ltr'>illis</span> <span class='ocrx_word' id='word_1_126' title='bbox 727 999 898 1053; x_wconf 90' lang='lat' dir='ltr'>quidem</span> <span class='ocrx_word' id='word_1_127' title='bbox 930 999 1050 1045; x_wconf 88' lang='lat' dir='ltr'>viris,</span> <span class='ocrx_word' id='word_1_128' title='bbox 1083 998 1156 1037; x_wconf 91' lang='lat' dir='ltr'>sed</span> <span class='ocrx_word' id='word_1_129' title='bbox 1188 1012 1272 1037; x_wconf 89' lang='lat' dir='ltr'>non</span> <span class='ocrx_word' id='word_1_130' title='bbox 1306 999 1405 1038; x_wconf 91' lang='lat' dir='ltr'>satis</span> <span class='ocrx_word' id='word_1_131' title='bbox 1444 998 1629 1038; x_wconf 85' lang='lat' dir='ltr'>eruditis.</span> <span class='ocrx_word' id='word_1_132' title='bbox 1678 998 1787 1037; x_wconf 91' lang='lat' dir='ltr'>Fieri</span> <span class='ocrx_word' id='word_1_133' title='bbox 1809 1003 1946 1038; x_wconf 88' lang='lat' dir='ltr'>autem</span> <span class='ocrx_word' id='word_1_134' title='bbox 1971 1003 2110 1051; x_wconf 89' lang='lat' dir='ltr'>potest</span> 
     </span>
     <span class='ocr_line' id='line_1_15' title="bbox 330 1060 2108 1115; baseline -0.001 -13"><span class='ocrx_word' id='word_1_135' title='bbox 330 1070 375 1103; x_wconf 93' lang='lat' dir='ltr'>ut</span> <span class='ocrx_word' id='word_1_136' title='bbox 405 1069 516 1102; x_wconf 90' lang='lat' dir='ltr'>recte</span> <span class='ocrx_word' id='word_1_137' title='bbox 550 1062 642 1115; x_wconf 91' lang='lat' dir='ltr'>quis</span> <span class='ocrx_word' id='word_1_138' title='bbox 675 1062 828 1101; x_wconf 87' lang='lat' dir='ltr'>sentiat</span> <span class='ocrx_word' id='word_1_139' title='bbox 859 1067 900 1101; x_wconf 92' lang='lat' dir='ltr'>et</span> <span class='ocrx_word' id='word_1_140' title='bbox 929 1061 995 1107; x_wconf 89' lang='lat' dir='ltr'>id,</span> <span class='ocrx_word' id='word_1_141' title='bbox 1037 1061 1151 1114; x_wconf 92' lang='lat' dir='ltr'>quod</span> <span class='ocrx_word' id='word_1_142' title='bbox 1184 1061 1328 1107; x_wconf 87' lang='lat' dir='ltr'>sentit,</span> <span class='ocrx_word' id='word_1_143' title='bbox 1371 1061 1502 1113; x_wconf 88' lang='lat' dir='ltr'>polite</span> <span class='ocrx_word' id='word_1_144' title='bbox 1545 1060 1688 1112; x_wconf 91' lang='lat' dir='ltr'>eloqui</span> <span class='ocrx_word' id='word_1_145' title='bbox 1720 1073 1803 1098; x_wconf 89' lang='lat' dir='ltr'>non</span> <span class='ocrx_word' id='word_1_146' title='bbox 1836 1060 1990 1113; x_wconf 81' lang='lat' dir='ltr'>possit3</span> <span class='ocrx_word' id='word_1_147' title='bbox 2034 1060 2108 1100; x_wconf 89' lang='lat' dir='ltr'>sed</span> 
     </span>
    </p>

    <p class='ocr_par' dir='ltr' id='par_1_5' title="bbox 280 1122 2110 1427">
     <span class='ocr_line' id='line_1_16' title="bbox 280 1122 2108 1177; baseline 0 -15"><span class='ocrx_word' id='word_1_148' title='bbox 280 1135 315 1163; x_wconf 69' lang='lat'>45</span> <span class='ocrx_word' id='word_1_149' title='bbox 332 1125 530 1165; x_wconf 89' lang='lat' dir='ltr'>mandare</span> <span class='ocrx_word' id='word_1_150' title='bbox 562 1138 814 1177; x_wconf 87' lang='lat' dir='ltr'>quemquam</span> <span class='ocrx_word' id='word_1_151' title='bbox 845 1124 994 1163; x_wconf 87' lang='lat' dir='ltr'>litteris</span> <span class='ocrx_word' id='word_1_152' title='bbox 1026 1123 1299 1176; x_wconf 83' lang='lat' dir='ltr'>cogitationes</span> <span class='ocrx_word' id='word_1_153' title='bbox 1332 1136 1449 1169; x_wconf 90' lang='lat' dir='ltr'>suas,</span> <span class='ocrx_word' id='word_1_154' title='bbox 1482 1122 1553 1175; x_wconf 90' lang='lat' dir='ltr'>qui</span> <span class='ocrx_word' id='word_1_155' title='bbox 1587 1135 1657 1161; x_wconf 90' lang='lat' dir='ltr'>eas</span> <span class='ocrx_word' id='word_1_156' title='bbox 1687 1136 1762 1162; x_wconf 90' lang='lat' dir='ltr'>nec</span> <span class='ocrx_word' id='word_1_157' title='bbox 1785 1122 2009 1175; x_wconf 90' lang='lat' dir='ltr'>disponere</span> <span class='ocrx_word' id='word_1_158' title='bbox 2033 1136 2108 1162; x_wconf 89' lang='lat' dir='ltr'>nec</span> 
     </span>
     <span class='ocr_line' id='line_1_17' title="bbox 330 1184 2110 1239; baseline -0.002 -12"><span class='ocrx_word' id='word_1_159' title='bbox 330 1187 552 1227; x_wconf 87' lang='lat' dir='ltr'>inlustrare</span> <span class='ocrx_word' id='word_1_160' title='bbox 593 1187 727 1239; x_wconf 87' lang='lat' dir='ltr'>possit</span> <span class='ocrx_word' id='word_1_161' title='bbox 768 1199 843 1225; x_wconf 90' lang='lat' dir='ltr'>nec</span> <span class='ocrx_word' id='word_1_162' title='bbox 885 1186 1165 1225; x_wconf 85' lang='lat' dir='ltr'>delectatione</span> <span class='ocrx_word' id='word_1_163' title='bbox 1198 1185 1341 1238; x_wconf 87' lang='lat' dir='ltr'>aliqua</span> <span class='ocrx_word' id='word_1_164' title='bbox 1371 1185 1540 1224; x_wconf 86' lang='lat' dir='ltr'>allicere</span> <span class='ocrx_word' id='word_1_165' title='bbox 1572 1184 1791 1232; x_wconf 82' lang='lat' dir='ltr'>lectorem,</span> <span class='ocrx_word' id='word_1_166' title='bbox 1832 1185 2013 1224; x_wconf 91' lang='lat' dir='ltr'>hominis</span> <span class='ocrx_word' id='word_1_167' title='bbox 2046 1191 2110 1224; x_wconf 88' lang='lat' dir='ltr'>est</span> 
     </span>
     <span class='ocr_line' id='line_1_18' title="bbox 330 1247 2109 1303; baseline -0.001 -14"><span class='ocrx_word' id='word_1_168' title='bbox 330 1250 658 1303; x_wconf 87' lang='lat' dir='ltr'>intemperanter</span> <span class='ocrx_word' id='word_1_169' title='bbox 688 1248 900 1288; x_wconf 88' lang='lat' dir='ltr'>abutentis</span> <span class='ocrx_word' id='word_1_170' title='bbox 933 1254 973 1287; x_wconf 88' lang='lat' dir='ltr'>et</span> <span class='ocrx_word' id='word_1_171' title='bbox 1003 1247 1089 1287; x_wconf 90' lang='lat' dir='ltr'>otio</span> <span class='ocrx_word' id='word_1_172' title='bbox 1122 1253 1161 1287; x_wconf 89' lang='lat' dir='ltr'>et</span> <span class='ocrx_word' id='word_1_173' title='bbox 1194 1248 1354 1287; x_wconf 89' lang='lat' dir='ltr'>litteris.</span> <span class='ocrx_word' id='word_1_174' title='bbox 1407 1248 1553 1300; x_wconf 90' lang='lat' dir='ltr'>Itaque</span> <span class='ocrx_word' id='word_1_175' title='bbox 1587 1260 1687 1286; x_wconf 90' lang='lat' dir='ltr'>suos</span> <span class='ocrx_word' id='word_1_176' title='bbox 1711 1247 1838 1286; x_wconf 91' lang='lat' dir='ltr'>libros</span> <span class='ocrx_word' id='word_1_177' title='bbox 1861 1247 1941 1299; x_wconf 90' lang='lat' dir='ltr'>ipsi</span> <span class='ocrx_word' id='word_1_178' title='bbox 1964 1247 2109 1300; x_wconf 84' lang='lat' dir='ltr'>legunt</span> 
     </span>
     <span class='ocr_line' id='line_1_19' title="bbox 330 1309 2109 1363; baseline -0.002 -12"><span class='ocrx_word' id='word_1_179' title='bbox 330 1325 423 1351; x_wconf 90' lang='lat' dir='ltr'>cum</span> <span class='ocrx_word' id='word_1_180' title='bbox 455 1312 555 1357; x_wconf 84' lang='lat' dir='ltr'>suis,</span> <span class='ocrx_word' id='word_1_181' title='bbox 587 1324 664 1350; x_wconf 91' lang='lat' dir='ltr'>nec</span> <span class='ocrx_word' id='word_1_182' title='bbox 697 1311 921 1363; x_wconf 88' lang='lat' dir='ltr'>quisquam</span> <span class='ocrx_word' id='word_1_183' title='bbox 953 1310 1117 1361; x_wconf 82' lang='lat' dir='ltr'>attingit</span> <span class='ocrx_word' id='word_1_184' title='bbox 1148 1315 1313 1362; x_wconf 88' lang='lat' dir='ltr'>praeter</span> <span class='ocrx_word' id='word_1_185' title='bbox 1344 1323 1439 1355; x_wconf 93' lang='lat' dir='ltr'>eos,</span> <span class='ocrx_word' id='word_1_186' title='bbox 1472 1309 1544 1361; x_wconf 89' lang='lat' dir='ltr'>qui</span> <span class='ocrx_word' id='word_1_187' title='bbox 1578 1309 1753 1348; x_wconf 89' lang='lat' dir='ltr'>eandem</span> <span class='ocrx_word' id='word_1_188' title='bbox 1778 1309 1988 1348; x_wconf 86' lang='lat' dir='ltr'>licentiam</span> <span class='ocrx_word' id='word_1_189' title='bbox 2011 1309 2109 1349; x_wconf 88' lang='lat' dir='ltr'>scri-</span> 
     </span>
     <span class='ocr_line' id='line_1_20' title="bbox 329 1371 2110 1427; baseline -0.001 -14"><span class='ocrx_word' id='word_1_190' title='bbox 329 1374 455 1414; x_wconf 88' lang='lat' dir='ltr'>bendi</span> <span class='ocrx_word' id='word_1_191' title='bbox 502 1374 578 1414; x_wconf 93' lang='lat' dir='ltr'>sibi</span> <span class='ocrx_word' id='word_1_192' title='bbox 623 1373 807 1427; x_wconf 88' lang='lat' dir='ltr'>permitti</span> <span class='ocrx_word' id='word_1_193' title='bbox 846 1373 1004 1416; x_wconf 85' lang='lat' dir='ltr'>volunt.</span> <span class='ocrx_word' id='word_1_194' title='bbox 1069 1372 1162 1419; x_wconf 88' lang='lat' dir='ltr'>Qua</span> <span class='ocrx_word' id='word_1_195' title='bbox 1199 1385 1242 1411; x_wconf 89' lang='lat' dir='ltr'>re</span> <span class='ocrx_word' id='word_1_196' title='bbox 1281 1372 1315 1411; x_wconf 92' lang='lat' dir='ltr'>si</span> <span class='ocrx_word' id='word_1_197' title='bbox 1356 1371 1514 1424; x_wconf 85' lang='lat' dir='ltr'>aliquid</span> <span class='ocrx_word' id='word_1_198' title='bbox 1556 1373 1762 1411; x_wconf 88' lang='lat' dir='ltr'>oratoriae</span> <span class='ocrx_word' id='word_1_199' title='bbox 1803 1371 1937 1411; x_wconf 91' lang='lat' dir='ltr'>laudis</span> <span class='ocrx_word' id='word_1_200' title='bbox 1969 1377 2110 1412; x_wconf 89' lang='lat' dir='ltr'>nostra</span> 
     </span>
    </p>

    <p class='ocr_par' dir='ltr' id='par_1_6' title="bbox 279 1433 2108 1553">
     <span class='ocr_line' id='line_1_21' title="bbox 279 1433 2108 1488; baseline -0.001 -13"><span class='ocrx_word' id='word_1_201' title='bbox 279 1448 314 1476; x_wconf 82' lang='lat'>20</span> <span class='ocrx_word' id='word_1_202' title='bbox 329 1437 544 1477; x_wconf 88' lang='lat' dir='ltr'>attulimus</span> <span class='ocrx_word' id='word_1_203' title='bbox 584 1435 813 1482; x_wconf 86' lang='lat' dir='ltr'>industria,</span> <span class='ocrx_word' id='word_1_204' title='bbox 853 1435 983 1474; x_wconf 88' lang='lat' dir='ltr'>multo</span> <span class='ocrx_word' id='word_1_205' title='bbox 1022 1435 1247 1474; x_wconf 89' lang='lat' dir='ltr'>studiosius</span> <span class='ocrx_word' id='word_1_206' title='bbox 1284 1434 1578 1487; x_wconf 91' lang='lat' dir='ltr'>philosophiae</span> <span class='ocrx_word' id='word_1_207' title='bbox 1622 1433 1750 1475; x_wconf 88' lang='lat' dir='ltr'>fontis</span> <span class='ocrx_word' id='word_1_208' title='bbox 1787 1435 2050 1488; x_wconf 87' lang='lat' dir='ltr'>aperiemus,</span> <span class='ocrx_word' id='word_1_209' title='bbox 2086 1447 2108 1473; x_wconf 91' lang='lat' dir='ltr'>e</span> 
     </span>
     <span class='ocr_line' id='line_1_22' title="bbox 329 1498 1004 1553; baseline -0.003 -15"><span class='ocrx_word' id='word_1_210' title='bbox 329 1499 480 1553; x_wconf 88' lang='lat' dir='ltr'>quibus</span> <span class='ocrx_word' id='word_1_211' title='bbox 512 1498 636 1537; x_wconf 90' lang='lat' dir='ltr'>etiam</span> <span class='ocrx_word' id='word_1_212' title='bbox 668 1498 738 1537; x_wconf 90' lang='lat' dir='ltr'>illa</span> <span class='ocrx_word' id='word_1_213' title='bbox 770 1498 1004 1536; x_wconf 87' lang='lat' dir='ltr'>manabant.</span> 
     </span>
    </p>

    <p class='ocr_par' dir='ltr' id='par_1_7' title="bbox 328 1558 2107 1737">
     <span class='ocr_line' id='line_1_23' title="bbox 441 1558 2106 1612; baseline -0.001 -13"><span class='ocrx_word' id='word_1_214' title='bbox 441 1561 508 1600; x_wconf 93' lang='lat' dir='ltr'>IV.</span> <span class='ocrx_word' id='word_1_215' title='bbox 540 1559 577 1599; x_wconf 83' lang='lat'>7.</span> <span class='ocrx_word' id='word_1_216' title='bbox 613 1561 694 1599; x_wconf 87' lang='lat' dir='ltr'>Sed</span> <span class='ocrx_word' id='word_1_217' title='bbox 727 1565 771 1599; x_wconf 91' lang='lat' dir='ltr'>ut</span> <span class='ocrx_word' id='word_1_218' title='bbox 801 1559 1069 1606; x_wconf 84' lang='lat' dir='ltr'>Aristoteles,</span> <span class='ocrx_word' id='word_1_219' title='bbox 1101 1560 1164 1598; x_wconf 92' lang='lat' dir='ltr'>vir</span> <span class='ocrx_word' id='word_1_220' title='bbox 1195 1572 1356 1598; x_wconf 87' lang='lat' dir='ltr'>summo</span> <span class='ocrx_word' id='word_1_221' title='bbox 1389 1559 1575 1611; x_wconf 83' lang='lat' dir='ltr'>ingenio,</span> <span class='ocrx_word' id='word_1_222' title='bbox 1609 1559 1802 1606; x_wconf 88' lang='lat' dir='ltr'>scientia,</span> <span class='ocrx_word' id='word_1_223' title='bbox 1836 1558 1979 1612; x_wconf 87' lang='lat' dir='ltr'>copia,</span> <span class='ocrx_word' id='word_1_224' title='bbox 2013 1572 2106 1598; x_wconf 93' lang='lat' dir='ltr'>cum</span> 
     </span>
     <span class='ocr_line' id='line_1_24' title="bbox 329 1620 2107 1674; baseline -0.002 -11"><span class='ocrx_word' id='word_1_225' title='bbox 329 1629 467 1663; x_wconf 90' lang='lat' dir='ltr'>motus</span> <span class='ocrx_word' id='word_1_226' title='bbox 509 1628 619 1662; x_wconf 89' lang='lat' dir='ltr'>esset</span> <span class='ocrx_word' id='word_1_227' title='bbox 658 1622 852 1661; x_wconf 89' lang='lat' dir='ltr'>Isocratis</span> <span class='ocrx_word' id='word_1_228' title='bbox 883 1622 1061 1660; x_wconf 88' lang='lat' dir='ltr'>rhetoris</span> <span class='ocrx_word' id='word_1_229' title='bbox 1094 1621 1248 1673; x_wconf 82' lang='lat' dir='ltr'>gloria,</span> <span class='ocrx_word' id='word_1_230' title='bbox 1293 1620 1429 1660; x_wconf 89' lang='lat' dir='ltr'>dicere</span> <span class='ocrx_word' id='word_1_231' title='bbox 1469 1622 1604 1660; x_wconf 80' lang='lat' dir='ltr'>docere</span> <span class='ocrx_word' id='word_1_232' title='bbox 1637 1622 1760 1660; x_wconf 89' lang='lat' dir='ltr'>etiam</span> <span class='ocrx_word' id='word_1_233' title='bbox 1794 1622 1932 1674; x_wconf 89' lang='lat' dir='ltr'>coepit</span> <span class='ocrx_word' id='word_1_234' title='bbox 1963 1620 2107 1661; x_wconf 89' lang='lat' dir='ltr'>adule-</span> 
     </span>
     <span class='ocr_line' id='line_1_25' title="bbox 328 1683 2106 1737; baseline -0.001 -12"><span class='ocrx_word' id='word_1_235' title='bbox 328 1691 492 1726; x_wconf 86' lang='lat' dir='ltr'>scentes</span> <span class='ocrx_word' id='word_1_236' title='bbox 525 1690 564 1724; x_wconf 90' lang='lat' dir='ltr'>et</span> <span class='ocrx_word' id='word_1_237' title='bbox 605 1684 870 1737; x_wconf 86' lang='lat' dir='ltr'>prudentiam</span> <span class='ocrx_word' id='word_1_238' title='bbox 915 1697 1006 1722; x_wconf 91' lang='lat' dir='ltr'>cum</span> <span class='ocrx_word' id='word_1_239' title='bbox 1045 1683 1289 1736; x_wconf 89' lang='lat' dir='ltr'>eloquentia</span> <span class='ocrx_word' id='word_1_240' title='bbox 1330 1684 1524 1735; x_wconf 81' lang='lat' dir='ltr'>iungere,</span> <span class='ocrx_word' id='word_1_241' title='bbox 1573 1684 1631 1723; x_wconf 90' lang='lat' dir='ltr'>sic</span> <span class='ocrx_word' id='word_1_242' title='bbox 1678 1684 1799 1723; x_wconf 92' lang='lat' dir='ltr'>nobis</span> <span class='ocrx_word' id='word_1_243' title='bbox 1844 1684 1979 1737; x_wconf 89' lang='lat' dir='ltr'>placet</span> <span class='ocrx_word' id='word_1_244' title='bbox 2030 1697 2106 1723; x_wconf 87' lang='lat' dir='ltr'>nec</span> 
     </span>
    </p>

    <p class='ocr_par' dir='ltr' id='par_1_8' title="bbox 277 1745 2108 2047">
     <span class='ocr_line' id='line_1_26' title="bbox 277 1745 2104 1803; baseline -0.002 -15"><span class='ocrx_word' id='word_1_245' title='bbox 277 1759 312 1788; x_wconf 81' lang='lat'>25</span> <span class='ocrx_word' id='word_1_246' title='bbox 327 1748 550 1803; x_wconf 88' lang='lat' dir='ltr'>pristinum</span> <span class='ocrx_word' id='word_1_247' title='bbox 592 1746 759 1786; x_wconf 90' lang='lat' dir='ltr'>dicendi</span> <span class='ocrx_word' id='word_1_248' title='bbox 799 1745 985 1785; x_wconf 90' lang='lat' dir='ltr'>studium</span> <span class='ocrx_word' id='word_1_249' title='bbox 1026 1745 1239 1798; x_wconf 87' lang='lat' dir='ltr'>deponere</span> <span class='ocrx_word' id='word_1_250' title='bbox 1276 1751 1317 1784; x_wconf 90' lang='lat' dir='ltr'>et</span> <span class='ocrx_word' id='word_1_251' title='bbox 1347 1746 1390 1784; x_wconf 91' lang='lat' dir='ltr'>in</span> <span class='ocrx_word' id='word_1_252' title='bbox 1420 1745 1497 1784; x_wconf 88' lang='lat' dir='ltr'>hac</span> <span class='ocrx_word' id='word_1_253' title='bbox 1529 1746 1684 1784; x_wconf 88' lang='lat' dir='ltr'>maiore</span> <span class='ocrx_word' id='word_1_254' title='bbox 1718 1751 1759 1784; x_wconf 90' lang='lat' dir='ltr'>et</span> <span class='ocrx_word' id='word_1_255' title='bbox 1788 1746 1981 1785; x_wconf 88' lang='lat' dir='ltr'>uberiore</span> <span class='ocrx_word' id='word_1_256' title='bbox 2017 1751 2104 1785; x_wconf 90' lang='lat' dir='ltr'>arte</span> 
     </span>
     <span class='ocr_line' id='line_1_27' title="bbox 327 1807 2105 1861; baseline -0.002 -10"><span class='ocrx_word' id='word_1_257' title='bbox 327 1811 496 1851; x_wconf 85' lang='lat' dir='ltr'>versari.</span> <span class='ocrx_word' id='word_1_258' title='bbox 558 1810 673 1848; x_wconf 91' lang='lat' dir='ltr'>Hanc</span> <span class='ocrx_word' id='word_1_259' title='bbox 712 1809 822 1847; x_wconf 89' lang='lat' dir='ltr'>enim</span> <span class='ocrx_word' id='word_1_260' title='bbox 863 1807 1088 1860; x_wconf 84' lang='lat' dir='ltr'>perfectam</span> <span class='ocrx_word' id='word_1_261' title='bbox 1128 1807 1440 1859; x_wconf 88' lang='lat' dir='ltr'>philosophiam</span> <span class='ocrx_word' id='word_1_262' title='bbox 1473 1820 1637 1860; x_wconf 88' lang='lat' dir='ltr'>semper</span> <span class='ocrx_word' id='word_1_263' title='bbox 1666 1807 1871 1855; x_wconf 86' lang='lat' dir='ltr'>iudicavi,</span> <span class='ocrx_word' id='word_1_264' title='bbox 1914 1822 2021 1861; x_wconf 89' lang='lat' dir='ltr'>quae</span> <span class='ocrx_word' id='word_1_265' title='bbox 2053 1808 2105 1848; x_wconf 90' lang='lat' dir='ltr'>de</span> 
     </span>
     <span class='ocr_line' id='line_1_28' title="bbox 326 1868 2106 1925; baseline -0.001 -12"><span class='ocrx_word' id='word_1_266' title='bbox 326 1873 520 1913; x_wconf 86' lang='lat' dir='ltr'>maximis</span> <span class='ocrx_word' id='word_1_267' title='bbox 552 1868 869 1925; x_wconf 88' lang='lat' dir='ltr'>quaestionibus</span> <span class='ocrx_word' id='word_1_268' title='bbox 910 1870 1081 1922; x_wconf 84' lang='lat' dir='ltr'>copiose</span> <span class='ocrx_word' id='word_1_269' title='bbox 1122 1875 1262 1922; x_wconf 88' lang='lat' dir='ltr'>posset</span> <span class='ocrx_word' id='word_1_270' title='bbox 1292 1874 1522 1923; x_wconf 90' lang='lat' dir='ltr'>ornateque</span> <span class='ocrx_word' id='word_1_271' title='bbox 1554 1869 1717 1917; x_wconf 90' lang='lat' dir='ltr'>dicere,</span> <span class='ocrx_word' id='word_1_272' title='bbox 1756 1871 1799 1909; x_wconf 91' lang='lat' dir='ltr'>in</span> <span class='ocrx_word' id='word_1_273' title='bbox 1831 1884 1955 1924; x_wconf 91' lang='lat' dir='ltr'>quam</span> <span class='ocrx_word' id='word_1_274' title='bbox 1987 1885 2106 1911; x_wconf 78' lang='lat' dir='ltr'>exer-</span> 
     </span>
     <span class='ocr_line' id='line_1_29' title="bbox 327 1931 2107 1978; baseline -0.001 -4"><span class='ocrx_word' id='word_1_275' title='bbox 327 1935 564 1975; x_wconf 87' lang='lat' dir='ltr'>citationem</span> <span class='ocrx_word' id='word_1_276' title='bbox 609 1933 668 1972; x_wconf 88' lang='lat' dir='ltr'>ita</span> <span class='ocrx_word' id='word_1_277' title='bbox 714 1946 790 1972; x_wconf 89' lang='lat' dir='ltr'>nos</span> <span class='ocrx_word' id='word_1_278' title='bbox 835 1932 1020 1971; x_wconf 87' lang='lat' dir='ltr'>studiose</span> <span class='ocrx_word' id='word_1_279' title='bbox 1067 1931 1277 1978; x_wconf 88' lang='lat' dir='ltr'>dedimus,</span> <span class='ocrx_word' id='word_1_280' title='bbox 1326 1936 1370 1971; x_wconf 92' lang='lat' dir='ltr'>ut</span> <span class='ocrx_word' id='word_1_281' title='bbox 1416 1932 1499 1971; x_wconf 88' lang='lat' dir='ltr'>iam</span> <span class='ocrx_word' id='word_1_282' title='bbox 1551 1932 1673 1971; x_wconf 91' lang='lat' dir='ltr'>etiam</span> <span class='ocrx_word' id='word_1_283' title='bbox 1719 1932 1884 1972; x_wconf 91' lang='lat' dir='ltr'>scholas</span> <span class='ocrx_word' id='word_1_284' title='bbox 1927 1934 2107 1973; x_wconf 88' lang='lat' dir='ltr'>Graeco-</span> 
     </span>
     <span class='ocr_line' id='line_1_30' title="bbox 326 1993 2108 2047; baseline -0.001 -10"><span class='ocrx_word' id='word_1_285' title='bbox 326 2011 416 2037; x_wconf 91' lang='lat' dir='ltr'>rum</span> <span class='ocrx_word' id='word_1_286' title='bbox 457 2009 571 2036; x_wconf 89' lang='lat' dir='ltr'>more</span> <span class='ocrx_word' id='word_1_287' title='bbox 613 1993 768 2035; x_wconf 86' lang='lat' dir='ltr'>habere</span> <span class='ocrx_word' id='word_1_288' title='bbox 809 1994 1081 2034; x_wconf 88' lang='lat' dir='ltr'>auderemus:</span> <span class='ocrx_word' id='word_1_289' title='bbox 1126 1999 1169 2033; x_wconf 91' lang='lat' dir='ltr'>ut</span> <span class='ocrx_word' id='word_1_290' title='bbox 1206 2009 1340 2047; x_wconf 89' lang='lat' dir='ltr'>nuper</span> <span class='ocrx_word' id='word_1_291' title='bbox 1375 2001 1493 2034; x_wconf 91' lang='lat' dir='ltr'>tuum</span> <span class='ocrx_word' id='word_1_292' title='bbox 1534 2000 1630 2047; x_wconf 90' lang='lat' dir='ltr'>post</span> <span class='ocrx_word' id='word_1_293' title='bbox 1661 1995 1891 2034; x_wconf 87' lang='lat' dir='ltr'>discessum</span> <span class='ocrx_word' id='word_1_294' title='bbox 1930 1997 1972 2034; x_wconf 87' lang='lat' dir='ltr'>in</span> <span class='ocrx_word' id='word_1_295' title='bbox 2004 1997 2108 2036; x_wconf 93' lang='lat' dir='ltr'>Tus-</span> 
     </span>
    </p>

    <p class='ocr_par' dir='ltr' id='par_1_9' title="bbox 276 2056 2107 2362">
     <span class='ocr_line' id='line_1_31' title="bbox 276 2056 2107 2110; baseline -0.001 -11"><span class='ocrx_word' id='word_1_296' title='bbox 276 2071 312 2102; x_wconf 91' lang='lat'>30</span> <span class='ocrx_word' id='word_1_297' title='bbox 327 2060 500 2106; x_wconf 90' lang='lat' dir='ltr'>culano‚</span> <span class='ocrx_word' id='word_1_298' title='bbox 542 2072 635 2098; x_wconf 91' lang='lat' dir='ltr'>cum</span> <span class='ocrx_word' id='word_1_299' title='bbox 676 2062 817 2097; x_wconf 86' lang='lat' dir='ltr'>essent</span> <span class='ocrx_word' id='word_1_300' title='bbox 855 2056 1090 2109; x_wconf 83' lang='lat' dir='ltr'>complures</span> <span class='ocrx_word' id='word_1_301' title='bbox 1133 2071 1294 2097; x_wconf 81' lang='lat' dir='ltr'>mecum</span> <span class='ocrx_word' id='word_1_302' title='bbox 1336 2057 1584 2103; x_wconf 86' lang='lat' dir='ltr'>familiares,</span> <span class='ocrx_word' id='word_1_303' title='bbox 1623 2058 1823 2109; x_wconf 89' lang='lat' dir='ltr'>temptavi</span> <span class='ocrx_word' id='word_1_304' title='bbox 1854 2057 1953 2110; x_wconf 90' lang='lat' dir='ltr'>quid</span> <span class='ocrx_word' id='word_1_305' title='bbox 1983 2059 2028 2098; x_wconf 89' lang='lat' dir='ltr'>in</span> <span class='ocrx_word' id='word_1_306' title='bbox 2058 2072 2107 2098; x_wconf 90' lang='lat' dir='ltr'>eo</span> 
     </span>
     <span class='ocr_line' id='line_1_32' title="bbox 327 2119 2107 2176; baseline -0.001 -14"><span class='ocrx_word' id='word_1_307' title='bbox 327 2135 479 2176; x_wconf 85' lang='lat' dir='ltr'>genere</span> <span class='ocrx_word' id='word_1_308' title='bbox 522 2133 701 2174; x_wconf 88' lang='lat' dir='ltr'>possem.</span> <span class='ocrx_word' id='word_1_309' title='bbox 762 2119 812 2158; x_wconf 86' lang='lat' dir='ltr'>Ut</span> <span class='ocrx_word' id='word_1_310' title='bbox 855 2119 967 2158; x_wconf 87' lang='lat' dir='ltr'>enim</span> <span class='ocrx_word' id='word_1_311' title='bbox 1006 2124 1126 2157; x_wconf 88' lang='lat' dir='ltr'>antea</span> <span class='ocrx_word' id='word_1_312' title='bbox 1166 2119 1483 2159; x_wconf 88' lang='lat' dir='ltr'>declamitabam</span> <span class='ocrx_word' id='word_1_313' title='bbox 1521 2132 1686 2166; x_wconf 89' lang='lat' dir='ltr'>causas,</span> <span class='ocrx_word' id='word_1_314' title='bbox 1732 2119 1845 2171; x_wconf 90' lang='lat' dir='ltr'>quod</span> <span class='ocrx_word' id='word_1_315' title='bbox 1882 2133 2004 2160; x_wconf 92' lang='lat' dir='ltr'>nemo</span> <span class='ocrx_word' id='word_1_316' title='bbox 2041 2133 2107 2159; x_wconf 90' lang='lat' dir='ltr'>me</span> 
     </span>
     <span class='ocr_line' id='line_1_33' title="bbox 328 2181 2106 2229; baseline -0.002 -4"><span class='ocrx_word' id='word_1_317' title='bbox 328 2186 485 2224; x_wconf 88' lang='lat' dir='ltr'>diutius</span> <span class='ocrx_word' id='word_1_318' title='bbox 516 2183 636 2229; x_wconf 88' lang='lat' dir='ltr'>fecit,</span> <span class='ocrx_word' id='word_1_319' title='bbox 670 2182 729 2221; x_wconf 91' lang='lat' dir='ltr'>sic</span> <span class='ocrx_word' id='word_1_320' title='bbox 760 2182 864 2220; x_wconf 88' lang='lat' dir='ltr'>haec</span> <span class='ocrx_word' id='word_1_321' title='bbox 896 2181 996 2220; x_wconf 88' lang='lat' dir='ltr'>mihi</span> <span class='ocrx_word' id='word_1_322' title='bbox 1032 2194 1143 2220; x_wconf 90' lang='lat' dir='ltr'>nunc</span> <span class='ocrx_word' id='word_1_323' title='bbox 1167 2181 1308 2220; x_wconf 92' lang='lat' dir='ltr'>senilis</span> <span class='ocrx_word' id='word_1_324' title='bbox 1332 2188 1395 2222; x_wconf 91' lang='lat' dir='ltr'>est</span> <span class='ocrx_word' id='word_1_325' title='bbox 1416 2182 1675 2221; x_wconf 87' lang='lat' dir='ltr'>declamatio.</span> <span class='ocrx_word' id='word_1_326' title='bbox 1723 2182 1884 2221; x_wconf 88' lang='lat' dir='ltr'>Ponere</span> <span class='ocrx_word' id='word_1_327' title='bbox 1910 2182 2106 2222; x_wconf 90' lang='lat' dir='ltr'>iubebam</span> 
     </span>
     <span class='ocr_line' id='line_1_34' title="bbox 329 2241 2106 2300; baseline -0.002 -14"><span class='ocrx_word' id='word_1_328' title='bbox 329 2247 379 2286; x_wconf 93' lang='lat' dir='ltr'>de</span> <span class='ocrx_word' id='word_1_329' title='bbox 413 2260 496 2300; x_wconf 90' lang='lat' dir='ltr'>quo</span> <span class='ocrx_word' id='word_1_330' title='bbox 529 2245 622 2299; x_wconf 92' lang='lat' dir='ltr'>quis</span> <span class='ocrx_word' id='word_1_331' title='bbox 655 2243 798 2284; x_wconf 91' lang='lat' dir='ltr'>audire</span> <span class='ocrx_word' id='word_1_332' title='bbox 831 2243 975 2283; x_wconf 86' lang='lat' dir='ltr'>vellet:</span> <span class='ocrx_word' id='word_1_333' title='bbox 1018 2242 1069 2281; x_wconf 89' lang='lat' dir='ltr'>ad</span> <span class='ocrx_word' id='word_1_334' title='bbox 1112 2243 1153 2282; x_wconf 91' lang='lat' dir='ltr'>id</span> <span class='ocrx_word' id='word_1_335' title='bbox 1185 2249 1256 2282; x_wconf 90' lang='lat' dir='ltr'>aut</span> <span class='ocrx_word' id='word_1_336' title='bbox 1287 2243 1438 2283; x_wconf 91' lang='lat' dir='ltr'>sedens</span> <span class='ocrx_word' id='word_1_337' title='bbox 1470 2250 1541 2283; x_wconf 89' lang='lat' dir='ltr'>aut</span> <span class='ocrx_word' id='word_1_338' title='bbox 1575 2241 1794 2283; x_wconf 90' lang='lat' dir='ltr'>ambulans</span> <span class='ocrx_word' id='word_1_339' title='bbox 1827 2242 2106 2297; x_wconf 89' lang='lat' dir='ltr'>disputabam.</span> 
     </span>
     <span class='ocr_line' id='line_1_35' title="bbox 328 2304 2106 2362; baseline -0.002 -15"><span class='ocrx_word' id='word_1_340' title='bbox 328 2308 367 2348; x_wconf 87' lang='grc'>8.</span> <span class='ocrx_word' id='word_1_341' title='bbox 403 2310 550 2362; x_wconf 90' lang='lat' dir='ltr'>Itaque</span> <span class='ocrx_word' id='word_1_342' title='bbox 583 2306 744 2345; x_wconf 90' lang='lat' dir='ltr'>dierum</span> <span class='ocrx_word' id='word_1_343' title='bbox 768 2306 958 2359; x_wconf 94' lang='lat' dir='ltr'>quinque</span> <span class='ocrx_word' id='word_1_344' title='bbox 991 2304 1178 2352; x_wconf 85' lang='lat' dir='ltr'>scholas,</span> <span class='ocrx_word' id='word_1_345' title='bbox 1211 2311 1255 2344; x_wconf 92' lang='lat' dir='ltr'>ut</span> <span class='ocrx_word' id='word_1_346' title='bbox 1279 2306 1427 2346; x_wconf 87' lang='lat' dir='ltr'>Graeci</span> <span class='ocrx_word' id='word_1_347' title='bbox 1450 2306 1683 2360; x_wconf 88' lang='lat' dir='ltr'>appellant,</span> <span class='ocrx_word' id='word_1_348' title='bbox 1715 2306 1757 2344; x_wconf 90' lang='lat' dir='ltr'>in</span> <span class='ocrx_word' id='word_1_349' title='bbox 1780 2306 1954 2346; x_wconf 85' lang='lat' dir='ltr'>totidem</span> <span class='ocrx_word' id='word_1_350' title='bbox 1975 2306 2106 2345; x_wconf 93' lang='lat' dir='ltr'>libros</span> 
     </span>
    </p>

    <p class='ocr_par' dir='ltr' id='par_1_10' title="bbox 276 2365 2106 2544">
     <span class='ocr_line' id='line_1_36' title="bbox 276 2365 2106 2421; baseline -0.005 -8"><span class='ocrx_word' id='word_1_351' title='bbox 276 2385 312 2414; x_wconf 85' lang='lat'>35</span> <span class='ocrx_word' id='word_1_352' title='bbox 329 2372 499 2411; x_wconf 88' lang='lat' dir='ltr'>contuli.</span> <span class='ocrx_word' id='word_1_353' title='bbox 550 2370 696 2409; x_wconf 88' lang='lat' dir='ltr'>Fiebat</span> <span class='ocrx_word' id='word_1_354' title='bbox 737 2374 875 2407; x_wconf 86' lang='lat' dir='ltr'>autem</span> <span class='ocrx_word' id='word_1_355' title='bbox 914 2368 993 2414; x_wconf 81' lang='lat' dir='ltr'>ita,</span> <span class='ocrx_word' id='word_1_356' title='bbox 1036 2373 1080 2406; x_wconf 90' lang='lat' dir='ltr'>ut</span> <span class='ocrx_word' id='word_1_357' title='bbox 1111 2381 1203 2407; x_wconf 91' lang='lat' dir='ltr'>cum</span> <span class='ocrx_word' id='word_1_358' title='bbox 1235 2368 1291 2415; x_wconf 92' lang='lat' dir='ltr'>is,</span> <span class='ocrx_word' id='word_1_359' title='bbox 1333 2369 1405 2420; x_wconf 91' lang='lat' dir='ltr'>qui</span> <span class='ocrx_word' id='word_1_360' title='bbox 1437 2368 1581 2408; x_wconf 89' lang='lat' dir='ltr'>audire</span> <span class='ocrx_word' id='word_1_361' title='bbox 1613 2368 1759 2415; x_wconf 88' lang='lat' dir='ltr'>vellet,</span> <span class='ocrx_word' id='word_1_362' title='bbox 1799 2367 1974 2408; x_wconf 82' lang='lat' dir='ltr'>dixisset</span> <span class='ocrx_word' id='word_1_363' title='bbox 2004 2365 2106 2421; x_wconf 91' lang='lat' dir='ltr'>quid</span> 
     </span>
     <span class='ocr_line' id='line_1_37' title="bbox 329 2429 2106 2482; baseline -0.002 -10"><span class='ocrx_word' id='word_1_364' title='bbox 329 2432 409 2472; x_wconf 85' lang='lat' dir='ltr'>sibi</span> <span class='ocrx_word' id='word_1_365' title='bbox 440 2432 671 2477; x_wconf 83' lang='lat' dir='ltr'>videretur,</span> <span class='ocrx_word' id='word_1_366' title='bbox 703 2437 789 2469; x_wconf 89' lang='lat' dir='ltr'>tum</span> <span class='ocrx_word' id='word_1_367' title='bbox 823 2443 899 2482; x_wconf 85' lang='lat' dir='ltr'>ego</span> <span class='ocrx_word' id='word_1_368' title='bbox 933 2434 1078 2469; x_wconf 87' lang='lat' dir='ltr'>contra</span> <span class='ocrx_word' id='word_1_369' title='bbox 1110 2429 1303 2469; x_wconf 91' lang='lat' dir='ltr'>dicerem.</span> <span class='ocrx_word' id='word_1_370' title='bbox 1356 2431 1468 2470; x_wconf 90' lang='lat' dir='ltr'>Haec</span> <span class='ocrx_word' id='word_1_371' title='bbox 1501 2436 1564 2469; x_wconf 91' lang='lat' dir='ltr'>est</span> <span class='ocrx_word' id='word_1_372' title='bbox 1595 2430 1726 2476; x_wconf 89' lang='lat' dir='ltr'>enim,</span> <span class='ocrx_word' id='word_1_373' title='bbox 1764 2435 1810 2469; x_wconf 90' lang='lat' dir='ltr'>ut</span> <span class='ocrx_word' id='word_1_374' title='bbox 1841 2430 1945 2477; x_wconf 92' lang='lat' dir='ltr'>scis,</span> <span class='ocrx_word' id='word_1_375' title='bbox 1985 2433 2106 2469; x_wconf 82' lang='lat' dir='ltr'>vetus</span> 
     </span>
     <span class='ocr_line' id='line_1_38' title="bbox 330 2491 2105 2544; baseline -0.003 -9"><span class='ocrx_word' id='word_1_376' title='bbox 330 2501 370 2535; x_wconf 87' lang='lat' dir='ltr'>et</span> <span class='ocrx_word' id='word_1_377' title='bbox 402 2495 611 2535; x_wconf 87' lang='lat' dir='ltr'>Socratica</span> <span class='ocrx_word' id='word_1_378' title='bbox 640 2492 744 2532; x_wconf 88' lang='lat' dir='ltr'>ratio</span> <span class='ocrx_word' id='word_1_379' title='bbox 777 2498 921 2532; x_wconf 88' lang='lat' dir='ltr'>contra</span> <span class='ocrx_word' id='word_1_380' title='bbox 952 2491 1127 2531; x_wconf 89' lang='lat' dir='ltr'>alterius</span> <span class='ocrx_word' id='word_1_381' title='bbox 1157 2492 1399 2544; x_wconf 87' lang='lat' dir='ltr'>opinionem</span> <span class='ocrx_word' id='word_1_382' title='bbox 1423 2492 1680 2540; x_wconf 80' lang='lat' dir='ltr'>disserendi3</span> <span class='ocrx_word' id='word_1_383' title='bbox 1713 2504 1808 2531; x_wconf 88' lang='lat' dir='ltr'>nam</span> <span class='ocrx_word' id='word_1_384' title='bbox 1830 2491 1889 2531; x_wconf 88' lang='lat' dir='ltr'>ita</span> <span class='ocrx_word' id='word_1_385' title='bbox 1909 2491 2105 2531; x_wconf 90' lang='lat' dir='ltr'>facillime</span> 
     </span>
    </p>
   </div>
   <div class='ocr_carea' id='block_1_3' title="bbox 335 2595 1206 2603">
    <p class='ocr_par' dir='ltr' id='par_1_11' title="bbox 335 2595 1206 2603">
     <span class='ocr_line' id='line_1_39' title="bbox 335 2595 1206 2603; baseline 0 0"><span class='ocrx_word' id='word_1_386' title='bbox 335 2595 1206 2603; x_wconf 95' lang='lat' dir='ltr'> </span> 
     </span>
    </p>
   </div>
   <div class='ocr_carea' id='block_1_4' title="bbox 326 2663 2108 3291">
    <p class='ocr_par' dir='ltr' id='par_1_12' title="bbox 326 2663 2108 3291">
     <span class='ocr_line' id='line_1_40' title="bbox 418 2663 2108 2707; baseline -0.001 -9"><span class='ocrx_word' id='word_1_387' title='bbox 418 2669 447 2698; x_wconf 75' lang='lat' dir='ltr'>l.</span> <span class='ocrx_word' id='word_1_388' title='bbox 473 2667 524 2707; x_wconf 78' lang='lat' dir='ltr'>At]</span> <span class='ocrx_word' id='word_1_389' title='bbox 549 2667 594 2697; x_wconf 82' lang='lat' dir='ltr'>ad</span> <span class='ocrx_word' id='word_1_390' title='bbox 619 2667 644 2698; x_wconf 93' lang='lat' dir='ltr'>G</span> <span class='ocrx_word' id='word_1_391' title='bbox 659 2667 695 2697; x_wconf 91' lang='lat' dir='ltr'>R¹</span> <span class='ocrx_word' id='word_1_392' title='bbox 715 2683 750 2688; x_wconf 90' lang='lat'><strong>—</strong></span> <span class='ocrx_word' id='word_1_393' title='bbox 779 2665 808 2696; x_wconf 88' lang='lat'>6.</span> <span class='ocrx_word' id='word_1_394' title='bbox 835 2665 883 2695; x_wconf 83' lang='lat' dir='ltr'>his</span> <span class='ocrx_word' id='word_1_395' title='bbox 907 2666 931 2696; x_wconf 93' lang='lat' dir='ltr'>C</span> <span class='ocrx_word' id='word_1_396' title='bbox 947 2666 971 2696; x_wconf 96' lang='grc' dir='ltr'>Ο</span> <span class='ocrx_word' id='word_1_397' title='bbox 1001 2682 1034 2686; x_wconf 85' lang='grc'>-</span> <span class='ocrx_word' id='word_1_398' title='bbox 1063 2664 1245 2695; x_wconf 76' lang='lat' dir='ltr'>Carbonem</span> <span class='ocrx_word' id='word_1_399' title='bbox 1262 2663 1471 2695; x_wconf 84' lang='lat' dir='ltr'>Beroaldus:</span> <span class='ocrx_word' id='word_1_400' title='bbox 1499 2668 1647 2694; x_wconf 82' lang='lat' dir='ltr'>calonem</span> <span class='ocrx_word' id='word_1_401' title='bbox 1665 2664 1689 2695; x_wconf 93' lang='lat' dir='ltr'>C</span> <span class='ocrx_word' id='word_1_402' title='bbox 1711 2680 1745 2685; x_wconf 86' lang='lat'>—</span> <span class='ocrx_word' id='word_1_403' title='bbox 1773 2664 1826 2694; x_wconf 76' lang='lat'>⁴0.</span> <span class='ocrx_word' id='word_1_404' title='bbox 1844 2667 1881 2695; x_wconf 73' lang='lat' dir='ltr'>ut</span> <span class='ocrx_word' id='word_1_405' title='bbox 1903 2665 1930 2694; x_wconf 82' lang='lat' dir='ltr'>si</span> <span class='ocrx_word' id='word_1_406' title='bbox 1946 2681 1995 2688; x_wconf 89' lang='lat'>--</span> <span class='ocrx_word' id='word_1_407' title='bbox 2011 2664 2108 2696; x_wconf 74' lang='lat' dir='ltr'>otiosi</span> 
     </span>
     <span class='ocr_line' id='line_1_41' title="bbox 329 2713 2105 2757; baseline -0.002 -8"><span class='ocrx_word' id='word_1_408' title='bbox 329 2718 460 2750; x_wconf 90' lang='lat' dir='ltr'>Nonius</span> <span class='ocrx_word' id='word_1_409' title='bbox 486 2726 518 2757; x_wconf 86' lang='lat' dir='ltr'>p.</span> <span class='ocrx_word' id='word_1_410' title='bbox 539 2716 613 2747; x_wconf 80' lang='lat'>355.</span> <span class='ocrx_word' id='word_1_411' title='bbox 644 2733 678 2738; x_wconf 92' lang='lat'>—</span> <span class='ocrx_word' id='word_1_412' title='bbox 714 2716 765 2745; x_wconf 69' lang='lat' dir='ltr'>ii.</span> <span class='ocrx_word' id='word_1_413' title='bbox 789 2717 950 2754; x_wconf 76' lang='lat' dir='ltr'>possimus</span> <span class='ocrx_word' id='word_1_414' title='bbox 975 2714 1019 2745; x_wconf 85' lang='lat' dir='ltr'>ab</span> <span class='ocrx_word' id='word_1_415' title='bbox 1046 2714 1172 2745; x_wconf 84' lang='lat' dir='ltr'>eadem</span> <span class='ocrx_word' id='word_1_416' title='bbox 1200 2724 1246 2746; x_wconf 88' lang='lat' dir='ltr'>m.</span> <span class='ocrx_word' id='word_1_417' title='bbox 1275 2723 1364 2745; x_wconf 88' lang='lat' dir='ltr'>corr.</span> <span class='ocrx_word' id='word_1_418' title='bbox 1392 2715 1425 2745; x_wconf 90' lang='lat' dir='ltr'>in</span> <span class='ocrx_word' id='word_1_419' title='bbox 1447 2722 1621 2752; x_wconf 81' lang='lat' dir='ltr'>possumus</span> <span class='ocrx_word' id='word_1_420' title='bbox 1645 2714 1670 2744; x_wconf 90' lang='lat' dir='ltr'>G</span> <span class='ocrx_word' id='word_1_421' title='bbox 1698 2731 1732 2734; x_wconf 97' lang='lat'><strong>—</strong></span> <span class='ocrx_word' id='word_1_422' title='bbox 1768 2714 1820 2744; x_wconf 73' lang='lat'>42.</span> <span class='ocrx_word' id='word_1_423' title='bbox 1847 2713 1958 2744; x_wconf 80' lang='lat' dir='ltr'>Latini</span> <span class='ocrx_word' id='word_1_424' title='bbox 1981 2713 2056 2745; x_wconf 80' lang='lat' dir='ltr'>libri</span> <span class='ocrx_word' id='word_1_425' title='bbox 2079 2714 2105 2746; x_wconf 94' lang='grc' dir='ltr'>Ο</span> 
     </span>
     <span class='ocr_line' id='line_1_42' title="bbox 333 2762 2103 2804; baseline -0.001 -8"><span class='ocrx_word' id='word_1_426' title='bbox 333 2785 366 2789; x_wconf 92' lang='grc'><strong>-</strong></span> <span class='ocrx_word' id='word_1_427' title='bbox 395 2765 445 2798; x_wconf 66' lang='lat'>44.</span> <span class='ocrx_word' id='word_1_428' title='bbox 472 2767 498 2797; x_wconf 76' lang='lat' dir='ltr'>it</span> <span class='ocrx_word' id='word_1_429' title='bbox 529 2775 620 2797; x_wconf 87' lang='lat' dir='ltr'>corr.</span> <span class='ocrx_word' id='word_1_430' title='bbox 647 2766 681 2795; x_wconf 92' lang='lat' dir='ltr'>in</span> <span class='ocrx_word' id='word_1_431' title='bbox 712 2765 745 2795; x_wconf 76' lang='lat' dir='ltr'>id</span> <span class='ocrx_word' id='word_1_432' title='bbox 774 2764 899 2796; x_wconf 87' lang='lat' dir='ltr'>eadem</span> <span class='ocrx_word' id='word_1_433' title='bbox 926 2773 972 2795; x_wconf 90' lang='lat' dir='ltr'>m.</span> <span class='ocrx_word' id='word_1_434' title='bbox 1001 2765 1026 2795; x_wconf 89' lang='lat' dir='ltr'>G</span> <span class='ocrx_word' id='word_1_435' title='bbox 1052 2781 1086 2785; x_wconf 96' lang='lat'><strong>—</strong></span> <span class='ocrx_word' id='word_1_436' title='bbox 1116 2765 1167 2795; x_wconf 57' lang='lat'>219.</span> <span class='ocrx_word' id='word_1_437' title='bbox 1195 2765 1302 2795; x_wconf 75' lang='lat' dir='ltr'>laudis</span> <span class='ocrx_word' id='word_1_438' title='bbox 1327 2765 1371 2796; x_wconf 88' lang='lat' dir='ltr'>C:</span> <span class='ocrx_word' id='word_1_439' title='bbox 1404 2764 1497 2794; x_wconf 76' lang='lat' dir='ltr'>laudi</span> <span class='ocrx_word' id='word_1_440' title='bbox 1521 2764 1557 2794; x_wconf 91' lang='lat' dir='ltr'>O.</span> <span class='ocrx_word' id='word_1_441' title='bbox 1592 2763 1641 2795; x_wconf 81' lang='lat' dir='ltr'>Cf.</span> <span class='ocrx_word' id='word_1_442' title='bbox 1669 2764 1850 2804; x_wconf 85' lang='lat' dir='ltr'>Wopkens</span> <span class='ocrx_word' id='word_1_443' title='bbox 1882 2764 1990 2795; x_wconf 88' lang='lat' dir='ltr'>Lectt.</span> <span class='ocrx_word' id='word_1_444' title='bbox 2016 2762 2103 2795; x_wconf 87' lang='lat' dir='ltr'>Tull.</span> 
     </span>
     <span class='ocr_line' id='line_1_43' title="bbox 329 2812 2107 2857; baseline -0.002 -10"><span class='ocrx_word' id='word_1_445' title='bbox 329 2825 362 2857; x_wconf 94' lang='lat' dir='ltr'>p.</span> <span class='ocrx_word' id='word_1_446' title='bbox 384 2816 423 2847; x_wconf 82' lang='lat'>68</span> <span class='ocrx_word' id='word_1_447' title='bbox 441 2824 494 2854; x_wconf 88' lang='lat' dir='ltr'>sq.</span> <span class='ocrx_word' id='word_1_448' title='bbox 515 2815 569 2846; x_wconf 85' lang='lat' dir='ltr'>ed.</span> <span class='ocrx_word' id='word_1_449' title='bbox 592 2814 701 2846; x_wconf 85' lang='lat' dir='ltr'>Hand.</span> <span class='ocrx_word' id='word_1_450' title='bbox 725 2832 759 2836; x_wconf 88' lang='lat'>—</span> <span class='ocrx_word' id='word_1_451' title='bbox 788 2815 839 2845; x_wconf 60' lang='lat'>⁴202.</span> <span class='ocrx_word' id='word_1_452' title='bbox 859 2814 1013 2852; x_wconf 71' lang='lat' dir='ltr'>scientia,</span> <span class='ocrx_word' id='word_1_453' title='bbox 1040 2814 1135 2852; x_wconf 75' lang='lat' dir='ltr'>copia</span> <span class='ocrx_word' id='word_1_454' title='bbox 1154 2813 1363 2845; x_wconf 83' lang='lat' dir='ltr'>Lambinus:</span> <span class='ocrx_word' id='word_1_455' title='bbox 1390 2814 1547 2843; x_wconf 75' lang='lat' dir='ltr'>scientiae</span> <span class='ocrx_word' id='word_1_456' title='bbox 1569 2813 1665 2851; x_wconf 80' lang='lat' dir='ltr'>copia</span> <span class='ocrx_word' id='word_1_457' title='bbox 1690 2813 1713 2843; x_wconf 90' lang='lat' dir='ltr'>C</span> <span class='ocrx_word' id='word_1_458' title='bbox 1743 2831 1777 2835; x_wconf 95' lang='lat'>—</span> <span class='ocrx_word' id='word_1_459' title='bbox 1806 2812 1902 2851; x_wconf 77' lang='lat' dir='ltr'>copia</span> <span class='ocrx_word' id='word_1_460' title='bbox 1925 2815 2107 2844; x_wconf 75' lang='lat' dir='ltr'>commotus</span> 
     </span>
     <span class='ocr_line' id='line_1_44' title="bbox 328 2861 2102 2904; baseline -0.002 -7"><span class='ocrx_word' id='word_1_461' title='bbox 328 2871 405 2897; x_wconf 70' lang='lat' dir='ltr'>esset</span> <span class='ocrx_word' id='word_1_462' title='bbox 430 2866 466 2896; x_wconf 92' lang='lat' dir='ltr'>C.</span> <span class='ocrx_word' id='word_1_463' title='bbox 496 2866 632 2904; x_wconf 79' lang='lat' dir='ltr'>«Nuper</span> <span class='ocrx_word' id='word_1_464' title='bbox 657 2865 703 2894; x_wconf 71' lang='lat' dir='ltr'>Io,</span> <span class='ocrx_word' id='word_1_465' title='bbox 731 2864 856 2895; x_wconf 80' lang='lat' dir='ltr'>Bakius</span> <span class='ocrx_word' id='word_1_466' title='bbox 881 2863 994 2895; x_wconf 84' lang='lat' dir='ltr'>Schol.</span> <span class='ocrx_word' id='word_1_467' title='bbox 1015 2864 1191 2903; x_wconf 75' lang='lat' dir='ltr'>Hypomn.</span> <span class='ocrx_word' id='word_1_468' title='bbox 1213 2863 1266 2899; x_wconf 75' lang='lat' dir='ltr'>lv,</span> <span class='ocrx_word' id='word_1_469' title='bbox 1288 2864 1322 2894; x_wconf 75' lang='lat'>71</span> <span class='ocrx_word' id='word_1_470' title='bbox 1353 2863 1386 2894; x_wconf 88' lang='lat' dir='ltr'>in</span> <span class='ocrx_word' id='word_1_471' title='bbox 1412 2862 1575 2900; x_wconf 83' lang='lat' dir='ltr'>eandem,</span> <span class='ocrx_word' id='word_1_472' title='bbox 1603 2871 1708 2902; x_wconf 88' lang='lat' dir='ltr'>quam</span> <span class='ocrx_word' id='word_1_473' title='bbox 1735 2872 1798 2902; x_wconf 78' lang='lat' dir='ltr'>ego</span> <span class='ocrx_word' id='word_1_474' title='bbox 1820 2861 1901 2893; x_wconf 89' lang='lat' dir='ltr'>olim</span> <span class='ocrx_word' id='word_1_475' title='bbox 1924 2863 2102 2903; x_wconf 88' lang='lat' dir='ltr'>proposui,</span> 
     </span>
     <span class='ocr_line' id='line_1_45' title="bbox 329 2911 2102 2953; baseline -0.002 -6"><span class='ocrx_word' id='word_1_476' title='bbox 329 2917 569 2947; x_wconf 82' lang='lat' dir='ltr'>coniecturam</span> <span class='ocrx_word' id='word_1_477' title='bbox 600 2913 734 2951; x_wconf 74' lang='lat' dir='ltr'>incidit,</span> <span class='ocrx_word' id='word_1_478' title='bbox 769 2915 805 2944; x_wconf 92' lang='lat' dir='ltr'>ut</span> <span class='ocrx_word' id='word_1_479' title='bbox 835 2916 1014 2944; x_wconf 76' lang='lat' dir='ltr'>commotus</span> <span class='ocrx_word' id='word_1_480' title='bbox 1043 2921 1106 2952; x_wconf 89' lang='lat' dir='ltr'>pro</span> <span class='ocrx_word' id='word_1_481' title='bbox 1135 2920 1208 2942; x_wconf 75' lang='lat' dir='ltr'>cum</span> <span class='ocrx_word' id='word_1_482' title='bbox 1233 2916 1340 2943; x_wconf 81' lang='lat' dir='ltr'>motus</span> <span class='ocrx_word' id='word_1_483' title='bbox 1363 2915 1441 2943; x_wconf 72' lang='lat' dir='ltr'>esset</span> <span class='ocrx_word' id='word_1_484' title='bbox 1465 2911 1570 2943; x_wconf 87' lang='lat' dir='ltr'>scribi</span> <span class='ocrx_word' id='word_1_485' title='bbox 1596 2911 1713 2951; x_wconf 75' lang='lat' dir='ltr'>vellet,</span> <span class='ocrx_word' id='word_1_486' title='bbox 1739 2911 1833 2952; x_wconf 89' lang='lat' dir='ltr'>quod</span> <span class='ocrx_word' id='word_1_487' title='bbox 1859 2914 1999 2953; x_wconf 79' lang='lat' dir='ltr'>negavit</span> <span class='ocrx_word' id='word_1_488' title='bbox 2021 2913 2102 2953; x_wconf 82' lang='lat' dir='ltr'>hoc,</span> 
     </span>
     <span class='ocr_line' id='line_1_46' title="bbox 329 2961 2104 3004; baseline 0 -9"><span class='ocrx_word' id='word_1_489' title='bbox 329 2964 421 3004; x_wconf 84' lang='lat' dir='ltr'>quod</span> <span class='ocrx_word' id='word_1_490' title='bbox 448 2964 574 2994; x_wconf 81' lang='lat' dir='ltr'>dicitur</span> <span class='ocrx_word' id='word_1_491' title='bbox 599 2963 672 2999; x_wconf 83' lang='lat' dir='ltr'>hic,</span> <span class='ocrx_word' id='word_1_492' title='bbox 707 2963 751 2994; x_wconf 88' lang='lat' dir='ltr'>ad</span> <span class='ocrx_word' id='word_1_493' title='bbox 781 2972 889 2994; x_wconf 86' lang='lat' dir='ltr'>unum</span> <span class='ocrx_word' id='word_1_494' title='bbox 915 2962 969 2994; x_wconf 72' lang='lat' dir='ltr'>vel</span> <span class='ocrx_word' id='word_1_495' title='bbox 1003 2963 1132 2994; x_wconf 80' lang='lat' dir='ltr'>factum</span> <span class='ocrx_word' id='word_1_496' title='bbox 1157 2961 1210 2992; x_wconf 70' lang='lat' dir='ltr'>vel</span> <span class='ocrx_word' id='word_1_497' title='bbox 1237 2964 1377 3002; x_wconf 87' lang='lat' dir='ltr'>tempus</span> <span class='ocrx_word' id='word_1_498' title='bbox 1402 2962 1592 3001; x_wconf 86' lang='lat' dir='ltr'>pertinere.</span> <span class='ocrx_word' id='word_1_499' title='bbox 1632 2963 1705 3000; x_wconf 82' lang='lat' dir='ltr'>Qua</span> <span class='ocrx_word' id='word_1_500' title='bbox 1731 2963 1764 2994; x_wconf 90' lang='lat' dir='ltr'>in</span> <span class='ocrx_word' id='word_1_501' title='bbox 1788 2971 1826 2994; x_wconf 91' lang='lat' dir='ltr'>re</span> <span class='ocrx_word' id='word_1_502' title='bbox 1851 2965 1971 3003; x_wconf 88' lang='lat' dir='ltr'>aperte</span> <span class='ocrx_word' id='word_1_503' title='bbox 1998 2962 2104 2996; x_wconf 81' lang='lat' dir='ltr'>falsus</span> 
     </span>
     <span class='ocr_line' id='line_1_47' title="bbox 329 3010 2103 3053; baseline -0.001 -8"><span class='ocrx_word' id='word_1_504' title='bbox 329 3016 393 3045; x_wconf 85' lang='lat' dir='ltr'>est.</span> <span class='ocrx_word' id='word_1_505' title='bbox 431 3014 517 3044; x_wconf 78' lang='lat' dir='ltr'>Nam</span> <span class='ocrx_word' id='word_1_506' title='bbox 543 3013 665 3043; x_wconf 87' lang='lat' dir='ltr'>Cicero</span> <span class='ocrx_word' id='word_1_507' title='bbox 689 3014 764 3053; x_wconf 83' lang='lat' dir='ltr'>ipse</span> <span class='ocrx_word' id='word_1_508' title='bbox 789 3013 873 3044; x_wconf 59' lang='lat' dir='ltr'>dixit</span> <span class='ocrx_word' id='word_1_509' title='bbox 898 3012 941 3043; x_wconf 89' lang='lat' dir='ltr'>de</span> <span class='ocrx_word' id='word_1_510' title='bbox 959 3013 1052 3044; x_wconf 84' lang='lat' dir='ltr'>Orat.</span> <span class='ocrx_word' id='word_1_511' title='bbox 1072 3012 1113 3041; x_wconf 89' lang='lat'>111</span> <span class='ocrx_word' id='word_1_512' title='bbox 1140 3011 1157 3050; x_wconf 65' lang='lat' dir='ltr'>g</span> <span class='ocrx_word' id='word_1_513' title='bbox 1188 3010 1238 3042; x_wconf 72' lang='lat'>144</span> <span class='ocrx_word' id='word_1_514' title='bbox 1270 3011 1492 3043; x_wconf 82' lang='lat' dir='ltr'>Aristotelem</span> <span class='ocrx_word' id='word_1_515' title='bbox 1517 3012 1708 3043; x_wconf 78' lang='lat' dir='ltr'>mutavisse</span> <span class='ocrx_word' id='word_1_516' title='bbox 1733 3014 1807 3043; x_wconf 91' lang='lat' dir='ltr'>tum</span> <span class='ocrx_word' id='word_1_517' title='bbox 1831 3016 1961 3051; x_wconf 79' lang='lat' dir='ltr'>repente</span> <span class='ocrx_word' id='word_1_518' title='bbox 1990 3014 2103 3044; x_wconf 84' lang='lat' dir='ltr'>totam</span> 
     </span>
     <span class='ocr_line' id='line_1_48' title="bbox 329 3060 2100 3102; baseline -0.001 -7"><span class='ocrx_word' id='word_1_519' title='bbox 329 3063 478 3095; x_wconf 77' lang='lat' dir='ltr'>formam</span> <span class='ocrx_word' id='word_1_520' title='bbox 503 3070 612 3102; x_wconf 85' lang='lat' dir='ltr'>prope</span> <span class='ocrx_word' id='word_1_521' title='bbox 639 3061 840 3102; x_wconf 76' lang='lat' dir='ltr'>disciplinae</span> <span class='ocrx_word' id='word_1_522' title='bbox 867 3071 964 3100; x_wconf 75' lang='lat' dir='ltr'>suae,</span> <span class='ocrx_word' id='word_1_523' title='bbox 992 3063 1029 3092; x_wconf 87' lang='lat' dir='ltr'>ut</span> <span class='ocrx_word' id='word_1_524' title='bbox 1049 3069 1133 3092; x_wconf 84' lang='lat' dir='ltr'>sane</span> <span class='ocrx_word' id='word_1_525' title='bbox 1151 3060 1194 3090; x_wconf 82' lang='lat' dir='ltr'>ad</span> <span class='ocrx_word' id='word_1_526' title='bbox 1213 3069 1322 3091; x_wconf 88' lang='lat' dir='ltr'>unum</span> <span class='ocrx_word' id='word_1_527' title='bbox 1341 3063 1480 3101; x_wconf 86' lang='lat' dir='ltr'>ternpus</span> <span class='ocrx_word' id='word_1_528' title='bbox 1499 3069 1554 3092; x_wconf 88' lang='lat' dir='ltr'>res</span> <span class='ocrx_word' id='word_1_529' title='bbox 1571 3063 1748 3102; x_wconf 87' lang='lat' dir='ltr'>pertinere</span> <span class='ocrx_word' id='word_1_530' title='bbox 1766 3062 1960 3093; x_wconf 75' lang='lat' dir='ltr'>videatur.»</span> <span class='ocrx_word' id='word_1_531' title='bbox 1977 3062 2100 3093; x_wconf 67' lang='lat' dir='ltr'>Ktorz.</span> 
     </span>
     <span class='ocr_line' id='line_1_49' title="bbox 332 3110 2102 3149; baseline -0.001 -5"><span class='ocrx_word' id='word_1_532' title='bbox 332 3130 366 3135; x_wconf 92' lang='lat'>—</span> <span class='ocrx_word' id='word_1_533' title='bbox 386 3113 439 3144; x_wconf 62' lang='lat'>23.</span> <span class='ocrx_word' id='word_1_534' title='bbox 463 3112 602 3143; x_wconf 77' lang='lat' dir='ltr'>socratis</span> <span class='ocrx_word' id='word_1_535' title='bbox 619 3112 643 3143; x_wconf 94' lang='lat' dir='ltr'>C</span> <span class='ocrx_word' id='word_1_536' title='bbox 671 3128 705 3132; x_wconf 92' lang='grc'><strong>-</strong></span> <span class='ocrx_word' id='word_1_537' title='bbox 730 3113 869 3143; x_wconf 83' lang='lat' dir='ltr'>rethoris</span> <span class='ocrx_word' id='word_1_538' title='bbox 893 3114 917 3143; x_wconf 90' lang='lat' dir='ltr'>G</span> <span class='ocrx_word' id='word_1_539' title='bbox 934 3113 957 3143; x_wconf 99' lang='lat' dir='ltr'>R</span> <span class='ocrx_word' id='word_1_540' title='bbox 977 3128 1011 3132; x_wconf 88' lang='lat'>-—</span> <span class='ocrx_word' id='word_1_541' title='bbox 1039 3111 1153 3141; x_wconf 82' lang='lat' dir='ltr'>docere</span> <span class='ocrx_word' id='word_1_542' title='bbox 1170 3118 1239 3140; x_wconf 90' lang='lat' dir='ltr'>om.</span> <span class='ocrx_word' id='word_1_543' title='bbox 1261 3110 1303 3146; x_wconf 65' lang='lat' dir='ltr'>C,</span> <span class='ocrx_word' id='word_1_544' title='bbox 1337 3112 1415 3149; x_wconf 87' lang='lat' dir='ltr'>post</span> <span class='ocrx_word' id='word_1_545' title='bbox 1443 3111 1663 3142; x_wconf 74' lang='lat' dir='ltr'>adulescentes</span> <span class='ocrx_word' id='word_1_546' title='bbox 1691 3113 1743 3142; x_wconf 90' lang='lat' dir='ltr'>est</span> <span class='ocrx_word' id='word_1_547' title='bbox 1766 3112 1799 3142; x_wconf 86' lang='lat' dir='ltr'>in</span> <span class='ocrx_word' id='word_1_548' title='bbox 1825 3112 1850 3142; x_wconf 95' lang='lat' dir='ltr'>O</span> <span class='ocrx_word' id='word_1_549' title='bbox 1876 3129 1919 3134; x_wconf 90' lang='lat'>-—</span> <span class='ocrx_word' id='word_1_550' title='bbox 1942 3112 1994 3143; x_wconf 70' lang='lat'>26.</span> <span class='ocrx_word' id='word_1_551' title='bbox 2022 3112 2102 3143; x_wconf 84' lang='lat' dir='ltr'>haec</span> 
     </span>
     <span class='ocr_line' id='line_1_50' title="bbox 328 3159 2097 3200; baseline 0.001 -8"><span class='ocrx_word' id='word_1_552' title='bbox 328 3161 372 3192; x_wconf 86' lang='lat' dir='ltr'>ab</span> <span class='ocrx_word' id='word_1_553' title='bbox 399 3160 525 3192; x_wconf 84' lang='lat' dir='ltr'>eadem</span> <span class='ocrx_word' id='word_1_554' title='bbox 543 3170 589 3191; x_wconf 90' lang='lat' dir='ltr'>m.</span> <span class='ocrx_word' id='word_1_555' title='bbox 610 3168 700 3191; x_wconf 89' lang='lat' dir='ltr'>corr.</span> <span class='ocrx_word' id='word_1_556' title='bbox 721 3161 753 3190; x_wconf 90' lang='lat' dir='ltr'>in</span> <span class='ocrx_word' id='word_1_557' title='bbox 774 3161 858 3191; x_wconf 81' lang='lat' dir='ltr'>hane</span> <span class='ocrx_word' id='word_1_558' title='bbox 876 3162 899 3192; x_wconf 88' lang='lat' dir='ltr'>R</span> <span class='ocrx_word' id='word_1_559' title='bbox 922 3179 953 3184; x_wconf 90' lang='lat'><em>-</em></span> <span class='ocrx_word' id='word_1_560' title='bbox 981 3161 1034 3193; x_wconf 71' lang='lat'>28.</span> <span class='ocrx_word' id='word_1_561' title='bbox 1061 3168 1119 3190; x_wconf 74' lang='lat' dir='ltr'>nos</span> <span class='ocrx_word' id='word_1_562' title='bbox 1142 3167 1212 3189; x_wconf 82' lang='lat' dir='ltr'>om.</span> <span class='ocrx_word' id='word_1_563' title='bbox 1231 3159 1255 3190; x_wconf 93' lang='lat' dir='ltr'>B</span> <span class='ocrx_word' id='word_1_564' title='bbox 1278 3176 1310 3180; x_wconf 91' lang='lat'><strong>—</strong></span> <span class='ocrx_word' id='word_1_565' title='bbox 1338 3160 1485 3190; x_wconf 80' lang='lat' dir='ltr'>dedimus</span> <span class='ocrx_word' id='word_1_566' title='bbox 1502 3161 1676 3192; x_wconf 78' lang='lat' dir='ltr'>Muretus:</span> <span class='ocrx_word' id='word_1_567' title='bbox 1702 3169 1837 3200; x_wconf 85' lang='lat' dir='ltr'>operam</span> <span class='ocrx_word' id='word_1_568' title='bbox 1853 3161 2001 3192; x_wconf 83' lang='lat' dir='ltr'>dedimus</span> <span class='ocrx_word' id='word_1_569' title='bbox 2017 3161 2041 3193; x_wconf 97' lang='lat' dir='ltr'>C</span> <span class='ocrx_word' id='word_1_570' title='bbox 2060 3177 2097 3184; x_wconf 91' lang='grc'><strong>-</strong></span> 
     </span>
     <span class='ocr_line' id='line_1_51' title="bbox 326 3209 2095 3251; baseline 0.001 -9"><span class='ocrx_word' id='word_1_571' title='bbox 326 3210 472 3242; x_wconf 84' lang='lat' dir='ltr'>scolasC</span> <span class='ocrx_word' id='word_1_572' title='bbox 492 3226 526 3231; x_wconf 98' lang='lat'><strong>—</strong></span> <span class='ocrx_word' id='word_1_573' title='bbox 554 3210 605 3241; x_wconf 91' lang='lat'>30.</span> <span class='ocrx_word' id='word_1_574' title='bbox 625 3210 812 3249; x_wconf 75' lang='lat' dir='ltr'>cumplures</span> <span class='ocrx_word' id='word_1_575' title='bbox 843 3211 933 3241; x_wconf 60' lang='lat'><em>&amp;¹1³1</em></span> <span class='ocrx_word' id='word_1_576' title='bbox 962 3227 995 3231; x_wconf 97' lang='lat'><strong>—</strong></span> <span class='ocrx_word' id='word_1_577' title='bbox 1030 3211 1082 3242; x_wconf 84' lang='grc'>31.</span> <span class='ocrx_word' id='word_1_578' title='bbox 1108 3210 1229 3248; x_wconf 78' lang='lat' dir='ltr'>possim</span> <span class='ocrx_word' id='word_1_579' title='bbox 1259 3209 1282 3240; x_wconf 94' lang='lat' dir='ltr'>C</span> <span class='ocrx_word' id='word_1_580' title='bbox 1316 3226 1351 3230; x_wconf 84' lang='lat'>—</span> <span class='ocrx_word' id='word_1_581' title='bbox 1385 3209 1438 3240; x_wconf 79' lang='lat'>32.</span> <span class='ocrx_word' id='word_1_582' title='bbox 1464 3209 1613 3241; x_wconf 82' lang='lat' dir='ltr'>lubebam</span> <span class='ocrx_word' id='word_1_583' title='bbox 1644 3212 1671 3241; x_wconf 91' lang='lat' dir='ltr'>G</span> <span class='ocrx_word' id='word_1_584' title='bbox 1707 3226 1741 3233; x_wconf 93' lang='lat'><strong>—</strong></span> <span class='ocrx_word' id='word_1_585' title='bbox 1774 3210 1828 3243; x_wconf 91' lang='lat'>33.</span> <span class='ocrx_word' id='word_1_586' title='bbox 1853 3210 1907 3251; x_wconf 89' lang='lat' dir='ltr'>ad]</span> <span class='ocrx_word' id='word_1_587' title='bbox 1940 3214 1976 3242; x_wconf 82' lang='lat' dir='ltr'>at</span> <span class='ocrx_word' id='word_1_588' title='bbox 2008 3211 2033 3243; x_wconf 93' lang='lat' dir='ltr'>C</span> <span class='ocrx_word' id='word_1_589' title='bbox 2060 3227 2095 3235; x_wconf 92' lang='lat'>—</span> 
     </span>
     <span class='ocr_line' id='line_1_52' title="bbox 327 3258 1264 3291; baseline -0.001 0"><span class='ocrx_word' id='word_1_590' title='bbox 327 3258 379 3291; x_wconf 80' lang='lat'>34.</span> <span class='ocrx_word' id='word_1_591' title='bbox 404 3259 510 3290; x_wconf 76' lang='lat' dir='ltr'>scolas</span> <span class='ocrx_word' id='word_1_592' title='bbox 534 3259 599 3290; x_wconf 88' lang='lat' dir='ltr'>GR</span> <span class='ocrx_word' id='word_1_593' title='bbox 626 3273 662 3279; x_wconf 91' lang='lat'>—-</span> <span class='ocrx_word' id='word_1_594' title='bbox 688 3259 740 3290; x_wconf 81' lang='lat'>35.</span> <span class='ocrx_word' id='word_1_595' title='bbox 768 3267 841 3290; x_wconf 87' lang='lat' dir='ltr'>cum</span> <span class='ocrx_word' id='word_1_596' title='bbox 864 3259 912 3290; x_wconf 82' lang='lat' dir='ltr'>his</span> <span class='ocrx_word' id='word_1_597' title='bbox 936 3260 962 3290; x_wconf 91' lang='lat' dir='ltr'>G</span> <span class='ocrx_word' id='word_1_598' title='bbox 990 3276 1024 3282; x_wconf 85' lang='lat'>—-</span> <span class='ocrx_word' id='word_1_599' title='bbox 1051 3259 1165 3290; x_wconf 78' lang='lat' dir='ltr'>audiri</span> <span class='ocrx_word' id='word_1_600' title='bbox 1188 3258 1264 3290; x_wconf 88' lang='lat' dir='ltr'>GR.</span> 
     </span>
    </p>
   </div>
  </div>
 </body>
</html>
