2249 3624
610 158 697 198 Lm.
728 158 779 197 11.
820 156 915 197 cst.
947 155 1126 195 11—111.
1165 153 1224 207 §§
1258 151 1396 194 4.-9,
1802 148 1883 190 253

135 284 237 312 mur.
288 265 410 316 Quod
450 263 477 303 ii
516 262 654 302 ferunt
683 264 820 303 animo
851 263 1012 316 iniquo,
1046 261 1117 315 qui
1149 260 1272 300 certis
1305 258 1553 313 quibusdam
1585 256 1886 310 destinatisque

135 331 352 374 sententiis
390 326 506 381 quasi
545 326 697 365 addicti
737 331 777 365 et
816 324 1044 364 consecrati
1085 328 1183 363 sunt
1213 335 1345 376 eaque
1378 320 1623 360 necessitate
1655 320 1887 367 constricti,

134 400 182 435 ut
218 393 363 437 etiam,
404 400 510 442 quae
551 400 633 426 non
676 388 849 440 probare
890 387 1072 432 soleant,
1119 399 1166 426 ea
1216 390 1419 438 cogantur
1458 383 1715 423 constantiae
1763 396 1886 423 causa

135 455 376 497 defendere:
418 462 514 496 nos,
556 450 629 502 qui
666 451 881 502 sequimur
922 448 1150 502 probabilia
1187 462 1262 488 nec
1295 449 1400 487 ultra
1431 459 1555 500 quam
1587 446 1637 484 ad
1668 446 1730 492 id,
1772 446 1887 499 quod

135 519 220 560 veri
251 515 383 557 simile
413 512 615 558 occurrit,
657 512 851 564 progredi
891 525 1136 564 possumus,
1168 517 1209 551 et
1245 510 1436 551 refellere
1468 509 1557 549 sine
1589 508 1818 562 pertinacia
1849 514 1920 548 et5

134 579 266 621 refelli
311 577 399 617 sine
443 574 659 614 iracundia
699 574 829 626 parati
876 588 1032 612 sumuS.

243 638 281 679 6.
313 637 435 686 Quod
476 638 509 676 si
549 636 650 675 haec
692 636 827 675 studia
861 636 1047 675 traducta
1079 642 1200 675 erunt
1230 636 1280 675 ad
1313 639 1502 682 nostros,
1544 648 1594 674 ne
1627 633 1890 673 bibliothecis

134 702 300 758 quidem
333 700 500 740 Graecis
531 699 768 751 egebimus,
800 699 840 737 in
874 698 1027 751 quibus
1060 699 1281 738 multitudo
1305 696 1463 737 inlinita
1489 697 1689 736 librorum
1721 702 1892 750 propter

134 778 272 805 eorum
295 768 357 802 est
378 762 708 807 multitudinem,
741 761 812 814 qui
846 761 1124 814 scripserunt;
1157 762 1302 800 cadem
1335 761 1445 800 enim
1469 760 1666 800 dicuntur
1687 772 1710 799 a
1737 760 1891 807 multis,

133 841 185 867 ex
216 839 298 879 quo
329 825 443 864 libris
475 824 613 864 onmia
643 823 918 863 referserunt:
961 824 1070 876 quod
1102 824 1261 863 accidet
1292 824 1414 862 ctiam
1446 823 1622 869 nostris,
1654 822 1688 862 si
1717 822 1768 862 ad
1790 823 1892 863 haec
1910 832 1942 860 10

133 889 266 930 studia
298 888 437 941 plures
469 887 762 927 confluxerint.
809 886 889 925 Sed
922 899 1015 932 θος,
1049 886 1082 924 si
1115 899 1360 938 possumus,
1402 886 1656 933 excitemus,
1689 886 1759 940 qui
1792 885 1894 925 libe-

132 952 273 991 raliter
302 950 454 990 eruditi
485 949 671 989 adhibita
702 950 824 989 etiam
857 948 1089 987 disserendi
1120 948 1326 1000 elegantia
1357 948 1518 987 ratione
1554 953 1594 988 et
1617 949 1681 988 via
1713 947 1895 1002 pbiloso-

132 1014 323 1066 phantur.
383 1014 452 1052 ΙΙΙ.
493 1012 532 1052 7.
570 1014 643 1052 Est
683 1013 792 1052 enim
826 1010 1037 1065 quoddam
1069 1023 1201 1063 genus
1233 1023 1400 1057 eorum,
1442 1012 1513 1063 qui
1545 1024 1588 1050 se
1620 1010 1895 1064 philosophos

133 1075 335 1130 appellari
368 1076 529 1122 volunt,
562 1089 740 1128 quorum
765 1075 960 1114 dicuntur
991 1086 1082 1113 esse
1108 1073 1243 1112 Latini
1266 1086 1364 1112 sane
1388 1072 1505 1112 multi
1532 1072 1648 1112 libri:
1681 1086 1788 1126 quos
1811 1085 1895 1112 non

133 1144 352 1179 contemno
384 1138 602 1191 equidem,
635 1138 790 1190 quippe
823 1151 928 1191 quos
956 1150 1183 1190 numquam
1206 1136 1400 1188 legerim:
1433 1136 1505 1175 sed
1529 1137 1627 1189 quia
1650 1135 1947 1188 profitenturlr,

130 1200 210 1254 ipsi
251 1200 335 1247 illi,
377 1200 448 1253 qui
494 1212 566 1239 eos
608 1199 812 1246 scribunt,
855 1214 898 1239 se
938 1213 1075 1253 neque
1107 1199 1300 1239 distincte
1336 1212 1475 1251 neque
1507 1198 1728 1238 distribute
1759 1212 1897 1252 neque

133 1263 346 1316 eleganter
375 1275 511 1315 neque
534 1266 678 1301 ornate
707 1262 908 1309 scribere,
942 1262 1165 1302 lectionem
1187 1262 1278 1301 sine
1299 1261 1384 1301 ulla
1406 1260 1683 1300 delectatione
1707 1261 1898 1314 neglego.

134 1324 244 1373 Quid
276 1325 385 1364 enim
418 1325 557 1363 dicant
589 1329 630 1363 et
660 1324 760 1376 quid
793 1325 972 1364 sentiant
1002 1324 1052 1371 ii,
1093 1325 1164 1377 qui
1206 1329 1303 1364 sunt
1333 1324 1383 1363 ab
1415 1336 1463 1363 ea
1494 1323 1736 1376 disciplina,
1774 1337 1898 1364 nemo

131 1401 178 1427 ne
209 1387 471 1427 mediocriter
503 1387 671 1440 quidem
704 1388 851 1427 doctus
883 1389 1059 1440 ignorat.
1111 1388 1245 1435 Quam
1278 1386 1331 1425 ob
1363 1400 1448 1426 rem
1481 1386 1677 1440 quoniam
1701 1400 1826 1440 quem
1847 1386 1899 1426 ad

133 1450 301 1490 modum
343 1449 484 1489 dicant
521 1450 600 1503 ipsi
640 1463 724 1489 non
763 1450 974 1498 laborant,
1018 1463 1092 1490 cur
1133 1450 1297 1503 legendi
1339 1450 1443 1497 sint,
1477 1449 1557 1489 nisi
1588 1450 1668 1503 ipsi
1698 1450 1806 1489 inter
1837 1459 1949 1495 sesto

133 1512 204 1566 qui
244 1512 354 1552 idem
393 1513 601 1560 sentiunt,
648 1526 731 1552 non
769 1513 982 1566 intellego.
1050 1512 1087 1552 8.
1127 1514 1250 1560 Nam,
1296 1518 1341 1552 ut
1381 1507 1595 1552 Platonem
1626 1512 1900 1566 reliquosque

135 1575 370 1614 Socraticos
417 1581 456 1615 et
496 1576 695 1629 deinceps
736 1589 829 1623 eos,
873 1576 945 1630 qui
986 1577 1036 1616 ab
1078 1576 1142 1616 his
1185 1575 1362 1628 profecti
1400 1579 1517 1622 sunt,
1563 1575 1707 1628 legunt
1737 1588 1901 1622 omnes,

135 1638 257 1678 etiam
298 1638 369 1691 qui
409 1639 480 1678 illa
520 1644 589 1678 aut
625 1652 709 1678 non
747 1638 978 1692 adprobant
1016 1644 1088 1678 aut
1127 1652 1211 1678 non
1252 1637 1560 1677 studiosissime
1592 1643 1901 1686 consectantur,

133 1700 359 1753 Epicurum
389 1706 527 1740 autem
561 1706 601 1741 et
631 1701 916 1741 Metrodorum
948 1714 1031 1741 non
1063 1701 1148 1740 fere
1179 1705 1346 1753 praeter
1376 1713 1474 1740 suos
1497 1700 1721 1754 quisquam
1753 1701 1795 1740 in
1818 1714 1903 1740 ma-

133 1776 212 1803 nus
249 1763 395 1811 sumit,
442 1764 498 1804 sic
540 1763 616 1804 hos
656 1764 828 1803 Latinos
868 1763 896 1802 ii
941 1763 1018 1803 soli
1058 1763 1222 1816 legunt,
1265 1763 1339 1816 qui
1380 1763 1454 1802 illa
1484 1767 1596 1802 recte
1628 1762 1711 1803 dici
1742 1768 1952 1816 putant.25

133 1825 262 1865 Nobis
294 1830 433 1865 autem
455 1825 638 1874 videtur,
672 1825 873 1879 quicquid
903 1825 1050 1865 litteris
1073 1826 1314 1873 mandetur,
1345 1825 1388 1865 id
1411 1825 1694 1866 commendari
1717 1827 1902 1867 omnium

134 1887 395 1928 eruditorum
432 1887 603 1929 lectioni
645 1888 808 1929 decere.
861 1889 966 1936 Nec,
1009 1889 1042 1928 si
1075 1887 1118 1927 id
1149 1888 1228 1942 ipsi
1261 1888 1399 1928 minus
1432 1889 1634 1942 consequi
1664 1901 1903 1942 possumus,

133 1950 287 1990 idcirco
331 1952 466 1991 minus
498 1947 573 2004 [id]
608 1952 665 1991 ita
693 1949 928 1991 faciendum
963 1964 1054 1991 esse
1086 1950 1302 1991 sentimus.
1361 1948 1400 1990 9.
1431 1951 1579 2004 Itaque
1609 1949 1710 1990 mihi
1740 1964 1906 2004 semper

133 2013 505 2066 Peripateticorum
536 2015 872 2068 Academiaeque
905 2013 1164 2054 consuetudo
1198 2013 1249 2054 de
1281 2014 1475 2054 omnibus
1513 2013 1637 2053 rebus
1668 2014 1711 2053 in
1743 2019 1905 2054 contra-

134 2076 216 2116 rias
260 2077 388 2130 partis
429 2077 663 2117 disserendi
703 2090 789 2116 non
829 2076 881 2116 ob
923 2089 1011 2116 eam
1045 2089 1212 2116 causam
1245 2076 1380 2116 solum
1412 2076 1591 2129 placuit,
1638 2074 1752 2130 quod
1784 2076 1957 2116 aliter30

135 2151 217 2178 non
248 2145 392 2192 posset
423 2140 524 2193 quid
555 2139 597 2179 in
629 2152 794 2193 quaque
825 2152 868 2178 re
900 2140 986 2179 veri
1018 2139 1152 2179 simile
1175 2144 1284 2179 esset
1314 2138 1514 2186 inveniri,
1546 2138 1618 2178 sed
1642 2138 1766 2178 etiam
1791 2138 1904 2192 quod

137 2208 248 2242 esset
277 2215 326 2242 ea
356 2215 551 2243 maxuma
581 2202 747 2243 dicendi
778 2202 1044 2242 exercitatio:
1078 2215 1161 2256 qua
1191 2202 1388 2255 princeps
1421 2216 1522 2242 usus
1555 2206 1619 2242 est
1648 2201 1905 2249 Aristoteles,

138 2264 290 2305 deinde
333 2279 427 2306 eum
468 2266 541 2319 qui
584 2265 715 2306 secuti
754 2270 862 2306 sunt.
911 2266 1062 2306 Nostra
1091 2270 1231 2305 autem
1261 2265 1463 2305 memoria
1492 2264 1630 2312 Philo,
1673 2277 1797 2318 quem
1828 2277 1905 2304 nos

226 2434 256 2464 l.
284 2434 369 2473 quod
397 2433 428 2464 hi
454 2434 478 2465 C
505 2451 539 2455 —
575 2434 630 2473 qui
653 2434 812 2464 certis--
829 2434 1009 2465 consecrati
1036 2437 1110 2464 suni
1137 2434 1268 2466 Nonius
1291 2443 1325 2474 p.
1352 2433 1404 2465 69.
1433 2450 1468 2455 —
1497 2432 1529 2465 4.
1554 2442 1628 2471 nos,
1657 2433 1907 2473 qui--parati

137 2490 248 2513 sumus
271 2483 437 2514 Boethius
462 2492 495 2524 p.
524 2483 598 2521 372,
625 2483 765 2515 30—4-1.
795 2503 829 2506 —
857 2485 912 2523 qui
937 2485 969 2515 in
995 2485 1019 2514 G
1045 2492 1224 2524 superscr.
1251 2485 1376 2515 eadem
1403 2492 1449 2514 m.
1468 2500 1511 2505 —
1535 2484 1578 2514 ad
1604 2484 1664 2515 W:
1695 2492 1764 2514 om.
1785 2484 1848 2515 CO
1870 2502 1904 2506 —

137 2533 169 2563 5.
197 2533 341 2564 occurrit.
373 2534 396 2564 C
430 2535 464 2564 et
494 2533 678 2565 Boethius:
716 2535 895 2565 occurrerit
920 2535 956 2565 Ο.
1001 2533 1226 2573 «Tregderus
1257 2542 1366 2564 unum
1392 2534 1488 2564 recte
1514 2532 1613 2572 fecit,
1647 2533 1740 2574 quod
1765 2535 1910 2566 occurrit

138 2583 274 2623 scripsit
299 2582 352 2623 (cf.
380 2582 491 2614 Madv.
519 2582 562 2613 ad
588 2583 658 2613 Fin.
686 2591 718 2623 p.
747 2583 838 2622 690),
877 2582 1025 2614 alterum
1051 2592 1254 2624 perperam,
1290 2583 1383 2623 quod
1409 2591 1490 2614 cum
1515 2583 1685 2622 Manutio,
1712 2583 1784 2616 aliis
1810 2593 1909 2624 quam

137 2633 236 2664 uncis
261 2632 409 2664 inclusit.
445 2633 515 2663 Cur
540 2633 633 2664 enim
658 2633 844 2673 quisquam
871 2632 1046 2664 adderet?
1070 2635 1129 2664 aut
1153 2642 1242 2673 quae
1268 2634 1317 2665 sic
1343 2631 1484 2664 errandi
1502 2631 1562 2663 fuit
1579 2634 1742 2665 occasio‘?
1766 2634 1910 2666 Accedit

139 2682 378 2713 testimonium
410 2683 559 2720 Boethii,
593 2684 651 2723 qui
680 2683 788 2715 habet
819 2692 876 2714 nec
906 2684 995 2714 ultra
1024 2691 1125 2722 quam
1157 2684 1242 2723 quod
1270 2685 1354 2720 cet.;
1390 2683 1433 2714 cs.
1460 2683 1515 2721 IV,
1541 2681 1601 2713 47:
1631 2701 1665 2706 —
1693 2684 1820 2723 aliquid
1840 2684 1911 2716 veri

138 2731 266 2763 simile?
291 2741 352 2771 quo
377 2732 505 2772 longius
530 2732 560 2771 (i.
588 2741 619 2764 e.
645 2732 780 2773 longius
805 2734 898 2764 enim
923 2742 1023 2773 quam
1047 2742 1088 2764 eo
1114 2742 1141 2765 s.
1169 2734 1213 2764 ad
1236 2734 1282 2773 id)
1305 2741 1395 2764 mens
1417 2733 1565 2763 humana
1585 2733 1744 2773 progredi
1766 2742 1832 2765 non
1848 2743 1911 2774 po-

139 2784 207 2812 test.
241 2781 284 2821 [1,
312 2782 369 2812 47:
395 2782 487 2813 ultra
511 2791 573 2821 quo
595 2783 795 2823 prom-edim·
819 2792 919 2822 quam
941 2787 977 2814 ut
998 2784 1069 2814 veri
1092 2783 1214 2814 similia
1235 2783 1365 2814 videam
1387 2791 1452 2813 non
1475 2781 1602 2821 habea]
1635 2783 1671 2813 In
1695 2783 1908 2824 Archetypo‚

139 2832 177 2862 ut
201 2830 330 2863 multae
357 2830 442 2863 aliae
467 2831 624 2869 voculae,
651 2833 699 2864 sic
724 2833 757 2864 h.
778 2832 798 2864 l.
820 2835 909 2864 inter
932 2842 1034 2873 quam
1058 2835 1091 2864 et
1113 2834 1147 2864 id
1172 2833 1301 2865 excidit
1324 2833 1384 2871 ad,
1410 2833 1442 2864 in
1461 2832 1592 2863 Boethii
1610 2831 1689 2863 cod.
1709 2833 1834 2865 adid.»
1854 2833 1908 2864 W.

144 2897 178 2902 —-
206 2884 235 2911 et
263 2881 366 2919 refelli
395 2882 462 2912 sine
489 2882 675 2920 pertinacia
708 2885 738 2913 et
766 2883 911 2922 refellere
939 2883 1006 2914 sine
1035 2884 1212 2914 iracundia
1242 2883 1419 2914 Boethius.
1449 2898 1483 2904 -
1518 2882 1570 2912 40.
1597 2890 1639 2913 ear
1663 2882 1778 2921 quibus
1806 2882 1913 2914 verbis

141 2930 241 2961 etiam
265 2931 374 2961 omnia
397 2932 599 2970 referserunt
623 2933 818 2963 Priscianus
836 2933 875 2971 X,
896 2932 926 2971 9,
946 2932 999 2964 49.
1020 2949 1054 2954 -
1084 2933 1135 2963 Μ.
1154 2934 1387 2973 confluoeerunt
1410 2933 1433 2962 G
1449 2932 1487 2963 R¹
1507 2948 1541 2954 -
1570 2931 1622 2963 ⁴2.
1647 2932 1912 2972 philosophentur

144 2980 262 3011 Herm.
289 2980 473 3020 Sauppius.
497 2999 530 3004 —
559 2983 610 3013 45.
637 2986 828 3022 contempno
852 2985 877 3013 G
904 2999 937 3004 —
967 2983 1019 3014 48.
1045 2983 1077 3013 hi
1103 2982 1126 3013 C
1149 2999 1179 3004 ——
1205 2982 1255 3012 219.
1284 2990 1322 3012 ne
1345 2989 1466 3020 margo
1485 2979 1540 3011 ed.
1560 2988 1591 3011 a.
1612 2980 1715 3013 ⁴584:
1742 2990 1811 3013 om.
1831 2982 1855 3013 C
1872 2982 1909 3012 O.

143 3028 218 3059 Vid.
245 3028 381 3070 Madvig
405 3030 448 3061 ad
474 3031 568 3062 Finn.
597 3032 651 3069 111,
677 3032 695 3062 3
720 3041 753 3073 p.
774 3032 848 3064 348.
879 3048 912 3054 —
942 3033 993 3063 Ἣ.
1021 3033 1076 3072 qui
1099 3032 1193 3070 idem]
1221 3031 1349 3070 quidem
1374 3032 1399 3062 G
1418 3048 1452 3052 —
1479 3030 1532 3062 23.
1558 3035 1794 3062 consecrantur
1817 3032 1855 3063 R¹
1874 3048 1907 3052 —

143 3078 195 3110 ί25.
221 3079 253 3110 hi
278 3080 301 3110 C
339 3096 374 3101 —
405 3080 458 3110 ⁶27.
485 3079 518 3110 id
549 3080 675 3112 eadem
707 3090 752 3113 m.
780 3090 956 3122 superscr.
984 3082 1016 3112 in
1042 3084 1066 3113 G
1097 3100 1129 3103 —
1164 3081 1216 3112 ⁵28.
1242 3080 1275 3111 id
1305 3078 1372 3110 del.
1401 3079 1490 3110 Bake
1516 3079 1686 3111 Mnemos.
1713 3081 1740 3111 11
1765 3089 1798 3121 p.
1826 3079 1909 3115 4ης

145 3136 207 3159 nos
231 3127 451 3160 seclusimus.
481 3145 516 3151 -
543 3130 708 3171 sentimus]
733 3139 896 3162 censemus
918 3131 1009 3162 Bake
1035 3129 1149 3162 Schol.
1170 3131 1345 3170 hypomn.
1373 3129 1416 3160 IV
1443 3138 1476 3170 p.
1500 3128 1552 3160 82.
1581 3146 1615 3150 —
1644 3129 1696 3160 30.
1723 3128 1910 3168 disserendi]

143 3176 301 3209 ultimam
327 3176 498 3217 syllabam
524 3179 558 3211 in
582 3188 703 3211 rasura
729 3180 835 3212 habet
860 3181 884 3211 G
914 3199 947 3203 —
978 3180 1031 3212 34.
1058 3189 1122 3212 esse
1145 3189 1236 3211 corr.
1264 3178 1341 3210 ead.
1368 3187 1414 3210 m.
1441 3179 1474 3210 in
1501 3182 1579 3210 esset
1604 3180 1628 3210 R
1654 3196 1688 3201 —
1715 3179 1863 3210 inuenire
1887 3178 1911 3208 R

145 3228 296 3307 h—bqwzod
329 3230 374 3259 est
408 3236 447 3259 ea
478 3227 646 3261 Halmius.
681 3245 713 3252 —
752 3230 804 3262 32.
830 3231 977 3263 maoeime
1006 3231 1098 3263 Bake
1131 3230 1299 3262 Mnemos.
1329 3229 1358 3260 11
1389 3237 1423 3270 p.
1453 3228 1528 3261 4⁴4.
1563 3245 1597 3251 —-
1627 3237 1694 3268 qua
1725 3229 1759 3260 in
1790 3234 1911 3259 rasura

171 3283 189 3306 a
219 3285 235 3308 e
276 3278 313 3308 G.
