2249 3624
879 227 1217 269 FRAGMENTA.
1840 225 1921 267 989

923 369 1093 408 LIBER
1130 370 1157 408 1.

271 467 524 520 Oppidorum
562 468 757 517 originem
793 469 944 519 optime
991 471 1114 508 refert
1159 470 1272 508 Cato.
1335 471 1455 508 Cicero
1494 473 1585 507 libro
1622 472 1653 507 1.
1696 474 1738 507 de
1779 471 1918 511 Gloria.

169 544 315 579 eamque
352 530 667 582 appellationem
705 531 969 581 usurpatione
1007 531 1253 582 appellatam
1293 544 1386 571 esse
1414 537 1622 579 emis-timae,
1665 532 1775 584 quod
1803 545 1921 583 opem

169 593 334 644 darent,
374 596 550 636 adiciens,
596 599 638 632 ut
676 594 853 632 imitetur
892 594 1066 644 ineptias
1109 594 1348 634 Stoicorum.
1406 596 1601 646 (Festus
1638 608 1677 646 p.
1729 594 1815 633 348.
1854 594 1919 632 ed.

169 656 345 696 Gothosr.
375 668 419 708 p.
447 656 529 696 308.
560 658 686 695 Amst.
719 669 758 708 p.
791 657 877 695 195.
907 655 1045 703 Lind.)
1957 646 1974 673 ⁵

914 756 1089 795 LIBER
1134 758 1181 795 ll.

268 845 302 883 1.
345 842 465 894 Apud
505 841 681 881 eundem
721 848 882 894 poetam
911 843 1011 882 Aiax
1042 855 1133 882 cum
1161 844 1333 882 Hectore
1363 844 1633 895 congrediens
1662 844 1922 897 depugnandi

168 918 291 946 causa
319 906 416 957 agit,
447 911 490 945 ut
516 905 758 957 sepeliatur,
789 906 821 944 si
851 906 901 944 sit
929 906 1029 944 forte
1048 906 1202 954 vietus,
1233 906 1496 958 declaratque
1517 920 1562 946 se
1581 908 1709 958 velle,
1741 916 1783 948 ut
1803 921 1920 948 suum

167 967 366 1007 tumulum
393 967 529 1007 multis
558 968 679 1006 etiam
707 973 799 1019 post
826 968 1002 1007 saeculis
1030 974 1343 1019 praetereuntes
1374 970 1431 1007 sic
1459 969 1696 1020 loquantur:

317 1032 405 1070 Hic
434 1031 563 1069 situs
591 1036 672 1070 est
699 1032 834 1070 vitae
863 1032 956 1070 iam
985 1030 1187 1081 pridem
1216 1030 1408 1070 lumina
1444 1031 1705 1083 linquens,
1939 1033 1972 1061 ¹0

315 1095 409 1141 Qui
438 1093 689 1145 quondam
718 1094 975 1133 Hectoreo
1007 1106 1290 1145 percussus
1319 1095 1549 1134 concidit
1576 1108 1709 1135 ense.

315 1156 527 1196 Fabitur
555 1157 673 1195 haec
701 1155 926 1207 aliquis,
957 1168 1057 1195 mea
1088 1169 1289 1208 semper
1316 1156 1490 1207 gloria
1513 1159 1669 1196 vivet.

267 1218 489 1268 (Gellius
519 1218 542 1257 1.
574 1219 656 1257 XV.
689 1231 723 1258 c,
753 1219 789 1257 6.
821 1218 869 1257 cs.
898 1219 1010 1258 Hom.
1042 1218 1083 1257 Il.
1115 1219 1141 1259 l.
1172 1220 1379 1259 V11.v.89
1399 1231 1489 1271 sqq.
1514 1221 1729 1260 Burmanni
1758 1221 1920 1260 Anthol.

166 1283 250 1321 Lat.
280 1281 365 1320 Lib.
400 1284 432 1320 1.
463 1282 537 1333 Ep.
571 1282 652 1320 106.
683 1282 726 1319 Τ.
760 1282 794 1320 1.
826 1294 865 1333 p.
895 1283 979 1329 89.)

265 1345 301 1384 2.
339 1346 427 1392 Quo
456 1349 589 1383 stante
618 1349 658 1382 et
682 1343 901 1384 incolume.
956 1344 1242 1393 (Charisius
1270 1344 1294 1383 l.
1325 1346 1351 1383 Ι.
1383 1358 1422 1397 p.
1455 1348 1561 1393 108.)
1938 1344 1971 1372 ¹5

267 1408 300 1445 3.
341 1407 580 1445 Statuerunt
620 1418 783 1445 aeream
812 1405 1011 1445 leaenam.
1069 1406 1449 1458 (philargyrius
1478 1408 1528 1446 ad
1560 1408 1662 1458 Virg.
1693 1408 1777 1448 Ecl.
1808 1409 1842 1447 2.
1882 1421 1917 1447 V.

167 1470 228 1508 63.
271 1481 310 1520 p.
359 1473 391 1508 1.
431 1467 496 1507 ed.
528 1469 652 1507 Paris.
684 1468 826 1507 Servii.
883 1468 956 1507 Ed.
988 1469 1097 1507 Lion.
1126 1470 1168 1508 T.
1201 1472 1236 1509 2.
1267 1482 1307 1521 p.
1339 1470 1423 1509 325.
1481 1471 1640 1509 Varro
1671 1470 1721 1509 de
1741 1472 1783 1509 L.
1806 1472 1848 1509 L.
1878 1483 1918 1522 p.

168 1532 253 1571 593.
285 1531 477 1583 Spengel.
534 1531 590 1570 Cf.
623 1532 802 1570 Lactant.
856 1531 956 1569 Inst.
986 1531 1071 1570 Div.
1105 1533 1138 1575 1,
1167 1534 1228 1579 20,
1268 1533 1326 1579 3.)

267 1598 302 1634 4.
342 1595 384 1633 ln
420 1593 694 1632 Tusculanum
736 1593 829 1631 mihi
871 1593 1162 1633 nuntiabantur
1188 1593 1412 1645 gladiatorii
1450 1594 1569 1635 sibili.
1626 1596 1920 1643 (Charisius

166 1657 192 1698 l.
223 1660 251 1697 1.
284 1670 323 1709 p.
352 1659 436 1707 61.)
1934 1657 1970 1685 20

741 1757 1011 1801 LIBRORUM
1044 1759 1112 1800 DE
1145 1758 1340 1802 GLORIA

667 1858 971 1891 FRAGMENTA
997 1859 1138 1891 smus
1164 1860 1429 1892 lNCERTAE.

271 1954 303 1991 1.
346 1952 378 1990 Ο
407 1951 600 1989 miserum
629 1949 691 1988 vel
720 1951 853 2000 potius
883 1956 1105 2000 amentem,
1137 1950 1188 1989 de
1217 1963 1297 2002 quo
1326 1963 1499 1990 necesse
1529 1957 1616 1990 erat
1643 1952 1759 2002 peius
1779 1951 1921 1989 existi-

167 2028 278 2055 mare
307 2026 402 2063 eos,
446 2014 472 2062 ἢ
493 2012 603 2064 quod
632 2019 774 2060 erunt,
806 2026 927 2064 quam
956 2025 1049 2063 eos,
1082 2014 1149 2065 qui
1179 2026 1258 2052 non
1285 2013 1469 2065 plodere.
1525 2012 1806 2063 (Diomedes
1850 2012 1919 2051 lib.

167 2080 196 2117 1.
227 2091 265 2130 p.
298 2078 402 2125 378.)
1934 2078 1970 2106 25

267 2140 302 2179 2.
341 2141 492 2187 Eqreyie
511 2141 552 2175 de
572 2139 721 2175 Caesare
742 2140 897 2180 Tullius,
929 2150 1020 2176 cum
1037 2136 1252 2189 quosdam,
1283 2143 1347 2181 αιί,
1380 2151 1524 2177 ornare
1551 2138 1698 2187 voluit,
1728 2151 1806 2177 non
1831 2137 1920 2176 illos

166 2202 415 2249 honestavit,
446 2200 519 2239 sed
549 2206 784 2240 ornamenta
812 2201 900 2251 ipsa
929 2201 1118 2252 turpavit.
1175 2201 1523 2252 (Hieronymus
1551 2200 1600 2240 ad
1624 2201 1920 2240 Pammachium

168 2276 293 2315 super
320 2264 433 2302 obitu
460 2262 664 2302 Paulinae.
722 2263 827 2314 Opp.
858 2264 901 2300 Τ.
935 2265 959 2299 f,
992 2275 1032 2312 p.
1065 2264 1173 2302 1066.
1228 2262 1379 2301 Bened.
1411 2264 1453 2301 T.
1486 2266 1515 2300 I.
1544 2276 1583 2314 p.
1627 2265 1711 2302 398.
1748 2261 1919 2301 Vallars.

167 2327 250 2366 Hoc
277 2327 546 2377 fragmentum
575 2326 701 2364 Beieri
730 2337 855 2364 suasu
885 2325 962 2363 huc
991 2324 1122 2363 retuli.
1180 2326 1347 2375 Nonne.)

343 2452 442 2493 VIII.
503 2452 570 2493 DE
603 2451 1011 2494 CONSOLATIONE
1043 2451 1141 2495 SEU
1173 2452 1240 2492 DE
1271 2451 1440 2494 LUCTU
1476 2450 1762 2493 MINUENDO.
1936 2464 1972 2493 30

897 2559 1198 2592 ARGUMENTUM.

267 2650 395 2691 Tullia
422 2650 542 2703 paulo
570 2655 682 2701 post,
713 2662 833 2700 quam
862 2662 953 2688 cum
992 2651 1034 2689 P.
1067 2650 1253 2689 Cornelio
1281 2649 1450 2688 Lentulo
1478 2649 1686 2689 Dolabella
1706 2650 1921 2690 divortium

168 2714 283 2764 fecit,
313 2714 337 2751 i.
369 2726 400 2752 e.
431 2725 573 2751 mense
601 2711 822 2751 Februario
852 2713 945 2750 anni
977 2712 1019 2750 U.
1063 2714 1150 2751 709.
1207 2712 1383 2750 Caesare
1425 2724 1507 2750 cos.
1552 2713 1638 2750 sine
1667 2712 1836 2763 collega,
1871 2726 1920 2752 ex

168 2782 288 2827 partu
318 2799 357 2805 —
389 2775 455 2814 filii
484 2788 534 2814 an
564 2774 688 2823 filiae,
717 2774 915 2812 incertum
946 2797 989 2801 —
1029 2777 1086 2824 (v.
1117 2772 1350 2811 Middleton.
1392 2774 1490 2812 Hist.
1522 2775 1604 2813 Cic.
1636 2776 1747 2814 Tom.
1778 2777 1846 2814 III.
1878 2788 1918 2826 p.

168 2838 254 2877 219.
295 2839 394 2890 intp.
433 2836 606 2885 Seidel)
646 2842 804 2875 mortua
832 2841 906 2874 est.
975 2836 1116 2875 Cicero
1156 2836 1297 2886 igitur,
1342 2842 1408 2885 ut,
1454 2847 1575 2886 quem
1616 2850 1637 2874 e
1678 2836 1782 2876 filiae
1809 2838 1920 2876 obitu
1935 2851 1971 2879 35

169 2901 444 2951 percipiebat,
487 2899 669 2938 dolorem
696 2898 874 2945 levaret,
918 2911 939 2937 3
971 2898 1225 2949 philosophia
1263 2897 1449 2936 solatium
1479 2904 1620 2948 petere
1651 2898 1816 2938 studuit.
1863 2900 1919 2939 Ea

169 2968 305 3001 mente
344 2962 493 3002 librum
534 2962 595 3001 de
634 2962 783 3000 Luctu
811 2960 1090 3000 minuendo
1119 2973 1151 3000 s.
1183 2960 1242 2998 de
1272 2960 1634 3000 Consolatione
1663 2963 1918 3013 conscripsit,

257 3193 290 3225 2.
326 3194 380 3225 Sic
417 3192 513 3225 Lind.
550 3191 656 3233 Volgo
693 3192 861 3224 omittitur
896 3194 988 3225 Calo.
1038 3194 1126 3225 Fort.
1154 3193 1251 3233 refert
1287 3193 1365 3224 Cato
1391 3195 1425 3224 in
1451 3193 1614 3225 Ciceronis
1635 3194 1719 3225 libro
1743 3195 1766 3225 1.
1793 3194 1850 3225 01«.
1879 3211 1919 3215 —

171 3239 204 3272 3.
242 3243 492 3282 appellationem
515 3246 714 3280 usurpatam
737 3250 803 3273 esse
827 3241 931 3274 Aldus
956 3244 988 3274 in
1014 3244 1166 3283 Orthoyr.
1195 3251 1271 3283 pag.
1298 3243 1372 3274 570.
1393 3259 1427 3264 —
1457 3245 1508 3274 41.
1529 3245 1715 3284 percussus]
1740 3244 1915 3276 Pithoeus.

164 3291 337 3332 perculsus
358 3291 472 3333 volgo.
502 3310 534 3314 —-
559 3291 612 3324 24.
655 3292 744 3324 Fort.
772 3293 827 3331 qui
847 3292 1014 3332 ploserant
1038 3311 1054 3316 -
1079 3311 1095 3316 -
1120 3293 1176 3333 qui
1201 3302 1264 3324 non
1284 3292 1462 3332 plosorane.
1493 3293 1552 3325 On.
