2249 3624
314 225 395 267 992
1050 224 1331 266 CICERONIS

315 344 420 371 rum
448 329 592 378 edidit,
636 339 717 379 qua
750 327 901 367 bonam
931 327 1053 367 animi
1081 327 1352 378 voluntatem,
1394 334 1484 378 aut,
1512 340 1564 367 ne
1592 329 1828 370 consulatus
1857 331 2067 372 obtinendi

316 407 390 446 spe
431 391 662 442 excideret,
691 391 776 431 suis
804 391 999 442 probaret
1025 390 1205 440 civibus,
1234 396 1304 430 aut
1331 390 1382 430 ob
1414 403 1482 430 res
1509 393 1550 430 in
1581 393 1794 433 consulatu
1820 396 1900 434 iam
1932 402 2068 446 gestas

313 458 567 496 inimicorum
608 454 868 494 sermonibus
906 454 945 492 in
975 453 1248 504 suspicionem
1282 453 1500 493 adductam
1532 462 1739 506 purgaret.
1795 457 1896 496 Nam
1923 469 2071 508 quam-

315 532 438 572 quam
465 520 506 557 in
533 518 664 567 libro,
697 529 818 568 quem
848 516 899 555 de
928 516 1144 555 consulatu
1170 529 1245 555 suo
1273 517 1460 568 scripsit,
1488 517 1596 556 idem
1621 519 1754 569 egisse
1775 519 1902 558 videri
1920 526 2070 571 potest,

284 590 450 623 stamen
490 581 684 633 singulari
725 580 766 619 id
808 579 944 618 libello
974 580 1120 618 fecisse
1149 580 1312 618 Asconii
1343 586 1384 618 et
1413 581 1626 631 Augustini
1657 582 1887 620 testimonio
1921 581 2073 620 intelli—

313 648 431 698 gitur.
488 647 748 696 Quapropter
804 643 912 681 hunc
951 643 1058 682 circa
1100 643 1339 682 consulatus
1381 644 1442 682 sui
1484 650 1668 695 tempora
1709 645 1934 684 confecisse
1978 643 2074 682 mihi

312 709 489 749 videtur.
530 709 675 747 Nomii-3.
718 704 986 756 (Corrigenda
1012 705 1113 744 haec
1141 717 1192 743 ex
1211 705 1352 745 Cassio
1383 706 1506 744 Dione
1533 707 1594 754 39,
1625 706 1682 745 10.
1715 708 1768 758 (p.
1806 708 1890 746 488.
1922 706 2094 754 stum.)-

315 773 385 825 qui
411 773 518 811 hunc
544 770 694 809 librum
721 768 844 807 refert
871 767 924 807 ad
951 780 987 807 a.
1019 780 1059 807 u.
1091 780 1127 806 c.
1157 767 1249 808 697:
1280 769 1505 820 (Κικέρων)
1531 771 1690 820 βιβλίον
1715 777 1857 822 μέντοι
1885 784 1919 807 τι
1945 769 2076 821 άπὸῥ·

314 840 439 889 ῥητοὶ]
467 836 679 882 συνέθηκε·
708 831 779 870 καὶ
806 832 1034 883 ἐπέγραψεν
1062 832 1186 879 αὐτῷ,
1215 832 1265 874 ὡς
1292 830 1361 869 καὶ
1389 831 1478 882 ssepi
1507 835 1585 869 τῶν
1614 832 1761 870 ἑαυτοῦ
1785 833 2075 884 βουλευμάτων

263 909 301 938 40
314 900 592 949 ἀπολογισμόν
630 911 722 934 τινα
761 896 909 946 ἔχοντι.
952 893 1089 933 110),λοί
1123 894 1160 933 δὲ
1189 893 1237 943 δὴ
1263 894 1334 932 καὶ
1361 894 1470 932 δεινὰ
1496 896 1534 937 ἐς
1561 894 1662 932 αὐτὸ
1689 893 1759 932 καὶ
1786 894 1876 945 περὶ
1911 896 2069 933 ἐκείνων

314 963 545 1012 (Καίσαρος
579 959 649 997 καὶ
692 960 905 1010 Κράσσου)
945 957 1016 995 καὶ
1058 956 1149 1008 περὶ
1193 956 1325 995 ἄλλων
1366 961 1484 995 τινῶν
1524 959 1727 1005 συνένησε,
1763 956 1834 995 καὶ
1860 957 1926 996 διὰ
1954 961 2073 995 τοῦτο

315 1025 529 1077 ᾳόβηθείς,
554 1021 613 1073 μὴ
639 1027 709 1059 καὶ
741 1024 886 1067 ζῶντος
913 1019 1040 1057 αὑτοῦ
1065 1022 1314 1073 ἕκιῑοιτήσῃ,
1349 1020 1665 1071 κατεσημήνατό
1688 1035 1729 1058 τε
1759 1020 1862 1058 αὐτὸ
1893 1020 1964 1058 καὶ
1991 1035 2075 1058 πα-

315 1087 454 1138 ρέδωκε
485 1088 537 1132 τῷ
567 1084 690 1133 παιδί,
724 1084 955 1133 προστάξας
989 1089 1026 1120 οἱ
1054 1082 1139 1133 μήτ’
1168 1082 1405 1132 ἀναγνῶναι
1419 1082 1521 1132 μήτε
1535 1082 1804 1134 δημοσιευσαι
1823 1081 1874 1121 τὰ
1890 1097 2072 1134 γεγραμ-

314 1150 433 1200 μένα,
459 1148 553 1196 πρὶν
583 1148 635 1184 (21¹
663 1147 909 1199 ,melajdlassrp
941 1145 1037 1191 ΟΒ.)

266 1222 302 1251 »15
418 1213 449 1250 1.
489 1211 557 1247 Aut
599 1210 634 1246 C.
682 1209 846 1246 Caesaris
874 1215 936 1244 aut
969 1209 1021 1245 M.
1056 1208 1177 1244 Crassi
1210 1204 1386 1260 [domum]
1421 1210 1613 1254 siquificat.
1668 1209 1810 1244 Etenim
1843 1210 2016 1244 acerrimi
2043 1214 2074 1244 et

312 1277 550 1323 potentissimi
589 1276 732 1318 fuerunt
778 1272 956 1309 Ciceronis
990 1274 1254 1318 resi-ayatores,
1299 1283 1378 1308 cum
1406 1273 1509 1317 petiit
1538 1272 1783 1313 consulatum,
1815 1273 1910 1317 quod
1935 1273 2010 1307 eius
2036 1273 2076 1307 in

314 1343 388 1376 dies
427 1340 568 1375 civilem
608 1349 760 1373 crescere
799 1338 1011 1382 diquitatem
1055 1337 1409 1376 animadvertebant,
1454 1341 1485 1370 et
1526 1337 1591 1371 hoc
1618 1338 1692 1381 ipse
1721 1335 1840 1372 Cicero
1868 1337 1907 1370 in
1934 1337 2076 1381 eoeposi-

315 1405 408 1438 tione
445 1402 680 1437 consiliorum
723 1411 871 1435 suorum
912 1400 1104 1444 significat.
1160 1399 1249 1434 Eius
1289 1410 1427 1444 quoque
1460 1400 1745 1442 coniurationis,
1789 1410 1880 1444 quae
1917 1398 2017 1434 Cotta
2045 1403 2076 1433 et

317 1466 498 1512 Torquato
526 1476 615 1499 coss.
645 1469 726 1498 aute
753 1474 907 1502 annum,
939 1474 1048 1507 quam
1076 1464 1162 1497 haec
1189 1464 1412 1505 dicerentur,
1442 1464 1542 1506 facta
1568 1467 1618 1497 est
1645 1474 1669 1497 a
1701 1462 1860 1497 Catilina
1880 1468 1910 1497 et
1931 1462 2073 1506 Pisone,

265 1537 302 1566 20
316 1531 437 1576 aryuit
473 1528 524 1565 M.
567 1527 733 1563 Crassum
772 1532 953 1561 auctorem
989 1527 1110 1570 fuisse.
1168 1524 1445 1571 (Asconius
1485 1523 1535 1562 ad
1564 1529 1664 1562 orat.
1696 1524 1735 1561 in
1764 1528 1855 1573 toga
1883 1521 2002 1561 cand.
2032 1534 2058 1573 p

316 1592 376 1630 83.
407 1589 519 1639 Bait.)

416 1654 450 1691 2.
490 1649 571 1690 Sed
614 1655 657 1688 ut
697 1648 830 1699 aliqua
873 1646 1135 1686 similitudine
1174 1647 1376 1686 adductus
1416 1648 1602 1686 maximis
1642 1648 1805 1687 minima
1845 1648 2073 1696 conferam,

316 1722 361 1755 ut
388 1727 479 1754 cum
507 1711 700 1752 vinolenti
729 1710 1015 1749 adolescentes
1043 1710 1231 1748 tibiarum
1262 1710 1382 1749 etiam
1410 1715 1550 1759 cantu,
1588 1715 1633 1748 ut
1669 1710 1733 1759 fit,
1777 1710 1955 1748 instincti
1982 1722 2076 1748 mu-

314 1778 425 1817 lieris
444 1776 618 1828 pudicae
639 1775 745 1813 sores
763 1775 1017 1823 frangerent,
1039 1773 1302 1812 admonuisse
1323 1772 1543 1822 tibicinam,
1573 1778 1617 1812 ut
1641 1772 1868 1824 spondeum
1890 1778 2073 1821 caneret,

267 1847 304 1877 25
317 1841 567 1892 Pythagoras
608 1837 775 1875 dicitur:
823 1835 934 1887 quod
965 1848 1056 1875 cum
1084 1835 1148 1874 illa
1178 1836 1366 1883 fecisset,
1410 1834 1599 1874 tarditate
1631 1834 1843 1874 modorum
1873 1841 1913 1874 et
1939 1835 2075 1885 gravi-

318 1909 400 1942 tate
429 1907 572 1941 cantus
599 1900 759 1938 illorum
788 1900 988 1937 furentem
1018 1898 1282 1949 petulantiam
1311 1897 1532 1937 resedisse.
1580 1898 1906 1948 (Augustinus
1935 1903 2075 1936 contra

316 1965 514 2005 Iulianum
556 1962 689 2013 Pelag.
736 1961 760 1999 l.
806 1962 848 1999 V.
893 1974 927 2000 c.
970 1963 1004 2000 5.
1037 1962 1072 2011 ξ.
1114 1961 1174 1999 23.
1220 1965 1335 1998 etex
1364 1972 1434 2010 eo,
1479 1966 1521 1998 ut
1547 1959 1722 2009 videtur,
1751 1959 1996 1999 Boethius
2025 1958 2076 1997 de

317 2029 467 2067 Musica
499 2026 522 2064 1.
556 2029 582 2064 1.
614 2039 635 2064 c
686 2030 713 2063 l.
747 2037 786 2076 p.
826 2025 928 2063 1372.
957 2023 1030 2062 Ed.
1059 2023 1177 2062 Basil.
1212 2025 1343 2071 1570.)

418 2091 453 2127 3.
498 2090 640 2139 Neque
682 2086 873 2125 adsidere
913 2086 1127 2125 Gabinium
1156 2091 1225 2124 aut
1252 2085 1400 2136 alloqui
1429 2086 1469 2123 in
1497 2085 1606 2124 curia
1635 2086 1851 2136 quisquam
1881 2084 2073 2124 audebat.

269 2152 617 2205 30(Arusianus
644 2151 862 2189 Messius
889 2162 928 2200 p.
959 2150 1042 2189 211.
1082 2147 1208 2198 Lind.)

720 2313 765 2355 X.
827 2313 1237 2355 COMMENTARIUS
1271 2313 1337 2354 DE
1371 2289 1683 2354 VlRTUTlBUS.

1068 2439 1320 2471 ADNOTATlO.

421 2556 534 2594 Hunc
561 2553 707 2592 librum
736 2551 879 2590 Cicero
907 2554 1000 2601 post
1027 2554 1110 2588 tres
1141 2549 1191 2587 de
1221 2549 1372 2587 Officiis
1401 2548 1526 2587 libros
1554 2548 1729 2600 pariter,
1764 2554 1809 2587 ut
1834 2547 2075 2587 Aristoteles

321 2625 414 2670 post
441 2619 566 2656 libros
596 2621 671 2653 τῶι·
702 2618 856 2663 ›jfflmo'm
885 2612 1126 2664 opusculum
1155 2612 1240 2661 περὶ
1273 2614 1448 2663 ἀρετῶν,
1475 2611 1650 2662 exempli
1675 2612 1912 2650 auctoritate
1941 2611 2074 2650 addu-

270 2689 307 2716 as
321 2688 430 2729 ctus,
459 2681 674 2730 scripsisse
702 2677 870 2716 Patricio
897 2674 1069 2714 videtur.
1099 2676 1182 2725 Ego
1203 2686 1296 2713 vero
1318 2674 1459 2712 dubito
1478 2705 1486 2723 ,
1507 2680 1639 2712 utrum
1661 2680 1750 2712 utro
1771 2673 1922 2712 Tullius
1944 2674 2073 2724 prius,

322 2745 419 2795 quin
459 2743 602 2781 eodeni
645 2742 728 2779 fere
757 2746 940 2790 tempore
969 2738 1111 2776 similis
1140 2738 1365 2787 argumenti
1401 2750 1503 2788 opus
1538 2738 1778 2786 confecerit,
1810 2748 1891 2774 non
1918 2735 2072 2774 dubito.

323 2807 466 2844 Nonne.

425 2869 453 2904 1.
501 2870 680 2912 Quattuor
706 2869 877 2907 virtutes,
920 2866 1131 2911 prudentia,
1163 2865 1325 2907 iustitia,
1348 2865 1545 2908 fortitudo,
1577 2864 1838 2908 temperantia,
1880 2863 1921 2897 de
1948 2862 2076 2907 quibus

318 2933 521 2978 plenissime
566 2933 601 2965 in
645 2930 858 2975 officiorum
899 2929 1004 2962 libris
1043 2923 1196 2962 Tullius
1223 2927 1411 2970 disputat,
1458 2926 1614 2961 scribens
1640 2926 1830 2970 proprium
1858 2935 1996 2970 quoque
2023 2920 2075 2959 de

270 3003 307 3033 40
322 2997 513 3042 quattuor
539 2991 756 3029 virtutibus
784 2993 930 3026 tibrum.
987 2988 1341 3037 (Hieronymus
1369 2987 1408 3024 in
1435 2986 1649 3026 Zachariae
1670 2985 1893 3037 Prophetae
1917 2985 2071 3023 Comm.

321 3056 360 3103 l,
386 3053 422 3090 2.
454 3053 559 3104 Opp.
590 3053 632 3090 T.
664 3054 699 3090 3.
730 3065 769 3102 p.
803 3051 912 3090 1715.
943 3049 1016 3088 Ed.
1046 3047 1213 3098 Bened.)

408 3243 460 3273 ΞΕ).
509 3241 580 3271 lloc
606 3240 837 3279 fragmentum
863 3240 979 3271 nescio
1004 3248 1073 3279 quo
1098 3239 1171 3269 iure
1197 3237 1240 3268 ad
1265 3236 1411 3275 librum,
1438 3246 1543 3278 quem
1569 3237 1612 3267 de
1637 3238 1708 3268 suis
1739 3234 1890 3268 consiliis
1917 3235 2074 3266 couscri-

321 3293 388 3333 psit
413 3292 554 3330 Cieero‚
581 3290 706 3321 reserat
731 3291 808 3320 (Lar.
836 3290 935 3320 Beier
958 3290 992 3321 iu
1018 3290 1187 3329 Fragmui.
1210 3289 1317 3319 Oratt.
1343 3297 1375 3328 p.
1403 3287 1477 3320 496.
1497 3288 1555 3318 On.
