<?xml version="1.0" encoding="UTF-8"?>
<!DOCTYPE html PUBLIC "-//W3C//DTD XHTML 1.0 Transitional//EN"
    "http://www.w3.org/TR/xhtml1/DTD/xhtml1-transitional.dtd">
<html xmlns="http://www.w3.org/1999/xhtml" xml:lang="en" lang="en">
 <head>
  <title>
</title>
<meta http-equiv="Content-Type" content="text/html;charset=utf-8" />
  <meta name='ocr-system' content='tesseract 3.04.00' />
  <meta name='ocr-capabilities' content='ocr_page ocr_carea ocr_par ocr_line ocrx_word'/>
</head>
<body>
  <div class='ocr_page' id='page_1' title='image "./operaquaesupersu04ciceuoft_0140.png"; bbox 0 0 2249 3624; ppageno 0'>
   <div class='ocr_carea' id='block_1_1' title="bbox 330 119 1701 164">
    <p class='ocr_par' dir='ltr' id='par_1_1' title="bbox 330 119 1701 164">
     <span class='ocr_line' id='line_1_1' title="bbox 330 119 1701 164; baseline -0.003 0"><span class='ocrx_word' id='word_1_1' title='bbox 330 122 410 164; x_wconf 72' lang='lat'>448</span> <span class='ocrx_word' id='word_1_2' title='bbox 709 123 778 163; x_wconf 90' lang='lat' dir='ltr'>DE</span> <span class='ocrx_word' id='word_1_3' title='bbox 810 121 1015 162; x_wconf 91' lang='lat' dir='ltr'>FINIBUS</span> <span class='ocrx_word' id='word_1_4' title='bbox 1047 119 1308 161; x_wconf 89' lang='lat' dir='ltr'>BONORUM</span> <span class='ocrx_word' id='word_1_5' title='bbox 1337 120 1405 160; x_wconf 90' lang='lat' dir='ltr'>ET</span> <span class='ocrx_word' id='word_1_6' title='bbox 1435 119 1701 162; x_wconf 86' lang='lat' dir='ltr'>MALORUM</span> 
     </span>
    </p>
   </div>
   <div class='ocr_carea' id='block_1_2' title="bbox 279 232 2101 2650">
    <p class='ocr_par' dir='ltr' id='par_1_2' title="bbox 282 232 2096 1097">
     <span class='ocr_line' id='line_1_2' title="bbox 332 232 2090 288; baseline -0.001 -12"><span class='ocrx_word' id='word_1_7' title='bbox 332 241 374 276; x_wconf 87' lang='lat' dir='ltr'>et</span> <span class='ocrx_word' id='word_1_8' title='bbox 403 236 455 276; x_wconf 93' lang='lat' dir='ltr'>de</span> <span class='ocrx_word' id='word_1_9' title='bbox 486 240 527 275; x_wconf 91' lang='lat' dir='ltr'>te</span> <span class='ocrx_word' id='word_1_10' title='bbox 558 235 650 288; x_wconf 91' lang='lat' dir='ltr'>ipso</span> <span class='ocrx_word' id='word_1_11' title='bbox 683 234 794 274; x_wconf 92' lang='lat' dir='ltr'>dices</span> <span class='ocrx_word' id='word_1_12' title='bbox 825 246 940 273; x_wconf 89' lang='lat' dir='ltr'>more</span> <span class='ocrx_word' id='word_1_13' title='bbox 971 233 1175 272; x_wconf 87' lang='lat' dir='ltr'>maiorum</span> <span class='ocrx_word' id='word_1_14' title='bbox 1197 254 1250 261; x_wconf 96' lang='lat'><strong>—</strong></span> <span class='ocrx_word' id='word_1_15' title='bbox 1259 232 1402 286; x_wconf 88' lang='lat' dir='ltr'>,quid</span> <span class='ocrx_word' id='word_1_16' title='bbox 1433 232 1629 273; x_wconf 89' lang='lat' dir='ltr'>merearis</span> <span class='ocrx_word' id='word_1_17' title='bbox 1659 232 1805 284; x_wconf 89' lang='lat' dir='ltr'>igitur,</span> <span class='ocrx_word' id='word_1_18' title='bbox 1836 236 1882 272; x_wconf 87' lang='lat' dir='ltr'>ut</span> <span class='ocrx_word' id='word_1_19' title='bbox 1911 232 2025 273; x_wconf 91' lang='lat' dir='ltr'>dicas</span> <span class='ocrx_word' id='word_1_20' title='bbox 2050 239 2090 274; x_wconf 90' lang='lat' dir='ltr'>te</span> 
     </span>
     <span class='ocr_line' id='line_1_3' title="bbox 332 294 2090 350; baseline -0.002 -12"><span class='ocrx_word' id='word_1_21' title='bbox 332 299 375 338; x_wconf 92' lang='lat' dir='ltr'>in</span> <span class='ocrx_word' id='word_1_22' title='bbox 408 312 457 338; x_wconf 90' lang='lat' dir='ltr'>eo</span> <span class='ocrx_word' id='word_1_23' title='bbox 490 298 731 350; x_wconf 88' lang='lat' dir='ltr'>magistratu</span> <span class='ocrx_word' id='word_1_24' title='bbox 763 295 902 334; x_wconf 90' lang='lat' dir='ltr'>omnia</span> <span class='ocrx_word' id='word_1_25' title='bbox 924 294 1147 347; x_wconf 88' lang='lat' dir='ltr'>voluptatis</span> <span class='ocrx_word' id='word_1_26' title='bbox 1180 308 1303 335; x_wconf 89' lang='lat' dir='ltr'>causa</span> <span class='ocrx_word' id='word_1_27' title='bbox 1332 294 1535 335; x_wconf 83' lang='lat' dir='ltr'>facturum</span> <span class='ocrx_word' id='word_1_28' title='bbox 1558 307 1649 334; x_wconf 89' lang='lat' dir='ltr'>esse</span> <span class='ocrx_word' id='word_1_29' title='bbox 1670 299 1796 347; x_wconf 88' lang='lat' dir='ltr'>teque</span> <span class='ocrx_word' id='word_1_30' title='bbox 1817 295 1923 334; x_wconf 87' lang='lat' dir='ltr'>nihil</span> <span class='ocrx_word' id='word_1_31' title='bbox 1940 294 2090 336; x_wconf 88' lang='lat' dir='ltr'>fecisse</span> 
     </span>
     <span class='ocr_line' id='line_1_4' title="bbox 333 357 2093 410; baseline -0.002 -10"><span class='ocrx_word' id='word_1_32' title='bbox 333 361 376 400; x_wconf 91' lang='lat' dir='ltr'>in</span> <span class='ocrx_word' id='word_1_33' title='bbox 408 361 493 400; x_wconf 91' lang='lat' dir='ltr'>vita</span> <span class='ocrx_word' id='word_1_34' title='bbox 522 359 601 399; x_wconf 91' lang='lat' dir='ltr'>nisi</span> <span class='ocrx_word' id='word_1_35' title='bbox 631 357 858 410; x_wconf 88' lang='lat' dir='ltr'>voluptatis</span> <span class='ocrx_word' id='word_1_36' title='bbox 890 358 1042 397; x_wconf 72' lang='lat' dir='ltr'>causa?</span> <span class='ocrx_word' id='word_1_37' title='bbox 1091 357 1155 396; x_wconf 91' lang='lat' dir='ltr'>An</span> <span class='ocrx_word' id='word_1_38' title='bbox 1186 370 1269 404; x_wconf 92' lang='lat' dir='ltr'>me,</span> <span class='ocrx_word' id='word_1_39' title='bbox 1311 357 1472 409; x_wconf 87' lang='lat' dir='ltr'>inquis,</span> <span class='ocrx_word' id='word_1_40' title='bbox 1510 362 1594 396; x_wconf 88' lang='lat' dir='ltr'>tam</span> <span class='ocrx_word' id='word_1_41' title='bbox 1625 361 1833 396; x_wconf 84' lang='lat' dir='ltr'>amentem</span> <span class='ocrx_word' id='word_1_42' title='bbox 1863 360 2007 409; x_wconf 90' lang='lat' dir='ltr'>putas,</span> <span class='ocrx_word' id='word_1_43' title='bbox 2048 363 2093 397; x_wconf 90' lang='lat' dir='ltr'>ut</span> 
     </span>
     <span class='ocr_line' id='line_1_5' title="bbox 333 417 2092 475; baseline -0.001 -14"><span class='ocrx_word' id='word_1_44' title='bbox 333 421 444 475; x_wconf 91' lang='lat' dir='ltr'>apud</span> <span class='ocrx_word' id='word_1_45' title='bbox 474 420 691 474; x_wconf 90' lang='lat' dir='ltr'>imperitos</span> <span class='ocrx_word' id='word_1_46' title='bbox 722 419 802 459; x_wconf 92' lang='lat' dir='ltr'>isto</span> <span class='ocrx_word' id='word_1_47' title='bbox 836 419 960 459; x_wconf 89' lang='lat' dir='ltr'>modo</span> <span class='ocrx_word' id='word_1_48' title='bbox 991 418 1168 472; x_wconf 76' lang='lat' dir='ltr'>loquar?</span> <span class='ocrx_word' id='word_1_49' title='bbox 1208 421 1261 459; x_wconf 93' lang='lat' dir='ltr'>At</span> <span class='ocrx_word' id='word_1_50' title='bbox 1290 425 1335 459; x_wconf 88' lang='lat' dir='ltr'>tu</span> <span class='ocrx_word' id='word_1_51' title='bbox 1366 419 1509 458; x_wconf 90' lang='lat' dir='ltr'>eadem</span> <span class='ocrx_word' id='word_1_52' title='bbox 1542 418 1619 457; x_wconf 85' lang='lat' dir='ltr'>ista</span> <span class='ocrx_word' id='word_1_53' title='bbox 1651 417 1717 457; x_wconf 89' lang='lat' dir='ltr'>dic</span> <span class='ocrx_word' id='word_1_54' title='bbox 1746 418 1789 457; x_wconf 92' lang='lat' dir='ltr'>in</span> <span class='ocrx_word' id='word_1_55' title='bbox 1820 418 1978 459; x_wconf 90' lang='lat' dir='ltr'>iudicio</span> <span class='ocrx_word' id='word_1_56' title='bbox 2008 424 2092 466; x_wconf 91' lang='lat' dir='ltr'>aut,</span> 
     </span>
     <span class='ocr_line' id='line_1_6' title="bbox 301 479 2093 534; baseline -0.001 -12"><span class='ocrx_word' id='word_1_57' title='bbox 301 485 368 524; x_wconf 83' lang='lat' dir='ltr'>5si</span> <span class='ocrx_word' id='word_1_58' title='bbox 399 496 593 523; x_wconf 90' lang='lat' dir='ltr'>coronam</span> <span class='ocrx_word' id='word_1_59' title='bbox 623 482 764 529; x_wconf 91' lang='lat' dir='ltr'>times,</span> <span class='ocrx_word' id='word_1_60' title='bbox 797 482 860 521; x_wconf 90' lang='lat' dir='ltr'>dic</span> <span class='ocrx_word' id='word_1_61' title='bbox 890 483 933 522; x_wconf 94' lang='lat' dir='ltr'>in</span> <span class='ocrx_word' id='word_1_62' title='bbox 964 486 1132 521; x_wconf 88' lang='lat' dir='ltr'>senatu:</span> <span class='ocrx_word' id='word_1_63' title='bbox 1164 494 1391 534; x_wconf 81' lang='lat' dir='ltr'>numquam</span> <span class='ocrx_word' id='word_1_64' title='bbox 1422 480 1564 519; x_wconf 86' lang='lat' dir='ltr'>facies.</span> <span class='ocrx_word' id='word_1_65' title='bbox 1618 479 1718 527; x_wconf 88' lang='lat' dir='ltr'>Cur,</span> <span class='ocrx_word' id='word_1_66' title='bbox 1751 480 1833 520; x_wconf 88' lang='lat' dir='ltr'>nisi</span> <span class='ocrx_word' id='word_1_67' title='bbox 1867 480 1980 534; x_wconf 91' lang='lat' dir='ltr'>quod</span> <span class='ocrx_word' id='word_1_68' title='bbox 2007 485 2093 520; x_wconf 89' lang='lat' dir='ltr'>tur-</span> 
     </span>
     <span class='ocr_line' id='line_1_7' title="bbox 332 542 2093 599; baseline -0.001 -15"><span class='ocrx_word' id='word_1_69' title='bbox 332 545 396 599; x_wconf 88' lang='lat' dir='ltr'>pis</span> <span class='ocrx_word' id='word_1_70' title='bbox 438 543 569 583; x_wconf 90' lang='lat' dir='ltr'>oratio</span> <span class='ocrx_word' id='word_1_71' title='bbox 613 546 703 584; x_wconf 76' lang='lat' dir='ltr'>est?</span> <span class='ocrx_word' id='word_1_72' title='bbox 751 545 872 584; x_wconf 84' lang='lat' dir='ltr'>Mene</span> <span class='ocrx_word' id='word_1_73' title='bbox 912 556 1010 596; x_wconf 86' lang='lat' dir='ltr'>ergo</span> <span class='ocrx_word' id='word_1_74' title='bbox 1050 548 1092 583; x_wconf 92' lang='lat' dir='ltr'>et</span> <span class='ocrx_word' id='word_1_75' title='bbox 1132 544 1338 583; x_wconf 89' lang='lat' dir='ltr'>Triarium</span> <span class='ocrx_word' id='word_1_76' title='bbox 1381 543 1531 594; x_wconf 89' lang='lat' dir='ltr'>dignos</span> <span class='ocrx_word' id='word_1_77' title='bbox 1570 542 1803 590; x_wconf 83' lang='lat' dir='ltr'>existimas,</span> <span class='ocrx_word' id='word_1_78' title='bbox 1844 543 1955 595; x_wconf 87' lang='lat' dir='ltr'>apud</span> <span class='ocrx_word' id='word_1_79' title='bbox 1986 556 2093 596; x_wconf 91' lang='lat' dir='ltr'>quos</span> 
     </span>
     <span class='ocr_line' id='line_1_8' title="bbox 333 606 744 661; baseline -0.007 -13"><span class='ocrx_word' id='word_1_80' title='bbox 333 607 511 661; x_wconf 84' lang='lat' dir='ltr'>turpiter</span> <span class='ocrx_word' id='word_1_81' title='bbox 538 606 744 660; x_wconf 72' lang='lat' dir='ltr'>loquare?</span> 
     </span>
     <span class='ocr_line' id='line_1_9' title="bbox 445 666 2096 720; baseline -0.002 -11"><span class='ocrx_word' id='word_1_82' title='bbox 445 669 601 709; x_wconf 86' lang='lat' dir='ltr'>XXIII.</span> <span class='ocrx_word' id='word_1_83' title='bbox 632 666 699 707; x_wconf 79' lang='lat'>75.</span> <span class='ocrx_word' id='word_1_84' title='bbox 730 669 885 708; x_wconf 88' lang='lat' dir='ltr'>Verum</span> <span class='ocrx_word' id='word_1_85' title='bbox 917 674 1032 709; x_wconf 86' lang='lat' dir='ltr'>esto:</span> <span class='ocrx_word' id='word_1_86' title='bbox 1068 668 1239 708; x_wconf 85' lang='lat' dir='ltr'>verbum</span> <span class='ocrx_word' id='word_1_87' title='bbox 1270 668 1405 720; x_wconf 88' lang='lat' dir='ltr'>ipsum</span> <span class='ocrx_word' id='word_1_88' title='bbox 1436 666 1661 719; x_wconf 88' lang='lat' dir='ltr'>voluptatis</span> <span class='ocrx_word' id='word_1_89' title='bbox 1692 680 1776 708; x_wconf 87' lang='lat' dir='ltr'>non</span> <span class='ocrx_word' id='word_1_90' title='bbox 1805 667 1931 707; x_wconf 88' lang='lat' dir='ltr'>habet</span> <span class='ocrx_word' id='word_1_91' title='bbox 1960 666 2096 720; x_wconf 89' lang='lat' dir='ltr'>digni-</span> 
     </span>
     <span class='ocr_line' id='line_1_10' title="bbox 333 728 2095 783; baseline -0.003 -10"><span class='ocrx_word' id='word_1_92' title='bbox 333 737 480 780; x_wconf 89' lang='lat' dir='ltr'>tatem,</span> <span class='ocrx_word' id='word_1_93' title='bbox 520 744 597 771; x_wconf 88' lang='lat' dir='ltr'>nec</span> <span class='ocrx_word' id='word_1_94' title='bbox 639 744 716 771; x_wconf 89' lang='lat' dir='ltr'>nos</span> <span class='ocrx_word' id='word_1_95' title='bbox 746 730 924 770; x_wconf 87' lang='lat' dir='ltr'>fortasse</span> <span class='ocrx_word' id='word_1_96' title='bbox 955 731 1261 783; x_wconf 85' lang='lat' dir='ltr'>intellegimus:</span> <span class='ocrx_word' id='word_1_97' title='bbox 1303 729 1381 768; x_wconf 86' lang='lat' dir='ltr'>hoc</span> <span class='ocrx_word' id='word_1_98' title='bbox 1413 728 1524 768; x_wconf 90' lang='lat' dir='ltr'>enim</span> <span class='ocrx_word' id='word_1_99' title='bbox 1554 728 1783 769; x_wconf 87' lang='lat' dir='ltr'>identidem</span> <span class='ocrx_word' id='word_1_100' title='bbox 1814 729 1970 775; x_wconf 87' lang='lat' dir='ltr'>dicitis,</span> <span class='ocrx_word' id='word_1_101' title='bbox 2012 743 2095 769; x_wconf 90' lang='lat' dir='ltr'>non</span> 
     </span>
     <span class='ocr_line' id='line_1_11' title="bbox 282 790 2096 846; baseline -0.001 -13"><span class='ocrx_word' id='word_1_102' title='bbox 282 794 577 846; x_wconf 64' lang='lat' dir='ltr'>lointellegere</span> <span class='ocrx_word' id='word_1_103' title='bbox 615 806 714 840; x_wconf 91' lang='grc'>1105,</span> <span class='ocrx_word' id='word_1_104' title='bbox 758 806 882 846; x_wconf 87' lang='lat' dir='ltr'>quam</span> <span class='ocrx_word' id='word_1_105' title='bbox 923 794 1070 834; x_wconf 86' lang='lat' dir='ltr'>dicatis</span> <span class='ocrx_word' id='word_1_106' title='bbox 1109 792 1382 844; x_wconf 79' lang='lat' dir='ltr'>voluptatem.</span> <span class='ocrx_word' id='word_1_107' title='bbox 1442 792 1545 831; x_wconf 86' lang='lat' dir='ltr'>Rem</span> <span class='ocrx_word' id='word_1_108' title='bbox 1584 791 1782 832; x_wconf 88' lang='lat' dir='ltr'>videlicet</span> <span class='ocrx_word' id='word_1_109' title='bbox 1812 790 2022 831; x_wconf 88' lang='lat' dir='ltr'>difficilem</span> <span class='ocrx_word' id='word_1_110' title='bbox 2056 798 2096 832; x_wconf 87' lang='lat' dir='ltr'>et</span> 
     </span>
     <span class='ocr_line' id='line_1_12' title="bbox 331 854 2096 907; baseline -0.002 -10"><span class='ocrx_word' id='word_1_111' title='bbox 331 856 573 898; x_wconf 81' lang='lat' dir='ltr'>obscuram!</span> <span class='ocrx_word' id='word_1_112' title='bbox 619 855 843 895; x_wconf 90' lang='lat' dir='ltr'>Individua</span> <span class='ocrx_word' id='word_1_113' title='bbox 881 869 975 895; x_wconf 88' lang='lat' dir='ltr'>cum</span> <span class='ocrx_word' id='word_1_114' title='bbox 1016 855 1152 894; x_wconf 90' lang='lat' dir='ltr'>dicitis</span> <span class='ocrx_word' id='word_1_115' title='bbox 1192 860 1232 893; x_wconf 91' lang='lat' dir='ltr'>et</span> <span class='ocrx_word' id='word_1_116' title='bbox 1271 854 1570 901; x_wconf 87' lang='lat' dir='ltr'>intermundia,</span> <span class='ocrx_word' id='word_1_117' title='bbox 1610 867 1718 907; x_wconf 90' lang='lat' dir='ltr'>quae</span> <span class='ocrx_word' id='word_1_118' title='bbox 1756 867 1833 894; x_wconf 87' lang='lat' dir='ltr'>nec</span> <span class='ocrx_word' id='word_1_119' title='bbox 1877 859 1974 894; x_wconf 89' lang='lat' dir='ltr'>sunt</span> <span class='ocrx_word' id='word_1_120' title='bbox 2010 854 2096 894; x_wconf 90' lang='lat' dir='ltr'>ulla</span> 
     </span>
     <span class='ocr_line' id='line_1_13' title="bbox 330 916 2096 971; baseline -0.001 -13"><span class='ocrx_word' id='word_1_121' title='bbox 330 932 408 958; x_wconf 92' lang='lat' dir='ltr'>nec</span> <span class='ocrx_word' id='word_1_122' title='bbox 437 922 614 971; x_wconf 90' lang='lat' dir='ltr'>possunt</span> <span class='ocrx_word' id='word_1_123' title='bbox 644 931 758 965; x_wconf 90' lang='lat' dir='ltr'>esse,</span> <span class='ocrx_word' id='word_1_124' title='bbox 787 918 1093 971; x_wconf 85' lang='lat' dir='ltr'>intellegimus:</span> <span class='ocrx_word' id='word_1_125' title='bbox 1129 917 1344 970; x_wconf 90' lang='lat' dir='ltr'>voluptas,</span> <span class='ocrx_word' id='word_1_126' title='bbox 1376 929 1483 968; x_wconf 88' lang='lat' dir='ltr'>quae</span> <span class='ocrx_word' id='word_1_127' title='bbox 1513 916 1752 969; x_wconf 83' lang='lat' dir='ltr'>passeribus</span> <span class='ocrx_word' id='word_1_128' title='bbox 1783 921 1883 956; x_wconf 88' lang='lat' dir='ltr'>nota</span> <span class='ocrx_word' id='word_1_129' title='bbox 1914 922 1976 956; x_wconf 90' lang='lat' dir='ltr'>est</span> <span class='ocrx_word' id='word_1_130' title='bbox 2007 930 2096 956; x_wconf 90' lang='lat' dir='ltr'>om-</span> 
     </span>
     <span class='ocr_line' id='line_1_14' title="bbox 330 976 2095 1032; baseline -0.001 -12"><span class='ocrx_word' id='word_1_131' title='bbox 330 981 472 1028; x_wconf 90' lang='lat' dir='ltr'>nibus,</span> <span class='ocrx_word' id='word_1_132' title='bbox 503 993 527 1020; x_wconf 91' lang='lat' dir='ltr'>a</span> <span class='ocrx_word' id='word_1_133' title='bbox 556 980 678 1020; x_wconf 89' lang='lat' dir='ltr'>nobis</span> <span class='ocrx_word' id='word_1_134' title='bbox 709 980 897 1032; x_wconf 86' lang='lat' dir='ltr'>intellegi</span> <span class='ocrx_word' id='word_1_135' title='bbox 927 993 1013 1019; x_wconf 90' lang='grc'>11011</span> <span class='ocrx_word' id='word_1_136' title='bbox 1042 980 1209 1032; x_wconf 75' lang='lat' dir='ltr'>potest?</span> <span class='ocrx_word' id='word_1_137' title='bbox 1248 977 1386 1026; x_wconf 72' lang='lat' dir='ltr'>Quid?</span> <span class='ocrx_word' id='word_1_138' title='bbox 1423 977 1458 1016; x_wconf 88' lang='lat' dir='ltr'>si</span> <span class='ocrx_word' id='word_1_139' title='bbox 1487 976 1624 1018; x_wconf 87' lang='lat' dir='ltr'>efficio</span> <span class='ocrx_word' id='word_1_140' title='bbox 1656 983 1701 1018; x_wconf 91' lang='lat' dir='ltr'>ut</span> <span class='ocrx_word' id='word_1_141' title='bbox 1730 978 1886 1019; x_wconf 82' lang='lat' dir='ltr'>fateare</span> <span class='ocrx_word' id='word_1_142' title='bbox 1914 992 1980 1018; x_wconf 91' lang='lat' dir='ltr'>me</span> <span class='ocrx_word' id='word_1_143' title='bbox 2009 992 2095 1018; x_wconf 91' lang='lat' dir='ltr'>non</span> 
     </span>
     <span class='ocr_line' id='line_1_15' title="bbox 330 1039 2095 1097; baseline -0.001 -14"><span class='ocrx_word' id='word_1_144' title='bbox 330 1043 456 1084; x_wconf 91' lang='lat' dir='ltr'>modo</span> <span class='ocrx_word' id='word_1_145' title='bbox 489 1043 591 1097; x_wconf 89' lang='lat' dir='ltr'>quid</span> <span class='ocrx_word' id='word_1_146' title='bbox 623 1043 677 1082; x_wconf 90' lang='lat' dir='ltr'>sit</span> <span class='ocrx_word' id='word_1_147' title='bbox 706 1043 899 1095; x_wconf 89' lang='lat' dir='ltr'>voluptas</span> <span class='ocrx_word' id='word_1_148' title='bbox 930 1042 1036 1082; x_wconf 90' lang='lat' dir='ltr'>scire</span> <span class='ocrx_word' id='word_1_149' title='bbox 1069 1063 1120 1070; x_wconf 82' lang='lat'>—</span> <span class='ocrx_word' id='word_1_150' title='bbox 1152 1045 1215 1079; x_wconf 89' lang='lat' dir='ltr'>est</span> <span class='ocrx_word' id='word_1_151' title='bbox 1245 1040 1355 1079; x_wconf 90' lang='lat' dir='ltr'>enim</span> <span class='ocrx_word' id='word_1_152' title='bbox 1387 1039 1594 1079; x_wconf 90' lang='lat' dir='ltr'>iucundus</span> <span class='ocrx_word' id='word_1_153' title='bbox 1626 1045 1764 1080; x_wconf 91' lang='lat' dir='ltr'>motus</span> <span class='ocrx_word' id='word_1_154' title='bbox 1796 1041 1839 1080; x_wconf 91' lang='lat' dir='ltr'>in</span> <span class='ocrx_word' id='word_1_155' title='bbox 1871 1054 1998 1081; x_wconf 90' lang='lat' dir='ltr'>sensu</span> <span class='ocrx_word' id='word_1_156' title='bbox 2028 1062 2095 1088; x_wconf 91' lang='lat'>—,</span> 
     </span>
    </p>

    <p class='ocr_par' dir='ltr' id='par_1_3' title="bbox 282 1102 2099 1406">
     <span class='ocr_line' id='line_1_16' title="bbox 282 1102 2096 1157; baseline -0.002 -12"><span class='ocrx_word' id='word_1_157' title='bbox 282 1116 318 1145; x_wconf 76' lang='grc'>15</span> <span class='ocrx_word' id='word_1_158' title='bbox 332 1106 406 1148; x_wconf 90' lang='lat' dir='ltr'>sed</span> <span class='ocrx_word' id='word_1_159' title='bbox 446 1106 592 1153; x_wconf 91' lang='lat' dir='ltr'>etiam,</span> <span class='ocrx_word' id='word_1_160' title='bbox 635 1105 737 1157; x_wconf 89' lang='lat' dir='ltr'>quid</span> <span class='ocrx_word' id='word_1_161' title='bbox 771 1118 859 1145; x_wconf 90' lang='lat' dir='ltr'>eam</span> <span class='ocrx_word' id='word_1_162' title='bbox 898 1109 942 1144; x_wconf 92' lang='lat' dir='ltr'>tu</span> <span class='ocrx_word' id='word_1_163' title='bbox 972 1104 1075 1144; x_wconf 90' lang='lat' dir='ltr'>velis</span> <span class='ocrx_word' id='word_1_164' title='bbox 1108 1104 1231 1143; x_wconf 75' lang='lat' dir='ltr'>esse?</span> <span class='ocrx_word' id='word_1_165' title='bbox 1275 1103 1379 1141; x_wconf 89' lang='lat' dir='ltr'>Tum</span> <span class='ocrx_word' id='word_1_166' title='bbox 1411 1102 1522 1142; x_wconf 88' lang='lat' dir='ltr'>enim</span> <span class='ocrx_word' id='word_1_167' title='bbox 1555 1115 1644 1142; x_wconf 90' lang='lat' dir='ltr'>eam</span> <span class='ocrx_word' id='word_1_168' title='bbox 1676 1103 1810 1155; x_wconf 87' lang='lat' dir='ltr'>ipsam</span> <span class='ocrx_word' id='word_1_169' title='bbox 1841 1103 1924 1151; x_wconf 90' lang='lat' dir='ltr'>vis,</span> <span class='ocrx_word' id='word_1_170' title='bbox 1971 1115 2096 1156; x_wconf 90' lang='lat' dir='ltr'>quam</span> 
     </span>
     <span class='ocr_line' id='line_1_17' title="bbox 331 1164 2098 1222; baseline -0.003 -12"><span class='ocrx_word' id='word_1_171' title='bbox 331 1169 455 1210; x_wconf 90' lang='lat' dir='ltr'>modo</span> <span class='ocrx_word' id='word_1_172' title='bbox 498 1182 574 1222; x_wconf 90' lang='lat' dir='ltr'>ego</span> <span class='ocrx_word' id='word_1_173' title='bbox 617 1168 725 1214; x_wconf 80' lang='lat' dir='ltr'>dixi,</span> <span class='ocrx_word' id='word_1_174' title='bbox 773 1172 813 1206; x_wconf 90' lang='lat' dir='ltr'>et</span> <span class='ocrx_word' id='word_1_175' title='bbox 853 1180 1008 1206; x_wconf 88' lang='lat' dir='ltr'>nomen</span> <span class='ocrx_word' id='word_1_176' title='bbox 1047 1165 1247 1218; x_wconf 87' lang='lat' dir='ltr'>imponis,</span> <span class='ocrx_word' id='word_1_177' title='bbox 1290 1165 1332 1203; x_wconf 89' lang='lat' dir='ltr'>in</span> <span class='ocrx_word' id='word_1_178' title='bbox 1372 1169 1489 1204; x_wconf 90' lang='lat' dir='ltr'>motu</span> <span class='ocrx_word' id='word_1_179' title='bbox 1529 1170 1575 1204; x_wconf 89' lang='lat' dir='ltr'>ut</span> <span class='ocrx_word' id='word_1_180' title='bbox 1605 1165 1658 1204; x_wconf 89' lang='lat' dir='ltr'>sit</span> <span class='ocrx_word' id='word_1_181' title='bbox 1689 1169 1729 1204; x_wconf 91' lang='lat' dir='ltr'>et</span> <span class='ocrx_word' id='word_1_182' title='bbox 1758 1164 1884 1205; x_wconf 85' lang='lat' dir='ltr'>faciat</span> <span class='ocrx_word' id='word_1_183' title='bbox 1913 1165 2098 1219; x_wconf 86' lang='lat' dir='ltr'>aliquam</span> 
     </span>
     <span class='ocr_line' id='line_1_18' title="bbox 333 1226 2099 1282; baseline -0.004 -10"><span class='ocrx_word' id='word_1_184' title='bbox 333 1232 592 1279; x_wconf 86' lang='lat' dir='ltr'>varietatem,</span> <span class='ocrx_word' id='word_1_185' title='bbox 636 1236 724 1270; x_wconf 89' lang='lat' dir='ltr'>tum</span> <span class='ocrx_word' id='word_1_186' title='bbox 765 1230 889 1269; x_wconf 89' lang='lat' dir='ltr'>aliam</span> <span class='ocrx_word' id='word_1_187' title='bbox 929 1228 1139 1282; x_wconf 90' lang='lat' dir='ltr'>quandam</span> <span class='ocrx_word' id='word_1_188' title='bbox 1180 1240 1382 1267; x_wconf 89' lang='lat' dir='ltr'>summam</span> <span class='ocrx_word' id='word_1_189' title='bbox 1421 1226 1702 1279; x_wconf 81' lang='lat' dir='ltr'>voluptatem,</span> <span class='ocrx_word' id='word_1_190' title='bbox 1750 1241 1834 1280; x_wconf 91' lang='lat' dir='ltr'>quo</span> <span class='ocrx_word' id='word_1_191' title='bbox 1865 1227 1962 1267; x_wconf 89' lang='lat' dir='ltr'>addi</span> <span class='ocrx_word' id='word_1_192' title='bbox 1992 1226 2099 1266; x_wconf 90' lang='lat' dir='ltr'>nihil</span> 
     </span>
     <span class='ocr_line' id='line_1_19' title="bbox 331 1289 2098 1347; baseline -0.003 -14"><span class='ocrx_word' id='word_1_193' title='bbox 331 1294 488 1347; x_wconf 91' lang='lat' dir='ltr'>possit:</span> <span class='ocrx_word' id='word_1_194' title='bbox 519 1307 610 1334; x_wconf 89' lang='lat' dir='ltr'>eam</span> <span class='ocrx_word' id='word_1_195' title='bbox 634 1292 728 1332; x_wconf 79' lang='lat' dir='ltr'>&#39;tum</span> <span class='ocrx_word' id='word_1_196' title='bbox 759 1291 926 1338; x_wconf 88' lang='lat' dir='ltr'>adesse,</span> <span class='ocrx_word' id='word_1_197' title='bbox 959 1305 1051 1330; x_wconf 90' lang='lat' dir='ltr'>cum</span> <span class='ocrx_word' id='word_1_198' title='bbox 1084 1290 1202 1329; x_wconf 88' lang='lat' dir='ltr'>dolor</span> <span class='ocrx_word' id='word_1_199' title='bbox 1232 1289 1366 1329; x_wconf 90' lang='lat' dir='ltr'>omnis</span> <span class='ocrx_word' id='word_1_200' title='bbox 1395 1289 1524 1328; x_wconf 89' lang='lat' dir='ltr'>absit:</span> <span class='ocrx_word' id='word_1_201' title='bbox 1557 1303 1645 1329; x_wconf 88' lang='lat' dir='ltr'>eam</span> <span class='ocrx_word' id='word_1_202' title='bbox 1677 1290 1865 1329; x_wconf 89' lang='lat' dir='ltr'>stabilem</span> <span class='ocrx_word' id='word_1_203' title='bbox 1897 1289 2098 1342; x_wconf 86' lang='lat' dir='ltr'>appellas.</span> 
     </span>
     <span class='ocr_line' id='line_1_20' title="bbox 330 1350 2098 1406; baseline -0.003 -11"><span class='ocrx_word' id='word_1_204' title='bbox 330 1354 398 1395; x_wconf 83' lang='lat'>76.</span> <span class='ocrx_word' id='word_1_205' title='bbox 430 1355 493 1395; x_wconf 87' lang='lat' dir='ltr'>Sit</span> <span class='ocrx_word' id='word_1_206' title='bbox 523 1369 623 1396; x_wconf 91' lang='lat' dir='ltr'>sane</span> <span class='ocrx_word' id='word_1_207' title='bbox 654 1355 734 1394; x_wconf 90' lang='lat' dir='ltr'>ista</span> <span class='ocrx_word' id='word_1_208' title='bbox 763 1354 972 1406; x_wconf 87' lang='lat' dir='ltr'>voluptas.</span> <span class='ocrx_word' id='word_1_209' title='bbox 1023 1353 1099 1392; x_wconf 89' lang='lat' dir='ltr'>Dic</span> <span class='ocrx_word' id='word_1_210' title='bbox 1130 1352 1172 1391; x_wconf 91' lang='lat' dir='ltr'>in</span> <span class='ocrx_word' id='word_1_211' title='bbox 1204 1353 1352 1405; x_wconf 90' lang='lat' dir='ltr'>quovis</span> <span class='ocrx_word' id='word_1_212' title='bbox 1384 1357 1593 1391; x_wconf 86' lang='lat' dir='ltr'>conventu</span> <span class='ocrx_word' id='word_1_213' title='bbox 1622 1357 1662 1391; x_wconf 89' lang='lat' dir='ltr'>te</span> <span class='ocrx_word' id='word_1_214' title='bbox 1694 1352 1834 1392; x_wconf 88' lang='lat' dir='ltr'>omnia</span> <span class='ocrx_word' id='word_1_215' title='bbox 1862 1350 2015 1398; x_wconf 89' lang='lat' dir='ltr'>facere,</span> <span class='ocrx_word' id='word_1_216' title='bbox 2046 1364 2098 1390; x_wconf 93' lang='lat' dir='ltr'>ne</span> 
     </span>
    </p>

    <p class='ocr_par' dir='ltr' id='par_1_4' title="bbox 281 1413 2101 1720">
     <span class='ocr_line' id='line_1_21' title="bbox 281 1413 2099 1468; baseline -0.002 -12"><span class='ocrx_word' id='word_1_217' title='bbox 281 1429 317 1457; x_wconf 75' lang='lat'>20</span> <span class='ocrx_word' id='word_1_218' title='bbox 331 1418 489 1458; x_wconf 87' lang='lat' dir='ltr'>doleas.</span> <span class='ocrx_word' id='word_1_219' title='bbox 541 1418 582 1457; x_wconf 91' lang='lat' dir='ltr'>Si</span> <span class='ocrx_word' id='word_1_220' title='bbox 612 1430 665 1457; x_wconf 91' lang='lat' dir='ltr'>ne</span> <span class='ocrx_word' id='word_1_221' title='bbox 696 1417 775 1456; x_wconf 90' lang='lat' dir='ltr'>hoc</span> <span class='ocrx_word' id='word_1_222' title='bbox 805 1416 975 1468; x_wconf 89' lang='lat' dir='ltr'>quidem</span> <span class='ocrx_word' id='word_1_223' title='bbox 1007 1415 1107 1454; x_wconf 89' lang='lat' dir='ltr'>satis</span> <span class='ocrx_word' id='word_1_224' title='bbox 1138 1414 1296 1467; x_wconf 87' lang='lat' dir='ltr'>ample,</span> <span class='ocrx_word' id='word_1_225' title='bbox 1338 1414 1438 1453; x_wconf 90' lang='lat' dir='ltr'>satis</span> <span class='ocrx_word' id='word_1_226' title='bbox 1469 1414 1644 1454; x_wconf 85' lang='lat' dir='ltr'>honeste</span> <span class='ocrx_word' id='word_1_227' title='bbox 1676 1414 1758 1454; x_wconf 90' lang='lat' dir='ltr'>dici</span> <span class='ocrx_word' id='word_1_228' title='bbox 1789 1419 1930 1467; x_wconf 91' lang='lat' dir='ltr'>putas,</span> <span class='ocrx_word' id='word_1_229' title='bbox 1962 1413 2029 1453; x_wconf 92' lang='lat' dir='ltr'>dic</span> <span class='ocrx_word' id='word_1_230' title='bbox 2057 1418 2099 1453; x_wconf 89' lang='lat' dir='ltr'>te</span> 
     </span>
     <span class='ocr_line' id='line_1_22' title="bbox 331 1474 2098 1530; baseline -0.004 -9"><span class='ocrx_word' id='word_1_231' title='bbox 331 1480 473 1521; x_wconf 87' lang='lat' dir='ltr'>omnia</span> <span class='ocrx_word' id='word_1_232' title='bbox 511 1484 551 1520; x_wconf 89' lang='lat' dir='ltr'>et</span> <span class='ocrx_word' id='word_1_233' title='bbox 588 1480 632 1519; x_wconf 93' lang='lat' dir='ltr'>in</span> <span class='ocrx_word' id='word_1_234' title='bbox 671 1479 751 1519; x_wconf 91' lang='lat' dir='ltr'>isto</span> <span class='ocrx_word' id='word_1_235' title='bbox 782 1478 1026 1530; x_wconf 85' lang='lat' dir='ltr'>magistratu</span> <span class='ocrx_word' id='word_1_236' title='bbox 1058 1482 1099 1516; x_wconf 89' lang='lat' dir='ltr'>et</span> <span class='ocrx_word' id='word_1_237' title='bbox 1130 1477 1173 1515; x_wconf 91' lang='lat' dir='ltr'>in</span> <span class='ocrx_word' id='word_1_238' title='bbox 1204 1477 1315 1516; x_wconf 92' lang='lat' dir='ltr'>omni</span> <span class='ocrx_word' id='word_1_239' title='bbox 1347 1476 1431 1516; x_wconf 86' lang='lat' dir='ltr'>vita</span> <span class='ocrx_word' id='word_1_240' title='bbox 1461 1476 1652 1516; x_wconf 86' lang='lat' dir='ltr'>utilitatis</span> <span class='ocrx_word' id='word_1_241' title='bbox 1682 1479 1780 1515; x_wconf 79' lang='lat' dir='ltr'>tuae</span> <span class='ocrx_word' id='word_1_242' title='bbox 1812 1488 1938 1515; x_wconf 88' lang='lat' dir='ltr'>causa</span> <span class='ocrx_word' id='word_1_243' title='bbox 1967 1474 2098 1515; x_wconf 85' lang='lat' dir='ltr'>factu-</span> 
     </span>
     <span class='ocr_line' id='line_1_23' title="bbox 331 1538 2099 1594; baseline -0.003 -11"><span class='ocrx_word' id='word_1_244' title='bbox 331 1556 444 1590; x_wconf 89' lang='lat' dir='ltr'>rum,</span> <span class='ocrx_word' id='word_1_245' title='bbox 475 1542 580 1582; x_wconf 89' lang='lat' dir='ltr'>nihil</span> <span class='ocrx_word' id='word_1_246' title='bbox 610 1542 692 1582; x_wconf 88' lang='lat' dir='ltr'>nisi</span> <span class='ocrx_word' id='word_1_247' title='bbox 725 1540 839 1594; x_wconf 89' lang='lat' dir='ltr'>quod</span> <span class='ocrx_word' id='word_1_248' title='bbox 873 1539 1092 1593; x_wconf 80' lang='lat' dir='ltr'>expediat,</span> <span class='ocrx_word' id='word_1_249' title='bbox 1124 1538 1230 1578; x_wconf 89' lang='lat' dir='ltr'>nihil</span> <span class='ocrx_word' id='word_1_250' title='bbox 1261 1538 1444 1592; x_wconf 88' lang='lat' dir='ltr'>denique</span> <span class='ocrx_word' id='word_1_251' title='bbox 1474 1538 1555 1577; x_wconf 91' lang='lat' dir='ltr'>nisi</span> <span class='ocrx_word' id='word_1_252' title='bbox 1588 1544 1659 1578; x_wconf 90' lang='lat' dir='ltr'>tua</span> <span class='ocrx_word' id='word_1_253' title='bbox 1690 1551 1835 1578; x_wconf 90' lang='lat' dir='ltr'>causa:</span> <span class='ocrx_word' id='word_1_254' title='bbox 1869 1551 1994 1591; x_wconf 91' lang='lat' dir='ltr'>quem</span> <span class='ocrx_word' id='word_1_255' title='bbox 2018 1538 2099 1578; x_wconf 90' lang='lat' dir='ltr'>cla-</span> 
     </span>
     <span class='ocr_line' id='line_1_24' title="bbox 330 1600 2099 1656; baseline -0.003 -11"><span class='ocrx_word' id='word_1_256' title='bbox 330 1618 490 1645; x_wconf 90' lang='lat' dir='ltr'>morem</span> <span class='ocrx_word' id='word_1_257' title='bbox 521 1604 728 1645; x_wconf 88' lang='lat' dir='ltr'>contionis</span> <span class='ocrx_word' id='word_1_258' title='bbox 760 1608 831 1643; x_wconf 91' lang='lat' dir='ltr'>aut</span> <span class='ocrx_word' id='word_1_259' title='bbox 861 1616 988 1656; x_wconf 89' lang='lat' dir='ltr'>quam</span> <span class='ocrx_word' id='word_1_260' title='bbox 1020 1615 1137 1654; x_wconf 92' lang='lat' dir='ltr'>spem</span> <span class='ocrx_word' id='word_1_261' title='bbox 1171 1601 1412 1641; x_wconf 89' lang='lat' dir='ltr'>consulatus</span> <span class='ocrx_word' id='word_1_262' title='bbox 1445 1601 1558 1648; x_wconf 92' lang='lat' dir='ltr'>eius,</span> <span class='ocrx_word' id='word_1_263' title='bbox 1599 1601 1671 1654; x_wconf 91' lang='lat' dir='ltr'>qui</span> <span class='ocrx_word' id='word_1_264' title='bbox 1705 1601 1779 1640; x_wconf 85' lang='lat' dir='ltr'>tibi</span> <span class='ocrx_word' id='word_1_265' title='bbox 1810 1600 2099 1654; x_wconf 90' lang='lat' dir='ltr'>paratissimus</span> 
     </span>
     <span class='ocr_line' id='line_1_25' title="bbox 331 1663 2101 1720; baseline -0.003 -12"><span class='ocrx_word' id='word_1_266' title='bbox 331 1672 415 1715; x_wconf 88' lang='lat' dir='ltr'>est,</span> <span class='ocrx_word' id='word_1_267' title='bbox 445 1667 628 1708; x_wconf 88' lang='lat' dir='ltr'>futuram</span> <span class='ocrx_word' id='word_1_268' title='bbox 658 1668 811 1720; x_wconf 77' lang='lat' dir='ltr'>putas?</span> <span class='ocrx_word' id='word_1_269' title='bbox 848 1667 1006 1705; x_wconf 88' lang='lat' dir='ltr'>Eamne</span> <span class='ocrx_word' id='word_1_270' title='bbox 1038 1664 1245 1704; x_wconf 90' lang='lat' dir='ltr'>rationem</span> <span class='ocrx_word' id='word_1_271' title='bbox 1277 1663 1403 1715; x_wconf 83' lang='lat' dir='ltr'>igitur</span> <span class='ocrx_word' id='word_1_272' title='bbox 1434 1676 1634 1716; x_wconf 89' lang='lat' dir='ltr'>sequere,</span> <span class='ocrx_word' id='word_1_273' title='bbox 1667 1677 1748 1717; x_wconf 87' lang='lat' dir='ltr'>qua</span> <span class='ocrx_word' id='word_1_274' title='bbox 1778 1670 1916 1704; x_wconf 88' lang='lat' dir='ltr'>tecum</span> <span class='ocrx_word' id='word_1_275' title='bbox 1946 1663 2037 1716; x_wconf 91' lang='lat' dir='ltr'>ipse</span> <span class='ocrx_word' id='word_1_276' title='bbox 2060 1667 2101 1703; x_wconf 92' lang='lat' dir='ltr'>et</span> 
     </span>
    </p>

    <p class='ocr_par' dir='ltr' id='par_1_5' title="bbox 280 1725 2101 2032">
     <span class='ocr_line' id='line_1_26' title="bbox 280 1725 2099 1782; baseline -0.002 -14"><span class='ocrx_word' id='word_1_277' title='bbox 280 1741 316 1769; x_wconf 67' lang='lat'>25</span> <span class='ocrx_word' id='word_1_278' title='bbox 331 1743 424 1770; x_wconf 90' lang='lat' dir='ltr'>cum</span> <span class='ocrx_word' id='word_1_279' title='bbox 464 1730 546 1770; x_wconf 90' lang='lat' dir='ltr'>tuis</span> <span class='ocrx_word' id='word_1_280' title='bbox 586 1735 724 1776; x_wconf 87' lang='lat' dir='ltr'>utare,</span> <span class='ocrx_word' id='word_1_281' title='bbox 767 1726 951 1782; x_wconf 84' lang='lat' dir='ltr'>profiteri</span> <span class='ocrx_word' id='word_1_282' title='bbox 993 1732 1033 1766; x_wconf 91' lang='lat' dir='ltr'>et</span> <span class='ocrx_word' id='word_1_283' title='bbox 1072 1727 1114 1766; x_wconf 90' lang='lat' dir='ltr'>in</span> <span class='ocrx_word' id='word_1_284' title='bbox 1146 1725 1330 1765; x_wconf 90' lang='lat' dir='ltr'>medium</span> <span class='ocrx_word' id='word_1_285' title='bbox 1359 1725 1545 1778; x_wconf 84' lang='lat' dir='ltr'>proferre</span> <span class='ocrx_word' id='word_1_286' title='bbox 1576 1739 1660 1766; x_wconf 88' lang='lat' dir='ltr'>non</span> <span class='ocrx_word' id='word_1_287' title='bbox 1691 1727 1875 1766; x_wconf 76' lang='lat' dir='ltr'>audeas?</span> <span class='ocrx_word' id='word_1_288' title='bbox 1920 1727 1973 1765; x_wconf 92' lang='lat' dir='ltr'>At</span> <span class='ocrx_word' id='word_1_289' title='bbox 2002 1738 2099 1766; x_wconf 86' lang='lat' dir='ltr'>vero</span> 
     </span>
     <span class='ocr_line' id='line_1_27' title="bbox 332 1788 2100 1845; baseline -0.002 -14"><span class='ocrx_word' id='word_1_290' title='bbox 332 1791 423 1839; x_wconf 92' lang='lat' dir='ltr'>illa,</span> <span class='ocrx_word' id='word_1_291' title='bbox 456 1805 562 1845; x_wconf 86' lang='lat' dir='ltr'>quae</span> <span class='ocrx_word' id='word_1_292' title='bbox 593 1791 882 1844; x_wconf 75' lang='lat' dir='ltr'>Peripatetici,</span> <span class='ocrx_word' id='word_1_293' title='bbox 915 1803 1022 1843; x_wconf 90' lang='lat' dir='ltr'>quae</span> <span class='ocrx_word' id='word_1_294' title='bbox 1056 1789 1182 1828; x_wconf 83' lang='lat' dir='ltr'>Stoici</span> <span class='ocrx_word' id='word_1_295' title='bbox 1214 1788 1378 1835; x_wconf 90' lang='lat' dir='ltr'>dicunt,</span> <span class='ocrx_word' id='word_1_296' title='bbox 1423 1801 1587 1841; x_wconf 52' lang='lat' dir='ltr'>semper</span> <span class='ocrx_word' id='word_1_297' title='bbox 1619 1788 1692 1827; x_wconf 90' lang='lat' dir='ltr'>tibi</span> <span class='ocrx_word' id='word_1_298' title='bbox 1725 1789 1767 1827; x_wconf 92' lang='lat' dir='ltr'>in</span> <span class='ocrx_word' id='word_1_299' title='bbox 1798 1803 1869 1828; x_wconf 87' lang='lat' dir='ltr'>ore</span> <span class='ocrx_word' id='word_1_300' title='bbox 1902 1793 2019 1835; x_wconf 89' lang='lat' dir='ltr'>sunt,</span> <span class='ocrx_word' id='word_1_301' title='bbox 2057 1788 2100 1827; x_wconf 90' lang='lat' dir='ltr'>in</span> 
     </span>
     <span class='ocr_line' id='line_1_28' title="bbox 329 1848 2100 1903; baseline -0.002 -10"><span class='ocrx_word' id='word_1_302' title='bbox 329 1854 518 1901; x_wconf 88' lang='lat' dir='ltr'>iudiciis,</span> <span class='ocrx_word' id='word_1_303' title='bbox 549 1854 593 1892; x_wconf 91' lang='lat' dir='ltr'>in</span> <span class='ocrx_word' id='word_1_304' title='bbox 624 1859 794 1893; x_wconf 85' lang='lat' dir='ltr'>senatu:</span> <span class='ocrx_word' id='word_1_305' title='bbox 838 1850 1043 1898; x_wconf 87' lang='lat' dir='ltr'>officium,</span> <span class='ocrx_word' id='word_1_306' title='bbox 1075 1850 1353 1903; x_wconf 86' lang='lat' dir='ltr'>aequitatem,</span> <span class='ocrx_word' id='word_1_307' title='bbox 1385 1850 1650 1902; x_wconf 84' lang='lat' dir='ltr'>dignitatem,</span> <span class='ocrx_word' id='word_1_308' title='bbox 1682 1848 1827 1898; x_wconf 86' lang='lat' dir='ltr'>fidem,</span> <span class='ocrx_word' id='word_1_309' title='bbox 1858 1856 1992 1897; x_wconf 87' lang='lat' dir='ltr'>recta,</span> <span class='ocrx_word' id='word_1_310' title='bbox 2023 1851 2100 1890; x_wconf 89' lang='lat' dir='ltr'>ho-</span> 
     </span>
     <span class='ocr_line' id='line_1_29' title="bbox 329 1912 2100 1968; baseline -0.002 -13"><span class='ocrx_word' id='word_1_311' title='bbox 329 1921 468 1962; x_wconf 90' lang='lat' dir='ltr'>nesta,</span> <span class='ocrx_word' id='word_1_312' title='bbox 515 1915 639 1968; x_wconf 91' lang='lat' dir='ltr'>digna</span> <span class='ocrx_word' id='word_1_313' title='bbox 686 1915 885 1968; x_wconf 87' lang='lat' dir='ltr'>imperio,</span> <span class='ocrx_word' id='word_1_314' title='bbox 931 1914 1057 1966; x_wconf 90' lang='lat' dir='ltr'>digna</span> <span class='ocrx_word' id='word_1_315' title='bbox 1097 1913 1255 1966; x_wconf 84' lang='lat' dir='ltr'>populo</span> <span class='ocrx_word' id='word_1_316' title='bbox 1295 1914 1505 1959; x_wconf 89' lang='lat' dir='ltr'>Romano,</span> <span class='ocrx_word' id='word_1_317' title='bbox 1553 1912 1692 1952; x_wconf 89' lang='lat' dir='ltr'>omnia</span> <span class='ocrx_word' id='word_1_318' title='bbox 1733 1912 1921 1966; x_wconf 88' lang='lat' dir='ltr'>pericula</span> <span class='ocrx_word' id='word_1_319' title='bbox 1949 1926 2025 1966; x_wconf 89' lang='lat' dir='ltr'>pro</span> <span class='ocrx_word' id='word_1_320' title='bbox 2055 1926 2100 1952; x_wconf 89' lang='lat' dir='ltr'>re</span> 
     </span>
     <span class='ocr_line' id='line_1_30' title="bbox 329 1975 2101 2032; baseline -0.003 -14"><span class='ocrx_word' id='word_1_321' title='bbox 329 1978 518 2032; x_wconf 90' lang='lat' dir='ltr'>publica,</span> <span class='ocrx_word' id='word_1_322' title='bbox 549 1979 654 2018; x_wconf 91' lang='lat' dir='ltr'>mori</span> <span class='ocrx_word' id='word_1_323' title='bbox 685 1992 760 2031; x_wconf 87' lang='lat' dir='ltr'>pro</span> <span class='ocrx_word' id='word_1_324' title='bbox 793 1978 946 2030; x_wconf 84' lang='lat' dir='ltr'>patria,</span> <span class='ocrx_word' id='word_1_325' title='bbox 977 1976 1080 2016; x_wconf 85' lang='lat' dir='ltr'>haec</span> <span class='ocrx_word' id='word_1_326' title='bbox 1112 1990 1203 2016; x_wconf 86' lang='lat' dir='ltr'>cum</span> <span class='ocrx_word' id='word_1_327' title='bbox 1235 1976 1441 2027; x_wconf 80' lang='lat' dir='ltr'>loqueris,</span> <span class='ocrx_word' id='word_1_328' title='bbox 1473 1988 1550 2014; x_wconf 92' lang='grc'>1105</span> <span class='ocrx_word' id='word_1_329' title='bbox 1581 1975 1761 2014; x_wconf 85' lang='lat' dir='ltr'>barones</span> <span class='ocrx_word' id='word_1_330' title='bbox 1794 1979 2024 2027; x_wconf 91' lang='lat' dir='ltr'>stupemus,</span> <span class='ocrx_word' id='word_1_331' title='bbox 2056 1980 2101 2014; x_wconf 93' lang='lat' dir='ltr'>tu</span> 
     </span>
    </p>

    <p class='ocr_par' dir='ltr' id='par_1_6' title="bbox 279 2035 2101 2343">
     <span class='ocr_line' id='line_1_31' title="bbox 279 2035 2101 2093; baseline -0.003 -13"><span class='ocrx_word' id='word_1_332' title='bbox 279 2052 315 2080; x_wconf 88' lang='lat'>30</span> <span class='ocrx_word' id='word_1_333' title='bbox 331 2040 527 2080; x_wconf 82' lang='lat' dir='ltr'>videlicet</span> <span class='ocrx_word' id='word_1_334' title='bbox 557 2046 693 2080; x_wconf 91' lang='lat' dir='ltr'>tecum</span> <span class='ocrx_word' id='word_1_335' title='bbox 725 2040 814 2093; x_wconf 89' lang='lat' dir='ltr'>ipse</span> <span class='ocrx_word' id='word_1_336' title='bbox 845 2039 968 2078; x_wconf 88' lang='lat' dir='ltr'>rides.</span> <span class='ocrx_word' id='word_1_337' title='bbox 1019 2037 1085 2077; x_wconf 78' lang='grc'>77.</span> <span class='ocrx_word' id='word_1_338' title='bbox 1116 2040 1218 2077; x_wconf 83' lang='lat' dir='ltr'>Nam</span> <span class='ocrx_word' id='word_1_339' title='bbox 1251 2038 1359 2076; x_wconf 84' lang='lat' dir='ltr'>inter</span> <span class='ocrx_word' id='word_1_340' title='bbox 1390 2037 1468 2076; x_wconf 91' lang='lat' dir='ltr'>ista</span> <span class='ocrx_word' id='word_1_341' title='bbox 1500 2042 1582 2076; x_wconf 89' lang='lat' dir='ltr'>tam</span> <span class='ocrx_word' id='word_1_342' title='bbox 1610 2035 1829 2089; x_wconf 80' lang='lat' dir='ltr'>magnilica</span> <span class='ocrx_word' id='word_1_343' title='bbox 1850 2037 1978 2076; x_wconf 85' lang='lat' dir='ltr'>verba</span> <span class='ocrx_word' id='word_1_344' title='bbox 1998 2042 2101 2076; x_wconf 90' lang='lat' dir='ltr'>tam-</span> 
     </span>
     <span class='ocr_line' id='line_1_32' title="bbox 330 2099 2098 2155; baseline -0.003 -13"><span class='ocrx_word' id='word_1_345' title='bbox 330 2115 412 2155; x_wconf 87' lang='lat' dir='ltr'>que</span> <span class='ocrx_word' id='word_1_346' title='bbox 454 2102 669 2155; x_wconf 89' lang='lat' dir='ltr'>praeclara</span> <span class='ocrx_word' id='word_1_347' title='bbox 708 2115 792 2141; x_wconf 88' lang='lat' dir='ltr'>non</span> <span class='ocrx_word' id='word_1_348' title='bbox 822 2102 949 2141; x_wconf 86' lang='lat' dir='ltr'>habet</span> <span class='ocrx_word' id='word_1_349' title='bbox 980 2101 1112 2139; x_wconf 90' lang='lat' dir='ltr'>ullum</span> <span class='ocrx_word' id='word_1_350' title='bbox 1143 2100 1338 2152; x_wconf 78' lang='lat' dir='ltr'>voluptas</span> <span class='ocrx_word' id='word_1_351' title='bbox 1370 2099 1528 2146; x_wconf 85' lang='lat' dir='ltr'>locum,</span> <span class='ocrx_word' id='word_1_352' title='bbox 1569 2113 1653 2138; x_wconf 91' lang='lat' dir='ltr'>non</span> <span class='ocrx_word' id='word_1_353' title='bbox 1685 2099 1809 2138; x_wconf 90' lang='lat' dir='ltr'>modo</span> <span class='ocrx_word' id='word_1_354' title='bbox 1842 2099 1936 2145; x_wconf 88' lang='lat' dir='ltr'>illa,</span> <span class='ocrx_word' id='word_1_355' title='bbox 1974 2111 2098 2151; x_wconf 89' lang='lat' dir='ltr'>quam</span> 
     </span>
     <span class='ocr_line' id='line_1_33' title="bbox 329 2161 2099 2216; baseline -0.003 -11"><span class='ocrx_word' id='word_1_356' title='bbox 329 2166 370 2205; x_wconf 90' lang='lat' dir='ltr'>in</span> <span class='ocrx_word' id='word_1_357' title='bbox 404 2170 520 2205; x_wconf 84' lang='lat' dir='ltr'>motu</span> <span class='ocrx_word' id='word_1_358' title='bbox 551 2179 643 2205; x_wconf 90' lang='lat' dir='ltr'>esse</span> <span class='ocrx_word' id='word_1_359' title='bbox 678 2164 836 2210; x_wconf 84' lang='lat' dir='ltr'>dicitis,</span> <span class='ocrx_word' id='word_1_360' title='bbox 871 2177 996 2216; x_wconf 90' lang='lat' dir='ltr'>quam</span> <span class='ocrx_word' id='word_1_361' title='bbox 1029 2176 1174 2201; x_wconf 82' lang='lat' dir='ltr'>omnes</span> <span class='ocrx_word' id='word_1_362' title='bbox 1205 2162 1376 2207; x_wconf 88' lang='lat' dir='ltr'>urbani,</span> <span class='ocrx_word' id='word_1_363' title='bbox 1407 2161 1570 2207; x_wconf 86' lang='lat' dir='ltr'>rustici,</span> <span class='ocrx_word' id='word_1_364' title='bbox 1603 2174 1770 2207; x_wconf 87' lang='lat' dir='ltr'>omnes,</span> <span class='ocrx_word' id='word_1_365' title='bbox 1802 2161 1994 2213; x_wconf 90' lang='lat' dir='ltr'>inquam,</span> <span class='ocrx_word' id='word_1_366' title='bbox 2027 2162 2099 2214; x_wconf 90' lang='lat' dir='ltr'>qui</span> 
     </span>
     <span class='ocr_line' id='line_1_34' title="bbox 329 2222 2099 2278; baseline -0.002 -12"><span class='ocrx_word' id='word_1_367' title='bbox 329 2228 476 2267; x_wconf 87' lang='lat' dir='ltr'>Latin-e</span> <span class='ocrx_word' id='word_1_368' title='bbox 507 2228 723 2273; x_wconf 86' lang='lat' dir='ltr'>locuntur,</span> <span class='ocrx_word' id='word_1_369' title='bbox 757 2226 1010 2278; x_wconf 85' lang='lat' dir='ltr'>voluptatem</span> <span class='ocrx_word' id='word_1_370' title='bbox 1042 2228 1210 2270; x_wconf 83' lang='lat' dir='ltr'>vocant,</span> <span class='ocrx_word' id='word_1_371' title='bbox 1246 2222 1319 2262; x_wconf 93' lang='lat' dir='ltr'>sed</span> <span class='ocrx_word' id='word_1_372' title='bbox 1351 2236 1403 2261; x_wconf 91' lang='lat' dir='ltr'>ne</span> <span class='ocrx_word' id='word_1_373' title='bbox 1433 2222 1537 2262; x_wconf 89' lang='lat' dir='ltr'>haec</span> <span class='ocrx_word' id='word_1_374' title='bbox 1561 2223 1731 2275; x_wconf 88' lang='lat' dir='ltr'>quidem</span> <span class='ocrx_word' id='word_1_375' title='bbox 1763 2222 1941 2269; x_wconf 90' lang='lat' dir='ltr'>stabilis,</span> <span class='ocrx_word' id='word_1_376' title='bbox 1975 2236 2099 2275; x_wconf 89' lang='lat' dir='ltr'>quam</span> 
     </span>
     <span class='ocr_line' id='line_1_35' title="bbox 329 2288 1266 2343; baseline -0.005 -14"><span class='ocrx_word' id='word_1_377' title='bbox 329 2294 496 2343; x_wconf 88' lang='lat' dir='ltr'>praeter</span> <span class='ocrx_word' id='word_1_378' title='bbox 524 2302 599 2330; x_wconf 92' lang='lat' dir='ltr'>vos</span> <span class='ocrx_word' id='word_1_379' title='bbox 631 2302 752 2329; x_wconf 89' lang='lat' dir='ltr'>nemo</span> <span class='ocrx_word' id='word_1_380' title='bbox 784 2288 968 2340; x_wconf 87' lang='lat' dir='ltr'>appellat</span> <span class='ocrx_word' id='word_1_381' title='bbox 997 2288 1266 2339; x_wconf 88' lang='lat' dir='ltr'>voluptatem.</span> 
     </span>
    </p>

    <p class='ocr_par' dir='ltr' id='par_1_7' title="bbox 281 2347 2101 2650">
     <span class='ocr_line' id='line_1_36' title="bbox 281 2347 2100 2402; baseline -0.003 -10"><span class='ocrx_word' id='word_1_382' title='bbox 281 2369 316 2398; x_wconf 83' lang='lat'>35</span> <span class='ocrx_word' id='word_1_383' title='bbox 443 2353 595 2392; x_wconf 86' lang='lat' dir='ltr'>XXIV.</span> <span class='ocrx_word' id='word_1_384' title='bbox 629 2351 733 2391; x_wconf 88' lang='lat' dir='ltr'>Vide</span> <span class='ocrx_word' id='word_1_385' title='bbox 765 2351 893 2402; x_wconf 89' lang='lat' dir='ltr'>igitur</span> <span class='ocrx_word' id='word_1_386' title='bbox 925 2362 976 2389; x_wconf 89' lang='lat' dir='ltr'>ne</span> <span class='ocrx_word' id='word_1_387' title='bbox 1009 2362 1093 2388; x_wconf 88' lang='grc'>11011</span> <span class='ocrx_word' id='word_1_388' title='bbox 1126 2348 1277 2387; x_wconf 89' lang='lat' dir='ltr'>debeas</span> <span class='ocrx_word' id='word_1_389' title='bbox 1305 2347 1443 2386; x_wconf 87' lang='lat' dir='ltr'>verbis</span> <span class='ocrx_word' id='word_1_390' title='bbox 1475 2347 1627 2387; x_wconf 89' lang='lat' dir='ltr'>nostris</span> <span class='ocrx_word' id='word_1_391' title='bbox 1650 2348 1730 2393; x_wconf 84' lang='lat' dir='ltr'>uti,</span> <span class='ocrx_word' id='word_1_392' title='bbox 1763 2347 1982 2386; x_wconf 90' lang='lat' dir='ltr'>sententiis</span> <span class='ocrx_word' id='word_1_393' title='bbox 2005 2347 2100 2387; x_wconf 87' lang='lat' dir='ltr'>tuis.</span> 
     </span>
     <span class='ocr_line' id='line_1_37' title="bbox 332 2409 2101 2463; baseline -0.002 -9"><span class='ocrx_word' id='word_1_394' title='bbox 332 2414 455 2463; x_wconf 90' lang='lat' dir='ltr'>Quod</span> <span class='ocrx_word' id='word_1_395' title='bbox 498 2415 531 2454; x_wconf 91' lang='lat' dir='ltr'>si</span> <span class='ocrx_word' id='word_1_396' title='bbox 576 2414 737 2454; x_wconf 89' lang='lat' dir='ltr'>vultum</span> <span class='ocrx_word' id='word_1_397' title='bbox 768 2413 866 2459; x_wconf 90' lang='lat' dir='ltr'>tibi,</span> <span class='ocrx_word' id='word_1_398' title='bbox 909 2413 942 2451; x_wconf 88' lang='lat' dir='ltr'>si</span> <span class='ocrx_word' id='word_1_399' title='bbox 972 2413 1179 2451; x_wconf 81' lang='lat' dir='ltr'>incessum</span> <span class='ocrx_word' id='word_1_400' title='bbox 1212 2409 1411 2463; x_wconf 87' lang='lat' dir='ltr'>fingeres,</span> <span class='ocrx_word' id='word_1_401' title='bbox 1455 2423 1538 2462; x_wconf 92' lang='lat' dir='ltr'>quo</span> <span class='ocrx_word' id='word_1_402' title='bbox 1570 2411 1735 2462; x_wconf 84' lang='lat' dir='ltr'>gravior</span> <span class='ocrx_word' id='word_1_403' title='bbox 1765 2409 1975 2457; x_wconf 89' lang='lat' dir='ltr'>viderere,</span> <span class='ocrx_word' id='word_1_404' title='bbox 2015 2423 2101 2450; x_wconf 89' lang='lat' dir='ltr'>non</span> 
     </span>
     <span class='ocr_line' id='line_1_38' title="bbox 333 2472 2101 2526; baseline -0.002 -9"><span class='ocrx_word' id='word_1_405' title='bbox 333 2490 446 2517; x_wconf 90' lang='lat' dir='ltr'>esses</span> <span class='ocrx_word' id='word_1_406' title='bbox 484 2476 544 2516; x_wconf 93' lang='lat' dir='ltr'>tui</span> <span class='ocrx_word' id='word_1_407' title='bbox 586 2476 754 2516; x_wconf 88' lang='lat' dir='ltr'>similis:</span> <span class='ocrx_word' id='word_1_408' title='bbox 795 2474 921 2514; x_wconf 92' lang='lat' dir='ltr'>verba</span> <span class='ocrx_word' id='word_1_409' title='bbox 958 2480 1002 2514; x_wconf 88' lang='lat' dir='ltr'>tu</span> <span class='ocrx_word' id='word_1_410' title='bbox 1041 2472 1170 2526; x_wconf 80' lang='lat' dir='ltr'>lingas</span> <span class='ocrx_word' id='word_1_411' title='bbox 1214 2479 1253 2512; x_wconf 85' lang='lat' dir='ltr'>et</span> <span class='ocrx_word' id='word_1_412' title='bbox 1295 2486 1342 2512; x_wconf 87' lang='lat' dir='ltr'>ea</span> <span class='ocrx_word' id='word_1_413' title='bbox 1373 2472 1509 2518; x_wconf 86' lang='lat' dir='ltr'>dicaS‚</span> <span class='ocrx_word' id='word_1_414' title='bbox 1552 2486 1660 2525; x_wconf 87' lang='lat' dir='ltr'>quae</span> <span class='ocrx_word' id='word_1_415' title='bbox 1692 2486 1775 2512; x_wconf 89' lang='grc'>11011</span> <span class='ocrx_word' id='word_1_416' title='bbox 1807 2473 1989 2512; x_wconf 77' lang='lat' dir='ltr'>sentias?</span> <span class='ocrx_word' id='word_1_417' title='bbox 2031 2479 2101 2513; x_wconf 88' lang='lat' dir='ltr'>aut</span> 
     </span>
     <span class='ocr_line' id='line_1_39' title="bbox 334 2534 2100 2586; baseline -0.002 -7"><span class='ocrx_word' id='word_1_418' title='bbox 334 2540 481 2586; x_wconf 89' lang='lat' dir='ltr'>etiam,</span> <span class='ocrx_word' id='word_1_419' title='bbox 512 2544 559 2578; x_wconf 90' lang='lat' dir='ltr'>ut</span> <span class='ocrx_word' id='word_1_420' title='bbox 587 2538 808 2583; x_wconf 86' lang='lat' dir='ltr'>vestitum,</span> <span class='ocrx_word' id='word_1_421' title='bbox 840 2537 899 2576; x_wconf 92' lang='lat' dir='ltr'>sic</span> <span class='ocrx_word' id='word_1_422' title='bbox 931 2537 1182 2576; x_wconf 81' lang='lat' dir='ltr'>senteutiam</span> <span class='ocrx_word' id='word_1_423' title='bbox 1213 2536 1367 2574; x_wconf 89' lang='lat' dir='ltr'>habeas</span> <span class='ocrx_word' id='word_1_424' title='bbox 1400 2534 1523 2573; x_wconf 87' lang='lat' dir='ltr'>aliam</span> <span class='ocrx_word' id='word_1_425' title='bbox 1555 2534 1847 2581; x_wconf 89' lang='lat' dir='ltr'>domesticam,</span> <span class='ocrx_word' id='word_1_426' title='bbox 1884 2534 2008 2574; x_wconf 90' lang='lat' dir='ltr'>aliam</span> <span class='ocrx_word' id='word_1_427' title='bbox 2038 2535 2100 2575; x_wconf 85' lang='lat' dir='ltr'>fo-</span> 
     </span>
     <span class='ocr_line' id='line_1_40' title="bbox 334 2597 2099 2650; baseline -0.002 -9"><span class='ocrx_word' id='word_1_428' title='bbox 334 2614 513 2648; x_wconf 91' lang='lat' dir='ltr'>rensem,</span> <span class='ocrx_word' id='word_1_429' title='bbox 543 2606 589 2640; x_wconf 91' lang='lat' dir='ltr'>ut</span> <span class='ocrx_word' id='word_1_430' title='bbox 612 2600 655 2640; x_wconf 90' lang='lat' dir='ltr'>in</span> <span class='ocrx_word' id='word_1_431' title='bbox 675 2599 813 2639; x_wconf 85' lang='lat' dir='ltr'>fronte</span> <span class='ocrx_word' id='word_1_432' title='bbox 836 2598 1058 2638; x_wconf 90' lang='lat' dir='ltr'>ostentatio</span> <span class='ocrx_word' id='word_1_433' title='bbox 1082 2598 1146 2645; x_wconf 87' lang='lat' dir='ltr'>sit,</span> <span class='ocrx_word' id='word_1_434' title='bbox 1178 2599 1289 2637; x_wconf 84' lang='lat' dir='ltr'>intus</span> <span class='ocrx_word' id='word_1_435' title='bbox 1311 2598 1462 2637; x_wconf 84' lang='lat' dir='ltr'>veritas</span> <span class='ocrx_word' id='word_1_436' title='bbox 1485 2597 1742 2637; x_wconf 77' lang='lat' dir='ltr'>occultetur?</span> <span class='ocrx_word' id='word_1_437' title='bbox 1775 2597 1893 2643; x_wconf 88' lang='lat' dir='ltr'>Vide,</span> <span class='ocrx_word' id='word_1_438' title='bbox 1929 2611 2099 2650; x_wconf 90' lang='lat' dir='ltr'>quaeso,</span> 
     </span>
    </p>
   </div>
   <div class='ocr_carea' id='block_1_3' title="bbox 334 2739 2100 2873">
    <p class='ocr_par' dir='ltr' id='par_1_8' title="bbox 334 2739 2100 2873">
     <span class='ocr_line' id='line_1_41' title="bbox 423 2739 2096 2778; baseline -0.001 -5"><span class='ocrx_word' id='word_1_439' title='bbox 423 2744 451 2774; x_wconf 68' lang='lat' dir='ltr'>l.</span> <span class='ocrx_word' id='word_1_440' title='bbox 478 2743 568 2774; x_wconf 80' lang='lat' dir='ltr'>dicas</span> <span class='ocrx_word' id='word_1_441' title='bbox 591 2746 619 2774; x_wconf 81' lang='lat' dir='ltr'>te</span> <span class='ocrx_word' id='word_1_442' title='bbox 643 2743 722 2774; x_wconf 84' lang='lat' dir='ltr'>AB:</span> <span class='ocrx_word' id='word_1_443' title='bbox 757 2745 786 2773; x_wconf 83' lang='lat' dir='ltr'>te</span> <span class='ocrx_word' id='word_1_444' title='bbox 810 2742 901 2772; x_wconf 80' lang='lat' dir='ltr'>dicas</span> <span class='ocrx_word' id='word_1_445' title='bbox 924 2741 948 2771; x_wconf 94' lang='grc' dir='ltr'>Ο</span> <span class='ocrx_word' id='word_1_446' title='bbox 977 2759 1011 2763; x_wconf 86' lang='lat'><em>-</em></span> <span class='ocrx_word' id='word_1_447' title='bbox 1045 2742 1076 2771; x_wconf 85' lang='lat'>5.</span> <span class='ocrx_word' id='word_1_448' title='bbox 1104 2742 1188 2778; x_wconf 77' lang='lat' dir='ltr'>quod</span> <span class='ocrx_word' id='word_1_449' title='bbox 1212 2743 1258 2772; x_wconf 86' lang='lat' dir='ltr'>A:</span> <span class='ocrx_word' id='word_1_450' title='bbox 1287 2750 1355 2772; x_wconf 87' lang='lat' dir='ltr'>om.</span> <span class='ocrx_word' id='word_1_451' title='bbox 1382 2742 1406 2771; x_wconf 89' lang='lat' dir='ltr'>B</span> <span class='ocrx_word' id='word_1_452' title='bbox 1435 2758 1467 2761; x_wconf 86' lang='lat'>——</span> <span class='ocrx_word' id='word_1_453' title='bbox 1500 2741 1530 2770; x_wconf 83' lang='lat'>6.</span> <span class='ocrx_word' id='word_1_454' title='bbox 1557 2740 1727 2770; x_wconf 61' lang='lat' dir='ltr'>existimas</span> <span class='ocrx_word' id='word_1_455' title='bbox 1750 2740 1793 2770; x_wconf 84' lang='lat' dir='ltr'>B:</span> <span class='ocrx_word' id='word_1_456' title='bbox 1820 2739 1985 2771; x_wconf 63' lang='lat' dir='ltr'>existimes</span> <span class='ocrx_word' id='word_1_457' title='bbox 2008 2742 2034 2772; x_wconf 83' lang='grc' dir='ltr'>Α</span> <span class='ocrx_word' id='word_1_458' title='bbox 2063 2759 2096 2762; x_wconf 77' lang='lat'>—</span> 
     </span>
     <span class='ocr_line' id='line_1_42' title="bbox 335 2790 2100 2833; baseline -0.001 -10"><span class='ocrx_word' id='word_1_459' title='bbox 335 2792 425 2833; x_wconf 80' lang='lat' dir='ltr'>quos]</span> <span class='ocrx_word' id='word_1_460' title='bbox 447 2793 533 2831; x_wconf 83' lang='lat' dir='ltr'>quod</span> <span class='ocrx_word' id='word_1_461' title='bbox 555 2793 579 2823; x_wconf 89' lang='lat' dir='ltr'>B</span> <span class='ocrx_word' id='word_1_462' title='bbox 599 2793 679 2831; x_wconf 88' lang='lat' dir='ltr'>(non</span> <span class='ocrx_word' id='word_1_463' title='bbox 696 2792 731 2830; x_wconf 84' lang='lat' dir='ltr'>E)</span> <span class='ocrx_word' id='word_1_464' title='bbox 753 2809 787 2812; x_wconf 86' lang='lat'>——</span> <span class='ocrx_word' id='word_1_465' title='bbox 815 2792 845 2822; x_wconf 82' lang='lat'>7.</span> <span class='ocrx_word' id='word_1_466' title='bbox 864 2791 1001 2830; x_wconf 77' lang='lat' dir='ltr'>loquare</span> <span class='ocrx_word' id='word_1_467' title='bbox 1023 2800 1150 2822; x_wconf 80' lang='lat' dir='ltr'>uerum.</span> <span class='ocrx_word' id='word_1_468' title='bbox 1178 2794 1242 2821; x_wconf 70' lang='lat' dir='ltr'>esto</span> <span class='ocrx_word' id='word_1_469' title='bbox 1261 2794 1306 2827; x_wconf 74' lang='lat' dir='ltr'>A;</span> <span class='ocrx_word' id='word_1_470' title='bbox 1333 2792 1465 2829; x_wconf 73' lang='lat' dir='ltr'>loquere</span> <span class='ocrx_word' id='word_1_471' title='bbox 1486 2799 1600 2821; x_wconf 78' lang='lat' dir='ltr'>verum</span> <span class='ocrx_word' id='word_1_472' title='bbox 1623 2793 1688 2820; x_wconf 71' lang='lat' dir='ltr'>esto</span> <span class='ocrx_word' id='word_1_473' title='bbox 1706 2791 1728 2820; x_wconf 87' lang='lat' dir='ltr'>B</span> <span class='ocrx_word' id='word_1_474' title='bbox 1744 2790 1768 2820; x_wconf 82' lang='lat' dir='ltr'>E</span> <span class='ocrx_word' id='word_1_475' title='bbox 1790 2807 1823 2811; x_wconf 81' lang='lat'>—</span> <span class='ocrx_word' id='word_1_476' title='bbox 1853 2790 1903 2821; x_wconf 71' lang='lat'>40.</span> <span class='ocrx_word' id='word_1_477' title='bbox 1924 2790 2100 2830; x_wconf 77' lang='lat' dir='ltr'>voluptatis</span> 
     </span>
     <span class='ocr_line' id='line_1_43' title="bbox 334 2839 2100 2873; baseline -0.001 -1"><span class='ocrx_word' id='word_1_478' title='bbox 334 2842 360 2873; x_wconf 91' lang='lat' dir='ltr'>B</span> <span class='ocrx_word' id='word_1_479' title='bbox 380 2858 413 2863; x_wconf 93' lang='lat'>—-</span> <span class='ocrx_word' id='word_1_480' title='bbox 440 2841 585 2872; x_wconf 71' lang='lat' dir='ltr'>videlicet</span> <span class='ocrx_word' id='word_1_481' title='bbox 608 2841 798 2872; x_wconf 85' lang='lat' dir='ltr'>Manutius:</span> <span class='ocrx_word' id='word_1_482' title='bbox 825 2841 915 2871; x_wconf 74' lang='lat' dir='ltr'>uides</span> <span class='ocrx_word' id='word_1_483' title='bbox 938 2839 1040 2871; x_wconf 88' lang='lat' dir='ltr'>codd.</span> <span class='ocrx_word' id='word_1_484' title='bbox 1069 2842 1102 2870; x_wconf 89' lang='lat' dir='ltr'>et</span> <span class='ocrx_word' id='word_1_485' title='bbox 1127 2840 1151 2870; x_wconf 91' lang='lat' dir='ltr'>O</span> <span class='ocrx_word' id='word_1_486' title='bbox 1176 2858 1209 2861; x_wconf 97' lang='lat'><strong>—</strong></span> <span class='ocrx_word' id='word_1_487' title='bbox 1239 2841 1291 2870; x_wconf 53' lang='lat' dir='ltr'>ll.</span> <span class='ocrx_word' id='word_1_488' title='bbox 1317 2850 1391 2870; x_wconf 80' lang='lat' dir='ltr'>cum</span> <span class='ocrx_word' id='word_1_489' title='bbox 1415 2841 1520 2871; x_wconf 74' lang='lat' dir='ltr'>(licitis</span> <span class='ocrx_word' id='word_1_490' title='bbox 1544 2848 1613 2870; x_wconf 89' lang='grc'>0111.</span> <span class='ocrx_word' id='word_1_491' title='bbox 1634 2840 1660 2870; x_wconf 95' lang='lat' dir='ltr'>D</span> <span class='ocrx_word' id='word_1_492' title='bbox 1681 2857 1715 2861; x_wconf 83' lang='lat'>—</span> <span class='ocrx_word' id='word_1_493' title='bbox 1746 2839 1796 2870; x_wconf 48' lang='grc' dir='ltr'>Ἰ12.</span> <span class='ocrx_word' id='word_1_494' title='bbox 1822 2842 1902 2870; x_wconf 73' lang='lat' dir='ltr'>nota</span> <span class='ocrx_word' id='word_1_495' title='bbox 1924 2842 1970 2870; x_wconf 77' lang='lat' dir='ltr'>est</span> <span class='ocrx_word' id='word_1_496' title='bbox 1993 2841 2100 2871; x_wconf 80' lang='lat' dir='ltr'>omni-</span> 
     </span>
    </p>
   </div>
   <div class='ocr_carea' id='block_1_4' title="bbox 335 2888 2100 3277">
    <p class='ocr_par' dir='ltr' id='par_1_9' title="bbox 335 2888 2100 3277">
     <span class='ocr_line' id='line_1_44' title="bbox 335 2888 2100 2931; baseline -0.001 -10"><span class='ocrx_word' id='word_1_497' title='bbox 335 2890 393 2921; x_wconf 82' lang='lat' dir='ltr'>bus</span> <span class='ocrx_word' id='word_1_498' title='bbox 415 2891 458 2921; x_wconf 90' lang='lat' dir='ltr'>A:</span> <span class='ocrx_word' id='word_1_499' title='bbox 485 2890 632 2921; x_wconf 78' lang='lat' dir='ltr'>omnibus</span> <span class='ocrx_word' id='word_1_500' title='bbox 654 2894 732 2921; x_wconf 78' lang='lat' dir='ltr'>nota</span> <span class='ocrx_word' id='word_1_501' title='bbox 756 2894 801 2922; x_wconf 72' lang='lat' dir='ltr'>est</span> <span class='ocrx_word' id='word_1_502' title='bbox 824 2891 933 2922; x_wconf 85' lang='lat' dir='ltr'>BMO</span> <span class='ocrx_word' id='word_1_503' title='bbox 960 2908 993 2912; x_wconf 90' lang='lat'>—</span> <span class='ocrx_word' id='word_1_504' title='bbox 1023 2890 1073 2921; x_wconf 73' lang='lat'>⁴3.</span> <span class='ocrx_word' id='word_1_505' title='bbox 1099 2894 1133 2921; x_wconf 73' lang='lat' dir='ltr'>ut</span> <span class='ocrx_word' id='word_1_506' title='bbox 1159 2899 1226 2921; x_wconf 86' lang='grc'>0111.</span> <span class='ocrx_word' id='word_1_507' title='bbox 1255 2891 1278 2921; x_wconf 88' lang='grc' dir='ltr'>Β</span> <span class='ocrx_word' id='word_1_508' title='bbox 1306 2892 1385 2929; x_wconf 62' lang='lat' dir='ltr'>(uon</span> <span class='ocrx_word' id='word_1_509' title='bbox 1412 2890 1445 2929; x_wconf 81' lang='lat' dir='ltr'>E)</span> <span class='ocrx_word' id='word_1_510' title='bbox 1473 2907 1507 2911; x_wconf 87' lang='lat'>—-</span> <span class='ocrx_word' id='word_1_511' title='bbox 1535 2890 1595 2930; x_wconf 81' lang='lat' dir='ltr'>me]</span> <span class='ocrx_word' id='word_1_512' title='bbox 1621 2897 1659 2920; x_wconf 73' lang='lat' dir='ltr'>ne</span> <span class='ocrx_word' id='word_1_513' title='bbox 1683 2889 1746 2919; x_wconf 88' lang='lat' dir='ltr'>BE</span> <span class='ocrx_word' id='word_1_514' title='bbox 1774 2906 1807 2910; x_wconf 91' lang='lat'>——</span> <span class='ocrx_word' id='word_1_515' title='bbox 1837 2888 1889 2921; x_wconf 73' lang='lat'>44.</span> <span class='ocrx_word' id='word_1_516' title='bbox 1915 2889 2008 2931; x_wconf 81' lang='lat' dir='ltr'>scire]</span> <span class='ocrx_word' id='word_1_517' title='bbox 2035 2890 2100 2921; x_wconf 75' lang='lat' dir='ltr'>sci—</span> 
     </span>
     <span class='ocr_line' id='line_1_45' title="bbox 335 2939 2097 2979; baseline -0.001 -8"><span class='ocrx_word' id='word_1_518' title='bbox 335 2944 428 2972; x_wconf 74' lang='lat' dir='ltr'>retur</span> <span class='ocrx_word' id='word_1_519' title='bbox 450 2940 474 2970; x_wconf 93' lang='lat' dir='ltr'><strong>B</strong></span> <span class='ocrx_word' id='word_1_520' title='bbox 497 2956 534 2962; x_wconf 90' lang='lat'>-—</span> <span class='ocrx_word' id='word_1_521' title='bbox 554 2941 605 2970; x_wconf 74' lang='lat'>45.</span> <span class='ocrx_word' id='word_1_522' title='bbox 633 2948 704 2971; x_wconf 77' lang='lat' dir='ltr'>eam</span> <span class='ocrx_word' id='word_1_523' title='bbox 727 2943 761 2971; x_wconf 79' lang='lat' dir='ltr'>tu</span> <span class='ocrx_word' id='word_1_524' title='bbox 784 2941 864 2971; x_wconf 76' lang='lat' dir='ltr'>uelis</span> <span class='ocrx_word' id='word_1_525' title='bbox 881 2942 924 2971; x_wconf 88' lang='lat' dir='ltr'>A:</span> <span class='ocrx_word' id='word_1_526' title='bbox 951 2940 1029 2971; x_wconf 80' lang='lat' dir='ltr'>velis</span> <span class='ocrx_word' id='word_1_527' title='bbox 1051 2943 1086 2970; x_wconf 71' lang='grc' dir='ltr'>[ιι</span> <span class='ocrx_word' id='word_1_528' title='bbox 1110 2948 1181 2970; x_wconf 84' lang='lat' dir='ltr'>eam</span> <span class='ocrx_word' id='word_1_529' title='bbox 1207 2941 1229 2970; x_wconf 85' lang='lat' dir='ltr'>B</span> <span class='ocrx_word' id='word_1_530' title='bbox 1246 2941 1277 2971; x_wconf 81' lang='lat' dir='ltr'>M</span> <span class='ocrx_word' id='word_1_531' title='bbox 1299 2956 1331 2961; x_wconf 94' lang='lat'>—-</span> <span class='ocrx_word' id='word_1_532' title='bbox 1363 2941 1414 2971; x_wconf 69' lang='lat'>46.</span> <span class='ocrx_word' id='word_1_533' title='bbox 1442 2940 1513 2970; x_wconf 60' lang='lat' dir='ltr'>(lizi</span> <span class='ocrx_word' id='word_1_534' title='bbox 1538 2948 1594 2979; x_wconf 72' lang='lat'>(390</span> <span class='ocrx_word' id='word_1_535' title='bbox 1618 2939 1678 2970; x_wconf 88' lang='lat' dir='ltr'>BE</span> <span class='ocrx_word' id='word_1_536' title='bbox 1697 2956 1732 2960; x_wconf 88' lang='lat'>—</span> <span class='ocrx_word' id='word_1_537' title='bbox 1759 2949 1791 2970; x_wconf 82' lang='lat' dir='ltr'>n.</span> <span class='ocrx_word' id='word_1_538' title='bbox 1811 2939 1879 2970; x_wconf 84' lang='lat' dir='ltr'>iam</span> <span class='ocrx_word' id='word_1_539' title='bbox 1899 2940 1995 2978; x_wconf 78' lang='lat' dir='ltr'>ponis</span> <span class='ocrx_word' id='word_1_540' title='bbox 2018 2940 2042 2970; x_wconf 93' lang='lat' dir='ltr'>B</span> <span class='ocrx_word' id='word_1_541' title='bbox 2063 2957 2097 2962; x_wconf 90' lang='lat'>—-</span> 
     </span>
     <span class='ocr_line' id='line_1_46' title="bbox 338 2989 2100 3029; baseline -0.001 -8"><span class='ocrx_word' id='word_1_542' title='bbox 338 2991 391 3022; x_wconf 73' lang='lat'>⁴7.</span> <span class='ocrx_word' id='word_1_543' title='bbox 409 2998 472 3029; x_wconf 84' lang='lat' dir='ltr'>quo</span> <span class='ocrx_word' id='word_1_544' title='bbox 495 2990 542 3020; x_wconf 78' lang='lat' dir='ltr'>A:</span> <span class='ocrx_word' id='word_1_545' title='bbox 569 2998 635 3028; x_wconf 79' lang='lat' dir='ltr'>qua</span> <span class='ocrx_word' id='word_1_546' title='bbox 651 2990 675 3020; x_wconf 94' lang='lat' dir='ltr'><strong>B</strong></span> <span class='ocrx_word' id='word_1_547' title='bbox 691 2990 731 3020; x_wconf 75' lang='lat' dir='ltr'>E:</span> <span class='ocrx_word' id='word_1_548' title='bbox 758 2991 810 3020; x_wconf 79' lang='lat' dir='ltr'>cui</span> <span class='ocrx_word' id='word_1_549' title='bbox 834 2990 904 3022; x_wconf 73' lang='lat' dir='ltr'>Mo</span> <span class='ocrx_word' id='word_1_550' title='bbox 932 3009 965 3012; x_wconf 96' lang='lat'><strong>—</strong></span> <span class='ocrx_word' id='word_1_551' title='bbox 995 2991 1045 3021; x_wconf 67' lang='lat'>118.</span> <span class='ocrx_word' id='word_1_552' title='bbox 1072 2990 1149 3019; x_wconf 79' lang='lat' dir='ltr'>assit</span> <span class='ocrx_word' id='word_1_553' title='bbox 1175 2990 1196 3019; x_wconf 83' lang='lat' dir='ltr'>B</span> <span class='ocrx_word' id='word_1_554' title='bbox 1219 3006 1252 3011; x_wconf 88' lang='lat'>—</span> <span class='ocrx_word' id='word_1_555' title='bbox 1281 2998 1353 3020; x_wconf 76' lang='lat' dir='ltr'>eam</span> <span class='ocrx_word' id='word_1_556' title='bbox 1377 2993 1401 3021; x_wconf 87' lang='lat' dir='ltr'>A</span> <span class='ocrx_word' id='word_1_557' title='bbox 1417 2990 1461 3020; x_wconf 91' lang='lat' dir='ltr'>B:</span> <span class='ocrx_word' id='word_1_558' title='bbox 1488 2997 1623 3028; x_wconf 80' lang='lat' dir='ltr'>eamque</span> <span class='ocrx_word' id='word_1_559' title='bbox 1646 2989 1716 3019; x_wconf 85' lang='lat' dir='ltr'>MO</span> <span class='ocrx_word' id='word_1_560' title='bbox 1736 3006 1770 3010; x_wconf 91' lang='lat'>—</span> <span class='ocrx_word' id='word_1_561' title='bbox 1799 2989 1850 3020; x_wconf 76' lang='lat'>49.</span> <span class='ocrx_word' id='word_1_562' title='bbox 1876 2989 1911 3019; x_wconf 80' lang='lat' dir='ltr'>in</span> <span class='ocrx_word' id='word_1_563' title='bbox 1935 2998 1997 3028; x_wconf 81' lang='lat' dir='ltr'>quo</span> <span class='ocrx_word' id='word_1_564' title='bbox 2021 2998 2100 3020; x_wconf 86' lang='lat' dir='ltr'>con-</span> 
     </span>
     <span class='ocr_line' id='line_1_47' title="bbox 335 3036 2098 3080; baseline -0.001 -10"><span class='ocrx_word' id='word_1_565' title='bbox 335 3042 434 3070; x_wconf 79' lang='lat' dir='ltr'>ventu</span> <span class='ocrx_word' id='word_1_566' title='bbox 455 3038 504 3069; x_wconf 76' lang='lat' dir='ltr'>vis</span> <span class='ocrx_word' id='word_1_567' title='bbox 527 3039 551 3069; x_wconf 91' lang='lat' dir='ltr'>B</span> <span class='ocrx_word' id='word_1_568' title='bbox 572 3056 606 3060; x_wconf 96' lang='lat'>—</span> <span class='ocrx_word' id='word_1_569' title='bbox 633 3042 661 3070; x_wconf 80' lang='lat' dir='ltr'>le</span> <span class='ocrx_word' id='word_1_570' title='bbox 685 3040 805 3080; x_wconf 75' lang='lat' dir='ltr'>omnia]</span> <span class='ocrx_word' id='word_1_571' title='bbox 833 3041 942 3071; x_wconf 78' lang='lat' dir='ltr'>omnia</span> <span class='ocrx_word' id='word_1_572' title='bbox 968 3044 996 3071; x_wconf 78' lang='lat' dir='ltr'>re</span> <span class='ocrx_word' id='word_1_573' title='bbox 1013 3042 1057 3076; x_wconf 70' lang='grc' dir='ltr'>Ας</span> <span class='ocrx_word' id='word_1_574' title='bbox 1085 3040 1149 3071; x_wconf 79' lang='lat' dir='ltr'>sed</span> <span class='ocrx_word' id='word_1_575' title='bbox 1174 3041 1343 3071; x_wconf 79' lang='lat' dir='ltr'>incertum</span> <span class='ocrx_word' id='word_1_576' title='bbox 1371 3041 1423 3070; x_wconf 73' lang='lat' dir='ltr'>est</span> <span class='ocrx_word' id='word_1_577' title='bbox 1449 3041 1564 3070; x_wconf 83' lang='lat' dir='ltr'>utrum</span> <span class='ocrx_word' id='word_1_578' title='bbox 1582 3038 1614 3068; x_wconf 90' lang='grc'>11.</span> <span class='ocrx_word' id='word_1_579' title='bbox 1636 3036 1655 3067; x_wconf 95' lang='lat' dir='ltr'>l.</span> <span class='ocrx_word' id='word_1_580' title='bbox 1675 3047 1717 3068; x_wconf 78' lang='lat' dir='ltr'>an</span> <span class='ocrx_word' id='word_1_581' title='bbox 1736 3047 1768 3068; x_wconf 75' lang='lat' dir='ltr'>v.</span> <span class='ocrx_word' id='word_1_582' title='bbox 1788 3038 1841 3069; x_wconf 73' lang='lat' dir='ltr'>G20.</span> <span class='ocrx_word' id='word_1_583' title='bbox 1861 3055 1896 3060; x_wconf 89' lang='lat'>-—</span> <span class='ocrx_word' id='word_1_584' title='bbox 1922 3039 1974 3070; x_wconf 68' lang='grc' dir='ltr'>ΞΟ.</span> <span class='ocrx_word' id='word_1_585' title='bbox 1994 3039 2030 3069; x_wconf 78' lang='lat' dir='ltr'>Si</span> <span class='ocrx_word' id='word_1_586' title='bbox 2049 3038 2098 3079; x_wconf 70' lang='lat' dir='ltr'>ne]</span> 
     </span>
     <span class='ocr_line' id='line_1_48' title="bbox 339 3088 2100 3128; baseline -0.001 -7"><span class='ocrx_word' id='word_1_587' title='bbox 339 3090 419 3121; x_wconf 78' lang='lat' dir='ltr'>Sum</span> <span class='ocrx_word' id='word_1_588' title='bbox 442 3088 467 3120; x_wconf 90' lang='lat' dir='ltr'>E</span> <span class='ocrx_word' id='word_1_589' title='bbox 484 3106 526 3110; x_wconf 91' lang='lat'>—-</span> <span class='ocrx_word' id='word_1_590' title='bbox 549 3088 678 3126; x_wconf 77' lang='lat' dir='ltr'>quidem</span> <span class='ocrx_word' id='word_1_591' title='bbox 695 3090 739 3120; x_wconf 86' lang='lat' dir='ltr'>A:</span> <span class='ocrx_word' id='word_1_592' title='bbox 767 3090 844 3128; x_wconf 72' lang='lat' dir='ltr'>quid</span> <span class='ocrx_word' id='word_1_593' title='bbox 868 3094 911 3121; x_wconf 78' lang='lat' dir='ltr'>est</span> <span class='ocrx_word' id='word_1_594' title='bbox 935 3092 958 3122; x_wconf 91' lang='lat' dir='ltr'><strong>B</strong></span> <span class='ocrx_word' id='word_1_595' title='bbox 974 3091 997 3121; x_wconf 84' lang='lat' dir='ltr'>E</span> <span class='ocrx_word' id='word_1_596' title='bbox 1018 3106 1052 3112; x_wconf 92' lang='lat'>—</span> <span class='ocrx_word' id='word_1_597' title='bbox 1080 3091 1131 3121; x_wconf 72' lang='lat'>2³2</span> <span class='ocrx_word' id='word_1_598' title='bbox 1151 3093 1209 3120; x_wconf 72' lang='lat' dir='ltr'>tua</span> <span class='ocrx_word' id='word_1_599' title='bbox 1227 3093 1272 3121; x_wconf 82' lang='lat' dir='ltr'>A:</span> <span class='ocrx_word' id='word_1_600' title='bbox 1300 3090 1346 3120; x_wconf 74' lang='lat' dir='ltr'>tui</span> <span class='ocrx_word' id='word_1_601' title='bbox 1370 3090 1393 3120; x_wconf 85' lang='lat' dir='ltr'>B</span> <span class='ocrx_word' id='word_1_602' title='bbox 1416 3107 1450 3111; x_wconf 87' lang='lat'><em>-</em></span> <span class='ocrx_word' id='word_1_603' title='bbox 1477 3088 1529 3120; x_wconf 60' lang='lat'>⁴24.</span> <span class='ocrx_word' id='word_1_604' title='bbox 1553 3091 1651 3127; x_wconf 76' lang='lat' dir='ltr'>putas</span> <span class='ocrx_word' id='word_1_605' title='bbox 1670 3088 1747 3119; x_wconf 79' lang='lat' dir='ltr'>cod.</span> <span class='ocrx_word' id='word_1_606' title='bbox 1769 3089 1986 3120; x_wconf 79' lang='lat' dir='ltr'>Monacensis</span> <span class='ocrx_word' id='word_1_607' title='bbox 2003 3088 2100 3120; x_wconf 86' lang='lat' dir='ltr'>Mad-</span> 
     </span>
     <span class='ocr_line' id='line_1_49' title="bbox 340 3138 2097 3181; baseline 0 -11"><span class='ocrx_word' id='word_1_608' title='bbox 340 3139 439 3180; x_wconf 81' lang='lat' dir='ltr'>vigii:</span> <span class='ocrx_word' id='word_1_609' title='bbox 462 3141 556 3178; x_wconf 78' lang='lat' dir='ltr'>putes</span> <span class='ocrx_word' id='word_1_610' title='bbox 577 3139 640 3170; x_wconf 89' lang='lat' dir='ltr'>AB</span> <span class='ocrx_word' id='word_1_611' title='bbox 656 3139 680 3170; x_wconf 95' lang='lat' dir='ltr'>O</span> <span class='ocrx_word' id='word_1_612' title='bbox 707 3156 740 3160; x_wconf 97' lang='lat'><em>-</em></span> <span class='ocrx_word' id='word_1_613' title='bbox 767 3148 898 3178; x_wconf 73' lang='lat' dir='ltr'>sequere</span> <span class='ocrx_word' id='word_1_614' title='bbox 914 3141 960 3171; x_wconf 88' lang='lat' dir='ltr'>A:</span> <span class='ocrx_word' id='word_1_615' title='bbox 986 3148 1124 3181; x_wconf 77' lang='lat' dir='ltr'>sequare</span> <span class='ocrx_word' id='word_1_616' title='bbox 1149 3140 1171 3170; x_wconf 87' lang='lat' dir='ltr'>B</span> <span class='ocrx_word' id='word_1_617' title='bbox 1186 3140 1216 3170; x_wconf 82' lang='lat' dir='ltr'>M</span> <span class='ocrx_word' id='word_1_618' title='bbox 1231 3140 1255 3169; x_wconf 94' lang='lat' dir='ltr'>O</span> <span class='ocrx_word' id='word_1_619' title='bbox 1275 3156 1307 3159; x_wconf 87' lang='lat'>—-</span> <span class='ocrx_word' id='word_1_620' title='bbox 1336 3140 1388 3169; x_wconf 78' lang='lat'>25.</span> <span class='ocrx_word' id='word_1_621' title='bbox 1412 3139 1560 3179; x_wconf 62' lang='lat' dir='ltr'>profiteri</span> <span class='ocrx_word' id='word_1_622' title='bbox 1582 3138 1659 3168; x_wconf 83' lang='lat' dir='ltr'>AB:</span> <span class='ocrx_word' id='word_1_623' title='bbox 1683 3139 1833 3178; x_wconf 78' lang='lat' dir='ltr'>profileri</span> <span class='ocrx_word' id='word_1_624' title='bbox 1856 3142 1965 3170; x_wconf 81' lang='lat' dir='ltr'>aulem</span> <span class='ocrx_word' id='word_1_625' title='bbox 1980 3139 2046 3170; x_wconf 84' lang='lat' dir='ltr'>MO</span> <span class='ocrx_word' id='word_1_626' title='bbox 2064 3157 2097 3161; x_wconf 94' lang='lat'><em>-</em></span> 
     </span>
     <span class='ocr_line' id='line_1_50' title="bbox 341 3187 2098 3230; baseline -0.001 -10"><span class='ocrx_word' id='word_1_627' title='bbox 341 3189 394 3220; x_wconf 88' lang='lat'>30.</span> <span class='ocrx_word' id='word_1_628' title='bbox 412 3188 629 3229; x_wconf 66' lang='lat' dir='ltr'>magnificata</span> <span class='ocrx_word' id='word_1_629' title='bbox 649 3188 749 3220; x_wconf 85' lang='lat' dir='ltr'>verba</span> <span class='ocrx_word' id='word_1_630' title='bbox 772 3189 837 3220; x_wconf 87' lang='lat' dir='ltr'>B—</span> <span class='ocrx_word' id='word_1_631' title='bbox 864 3189 915 3221; x_wconf 82' lang='lat'>35.</span> <span class='ocrx_word' id='word_1_632' title='bbox 942 3190 1065 3229; x_wconf 75' lang='lat' dir='ltr'>debeas]</span> <span class='ocrx_word' id='word_1_633' title='bbox 1091 3189 1212 3220; x_wconf 68' lang='lat' dir='ltr'>dubites</span> <span class='ocrx_word' id='word_1_634' title='bbox 1235 3190 1261 3219; x_wconf 91' lang='lat' dir='ltr'>D</span> <span class='ocrx_word' id='word_1_635' title='bbox 1282 3206 1315 3210; x_wconf 95' lang='lat'><strong>—</strong></span> <span class='ocrx_word' id='word_1_636' title='bbox 1344 3189 1396 3219; x_wconf 84' lang='lat'>36.</span> <span class='ocrx_word' id='word_1_637' title='bbox 1421 3189 1581 3229; x_wconf 61' lang='lat' dir='ltr'>fringeres</span> <span class='ocrx_word' id='word_1_638' title='bbox 1603 3188 1629 3219; x_wconf 80' lang='lat' dir='ltr'>A</span> <span class='ocrx_word' id='word_1_639' title='bbox 1647 3205 1689 3209; x_wconf 92' lang='lat'>—</span> <span class='ocrx_word' id='word_1_640' title='bbox 1713 3187 1765 3219; x_wconf 75' lang='lat'>37.</span> <span class='ocrx_word' id='word_1_641' title='bbox 1790 3197 1855 3220; x_wconf 82' lang='lat' dir='ltr'>esse</span> <span class='ocrx_word' id='word_1_642' title='bbox 1876 3189 1901 3220; x_wconf 92' lang='lat' dir='ltr'>B</span> <span class='ocrx_word' id='word_1_643' title='bbox 1921 3207 1956 3212; x_wconf 98' lang='lat'><strong>—</strong></span> <span class='ocrx_word' id='word_1_644' title='bbox 1983 3188 2034 3221; x_wconf 88' lang='lat'>38.</span> <span class='ocrx_word' id='word_1_645' title='bbox 2053 3188 2098 3230; x_wconf 76' lang='lat' dir='ltr'>ul]</span> 
     </span>
     <span class='ocr_line' id='line_1_51' title="bbox 340 3238 576 3277; baseline -0.004 -7"><span class='ocrx_word' id='word_1_646' title='bbox 340 3239 385 3270; x_wconf 77' lang='lat' dir='ltr'>sic</span> <span class='ocrx_word' id='word_1_647' title='bbox 408 3239 451 3277; x_wconf 81' lang='grc' dir='ltr'>Β;</span> <span class='ocrx_word' id='word_1_648' title='bbox 476 3238 517 3269; x_wconf 78' lang='lat' dir='ltr'>sit</span> <span class='ocrx_word' id='word_1_649' title='bbox 540 3239 576 3270; x_wconf 89' lang='lat' dir='ltr'>E.</span> 
     </span>
    </p>
   </div>
  </div>
 </body>
</html>
