2249 3624
248 124 328 165 5⁶20
910 122 979 161 DE
1012 118 1364 160 DIVINATIONE

246 239 314 280 ut,
350 247 441 273 cum
475 231 682 277 evenerit,
719 230 775 268 ita
808 226 950 273 cadat,
987 231 1033 265 ut
1063 225 1324 278 praedictum
1357 226 1430 271 sit,
1463 238 1601 278 neque
1632 225 1673 264 in
1708 238 1757 265 eo
1791 226 2015 279 quicquam

248 309 347 335 casu
389 301 428 334 et
467 294 636 333 fortuito
678 291 833 330 factum
875 303 966 328 esse
1006 293 1225 340 appareat.
1269 300 1359 326 esse
1401 293 1510 326 certe
1548 286 1848 327 divinationem
1888 288 2017 339 idque

248 371 339 397 esse
371 356 565 396 omnibus
598 351 897 393 confitendum.
965 350 1172 398 Quocirca
1204 349 1384 401 primum
1416 349 1515 388 mihi
1546 349 1728 396 videtur,
1768 356 1813 388 ut
1843 349 2018 389 Posido-

246 421 341 460 nius
372 419 491 465 facit,
539 430 562 456 a
603 416 705 461 deo,
750 413 801 452 de
843 426 925 465 quo
966 413 1065 451 satis
1099 411 1254 450 dictum
1287 416 1374 458 est,
1421 411 1570 450 deinde
1603 425 1625 451 a
1656 411 1763 459 sato,
1811 411 1963 451 deinde
1995 425 2018 452 a

214 490 394 521 suatura
431 481 492 519 vis
531 478 664 518 omnis
698 475 914 515 divinandi
944 474 1136 526 ratioque
1167 473 1407 526 repetenda.
1467 474 1574 513 Fieri
1607 474 1733 526 igitur
1764 474 1902 513 omnia
1934 473 2018 514 fato

246 544 352 583 ratio
384 543 494 595 cogit
523 540 655 580 fateri.
718 539 864 577 Fatum
897 542 1035 576 autem
1068 536 1108 574 id
1140 535 1323 588 appello,
1356 536 1469 589 quod
1492 536 1638 575 Graeci
1670 541 1943 590 εἱμαρμένην,
1975 537 2018 577 id

248 611 310 644 est
352 604 541 643 ordinem
583 602 819 653 seriemque
861 612 1101 644 causarum,
1140 612 1231 637 cum
1273 611 1422 637 causae
1461 611 1585 638 causa
1625 612 1734 638 nexa
1772 613 1857 639 rem
1890 614 1941 639 ex
1974 613 2018 639 se

249 667 402 719 gignat.
444 667 503 705 Ea
534 670 597 704 est
628 676 679 703 ex
711 661 823 702 omni
855 662 1100 701 aeternitate
1131 658 1263 699 fluens
1295 660 1445 699 veritas
1469 661 1736 713 sempiterna.
1779 661 1899 709 Quod
1924 675 2017 700 cum

248 729 305 768 ita
337 728 401 775 sit,
434 728 538 767 nihil
571 733 633 767 est
663 726 816 765 factum
849 724 959 776 quod
992 737 1077 763 non
1107 722 1294 762 futurum
1325 722 1462 769 fuerit,
1495 724 1728 776 eodemque
1760 723 1885 763 modo
1914 723 2019 762 nihil

198 802 233 830 4ο
250 797 312 830 est
349 790 560 835 futurum,
604 789 723 828 cuius
763 801 846 826 non
888 800 1035 826 causas
1076 786 1115 825 id
1156 786 1295 838 ipsum
1337 783 1565 824 efficientes
1605 792 1752 825 natura
1792 788 2018 826 contineat.

251 850 344 892 (126.
375 854 437 891 Ex
471 866 554 905 quo
585 850 867 902 intellegitur,
899 856 945 889 ut
975 849 1104 888 fatum
1137 849 1190 888 sit
1220 861 1304 887 non
1338 847 1404 894 id,
1444 848 1557 900 quod
1591 848 1904 901 superstitiose,
1945 847 2018 888 sed

248 916 311 961 id,
345 914 456 967 quod
488 914 661 967 physice
693 912 864 959 dicitur,
900 925 1026 952 causa
1057 917 1226 950 aeterna
1256 923 1417 956 rerum,
1449 923 1522 949 cur
1552 916 1593 949 et
1624 923 1672 949 ea
1704 924 1808 961 quae
1834 916 2019 964 praeter-

247 980 386 1018 ierunt
423 977 530 1016 facta
569 976 653 1015 sint
694 980 733 1014 et
775 987 881 1027 quae
914 975 1069 1014 instant
1100 971 1201 1012 fiant
1242 978 1282 1011 et
1321 986 1428 1025 quae
1471 978 1704 1025 sequuntur
1742 972 1881 1013 futura
1922 974 2019 1014 sint.

248 1042 308 1081 Ita
341 1039 384 1080 fit
415 1046 460 1080 ut
491 1044 530 1078 et
562 1038 850 1078 observatione
882 1037 1017 1076 notari
1050 1036 1182 1088 possit
1222 1048 1329 1087 quae
1371 1048 1434 1074 res
1477 1048 1686 1088 quamque
1727 1049 1895 1076 causam
1932 1036 2020 1089 ple-

200 1113 235 1141 45
249 1115 425 1155 rumque
458 1106 756 1154 consequatur,
789 1100 912 1138 etiam
946 1100 978 1138 si
1010 1112 1091 1138 non
1125 1111 1289 1151 semper
1318 1120 1373 1125 -
1403 1111 1498 1137 narn
1529 1097 1570 1137 id
1603 1098 1772 1151 quidem
1803 1097 2021 1139 adfirmare

250 1164 419 1204 difficile
452 1171 514 1204 est
544 1186 600 1191 —
630 1162 884 1215 easdemque
917 1174 1063 1201 causas
1095 1161 1179 1200 veri
1215 1159 1350 1199 simile
1383 1166 1444 1199 est
1475 1174 1615 1199 rerum
1646 1158 1875 1201 futurarum
1909 1163 2021 1201 cerni

249 1229 299 1268 ab
332 1227 406 1274 iis,
440 1227 511 1280 qui
544 1232 614 1266 aut
643 1240 719 1278 per
747 1225 931 1264 furorem
964 1237 1033 1263 eas
1065 1229 1135 1263 aut
1166 1224 1207 1262 in
1241 1223 1381 1276 quiete
1412 1222 1596 1263 videant.

364 1291 465 1329 LVI.
506 1287 592 1328 1⁶27.
624 1290 843 1327 Praeterea
875 1301 968 1327 cum
1000 1287 1084 1326 fato
1117 1286 1257 1326 omnia
1289 1284 1400 1331 fiant,
1432 1285 1472 1325 id
1506 1286 1620 1339 quod
1652 1287 1734 1326 alio
1766 1287 1857 1326 loco
1881 1293 2022 1328 osten-

251 1353 384 1400 detur,
415 1353 449 1392 si
482 1352 576 1405 quis
608 1350 794 1390 mortalis
829 1351 958 1403 possit
989 1363 1093 1396 esse,
1127 1350 1197 1402 qui
1231 1348 1553 1401 conligationem
1585 1362 1800 1389 causarum
1834 1350 2021 1390 omnium

199 1424 236 1454 20
252 1415 476 1469 perspiciat
516 1414 678 1459 animo,
719 1412 823 1452 nihil
866 1426 959 1452 eum
1001 1411 1190 1465 profecto
1231 1411 1361 1451 fallat.
1423 1411 1504 1458 Qui
1548 1412 1657 1450 enim
1694 1417 1835 1452 teneat
1875 1426 2020 1453 causas

249 1492 386 1518 rerum
425 1477 689 1522 futurarum,
734 1474 844 1514 idem
888 1488 1060 1514 necesse
1110 1480 1171 1514 est
1211 1474 1353 1513 omnia
1390 1479 1556 1521 teneat,
1600 1487 1709 1526 quae
1749 1474 1886 1515 futura
1926 1477 2021 1515 sint.

252 1540 375 1589 Quod
415 1553 506 1579 cum
549 1552 670 1578 nemo
709 1537 845 1577 facere
884 1537 962 1576 nisi
1002 1537 1104 1576 deus
1135 1537 1287 1589 possit,
1330 1536 1657 1589 relinquendum
1691 1544 1754 1576 est
1786 1538 1946 1578 homini
1978 1543 2024 1578 ut

251 1604 379 1655 signis
423 1601 675 1656 quibusdam
717 1600 1019 1654 consequentia
1063 1599 1372 1638 declarantibus
1413 1598 1553 1638 futura
1594 1600 1863 1652 praesentiat.
1930 1601 2021 1639 Non

251 1666 363 1705 enim
394 1665 487 1711 illa,
533 1676 640 1717 quae
671 1662 805 1702 futura
837 1668 953 1708 sunt,
995 1662 1134 1701 subito
1176 1662 1405 1707 exsistunt,
1453 1661 1525 1701 sed
1570 1668 1632 1701 est
1675 1664 1793 1715 quasi
1835 1662 2022 1703 rudentis

199 1735 237 1766 25
251 1727 493 1781 explicatio,
535 1726 594 1765 sio
625 1725 829 1765 traductio
862 1724 1063 1777 temporis
1096 1724 1199 1763 nihil
1232 1724 1331 1763 novi
1363 1721 1584 1764 efficientis
1617 1730 1656 1764 et
1688 1726 1866 1777 primum
1900 1726 2023 1778 quid-

251 1804 333 1844 que
366 1789 620 1842 replicantis.
682 1787 803 1835 Quod
835 1793 874 1826 et
904 1788 931 1826 ii
963 1787 1130 1833 vident,
1170 1787 1323 1839 quibus
1354 1787 1557 1826 naturalis
1590 1788 1789 1828 divinatio
1822 1790 1915 1829 data
1947 1795 2022 1836 est,

251 1859 292 1892 et
323 1852 378 1899 ii,
427 1851 582 1905 quibus
624 1864 769 1889 cursus
811 1863 949 1889 rerum
988 1847 1251 1889 observando
1289 1854 1458 1888 notatus
1500 1855 1575 1889 est.
1637 1851 1719 1898 Qui
1759 1851 1836 1891 etsi
1876 1865 2022 1892 causas

249 1916 360 1968 ipsas
400 1927 485 1953 non
527 1919 724 1959 cernunt,
769 1913 885 1964 signa
924 1919 1063 1952 tamen
1105 1925 1320 1951 causarum
1364 1918 1403 1951 et
1433 1918 1552 1952 notas
1586 1920 1786 1952 cernunt:
1834 1914 1887 1954 ad
1920 1927 2023 1968 quas

249 1977 435 2017 adhibita
477 1976 675 2016 memoria
717 1981 757 2015 et
798 1975 1013 2028 diligentia
1055 1981 1095 2014 et
1135 1975 1414 2014 monumentis
1455 1976 1716 2028 superiorum
1759 1974 1936 2016 efficitur
1975 1989 2024 2016 ea

198 2049 236 2079 3ο
250 2040 469 2086 divinatio,
502 2052 609 2092 quae
641 2036 866 2077 artificiosa
899 2037 1063 2083 dicitur,
1097 2043 1304 2084 extorum,
1337 2037 1559 2089 fulgorum,
1592 2044 1852 2078 ostentorum
1885 2041 2022 2093 signo-

249 2116 428 2156 rumque
461 2101 717 2141 caelestium.
770 2097 862 2139 ³128.
894 2101 985 2138 Non
1018 2106 1080 2140 est
1110 2101 1238 2153 igitur
1270 2106 1313 2140 ut
1345 2101 1577 2140 mirandum
1610 2102 1664 2141 sit
1696 2115 1743 2141 ea
1775 2103 2023 2154 praesentiri

250 2179 272 2205 a
304 2164 608 2209 divinantibus,
641 2175 748 2215 quae
780 2176 988 2215 nusquam
1021 2163 1129 2210 siut3
1163 2169 1259 2203 sunt
1291 2165 1400 2203 enim
1434 2164 1595 2211 omnia,
1627 2165 1698 2203 sed
1733 2170 1920 2217 tempore
1952 2165 2023 2204 ab-

249 2233 359 2267 sunt.
420 2229 556 2280 Atque
588 2231 634 2264 ut
664 2225 707 2264 in
739 2225 968 2264 seminibus
1000 2225 1061 2265 vis
1095 2226 1203 2265 inest
1235 2239 1376 2265 earum
1409 2240 1568 2273 rerum,
1612 2240 1717 2280 quae
1756 2241 1808 2267 ex
1846 2228 1896 2267 iis
1929 2242 2022 2281 pro-

250 2291 486 2342 gignuntur‚
519 2289 577 2328 sic
608 2289 648 2327 in
682 2289 819 2327 causis
851 2287 1044 2327 conditae
1076 2294 1172 2327 suut
1202 2302 1268 2328 res
1301 2288 1486 2335 futurae,
1520 2303 1623 2342 quas
1652 2303 1742 2329 esse
1766 2290 1927 2330 futuras
1950 2297 2022 2331 aut

198 2368 234 2398 35
251 2353 457 2392 concitata
498 2364 615 2391 mens
660 2357 730 2390 aut
768 2351 904 2390 soluta
946 2364 1093 2390 somno
1128 2351 1260 2390 cernit
1291 2357 1361 2391 aut
1392 2352 1496 2391 ratio
1528 2358 1599 2391 aut
1631 2353 1873 2392 coniectura
1904 2366 2023 2407 prae-

250 2415 388 2454 sentit.
449 2415 584 2466 Atque
616 2418 663 2452 ut
693 2414 743 2458 ii,
786 2414 857 2466 qui
898 2413 998 2452 solis
1042 2419 1083 2452 et
1120 2413 1243 2452 lunae
1287 2414 1626 2467 reliquorumque
1667 2414 1851 2454 siderum
1891 2421 2022 2463 ortus,

249 2477 387 2517 obitus
419 2482 639 2529 motusque
673 2481 930 2528 cognorunt,
972 2489 1054 2529 quo
1098 2476 1287 2529 quidque
1328 2481 1515 2529 tempore
1557 2489 1701 2516 eorum
1740 2477 1927 2517 futurum
1969 2479 2023 2518 sit

248 2539 380 2578 multo
411 2544 508 2578 ante
540 2538 801 2591 praedicunt,
834 2538 893 2578 sic
925 2540 997 2591 qui
1029 2552 1195 2578 cursum
1226 2552 1364 2578 rerum
1397 2545 1728 2593 eventorumque
1760 2553 2023 2595 consequen-

335 2706 365 2737 2.
391 2707 533 2746 sortuilu
558 2707 585 2737 H
611 2724 646 2728 —
680 2706 709 2737 3.
738 2706 887 2737 ommibus
911 2715 980 2737 om.
1003 2707 1028 2737 ΙΙ
1059 2725 1091 2729 -
1121 2707 1151 2737 6.
1178 2710 1286 2737 autem
1312 2716 1380 2737 om.
1402 2708 1428 2738 Η
1458 2724 1491 2729 -
1520 2707 1746 2738 himarmenen
1772 2708 1795 2738 C
1825 2726 1858 2730 —
1887 2709 1918 2738 7.
1939 2718 2023 2740 cau-

246 2765 302 2787 sae
325 2765 427 2787 causa
451 2757 602 2796 (causam
616 2757 665 2793 Vl)
693 2758 737 2788 C:
764 2766 867 2787 causa
892 2766 1011 2787 causae
1029 2757 1053 2788 O
1080 2774 1114 2778 —
1144 2766 1310 2787 nexorum
1328 2757 1353 2786 V
1382 2775 1415 2779 ψ
1445 2759 1496 2788 [Η.
1522 2758 1649 2797 fuctum
1674 2758 1735 2788 BH
1765 2775 1797 2779 —
1832 2759 1879 2789 1¹¹2.
1905 2768 1966 2789 cur
1985 2768 2023 2790 ea

247 2807 274 2838 H
307 2823 341 2828 —-
381 2808 431 2837 43.
460 2816 526 2846 qua
550 2808 675 2838 instant
700 2805 739 2835 V¹
770 2825 804 2828 —
838 2811 866 2838 e!
891 2816 967 2847 sup.
996 2806 1052 2838 lin.
1079 2808 1101 2837 B
1138 2823 1171 2827 —
1206 2811 1361 2838 secuntur
1386 2808 1464 2844 ΒΗ,
1503 2812 1679 2847 sequentur
1703 2808 1863 2839 Daxisius
1898 2826 1930 2829 ——
1969 2809 2019 2841 44.

246 2860 277 2886 et
300 2865 369 2887 om.
388 2856 417 2886 V
450 2874 484 2878 —
521 2866 762 2897 quamcumque
786 2857 813 2887 V
844 2875 886 2880 ——
912 2858 1115 2896 plurumque
1139 2855 1179 2886 V¹
1208 2873 1242 2878 —-
1281 2858 1319 2887 46
1359 2857 1463 2888 simile
1487 2862 1530 2889 est
1555 2858 1744 2889 Manutius:
1773 2859 1893 2889 similes
1918 2859 1941 2889 C
1970 2859 2020 2898 (in

246 2907 270 2938 B
296 2907 470 2947 posterius
494 2916 508 2937 s
532 2916 572 2938 ex
599 2908 704 2945 corr.)
745 2925 777 2929 —-
822 2908 874 2938 47.
900 2908 927 2938 is
951 2905 1000 2944 13¹,
1038 2907 1085 2937 his
1111 2904 1148 2937 B'2
1185 2924 1218 2928 —
1267 2907 1317 2939 48.
1344 2908 1521 2946 Propterea
1553 2906 1670 2939 malini
1709 2924 1743 2928 —
1789 2908 1822 2937 id
1847 2909 1932 2945 quod
1955 2909 2022 2939 alto

245 2956 315 2986 loco
339 2958 525 2987 ostendetur
549 2958 731 2996 Hottinger
756 2958 788 2988 in
816 2957 1054 2997 suspicionem
1080 2958 1217 2988 vocavit
1245 2976 1278 2979 —
1314 2959 1496 2989 ostenderes
1521 2959 1546 2989 H
1578 2975 1608 2979 —
1645 2958 1698 2988 ς20.
1726 2958 1850 2997 animo]
1876 2958 1969 2988 initio
1994 2958 2021 2988 H

249 3023 283 3028 -
311 3006 398 3044 fallit
425 3007 463 3042 Η,
488 3007 579 3045 fallet
605 3007 629 3037 V
655 3016 697 3038 ex
721 3016 811 3038 corr.
839 3025 881 3029 —
916 3008 969 3038 2⁴.
995 3012 1040 3038 est
1065 3016 1134 3038 oni.
1157 3008 1181 3038 H
1224 3025 1254 3030 —
1294 3007 1347 3039 ⁶24.
1375 3009 1460 3039 enim
1485 3017 1554 3039 om.
1576 3008 1603 3038 H
1644 3026 1677 3030 —
1715 3016 1746 3038 se
1771 3011 1815 3038 est
1838 3006 1877 3038 ΑΙ
1904 3025 1938 3030 -
1966 3008 2018 3038 25.

246 3056 394 3087 traducto
419 3057 442 3086 Α
472 3073 505 3077 —
545 3058 729 3096 efficientis,
755 3059 809 3088 sed
834 3057 919 3088 Rath
948 3075 981 3078 —
1021 3058 1159 3096 quicque
1182 3057 1246 3088 AV
1274 3075 1307 3080 —
1346 3058 1398 3088 26.
1425 3057 1625 3097 explicantis
1648 3056 1887 3096 Wyttenbach
1920 3073 1954 3079 —-
1989 3056 2022 3087 hi

245 3105 308 3135 AB
326 3105 368 3142 V,
400 3105 446 3135 hii
471 3106 517 3144 H,
553 3109 586 3137 et
611 3107 659 3136 sic
686 3107 769 3138 item
795 3106 897 3146 paulo
922 3109 1001 3147 post
1031 3125 1072 3129 —-
1107 3107 1159 3137 ⁵28.
1187 3110 1325 3137 cernant
1349 3106 1385 3138 B¹
1422 3126 1455 3129 —
1495 3109 1538 3138 ad
1563 3108 1634 3146 quis
1664 3108 1691 3138 H
1725 3125 1760 3130 —
1798 3107 1851 3138 ⁵29.
1879 3110 1909 3138 et
1930 3115 2018 3137 mon.

244 3155 373 3185 ABH:
402 3163 444 3185 eac
466 3164 554 3185 mon.
576 3156 649 3195 ΥΘ)
667 3157 690 3185 0
719 3175 753 3178 —
781 3157 832 3187 30.
861 3157 938 3188 sort.
965 3160 1134 3190 eastorwu.
1162 3158 1296 3193 auium,
1322 3158 1402 3196 fulq.
1435 3175 1468 3180 -—
1495 3158 1667 3198 fulgurum
1692 3157 1716 3187 O
1745 3174 1778 3179 -
1806 3156 1859 3187 32.
1887 3156 2021 3187 divina-

243 3204 384 3235 tionibus
411 3205 434 3235 Η
472 3222 505 3226 -
545 3214 709 3244 nusquam
734 3208 768 3237 Ι).
790 3207 981 3238 Victorius:
1016 3216 1194 3246 numquam
1222 3208 1246 3237 C
1283 3225 1318 3229 —
1357 3207 1407 3239 33.
1436 3208 1484 3238 his
1510 3208 1533 3239 C
1569 3225 1603 3229 —
1637 3207 1689 3238 36Α
1716 3210 1752 3237 ul
1776 3215 1845 3238 om.
1866 3207 1893 3238 H
1922 3223 1955 3228 —
1988 3204 2020 3235 hi

242 3255 361 3294 ABV,
387 3255 433 3286 hit·
458 3256 484 3286 li
513 3273 547 3278 -—
576 3256 629 3287 37.
657 3260 845 3288 conum-unt
868 3259 895 3289 Α
922 3274 957 3279 -
986 3261 1170 3297 temporum
1195 3258 1234 3288 ll.
