2249 3624
534 166 623 204 Lm.
655 164 724 204 IV.
768 164 862 205 Cn.
896 164 1324 204 XXXV—XXXVII.
1365 163 1424 217 §§
1457 162 1633 205 74-80.
1888 157 1968 201 3⁵29

205 276 298 325 Quo
328 273 454 326 igitur
482 271 587 310 haec
618 270 797 322 erumpit
828 270 989 310 moles?
1021 270 1117 310 audi
1151 270 1400 324 Thyestem:

371 335 525 387 Ipsus
557 332 804 372 hortatur
836 346 908 371 me
943 332 1123 378 frater,
1156 339 1204 372 ut
1237 347 1372 372 meos
1406 333 1559 374 malis
1593 334 1753 373 miser

374 396 668 436 Mandarem
702 400 856 434 natos
890 426 1026 435 .....

209 463 358 502 Eorum
390 459 548 498 viscera
579 459 764 511 apponit.
811 457 919 505 Quid
954 463 1017 496 est
1049 458 1156 496 enim
1190 471 1270 511 quo
1303 471 1382 496 non
1420 458 1711 510 progrediatur
1732 459 1877 498 eodem
1912 460 1971 499 ira

209 537 290 578 quo
320 522 463 561 furor?
504 520 645 573 ltaque
677 520 804 558 iratos
839 521 1002 573 proprie
1034 521 1211 559 dicimus
1245 521 1381 559 exisse
1415 520 1465 558 dc
1498 526 1720 572 potestate,
1754 521 1794 560 id
1828 527 1888 561 est
1920 521 2004 561 def»

209 584 402 628 consilio,
435 583 485 621 de
517 583 699 627 ratione,
733 584 781 621 de
815 588 974 625 mente:
1017 582 1161 621 horum
1196 583 1303 621 enim
1339 589 1518 635 potestas
1552 584 1592 622 in
1627 589 1754 623 totum
1788 585 1970 624 animum

208 660 297 688 esse
329 646 465 685 debet.
515 642 579 682 78.
614 644 686 683 His
711 650 781 683 aut
812 644 1083 684 subtrahendi
1117 651 1211 684 suut
1244 646 1304 690 ei,
1340 646 1380 684 iu
1411 658 1515 698 quos
1548 647 1744 699 impetum
1770 653 1974 686 conantur

206 711 363 756 facere,
396 707 493 746 dum
527 720 570 746 se
601 707 681 759 ipsi
714 706 927 757 conligant
951 729 1003 735 -
1028 707 1125 760 quid
1159 712 1221 746 est
1252 713 1388 746 autem
1423 721 1465 746 se
1498 708 1634 760 ipsum
1667 708 1863 761 colligere
1895 709 1973 748 nisi

207 773 440 825 dissupatas
481 770 607 809 animi
649 769 776 822 partis
817 782 981 808 rursum
1019 769 1061 808 in
1093 782 1212 808 suum
1246 769 1381 809 locum
1415 773 1594 822 cogere?
1618 793 1670 798 —
1701 777 1771 811 aut
1801 771 1975 823 rogandi

206 834 438 886 orandique
471 837 584 877 suut,
618 838 680 877 ut,
714 832 745 870 si
781 845 903 884 quain
938 832 1089 871 habeut
1124 832 1353 871 ulciscendi
1381 834 1481 877 vim,
1515 833 1708 873 differant
1740 835 1778 873 in
1813 841 2026 887 tcmpusto

205 897 337 942 aliud,
370 896 466 934 dum
500 895 758 934 defervescat
791 895 862 933 ira.
912 894 1202 933 Defervescere
1235 902 1370 934 autem
1405 901 1515 935 certe
1550 895 1754 947 significat
1786 896 1975 935 ardorem

205 961 331 1001 animi
363 960 489 998 invita
523 958 680 997 ratione
713 959 950 996 excitatum.
998 958 1057 996 Ex
1085 970 1166 1010 quo
1192 957 1293 996 illud
1320 957 1516 997 laudatur
1536 960 1756 1013 Archytae,
1790 961 1859 1014 qui
1883 973 1976 998 cum

205 1024 326 1063 vilico
367 1022 498 1062 factus
538 1027 646 1060 esset
684 1021 851 1059 iratior:
899 1020 1027 1068 «Quo
1061 1025 1098 1058 te
1132 1019 1304 1065 modo»,
1339 1020 1497 1073 inquit,
1543 1021 1852 1074 «accepissem,
1897 1021 1977 1060 nisi

204 1087 331 1125 iratus
367 1085 563 1124 essem‘bw

314 1148 527 1186 XXXVII.
561 1144 625 1185 79.
669 1146 742 1185 [ᾟί
785 1151 879 1184 sunt
922 1159 1018 1197 ergo
1052 1145 1136 1191 isti,
1179 1144 1248 1198 qui
1281 1144 1537 1184 iracundiam
1572 1146 1715 1185 utilem
1749 1147 1891 1186 dicunt
1922 1154 2026 1183 -45

202 1215 337 1265 potest
366 1209 481 1248 utilis
514 1222 604 1248 esse
639 1209 830 1248 insania‘?
862 1230 916 1236 —
938 1213 1009 1247 aut
1035 1208 1297 1248 naturalem?
1330 1210 1391 1247 An
1416 1209 1638 1262 quicquam
1664 1215 1723 1248 est
1746 1210 1975 1250 secundum

202 1279 408 1316 naturam.
441 1271 553 1325 quod
578 1270 619 1310 tit
640 1277 901 1323 repugnante
924 1272 1113 1310 ratione?
1146 1284 1229 1323 quo
1254 1270 1377 1311 modo
1401 1277 1552 1317 autem,
1585 1273 1616 1310 si
1643 1272 1840 1312 naturalis
1865 1278 1975 1312 esset

203 1335 278 1380 ira,
311 1340 380 1373 aut
411 1334 515 1374 alius
547 1334 630 1373 alio
663 1334 794 1385 magis
827 1333 1053 1372 iracundus
1087 1340 1216 1378 esset,
1250 1340 1319 1374 aut
1350 1334 1473 1373 finem
1498 1335 1665 1374 haberet
1688 1336 1816 1388 prius,
1850 1349 1974 1388 quam

203 1404 313 1438 esset
343 1398 451 1441 ulta,
483 1395 711 1436 ulciscendi
745 1395 889 1440 libido,
921 1402 991 1434 aut
1014 1409 1269 1449 quemquam
1306 1398 1539 1450 paeniteret
1561 1397 1671 1450 quod
1705 1397 1871 1436 fecisset
1903 1411 1976 1449 per

202 1461 332 1500 iram?
365 1465 410 1499 ut
440 1458 724 1498 Alexandrum
758 1471 897 1507 regem
920 1457 1130 1502 videmus,
1163 1459 1230 1511 qui
1254 1473 1346 1498 cum
1380 1460 1662 1498 interemisset
1686 1460 1834 1499 Clitum
1859 1460 1975 1499 fami·
1990 1468 2026 1496 20

200 1523 343 1562 liarem
375 1535 515 1566 suum,
549 1522 615 1559 vix
649 1534 670 1559 a
704 1533 746 1558 se
780 1534 926 1559 manus
950 1520 1176 1559 abstinuit:
1210 1526 1320 1560 tanta
1346 1522 1404 1559 vis
1429 1521 1503 1561 fuit
1527 1522 1778 1574 paenitendi.
1813 1523 1975 1570 Quibus

202 1586 378 1637 cognitis
411 1585 505 1636 quis
538 1589 599 1622 est
631 1584 701 1636 qui
736 1583 897 1622 dubitet
929 1584 1027 1636 quin
1063 1583 1125 1622 hic
1151 1597 1320 1636 quoque
1354 1590 1491 1623 motus
1524 1585 1647 1624 animi
1679 1586 1730 1624 sit
1751 1591 1863 1624 totus
1887 1585 1977 1636 opi-

200 1647 348 1687 nabilis
391 1660 437 1685 ac
479 1646 770 1684 voluntarius?
819 1646 922 1693 Quis
962 1646 1072 1684 enim
1114 1646 1315 1684 dubitarit
1348 1648 1448 1699 quin
1492 1648 1802 1699 aegrotationes
1835 1647 1976 1691 animi,

201 1709 334 1764 qualis
368 1714 430 1748 est
459 1708 652 1752 avaritia,
685 1708 842 1760 gloriae
876 1708 1105 1760 cupiditas,
1138 1721 1189 1746 ei<
1222 1721 1293 1753 eo,
1327 1708 1440 1761 quod
1475 1709 1611 1761 magni
1646 1716 1902 1749 aestumetur
1928 1723 1976 1749 ea

200 1786 286 1817 res,
330 1785 381 1811 ex
415 1785 492 1824 qua
527 1771 687 1810 animus
719 1777 926 1821 aegrotat,
969 1772 1185 1810 oriantur?
1233 1771 1350 1809 t'nde
1387 1772 1571 1821 intellegi
1606 1773 1729 1811 debet
1761 1772 2026 1824 perturba-25

202 1835 355 1874 tionem
389 1846 558 1885 quoque
591 1847 753 1872 omnem
789 1847 880 1873 esse
913 1834 953 1871 in
978 1833 1192 1885 opinione.
1243 1833 1308 1871 80.
1342 1834 1390 1873 Et
1423 1835 1454 1873 si
1488 1832 1676 1880 fidentia,
1710 1834 1748 1873 id
1774 1841 1833 1874 est
1860 1832 1975 1873 firma

201 1898 327 1938 animi
359 1894 545 1941 comisto,
578 1896 751 1935 scientia
784 1897 988 1948 quaedam
1023 1902 1083 1934 est
1116 1901 1155 1934 et
1188 1896 1330 1949 opinio
1364 1897 1496 1948 gravis
1530 1911 1611 1936 non
1644 1903 1797 1936 temere
1827 1897 1975 1936 adsen-

201 1961 361 2005 tientis,
402 1964 534 1998 metus
578 1971 748 2011 quoque
793 1965 854 1997 est
886 1957 1116 1997 diffidentia
1150 1960 1360 2010 expectati
1393 1964 1432 1998 et
1463 1959 1730 2012 inpendentis
1765 1960 1881 2005 mali,
1923 1966 1974 2003 et.

203 2023 236 2062 si
269 2035 363 2075 spes
397 2027 457 2059 est
490 2021 727 2072 expectatio
762 2021 885 2065 boni,
921 2021 1014 2059 mali
1049 2021 1383 2072 expectationem
1417 2035 1508 2060 esse
1533 2036 1703 2062 necesse
1724 2029 1784 2062 est
1808 2029 1975 2073 metum.

205 2083 270 2138 [Ut
303 2084 430 2136 igitur
462 2089 618 2127 metus,
651 2083 709 2121 sic
744 2083 930 2135 reliquae
965 2083 1300 2135 perturbationes
1324 2084 1481 2122 suntin
1508 2082 1645 2137 malo]
1684 2085 1791 2133 Ergo
1814 2090 1858 2123 ut
1878 2092 2025 2123 con-30

202 2149 354 2186 stantia
385 2146 607 2191 scientiae,
640 2146 698 2184 sic
732 2145 986 2198 perturbatio
1019 2146 1171 2184 erroris
1205 2151 1279 2184 est.
1329 2146 1410 2193 Qui
1443 2152 1582 2186 autem
1617 2153 1762 2186 natura
1784 2147 1978 2186 dicuntur

201 2208 388 2248 iracundi
420 2214 489 2247 aut
521 2208 810 2247 misericordes
842 2214 912 2247 aut
933 2209 1063 2247 invidi
1086 2213 1157 2246 aut
1179 2208 1259 2246 tale
1282 2208 1406 2260 quid,
1439 2209 1475 2247 ei
1500 2215 1595 2248 sunt
1619 2209 1831 2248 constituti
1855 2211 1976 2262 quasi

201 2271 308 2310 mala
338 2270 578 2310 valetudine
610 2271 756 2315 animi,
789 2270 997 2309 sanabiles
1032 2276 1193 2315 tamen,
1228 2277 1271 2309 ut
1303 2271 1495 2309 Socrates
1525 2270 1689 2316 dicitur,
1722 2284 1813 2310 cum
1847 2271 1976 2310 multa

292 2440 317 2469 t.
341 2440 409 2477 Quo
427 2455 443 2460 ·
457 2455 474 2460 -
491 2437 632 2475 erumpi!
651 2437 826 2468 Daxisius:
849 2438 917 2475 Quo
936 2455 950 2459 -
966 2455 981 2458 -
997 2441 1092 2467 erunt
1111 2438 1154 2467 C:
1176 2438 1266 2475 Quae
1283 2454 1298 2458 -
1312 2455 1328 2459 -
1346 2438 1405 2467 erit
1424 2437 1487 2467 0-
1511 2437 1662 2475 fhgsesfem
1681 2438 1794 2476 ipsum.
1815 2438 1977 2469 Hor-[ntur

204 2490 247 2520 C:
271 2489 452 2527 Thyestem:
480 2488 600 2526 Impius
616 2487 769 2517 hortatur·
786 2486 946 2525 Bentley,
961 2487 995 2517 O.
1019 2487 1102 2517 Vide
1121 2486 1162 2516 ad
1184 2488 1253 2518 Cic.
1275 2487 1317 2517 tle
1336 2488 1427 2517 Orat.
1450 2488 1490 2517 ΙΙΙ
1515 2490 1532 2525 ξ
1554 2488 1625 2518 -217,
1647 2506 1679 2509 -
1701 2488 1729 2517 2.
1749 2488 1912 2517 hortatus!
1926 2496 1976 2517 me

204 2539 322 2570 Bothe.
355 2556 384 2559 —
414 2538 444 2568 3.
472 2538 663 2568 ,manderem
689 2540 732 2567 O:
761 2536 824 2567 sed
851 2538 892 2568 ct'.
924 2539 1058 2568 Lucret.
1090 2538 1127 2568 ΙΙ,
1147 2537 1226 2566 638ῑ
1254 2537 1301 2566 Ne
1325 2539 1490 2567 Sosianus
1513 2546 1586 2566 eum
1610 2538 1732 2566 malis
1757 2537 1973 2567 mandaret

203 2590 350 2628 adeptus.
377 2606 419 2610 --
443 2586 472 2618 4.
502 2588 624 2618 miscere
650 2589 674 2616 (i
691 2588 712 2617 R
742 2604 775 2608 —
804 2587 889 2624 quod
914 2595 977 2617 non
1003 2588 1172 2618 Davisius.
1192 2604 1233 2608 —
1257 2587 1367 2617 eodem
1385 2589 1407 2615 ti
1428 2587 1470 2617 ll:
1497 2596 1610 2616 eorum
1631 2587 1652 2617 B
1674 2604 1707 2608 —
1736 2586 1765 2615 8.
1792 2595 1823 2616 se
1848 2586 1906 2625 ipsi
1931 2586 1973 2616 B:

204 2641 268 2677 ipse
292 2637 352 2677 ipsi
376 2638 400 2666 G
417 2638 461 2671 R;
490 2637 549 2675 ipsi
573 2646 605 2667 se
621 2636 829 2675 Tregderus.
856 2654 887 2658 —
920 2637 967 2667 tt.
996 2638 1033 2667 (Ie.
1059 2638 1090 2668 in
1117 2637 1316 2675 defervescat
1341 2646 1409 2667 oni.
1431 2636 1468 2665 (ἰι
1488 2654 1520 2658 -
1555 2638 1601 2667 ¹13.
1620 2636 1679 2677 An]
1703 2637 1789 2667 hanc
1814 2637 1837 2667 t:
1862 2655 1891 2658 ψ
1921 2635 1976 2676 est]

203 2697 234 2718 es
258 2688 297 2719 R:
325 2696 388 2718 esse
414 2687 475 2717 (ΞΒ
505 2703 538 2708 -
576 2687 626 2717 48.
654 2688 707 2716 ira
733 2694 802 2716 om.
831 2688 868 2715 G¹
898 2704 930 2708 —
973 2686 1019 2718 19.
1047 2687 1115 2717 ulta
1143 2687 1333 2717 Manutius:
1370 2686 1438 2716 ulla
1464 2686 1487 2716 C
1518 2705 1550 2708 —
1578 2688 1734 2724 peniteret
1752 2687 1977 2724 --penitendi

204 2738 265 2768 GR
294 2755 328 2759 -
361 2736 413 2766 25.
441 2737 572 2767 oriatur
596 2738 619 2765 G
638 2737 659 2766 R
694 2738 727 2767 et
759 2736 868 2766 (corr.
897 2737 928 2766 in
954 2737 1117 2773 oriantur)
1145 2737 1166 2767 B
1198 2754 1230 2758 —
1266 2736 1316 2766 ⁵28.
1339 2736 1511 2773 defidentia
1537 2736 1559 2765 C
1592 2752 1625 2756 —
1662 2736 1712 2766 30.
1747 2736 1784 2766 ΕΙ
1812 2737 1977 2775 ἐρίων--

203 2791 277 2817 sunt
300 2788 333 2817 in
356 2785 456 2826 malo]
485 2785 706 2819 «Obscurius,
736 2786 944 2825 praesertim
972 2788 1048 2825 post
1072 2786 1152 2816 mali
1177 2784 1276 2816 aliter
1301 2786 1472 2825 positum,
1500 2787 1551 2815 est
1575 2789 1651 2815 sunt
1676 2787 1707 2815 in
1731 2785 1830 2815 malo.
1868 2783 1976 2824 Vulgo

206 2836 402 2876 intelligitur
427 2845 504 2867 esse
538 2835 631 2866 iden]
657 2835 750 2874 quod
775 2839 847 2865 sune
874 2836 903 2864 in
930 2836 1026 2867 vilio.
1055 2836 1205 2865 vitiosae:
1245 2834 1287 2865 cs.
1316 2836 1333 2873 ξ
1361 2834 1412 2865 Η.
1454 2834 1538 2867 Sed.
1567 2838 1603 2865 ut
1630 2835 1694 2865 lioc
1719 2836 1762 2865 ita
1789 2835 1852 2871 sit,
1886 2844 1977 2874 quo-

206 2885 309 2917 modo
335 2885 417 2916 illud
442 2894 482 2916 ex
510 2885 567 2920 iis,
594 2893 684 2924 quae
711 2884 940 2924 praecedunt,
968 2884 1130 2915 concludi
1157 2885 1301 2925 potest?
1325 2886 1490 2923 Apparet,
1519 2885 1546 2914 si
1567 2885 1667 2915 L'l-—
1684 2885 1772 2916 malo
1789 2884 1974 2920 deleveris.

206 2935 286 2966 nibil
317 2934 522 2966 desiderari.
569 2936 632 2965 Per
662 2934 752 2973 Eryo
784 2934 917 2965 reditus
943 2934 979 2965 tit
1003 2934 1046 2964 ad
1073 2934 1234 2974 superius
1261 2933 1361 2964 illud:
1394 2933 1675 2971 perturbationem
1700 2942 1829 2974 quoque
1852 2944 1975 2965 omnem

206 2993 269 3015 esse
291 2986 334 3015 in
358 2985 563 3023 opinione.
592 2984 639 3014 (ΣΥ.
662 2984 685 3014 Ι.
710 2984 766 3014 108
784 2993 859 3024 sq.»
888 2984 940 3014 W.
968 2983 1082 3014 Verba
1110 2986 1272 3024 suspecta
1300 2991 1362 3013 nos
1381 2982 1479 3012 uncis
1499 2981 1713 3014 inclusimus.
1735 3001 1768 3005 —
1798 2984 1849 3016 32.
1877 2985 1904 3015 ei
1931 2985 1973 3015 C:

206 3034 250 3063 eis
273 3034 297 3064 O
321 3051 362 3055 —
387 3033 438 3064 33.
465 3032 612 3063 sanabile
636 3036 680 3062 es!
705 3036 810 3063 tamen
839 3035 861 3063 t:
901 3051 933 3054 —
971 3034 1118 3063 Socratis
1141 3033 1274 3063 dicitur.
1307 3034 1410 3071 Quum
1438 3032 1479 3062 O.
1520 3033 1628 3063 «Cum
1661 3036 1913 3072 agnosceretur
1943 3035 1974 3065 in

208 3081 324 3114 verbis
347 3086 381 3113 ut
405 3084 557 3113 Socrates
581 3083 702 3112 dicitur
727 3091 793 3112 non
820 3082 951 3113 absolvi
977 3083 1202 3119 seutentiam,
1231 3091 1295 3113 nec
1314 3082 1474 3112 satisfieri
1493 3083 1754 3117 constructioni,
1776 3083 1855 3114 inde
1875 3085 1975 3114 natae

211 3132 370 3163 videntur
394 3130 627 3172 corruptelae.
656 3134 833 3171 tamquam
860 3133 1108 3167 correctiones,
1137 3130 1190 3162 vel
1215 3132 1372 3167 Sacratis,
1399 3130 1452 3162 vel
1479 3132 1517 3162 de
1533 3132 1678 3163 Socrate.
1706 3133 1772 3163 Sed
1789 3133 1976 3164 manebant

211 3182 278 3213 duo
303 3183 395 3219 vitia,
421 3185 494 3213 tum
520 3181 614 3221 quod
640 3182 822 3221 sequentia
849 3182 898 3211 sic
923 3181 1070 3221 abrupte
1097 3190 1114 3210 a
1142 3181 1387 3211 coniunctione
1407 3189 1479 3210 cum
1505 3181 1763 3214 inchoarentur.
1791 3185 1863 3213 tum
1883 3181 1975 3221 quod

212 3233 241 3261 in
266 3241 338 3262 eum
361 3232 549 3268 diceretur,
577 3231 712 3262 etiamsi
739 3232 785 3268 is,
813 3239 882 3269 quo
909 3231 997 3261 istud
1027 3232 1235 3270 pertineret,
1263 3238 1328 3260 non
1356 3231 1449 3261 esset
1473 3231 1505 3261 in
1528 3230 1652 3262 eadem
1669 3232 1858 3263 verborum
1877 3240 1976 3262 com-

211 3281 443 3322 prehensione
475 3281 680 3323 appellatus.
719 3282 791 3312 Non
825 3282 979 3313 sensisse
1012 3281 1176 3312 videntur
1206 3280 1377 3315 editores,
1413 3289 1481 3312 non
1514 3280 1646 3313 absolvi
1671 3281 1814 3321 quidem
1840 3282 1914 3316 ista.
1941 3284 1975 3312 ut
