2249 3624
304 162 385 206 7110
1023 159 1094 199 DE
1127 158 1352 199 OFFICIIS

303 272 472 315 laudem
502 283 594 311 meo
625 266 782 308 iudicio
814 263 1132 318 assequebatur.
1190 264 1316 304 Nulla
1346 263 1457 303 enim
1488 263 1577 304 eius
1607 264 1766 317 ingenii
1796 271 2067 307 monumenta

301 336 497 378 mandata
527 331 692 378 litteris,
724 328 887 369 nullum
919 341 1026 380 opus
1059 327 1146 374 otii,
1177 326 1339 366 nullum
1371 325 1612 366 solitudinis
1644 340 1792 367 munus
1824 332 1981 367 exstat:
2014 341 2065 367 ex

302 413 385 454 quo
430 394 618 447 intellegi
664 392 787 431 debet
836 390 954 429 illum
1004 388 1156 429 mentis
1201 388 1426 440 agitatione
1470 389 1881 443 investigationeque
1926 403 2068 430 earum

301 474 458 508 rerum,
491 470 595 511 quas
630 452 855 507 cogitando
888 452 1242 504 consequebatur,
1274 465 1351 491 nec
1382 452 1561 491 otiosum
1592 465 1670 491 nec
1701 452 1838 492 solum
1869 466 2068 506 umquam

269 525 452 567 5fuisse:
497 532 573 559 nos
611 521 775 563 autem,
816 514 888 568 qui
927 528 1012 554 non
1051 519 1213 554 tantum
1252 513 1416 553 roboris
1455 514 1679 561 habemus,
1725 520 1771 555 ut
1811 515 2067 568 cogitatione

300 587 422 629 tacita
463 597 486 624 a
527 580 753 622 solitudine
794 578 1109 624 abstrahamur,
1152 575 1204 616 ad
1243 577 1352 616 hanc
1385 576 1594 616 scribendi
1627 590 1797 629 operam
1829 591 1952 617 omne
1984 584 2068 619 stu-

303 651 415 690 dium
452 656 681 697 curamque
714 641 1010 682 convertimus.
1071 640 1217 692 ltaque
1249 639 1370 692 plura
1400 639 1517 678 brevi
1548 645 1736 692 tempore
1769 653 1913 680 eversa
1943 654 2068 695 quam

301 712 440 753 multis
472 707 592 749 annis
625 710 760 746 stante
792 717 837 744 re
869 703 1037 756 publica
1069 703 1324 754 scripsimus.

413 773 463 813 II.
505 771 544 811 5.
585 769 665 810 Sed
698 782 790 808 cum
822 772 909 807 tota
940 765 1232 819 philosophia,
1266 765 1321 804 mi
1353 764 1521 811 Cicero,
1553 763 1755 817 frugifera
1786 771 1826 805 et
1856 764 2071 808 fructuosa

250 851 286 881 ⁴0
300 852 378 880 nec
407 836 492 877 ulla
522 847 618 888 pars
650 832 739 872 eius
771 830 930 870 inculta
960 842 1007 868 ac
1040 829 1205 868 deserta
1237 828 1304 874 sit,
1337 832 1423 867 tum
1457 827 1598 866 nullus
1621 828 1799 867 feracior
1819 829 1861 868 in
1884 841 1932 868 ea
1955 829 2070 869 locus

300 907 364 943 est
393 913 471 940 nec
501 896 672 938 uberior
705 906 829 947 quam
862 892 913 931 de
947 889 1115 936 officiis,
1142 904 1165 930 a
1188 891 1340 944 quibus
1363 896 1600 929 constanter
1620 890 1880 944 honesteque
1904 891 2072 931 vivendi

300 966 521 1019 praecepta
551 960 771 999 ducuntur.
823 954 916 1003 Qua
937 967 982 993 re
1005 965 1258 1006 quamquam
1282 965 1304 991 a
1330 952 1524 1004 Cratippo
1557 956 1714 999 nostro,
1737 953 1925 1006 principe
1947 953 2071 994 huius

299 1024 527 1067 memoriae
557 1019 920 1075 philosophorum,
953 1017 1056 1056 haec
1088 1022 1128 1055 te
1160 1015 1329 1054 assidue
1361 1014 1504 1053 audire
1537 1019 1662 1067 atque
1684 1016 1874 1068 accipere
1897 1014 2071 1064 confido,

299 1095 439 1130 tamen
481 1084 716 1125 conducere
756 1081 938 1121 arbitror
978 1078 1130 1118 talibus
1172 1091 1294 1117 aures
1335 1082 1425 1116 tuas
1468 1077 1636 1117 vocibus
1678 1079 1864 1131 undique
1896 1079 2073 1119 circum-

250 1163 285 1192 45
301 1163 450 1192 sonare
488 1160 565 1187 nec
606 1159 698 1192 eas,
739 1145 774 1184 si
806 1141 894 1182 fieri
925 1142 1082 1195 possit,
1122 1141 1351 1194 quicquam
1382 1139 1496 1179 aliud
1528 1139 1686 1180 audire.
1749 1140 1784 1180 6.
1820 1142 1944 1190 Quod
1977 1156 2072 1183 cum

300 1213 493 1256 omnibus
525 1215 588 1249 est
617 1206 869 1252 faciendum,
903 1205 974 1258 qui
1006 1205 1130 1244 vitam
1161 1204 1381 1243 honestam
1415 1202 1576 1254 ingredi
1610 1203 1810 1256 cogitant,
1842 1211 1928 1244 tum
1959 1205 2071 1245 haud

300 1277 387 1318 scio
429 1288 482 1314 an
523 1271 681 1312 nemini
724 1269 864 1323 potius
897 1281 1021 1320 quam
1053 1267 1142 1306 tibi.
1204 1267 1392 1306 Sustines
1424 1266 1531 1305 enim
1564 1279 1649 1305 non
1681 1280 1849 1319 parvam
1881 1274 2074 1321 expecta-

298 1340 456 1379 tionem
486 1333 714 1376 imitandae
745 1331 976 1372 industriae
1008 1335 1187 1376 nostrae,
1221 1341 1412 1381 magnam
1444 1331 1665 1376 honorum,
1698 1343 1782 1368 non
1806 1330 1964 1371 nullam
1989 1331 2074 1371 for-

302 1407 410 1442 tasse
447 1398 646 1439 nominis.
707 1393 936 1446 Suscepisti
976 1406 1081 1432 onus
1121 1398 1339 1444 praeterea
1380 1406 1505 1445 grave
1545 1398 1586 1432 et
1616 1392 1870 1433 Athenarum
1905 1398 1946 1433 et
1977 1394 2074 1433 Cra-

250 1464 426 1517 20tippi:
469 1463 520 1503 ad
553 1473 658 1514 quos
701 1472 793 1498 cum
835 1462 1046 1509 tamquam
1086 1456 1136 1494 ad
1170 1461 1443 1495 mercaturam
1476 1456 1679 1494 bonarum
1711 1455 1860 1494 artium
1893 1456 1949 1495 sis
1980 1469 2075 1510 pro-

300 1525 448 1573 fectus,
479 1525 646 1564 inanem
679 1521 816 1561 redire
839 1518 1128 1571 turpissimum
1153 1524 1215 1557 cst
1237 1518 1560 1557 dedecorantem
1584 1523 1624 1557 et
1646 1518 1760 1557 urbis
1783 1519 2073 1558 auctoritatem

303 1594 344 1629 et
374 1587 575 1641 magistri.
638 1585 730 1633 Qua
752 1597 796 1622 re
829 1588 1032 1635 quantum
1065 1580 1190 1619 coniti
1224 1581 1363 1619 animo
1397 1586 1539 1632 potes,
1572 1585 1772 1632 quantum
1805 1580 1946 1619 labore
1979 1594 2075 1620 con-

302 1651 487 1697 tendere,
519 1650 552 1689 si
585 1646 773 1687 discendi
808 1646 925 1685 labor
959 1650 1020 1684 est
1052 1643 1191 1696 potius
1224 1656 1346 1695 quam
1383 1643 1589 1694 voluptas,
1624 1647 1782 1681 tantum
1815 1642 1879 1682 fac
1910 1648 1954 1682 ut
1986 1642 2075 1682 efli-

303 1715 389 1754 cias
421 1726 524 1753 neve
556 1710 790 1751 committas
821 1714 889 1754 ut,
931 1721 1025 1747 cum
1057 1706 1196 1745 omnia
1228 1704 1495 1756 suppeditata
1528 1706 1610 1744 sint
1641 1718 1663 1743 a
1696 1704 1836 1751 nobis,
1879 1710 1967 1744 tute
1999 1705 2073 1745 tibi

249 1788 286 1818 25
304 1777 487 1817 defuisse
519 1775 700 1815 videare.
763 1772 843 1811 Sed
876 1771 979 1810 haec
1012 1770 1236 1815 hactenu53
1280 1768 1410 1806 multa
1453 1767 1563 1806 enim
1607 1779 1731 1818 saepe
1771 1766 1819 1805 ad
1854 1773 1893 1805 te
1926 1767 2074 1807 cohor-

302 1840 416 1879 tandi
448 1839 579 1891 gratia
610 1835 873 1888 scripsimus:
917 1846 1028 1871 nunc
1067 1830 1117 1870 ad
1150 1831 1353 1884 reliquam
1386 1836 1545 1882 partem
1580 1830 1819 1882 propositae
1853 1829 2073 1870 divisionis

301 1905 575 1941 revertamur.

415 1962 454 2003 7.
495 1961 715 2002 Panaetius
755 1960 904 2012 igitur,
947 1957 1018 2011 qui
1058 1957 1146 1996 sine
1180 1955 1464 1995 controversia
1498 1954 1548 1992 de
1582 1951 1731 1993 ofliciis
1763 1955 2074 1995 accuratissime

304 2026 533 2080 disputavit
571 2036 781 2077 quemque
820 2035 897 2060 nos
930 2019 1185 2060 correctione
1217 2018 1396 2070 quadam
1429 2017 1614 2056 adhibita
1646 2017 1908 2068 potissimum
1942 2017 2074 2057 secuti

252 2100 289 2130 30
304 2102 461 2135 sumus,
494 2087 625 2127 tribus
658 2084 882 2137 generibus
915 2082 1154 2135 propositis,
1187 2081 1226 2120 in
1261 2080 1412 2133 quibus
1445 2079 1677 2118 deliberare
1700 2079 1891 2118 homines
1915 2085 1956 2119 et
1978 2093 2076 2119 con-

304 2152 458 2192 sultare
496 2150 547 2189 de
589 2146 725 2188 oflicio
766 2146 970 2192 solerent,
1016 2157 1100 2184 uno
1133 2158 1225 2183 cum
1259 2143 1522 2188 dubitarent,
1567 2141 1845 2180 honestumne
1878 2143 1918 2181 id
1951 2148 2075 2189 esset,

304 2213 354 2253 de
386 2226 472 2266 quo
504 2216 709 2265 ageretur,
741 2223 791 2248 an
826 2215 958 2260 turpe,
992 2207 1135 2252 altero,
1168 2206 1326 2244 utilene
1361 2209 1471 2244 esset
1502 2216 1551 2242 an
1585 2203 1746 2249 inutile,
1779 2203 1917 2249 tertio,
1951 2204 1984 2243 si
2018 2204 2074 2251 id,

305 2275 417 2328 quod
449 2275 632 2327 speciem
663 2272 837 2311 haberet
867 2270 1057 2315 honesti,
1100 2273 1303 2321 pugnaret
1334 2281 1426 2306 cum
1462 2280 1532 2313 eo,
1566 2265 1680 2318 quod
1713 2266 1815 2304 utile
1847 2265 2075 2313 videretur,

305 2350 389 2390 quo
432 2336 555 2375 modo
599 2348 647 2374 ea
690 2333 871 2373 discerni
914 2337 1144 2384 oporteret,
1193 2331 1243 2369 de
1288 2330 1452 2368 duobus
1495 2326 1719 2380 generibus
1757 2328 1898 2380 primis
1941 2328 2075 2368 tribus

253 2399 420 2440 sslibris
453 2397 700 2451 explicavit,
743 2396 793 2434 de
835 2395 956 2434 tertio
994 2400 1133 2433 autem
1173 2405 1323 2445 genere
1364 2392 1560 2443 deinceps
1594 2403 1638 2429 se
1669 2390 1835 2443 scripsit
1865 2390 2074 2430 dicturum

304 2476 382 2502 nec
414 2461 595 2502 exsolvit
630 2460 692 2506 id,
725 2457 836 2511 quod
869 2457 1132 2509 promiserat.
1193 2454 1231 2493 8.
1273 2453 1395 2502 Quod
1429 2467 1478 2492 eo
1511 2453 1641 2504 magis
1674 2453 1816 2499 miror,
1849 2452 1945 2505 quia
1975 2453 2075 2492 scri-

304 2530 420 2578 ptum
461 2537 483 2562 a
525 2520 730 2574 discipulo
770 2520 861 2559 eius
893 2518 1120 2557 Posidonio
1162 2522 1242 2563 est,
1285 2500 1454 2568 trigirfla
1493 2516 1613 2555 annis
1646 2516 1801 2554 vixisse
1834 2515 2074 2554 Panaetium

305 2593 452 2640 postea
497 2597 622 2638 quam
666 2583 760 2622 illos
805 2582 933 2620 libros
979 2580 1191 2619 edidisset.
1267 2579 1399 2626 Quem
1441 2578 1579 2617 locum
1618 2578 1747 2616 miror
1786 2590 1808 2616 a
1849 2577 2075 2616 Posidonio

305 2649 489 2688 breviter
519 2660 610 2686 esse
643 2651 796 2685 tactum
828 2644 869 2682 in
905 2643 1158 2696 quibusdam
1190 2641 1511 2687 commentariis,
1543 2641 1785 2694 praesertim
1809 2653 1900 2679 cum
1925 2639 2077 2678 scribat

256 2711 466 2750 ionullum
509 2721 599 2749 esse
640 2708 777 2747 locum
816 2707 859 2746 in
898 2711 982 2745 tota
1022 2704 1292 2757 philosophia
1330 2709 1411 2743 tam
1452 2703 1749 2743 necessarium.
1825 2699 1862 2740 9.
1905 2701 2074 2741 Minime

395 2852 424 2882 l.
450 2851 649 2882 monimenta
674 2851 697 2881 B
713 2857 763 2881 ac
793 2866 823 2871 —
858 2848 889 2879 2.
917 2857 958 2879 m:
982 2855 1046 2885 quo
1071 2846 1211 2885 inlellcsli
1237 2846 1325 2876 (lebet
1350 2846 1441 2876 illum
1464 2846 1582 2876 mentis
1604 2844 1871 2884 agitationequae
1894 2852 2010 2874 earum
2028 2859 2075 2866 --

305 2902 404 2942 fuisse
427 2901 558 2932 Nonius
583 2909 616 2940 p.
633 2900 707 2931 ⁶270.
749 2917 783 2921 —
823 2897 852 2929 4.
879 2907 937 2927 nec
960 2897 1099 2927 otiosum
1124 2898 1146 2927 B
1164 2897 1186 2926 ΙΙ
1204 2898 1275 2927 ab:
1311 2896 1516 2935 neyocioswn
1541 2904 1576 2932 c;
1612 2903 1714 2933 neque
1738 2895 1877 2925 otiosum
1911 2901 1929 2924 o
1969 2911 2002 2915 —
2042 2892 2071 2924 6.

307 2961 329 2983 a
352 2959 386 2981 c:
417 2959 486 2981 om.
507 2951 528 2981 B
546 2950 639 2981 Hab
679 2966 712 2970 —
751 2948 781 2979 9.
807 2947 973 2987 frugifera
998 2955 1053 2977 nec
1077 2947 1251 2985 [πω-[ηοω
1283 2954 1299 2976 c
1338 2964 1371 2967 —
1413 2947 1463 2976 40.
1491 2945 1540 2985 ac]
1567 2948 1596 2976 et
1626 2946 1646 2976 b
1685 2962 1720 2966 —
1757 2948 1834 2974 tunc
1857 2943 1967 2974 nullus
1988 2944 2009 2974 b
2037 2961 2072 2965 —

305 3003 341 3034 in
365 3009 404 3032 ea
426 3000 570 3039 feracior
594 3007 612 3030 c
639 3015 672 3020 -
709 2999 760 3029 Μ,
786 2998 919 3029 uberior
943 3005 980 3027 c:
1008 2997 1120 3028 uerior
1145 2997 1167 3026 B
1183 2997 1266 3027 llab
1302 3013 1334 3017 —
1369 2998 1406 3027 de
1429 2997 1574 3036 officiosa
1602 2995 1717 3034 quibus
1739 2995 1759 3025 b
1789 3011 1821 3015 —
1855 2992 1905 3024 44.
1930 2992 2075 3023 circum-

307 3050 420 3081 sonari
445 3057 474 3080 c.
510 3048 559 3079 Cf.
579 3048 677 3079 Haud
696 3047 840 3079 Tursell.
869 3048 895 3078 11
923 3056 954 3087 p,
974 3046 1025 3077 69.
1054 3063 1087 3068 —-
1119 3047 1169 3076 46.
1197 3046 1277 3075 haut
1301 3054 1338 3079 a:
1366 3049 1425 3076 aut
1451 3044 1485 3076 [3¹
1512 3063 1546 3066 —
1576 3045 1627 3075 47.
1654 3043 1933 3075 existimationem
1957 3050 2009 3081 cp
2036 3059 2070 3063 —

308 3100 360 3131 49.
383 3102 535 3138 preterea
559 3106 639 3129 onus
670 3106 687 3128 c
726 3116 760 3120 —
799 3099 850 3129 20.
880 3098 922 3128 ad
947 3106 1027 3136 quos
1051 3105 1123 3127 cum
1149 3098 1320 3134 tamquam
1344 3114 1360 3118 —
1378 3114 1394 3118 -
1419 3096 1462 3126 sis
1484 3095 1648 3135 profectus
1680 3094 1810 3125 Nonius
1836 3101 1867 3133 p.
1887 3091 1973 3127 ⁵21&
2010 3100 2073 3130 quo

308 3152 480 3188 tamquam
496 3148 783 3186 --turpissimum
807 3151 850 3179 est
876 3147 969 3178 idem
996 3156 1028 3187 p.
1048 3145 1121 3177 434.
1160 3163 1193 3167 -
1229 3146 1271 3175 ad
1296 3154 1380 3184 quae
1404 3155 1477 3176 own
1501 3154 1521 3184 p
1555 3162 1589 3166 -—
1627 3144 1678 3175 ⁶2¹2.
1706 3144 1805 3174 conili
1831 3143 1941 3174 Blla:
1968 3141 2072 3172 conici

307 3201 348 3233 b:
374 3199 520 3230 conicere
543 3206 578 3235 c;
606 3198 727 3228 conniti
751 3207 769 3230 0
798 3217 832 3220 —
860 3198 912 3229 ⁶23.
935 3198 1045 3237 potior
1069 3205 1087 3227 c
1114 3213 1147 3217 —
1176 3195 1228 3226 ⁶24.
1254 3199 1289 3225 ut
1315 3204 1352 3227 c:
1380 3200 1414 3227 ut
1438 3205 1477 3226 ue
1502 3195 1624 3226 Bllab
1652 3211 1685 3215 —
1719 3193 1772 3224 29.
1798 3200 1856 3222 nos
1880 3199 1948 3221 om.
1970 3189 2006 3220 B¹
2031 3206 2065 3211 —

310 3249 427 3330 34374015
450 3248 563 3329 offi90iis
586 3256 604 3279 c
644 3264 678 3269 —
720 3248 772 3280 33.
800 3250 886 3288 quod
911 3250 1001 3288 (ante
1024 3246 1169 3288 speciem)
1196 3254 1265 3277 om.
1286 3245 1322 3278 B¹
1357 3263 1392 3268 —
1437 3246 1488 3278 37.
1510 3244 1700 3289 possidonio
1725 3243 1769 3281 C,
1803 3243 1887 3274 item
1916 3248 1949 3271 v,
1970 3238 2010 3270 38
2035 3239 2070 3273 et.

311 3307 344 3341 p.
446 3307 478 3329 v.
520 3322 526 3329 .
554 3314 588 3319 —
617 3306 720 3328 armos
744 3305 775 3329 c.
