2249 3624
609 146 697 187 Lm.
728 146 758 189 Ι.
797 144 893 186 Cn».
923 144 995 184 111.
1035 141 1095 197 §§
1126 140 1294 182 6-40.
1795 138 1848 179 59

91 276 243 303 munus
272 261 446 301 homini.
505 258 544 299 8.
575 259 657 299 Sed
689 271 802 298 meos
833 258 1010 305 amicos,
1052 257 1094 296 in
1126 255 1278 310 quibus
1310 259 1373 296 est
1412 253 1617 300 studium,
1648 254 1691 293 in
1722 252 1850 292 Grae-

91 327 196 366 ciam
228 326 343 364 mitto
378 321 435 377 [id
467 327 547 369 est,
580 322 631 361 ad
663 320 841 360 Graecos
873 321 931 360 ire
963 316 1125 372 iubeo],
1158 324 1204 358 ut
1235 332 1282 358 ea
1311 332 1335 358 a
1365 317 1548 358 sontibus
1580 316 1719 370 potius
1747 314 1850 354 hau-

90 389 197 428 riant
228 400 352 441 quam
383 385 536 424 rivulos
568 389 868 424 consectentur.
921 382 1039 430 Quae
1071 388 1206 422 autem
1230 394 1351 421 nemo
1377 379 1511 420 adhuc
1534 378 1745 424 docuerat,
1775 389 1850 416 nec

90 458 176 491 erat
208 450 317 490 unde
349 447 523 488 studiosi
555 447 659 486 scire
693 450 882 498 possent,
915 458 963 484 ea
993 451 1193 498 quantum
1225 444 1340 497 potui
1363 441 1539 482 —nihil
1563 440 1671 480 enim
1702 450 1849 490 magno

89 525 215 565 opere
255 524 439 550 meorum
482 509 609 548 miror
649 530 703 538 —
743 508 820 547 feci
861 514 903 547 ut
940 513 1078 548 essent
1116 512 1211 546 nota
1249 506 1414 545 nostris.
1473 506 1506 543 A
1538 502 1708 543 Graecis
1739 500 1881 539 enim5

88 574 172 627 peti
205 586 286 612 nou
320 576 530 626 poterant,
562 584 609 610 ac
641 576 733 623 post
764 571 806 608 L.
839 571 943 610 Aelii
975 570 1104 610 nostri
1136 581 1326 609 occasum
1359 580 1409 607 ne
1440 580 1463 606 a
1485 565 1642 606 Latinis
1665 562 1850 617 quidem.

87 637 138 675 Et
169 641 303 674 tamen
337 635 377 673 in
410 633 492 673 illis
521 632 730 672 veteribus
763 633 934 679 nostris,
969 645 1099 685 quae,
1130 631 1375 683 Menippum
1408 630 1578 675 imitati,
1610 641 1692 667 non
1724 626 1851 665 inter-

86 696 255 751 pretati,
298 695 477 748 quadam
509 694 717 733 hilaritate
749 695 1078 746 conspersimus,
1120 693 1249 732 multa
1281 692 1468 731 admixta
1499 704 1551 730 ex
1583 690 1728 730 intima
1759 687 1851 741 phi-

86 759 296 812 losophia,
341 757 468 796 multa
506 756 615 795 dicta
654 755 889 802 dialectice,
934 769 1017 808 quo
1049 755 1211 794 facilius
1243 754 1377 793 minus
1409 754 1516 793 docti
1549 752 1851 803 intellegerent,

86 821 340 862 iucunditate
372 819 551 872 quadam
582 817 633 856 ad
666 816 887 867 legendum
919 818 1105 865 invitati;
1146 817 1185 856 in
1218 815 1550 862 laudationibus,
1582 816 1621 855 in
1652 814 1717 853 his
1748 812 1900 866 ipsisio

85 883 379 936 antiquitatum
411 880 636 934 prooemiis
668 879 916 933 philosophe
947 879 1128 919 scribere
1151 879 1383 925 voluimus,
1416 878 1449 918 si
1481 878 1605 918 modo
1638 873 1850 916 consecuti

86 959 242 986 sumus.

199 1008 268 1046 111.
299 1004 337 1045 9.
369 1008 472 1045 Tum
504 1018 603 1058 ego:
645 1006 768 1051 Sunt,
811 1003 1003 1056 inquam,
1044 1003 1142 1050 ista,
1187 1005 1331 1043 Varro.
1390 1004 1493 1042 Nam
1526 1016 1602 1042 nos
1634 1002 1676 1041 in
1708 1004 1852 1041 nostra

85 1071 186 1110 urhe
219 1069 524 1124 peregrinantis
547 1068 831 1120 errantisque,
863 1072 1073 1119 tamquam
1096 1066 1304 1118 hospites,
1336 1066 1394 1105 tui
1418 1065 1511 1104 libri
1535 1065 1656 1118 quasi
1680 1064 1850 1103 domum

85 1132 364 1178 reduxerunt,
407 1136 450 1170 ut
486 1143 704 1183 possemus
737 1128 965 1182 aliquando
997 1128 1068 1180 qui
1101 1133 1141 1167 et
1172 1128 1243 1167 ubi
1275 1141 1460 1168 essemus
1493 1140 1729 1179 agnoscere.
1789 1126 1905 1164 Tuis

85 1200 260 1234 aetatem
292 1193 470 1246 patriae,
503 1198 545 1232 tu
579 1192 880 1245 descriptiones
912 1196 1164 1243 temporum,
1198 1195 1240 1229 tu
1271 1203 1482 1230 sacrorum
1505 1190 1618 1236 iura,
1652 1195 1694 1229 tu
1717 1201 1853 1228 sacer-

86 1257 249 1302 dotum,
292 1261 333 1294 tu
381 1255 670 1300 domesticam,
715 1260 756 1293 tu
798 1252 990 1292 bellicam
1032 1252 1322 1305 disciplinam,
1370 1258 1413 1292 tu
1455 1252 1597 1291 sedem
1631 1251 1850 1303 regionum

84 1320 293 1365 locorum,
338 1324 380 1358 tu
413 1317 599 1356 omnium
632 1316 866 1355 divinarum
897 1315 1259 1368 humanarumque
1291 1327 1429 1354 rerum
1460 1314 1651 1360 nomina,
1685 1326 1852 1366 genera,

84 1380 242 1427 officia,
285 1393 432 1419 causas
472 1379 696 1431 aperuisti,
736 1378 1052 1431 plurimumque
1092 1377 1204 1417 idem
1242 1378 1376 1430 poetis
1409 1377 1564 1416 nostris
1596 1376 1852 1428 omninoque

82 1443 244 1482 Latinis
276 1448 316 1482 et
348 1441 496 1481 litteris
527 1440 698 1480 luminis
721 1446 761 1480 et
783 1440 919 1480 verbis
944 1439 1144 1487 attulisti3
1178 1446 1306 1493 atque
1329 1441 1418 1492 ipse
1441 1440 1599 1479 varium
1616 1444 1663 1495 'et
1683 1438 1851 1491 elegans
1865 1447 1901 1475 -20

83 1505 198 1546 omni
230 1504 314 1544 fere
345 1516 517 1543 numero
550 1515 700 1555 poema
732 1502 869 1542 fecisti
899 1502 1294 1556 philosophiamque
1323 1502 1465 1542 multis
1496 1501 1598 1542 locis
1631 1501 1853 1548 inchoasti,

82 1569 134 1608 ad
174 1566 471 1620 impellendum
513 1566 634 1612 satis,
674 1565 727 1605 ad
760 1564 1021 1605 edocendum
1057 1578 1218 1618 parum.
1280 1562 1344 1604 llO.
1379 1565 1554 1604 Causam
1586 1568 1725 1604 autem
1757 1575 1853 1615 pro-

81 1630 262 1671 babilem
307 1635 350 1669 tu
395 1629 562 1682 quidem
604 1628 766 1675 adfers;
812 1634 883 1668 aut
925 1627 1037 1667 enim
1077 1628 1233 1667 Graeca
1268 1627 1409 1680 legere
1440 1627 1598 1667 malent
1628 1626 1698 1680 qui
1731 1630 1854 1665 erunt

83 1692 252 1738 eruditi,
284 1697 354 1731 aut
383 1704 435 1730 ne
465 1691 568 1731 haec
601 1690 770 1744 quidem
801 1691 872 1744 qui
906 1690 977 1729 illa
1009 1690 1218 1729 nescient:
1262 1692 1334 1729 sed
1372 1703 1462 1730 eam
1504 1689 1603 1728 mihi
1635 1701 1720 1728 non
1751 1687 1851 1727 satis

82 1755 255 1809 probas:
294 1754 420 1794 immo
453 1767 549 1792 vero
582 1758 623 1792 et
652 1752 755 1792 haec
787 1753 856 1806 qui
890 1752 961 1792 illa
994 1765 1077 1791 non
1108 1758 1329 1806 poterunt,
1372 1758 1412 1792 et
1442 1752 1514 1806 qui
1546 1752 1703 1791 Graeca
1733 1756 1901 1803 pote-25

81 1823 177 1858 runt
216 1830 299 1856 non
341 1821 611 1855 contemnent
649 1828 736 1854 sua.
801 1814 913 1863 Quid
957 1815 1068 1854 enim
1107 1827 1259 1854 causae
1300 1821 1363 1855 est
1395 1828 1469 1854 cur
1505 1819 1648 1868 poetas
1679 1813 1851 1852 Latinos

82 1879 248 1920 Graecis
282 1878 430 1917 litteris
463 1877 614 1917 eruditi
650 1878 810 1929 legant,
843 1877 1116 1930 philosophos
1148 1889 1234 1916 non
1266 1877 1436 1930 legant?
1468 1890 1521 1916 an
1553 1876 1651 1930 quia
1673 1876 1852 1915 delectat

80 1942 260 1989 Ennius,
292 1940 515 1986 Pacuvius,
547 1940 704 1986 Attius,
737 1939 855 1979 multi
888 1939 980 1986 alii,
1013 1940 1191 1992 quinon
1214 1940 1363 1987 verba,
1395 1939 1468 1980 sed
1491 1940 1573 1979 vim
1596 1939 1852 1979 Graecorum

83 2007 378 2056 expresserunt
408 2004 655 2055 poetarum?
690 2002 856 2050 Quanto
891 2002 1020 2054 magis
1053 2002 1294 2056 philosophi
1318 2002 1604 2049 delectabunt,
1636 2002 1692 2049 si,
1724 2006 1770 2040 ut
1790 2000 1851 2039 illi

81 2065 354 2119 Aeschylum,
398 2064 669 2117 Sophoclem,
712 2063 980 2117 Euripidem,
1012 2064 1071 2103 sic
1103 2064 1146 2104 hi
1176 2064 1392 2104 Platonem
1424 2064 1660 2111 imitentur,
1691 2063 1900 2103 Aristo-30

167 2220 196 2250 4.
223 2220 257 2250 id
285 2221 330 2250 est
358 2219 501 2249 studium
534 2217 695 2253 Durand‚
729 2217 764 2248 in
790 2226 858 2257 qua
886 2219 1057 2249 sententia
1084 2219 1210 2250 Cicero
1237 2219 1353 2260 potius
1376 2222 1422 2250 est
1445 2219 1504 2250 hoc
1527 2219 1669 2250 studium
1694 2219 1848 2251 dixisset.

82 2286 116 2291 —
142 2269 173 2300 2.
201 2269 234 2299 id
257 2272 301 2299 est
324 2269 368 2299 ad
385 2268 442 2300 Gr.
463 2269 510 2299 ire
534 2268 625 2299 iubeo
650 2267 818 2299 Lambino
843 2270 987 2300 auctore
1013 2267 1218 2300 inclusimus
1246 2286 1282 2291 —
1309 2277 1348 2300 ea
1372 2278 1388 2300 e
1409 2269 1433 2309 f.
1461 2269 1551 2300 coni.
1579 2268 1723 2306 Lamb.;
1751 2269 1852 2309 equi-

79 2320 160 2352 dem
191 2319 326 2351 malim:
366 2323 400 2349 ul
431 2328 473 2350 ex
497 2319 640 2358 fontibus
663 2337 706 2341 —
743 2319 774 2350 3.
801 2326 902 2358 quam
924 2327 954 2349 r.
981 2318 1084 2357 cons.]
1110 2319 1233 2349 rivulos
1257 2327 1356 2358 quam
1380 2322 1542 2350 sectentur
1565 2320 1589 2350 P
1605 2319 1642 2356 V,
1680 2318 1744 2350 sed
1769 2320 1801 2351 in
1827 2320 1851 2351 P

78 2379 179 2408 quam
203 2378 242 2400 ex
269 2377 358 2400 corr.
391 2387 423 2391 —
463 2369 493 2400 4.
524 2378 721 2408 magynopere
753 2370 809 2400 Cr
835 2386 864 2390 —
910 2369 940 2399 6.
964 2372 1073 2408 petere
1095 2369 1122 2400 A
1157 2385 1191 2389 —
1230 2369 1265 2399 L.
1292 2369 1373 2399 Aelii
1398 2369 1590 2400 Manutius:
1617 2369 1706 2399 laelii
1730 2369 1786 2400 Cr
1812 2386 1848 2391 —

78 2420 109 2450 7.
142 2420 330 2458 menippum
363 2419 491 2457 quidem
523 2419 641 2449 imitati
672 2427 689 2449 r
715 2436 749 2440 —
787 2419 816 2448 9.
844 2426 928 2457 quae
952 2427 1014 2456 quo
1040 2418 1156 2450 COrz
1191 2427 1254 2449 nos
1279 2427 1364 2457 quae
1388 2417 1602 2455 delevimus,
1636 2420 1670 2449 P.
1700 2417 1851 2450 Fabrum

79 2471 112 2500 et
137 2468 404 2508 Bernhardyum
430 2469 539 2499 secuti
565 2471 610 2504 (ν.
638 2469 784 2499 Grundr.
813 2468 870 2499 der
894 2472 977 2499 rom.
1007 2469 1188 2499 Lilleratur
1211 2476 1244 2507 p.
1273 2467 1335 2497 630
1362 2467 1416 2498 ed.
1444 2468 1489 2507 Ξ.)
1518 2485 1552 2489 -
1581 2468 1633 2499 40.
1659 2468 1802 2499 inuitaui
1827 2469 1851 2499 G

81 2537 115 2541 —
141 2519 175 2549 in-
199 2519 238 2548 iis
261 2526 277 2548 r
304 2535 336 2538 —
366 2519 418 2549 Μ.
443 2519 578 2557 premiis
602 2520 626 2549 G
642 2527 658 2549 r
679 2536 711 2540 —
735 2518 925 2558 philosophe
949 2517 1097 2558 scripsi:
1121 2517 1322 2556 philosophie
1339 2517 1363 2548 C
1379 2526 1413 2552 r;
1437 2517 1656 2556 philosophice
1679 2519 1853 2550 Manutius

78 2570 112 2599 et
136 2568 178 2604 Ο;
213 2567 254 2599 ct'.
281 2567 324 2598 de
349 2567 522 2599 adjectivo
552 2568 762 2606 philosophus
784 2567 827 2599 ad
853 2567 992 2599 Tuscul.
1020 2568 1058 2603 V,
1087 2566 1104 2607 g
1131 2568 1204 2598 421¹.
1236 2585 1270 2590 -
1304 2567 1454 2598 volumus
1477 2568 1501 2598 P
1530 2583 1565 2589 —
1600 2568 1651 2598 43.
1677 2572 1752 2599 sunt
1773 2577 1853 2599 vera

78 2618 140 2648 isla
162 2618 299 2656 inquam
323 2618 349 2647 G
376 2635 411 2639 —
436 2627 496 2649 nos
519 2618 550 2648 in
576 2622 689 2648 nostra
706 2635 753 2641 --
770 2627 889 2648 causas
913 2619 1072 2656 aperuisti
1097 2617 1200 2648 affert
1223 2616 1435 2655 Augustinus
1460 2616 1504 2648 de
1529 2617 1592 2648 civ.
1613 2617 1668 2648 dei
1686 2618 1740 2656 Vl,
1759 2617 1791 2649 ⁶2.
1814 2633 1847 2639 —

79 2666 130 2698 44.
156 2670 317 2706 [anquam
340 2669 363 2699 P
392 2685 425 2689 -
454 2669 504 2699 -15,
532 2669 737 2699 reduxerunt
761 2669 994 2707 Augustinus,
1022 2669 1057 2698 ut
1084 2666 1204 2697 Lamb.
1232 2666 1360 2697 voluit:
1389 2667 1597 2698 deduxerunt
1621 2668 1725 2699 COr.
1758 2669 1850 2700 Bene

78 2717 237 2748 Durand:
267 2717 473 2748 «deducimus
497 2717 640 2748 honoris
665 2726 789 2754 causa,
817 2717 879 2749 sed
907 2719 1066 2748 errantes
1090 2718 1278 2748 reducimus
1295 2717 1557 2749 humanitatis».
1595 2717 1692 2749 Idem
1711 2717 1854 2750 contulit

78 2766 110 2797 in
137 2775 208 2797 cur.
235 2775 307 2798 sec.
336 2767 405 2798 Cic.
434 2766 524 2798 Lacl.
552 2777 581 2798 c.
610 2768 640 2798 3.
668 2768 760 2798 Brut.
789 2776 817 2798 c.
845 2768 898 2798 22.
927 2768 1000 2798 Cat.
1029 2776 1075 2798 m.
1105 2776 1135 2798 c.
1164 2768 1217 2797 48.
1248 2785 1281 2789 —
1319 2767 1371 2798 46,
1397 2768 1599 2799 sacerdotem
1630 2769 1711 2807 PV,
1741 2777 1852 2800 sacer-

79 2816 188 2846 dotum
210 2824 349 2846 munera
375 2816 494 2848 Lamb.
525 2833 556 2839 -
587 2818 638 2848 ⁴17.
666 2817 826 2857 bellicam]
849 2816 1015 2856 publicam
1044 2817 1254 2856 Augustinus
1274 2834 1302 2838 —
1336 2817 1386 2848 48.
1414 2817 1560 2849 locorum
1583 2819 1755 2859 reqionum
1779 2828 1795 2850 r
1815 2835 1848 2841 —

79 2868 107 2895 el
130 2864 275 2895 locorum
300 2865 419 2896 Lamb.
448 2883 484 2888 —
517 2867 742 2897 humanarum
774 2867 1030 2905 divinarumque
1062 2867 1090 2896 V
1124 2884 1157 2888 —
1195 2867 1246 2898 19.
1269 2867 1516 2907 plurimumque
1544 2869 1628 2899 idem
1657 2869 1850 2899 Gruterus:

74 2914 257 2952 plurimum
280 2915 409 2953 quidem
434 2915 456 2946 C
473 2924 508 2949 r;
543 2916 788 2956 plurimumque
813 2918 837 2948 Ο
874 2926 954 2948 cuin
981 2918 1059 2948 Bas.
1090 2934 1124 2938 ——
1157 2925 1179 2947 a
1207 2918 1311 2955 poetis
1334 2918 1438 2948 APV
1467 2935 1500 2940 -
1538 2918 1591 2949 ⁶20.
1618 2917 1733 2957 verbis]
1758 2917 1853 2948 rebus

79 2964 250 2995 Manutius
273 2964 347 2995 sine
373 2963 438 2995 ulla
465 2967 675 2997 necessitate
695 2983 729 2988 —
758 2967 810 2998 22.
838 2967 1038 3006 implendum
1064 2968 1088 2997 G
1105 2967 1219 2996 V1·——
1245 2967 1423 2998 docendum
1447 2968 1474 2997 V
1494 2985 1528 2990 -
1556 2967 1606 2999 23.
1634 2967 1768 2998 mallent
1792 2968 1852 2998 GP

78 3013 135 3044 Vr
162 3031 195 3034 —
224 3013 276 3044 ⁵24.
302 3014 360 3044 hoc
385 3016 409 3045 G
425 3018 446 3045 Α
463 3023 480 3045 r
506 3033 540 3037 —
566 3017 705 3046 nescient
731 3017 774 3046 G:
802 3018 949 3047 nesciunt
972 3018 999 3047 A
1016 3017 1040 3047 G
1058 3016 1153 3046 VOr
1180 3033 1214 3038 —
1240 3017 1294 3046 sed
1317 3025 1391 3047 eam
1416 3017 1493 3047 mihi
1516 3026 1579 3048 non
1604 3018 1684 3048 salis
1703 3026 1757 3056 pr.
1780 3018 1852 3048 Du-

79 3062 164 3094 rand
192 3063 263 3097 (sed
290 3063 343 3094 hic
368 3065 448 3094 salis
471 3067 567 3104 non):
600 3067 654 3096 sed
677 3075 718 3096 ea
741 3067 819 3097 mihi
843 3076 909 3097 non
935 3075 1015 3096 sane
1035 3075 1088 3104 pr.
1117 3067 1161 3096 G:
1189 3066 1243 3096 sed
1267 3067 1309 3096 da
1332 3067 1411 3098 mihi
1434 3076 1538 3105 nunc,
1566 3069 1686 3098 salisne
1705 3067 1852 3107 probas?

78 3116 103 3144 Α
119 3115 142 3145 Ρ
159 3113 183 3141 V
198 3114 253 3144 Or
278 3114 311 3150 {P
334 3122 420 3144 nunc
444 3115 476 3145 in
503 3123 623 3146 rasura
649 3116 776 3154 habet,
805 3125 821 3147 r
845 3117 926 3147 satis
948 3116 1038 3154 nec);
1069 3116 1180 3155 possis
1205 3116 1309 3147 etiam
1333 3117 1387 3148 sed
1411 3126 1483 3148 eam
1506 3117 1585 3147 mihi
1608 3127 1673 3148 non
1696 3126 1774 3148 sane
1795 3127 1849 3156 pr.

80 3180 113 3184 —
142 3163 194 3193 ⁹25.
222 3172 285 3193 non
306 3166 482 3201 potuerunt
507 3165 531 3195 C
549 3174 564 3195 r
584 3181 618 3187 —
647 3169 675 3197 el
701 3166 757 3205 qui
781 3166 840 3196 Gr.
865 3169 1019 3204 polerunl
1037 3174 1106 3196 om.
1126 3165 1153 3195 V
1174 3183 1207 3188 —
1232 3170 1409 3206 potuerunt
1433 3169 1457 3198 G
1474 3176 1489 3198 r
1508 3183 1542 3189 —
1570 3167 1624 3198 26.
1650 3171 1852 3199 contemnent

77 3212 268 3244 Victorius:
294 3216 502 3244 contemnant
527 3215 550 3245 C
566 3223 583 3244 r
609 3233 644 3237 —
670 3216 723 3246 27.
751 3215 830 3254 quia
854 3223 924 3246 om.
943 3224 961 3246 r
985 3232 1020 3236 —
1048 3216 1101 3246 28.
1129 3216 1239 3246 accius
1261 3215 1316 3247 vel
1341 3217 1446 3247 actius
1471 3218 1527 3248 Cr
1545 3234 1580 3239 —
1606 3217 1670 3258 sed]
1697 3220 1755 3248 aul
1777 3225 1795 3248 r
1812 3233 1846 3239 -

76 3261 130 3294 29.
156 3266 192 3294 ul
214 3262 273 3304 illi]
296 3262 420 3303 fuerint
445 3265 471 3294 G
500 3281 529 3286 —
561 3263 613 3296 30.
640 3265 820 3296 aeschinem
845 3266 917 3303 Pr3
945 3265 1087 3296 echinem
1110 3266 1137 3297 A
1151 3265 1179 3296 V
1205 3283 1241 3288 —
1267 3266 1294 3297 si
1316 3266 1349 3297 hi
1374 3268 1413 3298 G¹
1440 3284 1474 3288 —-
1499 3267 1664 3298 mirentur
1687 3268 1724 3298 G.
