2249 3624
636 172 724 212 Lm.
759 174 786 212 1.
830 173 927 212 Car.
960 172 1176 214 v-vui,
1214 171 1274 226 ὃὸ
1306 171 1470 212 8-14.
1858 170 1938 213 4-8ἵό

165 282 415 335 extispicum
439 285 509 321 aut
534 286 718 320 monstra
740 286 811 320 aut
832 280 991 332 fulgora
1014 281 1376 333 interpretantium
1399 284 1471 319 aut
1488 292 1689 331 augurum
1713 284 1784 319 aut
1805 286 1937 319 astro-

164 346 353 397 logorum
386 350 455 383 aut
486 343 659 383 sortium
691 365 745 372 —
777 356 824 382 ea
865 343 974 382 enim
1008 343 1091 382 fere
1123 344 1221 382 artis
1264 349 1360 382 sunt
1392 366 1441 371 -
1474 349 1545 382 aut
1577 342 1835 381 somniorum
1869 348 1938 380 aut

165 407 507 448 vaticinationum
538 429 586 434 —
621 406 724 445 haec
756 407 864 445 enim
899 406 979 444 duo
1014 406 1216 445 naturalia
1249 411 1444 458 putantur
1468 428 1514 432 —
1542 404 1827 457 praedictione
1854 418 1938 442 mo-

164 472 342 511 veatur‘?
380 469 566 517 Quarum
599 468 767 522 quidem
794 481 927 507 rerum
953 474 1100 507 eventa
1124 469 1251 517 magis
1275 467 1454 506 arbitror
1476 480 1599 520 quam
1623 480 1769 506 causas
1793 466 1937 519 quaeri

163 537 366 586 oportere.
428 532 499 570 Est
529 532 638 570 enim
672 532 730 570 vis
763 535 802 569 et
845 536 989 569 natura
1023 530 1248 582 ‹piat-dam,
1289 542 1397 582 quae
1431 536 1515 569 tum
1549 530 1780 569 observatis
1813 530 1968 581 longo5

163 600 349 647 tempore
381 592 781 646 significationilnis,
825 599 909 630 tum
952 592 1094 644 aliquo
1129 593 1324 630 instinctu
1361 593 1591 645 inllatuque
1625 592 1767 631 divino
1800 591 1937 630 futura

162 656 442 709 praenuntiat.

279 719 367 757 vll.
403 718 542 766 Quare
575 718 735 757 omittat
767 730 943 768 urguere
978 716 1233 762 Carneades,
1267 716 1378 769 quod
1412 716 1591 756 faciebat
1623 718 1746 756 etiam
1783 717 1937 755 Panae-

163 783 241 823 tius
273 781 510 834 requirens,
554 781 794 833 Iuppiterne
827 781 1032 819 cornicem
1065 792 1087 817 a
1121 779 1258 825 laeva,
1298 793 1468 818 corvum
1501 781 1551 818 ab
1585 780 1757 818 dextera
1788 792 1936 818 canere

161 845 379 884 iussisset:
426 844 644 883 observata
685 848 781 881 sunt
822 843 923 881 llaec
968 848 1152 894 tempore
1193 842 1382 880 inmenso
1426 848 1463 881 et
1508 843 1546 880 in
1589 840 1987 894 significationemio

162 913 336 946 eventus
374 906 663 945 animadversa
704 911 743 945 ct
777 911 930 944 notata.
983 904 1093 943 Nihil
1126 910 1186 943 est
1218 910 1356 943 autem
1390 904 1504 956 quod
1539 919 1617 944 non
1654 905 1937 957 longinquitas

162 976 395 1021 temporum
437 968 674 1020 excipient«¹
718 968 914 1006 memoria
952 967 1268 1020 prodendisque
1302 968 1582 1006 moimmentis
1615 966 1779 1006 eflicere
1811 973 1936 1019 atque

161 1031 332 1084 adsequi
368 1031 508 1083 possit.
561 1028 624 1069 =l:3.
659 1031 796 1070 Mirari
831 1030 922 1069 licet
958 1043 1065 1082 quae
1098 1030 1179 1068 sint
1211 1028 1500 1068 animadversa
1533 1044 1553 1068 a
1587 1030 1757 1069 medicis
1789 1029 1937 1068 herba-

162 1108 249 1134 rum
283 1107 452 1145 genera,
497 1107 603 1145 quae
637 1093 822 1132 radicum
857 1093 906 1131 ad
943 1106 1103 1131 morsus
1135 1092 1383 1136 bestiarum,
1422 1092 1472 1130 ad
1506 1093 1720 1131 oculorum
1755 1092 1936 1137 morbos,

160 1157 210 1197 ad
246 1156 436 1201 vulnera,
469 1169 645 1209 quorum
680 1157 760 1195 vim
793 1161 918 1208 atque
951 1161 1139 1194 naturam
1174 1154 1277 1194 ratio
1311 1168 1537 1206 numquam
1572 1155 1816 1207 explicavit,
1859 1155 1986 1196 uti-¹5

162 1220 275 1259 litate
308 1226 346 1259 et
379 1233 443 1258 ars
476 1225 539 1258 est
571 1225 610 1257 et
643 1219 836 1257 inventor
868 1218 1081 1270 probatus.
1132 1220 1217 1267 Age
1252 1230 1320 1264 ea,
1356 1230 1464 1270 quae
1497 1230 1748 1271 quamquam
1779 1230 1831 1256 ex
1854 1217 1935 1256 alio

161 1295 312 1335 genere
345 1288 459 1327 sunt,
494 1287 631 1320 tamen
665 1281 912 1320 divinationi
945 1285 1041 1319 suut
1074 1279 1297 1327 similiora,
1330 1279 1560 1319 videamus.

327 1346 499 1396 Atque
532 1345 690 1383 etiam
725 1350 916 1383 ventos
950 1348 1345 1396 praemonstrat
1376 1356 1533 1395 saepe
1566 1342 1775 1382 futuros

330 1407 585 1447 lnflatum
618 1420 778 1453 mare,
813 1420 922 1446 cum
957 1405 1136 1444 subito
1170 1405 1504 1458 penitusque
1537 1404 1809 1451 tumescit,

330 1471 566 1522 Saxaque
599 1483 726 1510 cana
757 1470 883 1509 salis
916 1469 1075 1508 niveo
1109 1473 1348 1520 spumata
1380 1468 1596 1521 liquore
1950 1480 1985 1509 ρο

329 1532 646 1572 Tristificas
678 1538 889 1572 certant
920 1533 1166 1584 Neptuno
1200 1530 1427 1570 reddere
1463 1544 1638 1578 voces,

329 1598 427 1635 Aut
460 1595 655 1635 densus
687 1595 892 1635 stridor
924 1608 1032 1634 cum
1067 1593 1206 1633 celso
1239 1607 1260 1633 e
1294 1594 1501 1633 vertice
1534 1594 1730 1633 montis

329 1658 492 1698 Ortus
524 1658 842 1710 adaugescit
873 1656 1225 1709 scopulorum
1258 1668 1417 1708 saepe
1448 1656 1709 1710 repulsus.

273 1721 380 1760 VIII.
411 1722 549 1772 Atque
582 1720 646 1760 his
678 1734 813 1760 rerum
847 1719 1212 1774 praesensionibus
1246 1719 1515 1771 Prognostica
1546 1724 1614 1758 tua
1646 1718 1795 1759 referta
1827 1726 1935 1759 sunt.

161 1783 265 1831 Quis
307 1783 432 1835 igitur
474 1783 625 1823 elicere
667 1796 813 1823 causas
854 1782 1198 1836 praesensionum
1240 1784 1412 1835 potest?
1459 1783 1537 1822 etsi
1576 1783 1698 1822 video
1732 1783 1934 1822 Boethum
1952 1791 1986 1821 25

161 1847 340 1885 stoicum
372 1859 463 1885 esse
495 1852 711 1893 conatum,
744 1846 816 1899 qui
850 1846 1051 1885 hactenus
1083 1845 1242 1898 aliquid
1276 1845 1379 1897 egit,
1412 1852 1457 1884 ut
1478 1858 1618 1885 earum
1646 1846 1849 1885 rationem
1874 1858 1936 1885 re·

159 1922 251 1947 rum
283 1908 534 1961 explicaret,
566 1923 674 1962 quae
706 1910 746 1948 in
782 1909 882 1948 mari
906 1908 1076 1948 caelove
1100 1907 1258 1948 fierent.
1317 1905 1375 1946 lt.
1408 1907 1482 1948 Illa
1508 1923 1605 1948 vero
1637 1923 1710 1949 cur
1741 1909 1936 1949 eveniant

162 1971 257 2023 quis
290 1971 563 2024 probabiliter
593 1971 776 2011 dixerit?

331 2033 468 2073 Cana
498 2033 641 2073 fulix
671 2034 857 2074 itidem
890 2034 1107 2087 fugiens
1139 2048 1161 2074 e
1193 2035 1408 2088 gurgite
1440 2034 1594 2088 ponti

328 2097 546 2136 Nuntiat
576 2097 862 2138 horribilis
894 2097 1132 2139 clamans
1165 2099 1372 2138 instare
1404 2097 1694 2150 procellas,
1948 2105 1984 2133 30

328 2159 472 2199 IIaud
506 2160 739 2200 modicos
774 2162 998 2201 tremulo
1030 2162 1268 2202 fundens
1302 2175 1323 2201 e
1355 2165 1579 2213 gutture
1612 2165 1835 2207 cantus;

329 2222 493 2274 Saepe
524 2222 681 2261 etiam
714 2223 980 2275 pertriste
1013 2225 1156 2264 canit
1189 2224 1246 2262 de
1280 2228 1500 2276 pectore
1533 2235 1746 2262 carmen

330 2285 390 2324 Et
420 2284 696 2324 matutinis
728 2285 985 2325 acredula
1017 2286 1235 2325 vocibus
1268 2286 1455 2334 instat,

247 2466 276 2496 l.
304 2464 499 2503 erlispicum
525 2464 703 2495 Mcrcerus
731 2464 782 2503 (ad
810 2465 958 2496 Nonium
984 2474 1011 2497 s.
1039 2465 1072 2496 h.
1094 2475 1123 2495 v.
1152 2465 1194 2496 cs.
1223 2465 1307 2497 infra
1334 2466 1358 2496 ll
1386 2465 1426 2505 ἕξ
1450 2465 1489 2496 26
1516 2466 1548 2496 ct
1567 2464 1641 2503 lim:
1669 2464 1754 2495 castis
1773 2465 1936 2504 pecudum

161 2516 328 2555 (pecodum
351 2513 403 2553 W)
430 2515 478 2547 C:
509 2514 739 2552 haruspicum,
774 2519 853 2545 easta
881 2517 1043 2554 pecudum
1067 2516 1229 2547 Schuetz.
1261 2534 1292 2538 —
1329 2516 1462 2555 fulgora
1484 2516 1530 2552 A,
1557 2514 1694 2554 fulgura
1717 2514 1742 2545 O
1769 2531 1801 2535 ——
1831 2516 1935 2545 inler—

158 2569 371 2605 praelanlum
396 2565 420 2596 Η
451 2581 484 2586 —
513 2564 762 2604 astrologorum
785 2566 808 2596 A
829 2566 853 2596 ll
885 2584 916 2588 —
944 2567 974 2597 ¹2.
1001 2570 1125 2597 sor-tum
1153 2567 1176 2597 ll
1208 2584 1241 2588 -
1268 2575 1326 2597 eae
1351 2566 1393 2602 u,
1421 2574 1501 2596 aeae
1526 2565 1551 2596 ll
1580 2582 1613 2586 —
1642 2565 1727 2608 artis
1753 2565 1811 2595 5³2:
1847 2568 1935 2596 arces

161 2616 185 2646 C
211 2632 253 2637 -—
277 2615 307 2646 3.
327 2614 595 2645 uatilinaeionem
618 2616 645 2645 A
666 2632 698 2635 —
726 2615 757 2645 ὅ.
786 2619 911 2646 ηαΙιινα
937 2625 1021 2655 quae
1046 2625 1147 2654 neque
1170 2625 1244 2647 cum
1268 2615 1334 2646 obs.
1356 2616 1381 2646 ll
1412 2633 1442 2636 —
1472 2620 1539 2645 lum
1565 2623 1633 2645 oni.
1656 2613 1702 2651 13¹,
1729 2623 1804 2645 cum
1828 2614 1931 2646 codd.

161 2665 243 2696 dett.
272 2665 409 2696 Moseri.
439 2682 472 2687 —
501 2664 532 2695 6.
559 2665 745 2704 afflatuque
769 2664 945 2703 llcrelius,
975 2669 1009 2696 ut
1035 2668 1087 2696 est
1114 2667 1121 2695 l
1150 2666 1167 2703 ,Ε
1193 2665 1250 2700 :343
1278 2668 1311 2695 at
1336 2674 1366 2695 v.
1394 2665 1405 2695 I
1433 2664 1450 2704 ξ
1477 2665 1548 2695 415.
1580 2680 1613 2686 ·-
1641 2664 1672 2695 8.
1699 2665 1817 2695 omittit
1840 2665 1866 2695 Η
1896 2682 1930 2687 -

159 2724 258 2756 quere
283 2714 331 2752 13¹.
359 2724 476 2755 umere
502 2715 524 2745 ll
542 2716 566 2745 O
596 2733 628 2737 —
654 2715 793 2752 satiebat
816 2718 842 2746 A
872 2734 903 2737 —
925 2716 954 2746 9.
982 2717 1143 2754 tumim-ne
1169 2717 1193 2746 ll
1216 2733 1249 2737 —
1277 2716 1350 2746 leua
1369 2717 1394 2745 A
1416 2732 1447 2736 —-
1469 2714 1509 2744 ab
1527 2715 1665 2745 dextera
1682 2716 1729 2745 A:
1757 2714 1798 2745 ab
1813 2715 1935 2746 dextra

160 2765 199 2803 V,
225 2766 269 2796 ad
291 2768 409 2796 extera
435 2766 476 2802 B,
504 2774 525 2795 α
548 2765 684 2794 sinistra
710 2766 754 2802 ΙΙ,
781 2774 801 2795 α
826 2766 946 2796 (lectra
972 2768 996 2797 Ο
1014 2783 1054 2788 -
1081 2767 1132 2797 lo.
1160 2770 1308 2805 tempora
1331 2766 1370 2796 Αἱ
1390 2782 1423 2786 -
1450 2766 1484 2795 in
1508 2764 1780 2804 significationem
1803 2768 1935 2795 eventus

160 2816 250 2845 coni.
277 2813 400 2845 Orelli:
434 2815 465 2845 in
496 2815 736 2853 significalione
765 2819 898 2845 euentus
922 2817 963 2853 C,
996 2816 1195 2855 significatio
1219 2819 1336 2846 eaenlu
1367 2815 1557 2853 llottinger,
1590 2814 1787 2853 significatio
1810 2814 1935 2845 ementis

160 2863 314 2903 Madvig,
340 2864 579 2904 suynificatione
602 2867 736 2894 euentus
761 2863 874 2895 Klotz:
905 2866 935 2895 ιἰι
961 2865 1234 2905 siquife'calioncm
1259 2865 1389 2895 dictmn
1417 2864 1553 2894 videtur
1578 2863 1704 2894 codem
1731 2872 1837 2895 sensu
1862 2872 1931 2904 quo

162 2913 270 2943 infra:
297 2914 531 2944 animadversa
553 2917 627 2943 sunl
650 2914 827 2945 herbarum
849 2924 972 2955 genera
996 2916 1038 2946 ad
1061 2924 1189 2946 morsus
1206 2914 1395 2945 bestiarum.
1420 2931 1452 2935 v-
1482 2914 1532 2944 sl2.
1556 2913 1832 2952 prodentibusque
1856 2922 1932 2944 ma-

161 2962 221 2994 luit
246 2964 415 2995 Davisius.
439 2981 473 2984 ——
502 2964 553 2995 1t7.
581 2963 701 3004 tamen]
727 2967 795 2995 tam
815 2965 840 2996 lt
866 2982 899 2986 —
929 2965 979 2996 1¹8.
1000 2968 1112 2996 ¹uentos
1131 2968 1290 2995 mnaso-at
1310 2964 1334 2994 ll
1366 2981 1389 2985 -
1410 2971 1481 3001 sepe
1498 2972 1573 3003 sup.
1593 2962 1651 2994 lin.
1672 2964 1698 2994 Il
1721 2981 1754 2986 —
1784 2964 1834 2995 -Ι9,
1850 2973 1931 3003 poe-

161 3014 310 3054 uitasque
334 3016 358 3044 Α
396 3031 428 3035 ——
463 3014 513 3044 21¹.
541 3017 679 3044 cantant
710 3013 747 3045 Η1
779 3031 815 3036 -
850 3015 901 3046 22,
930 3015 1007 3045 dens
1035 3016 1059 3045 Α
1096 3032 1129 3035 -
1165 3015 1217 3046 23.
1244 3015 1377 3053 repulsa
1410 3014 1608 3048 Manutius;
1641 3015 1675 3044 at
1700 3013 1852 3054 fungitur
1876 3015 1931 3045 hic

161 3071 256 3103 saepe
279 3063 486 3095 substantivi
513 3063 599 3094 vice.
623 3081 652 3084 —
687 3065 736 3094 25.
764 3064 870 3094 dicere
894 3065 918 3095 ll
944 3082 973 3086 —
1003 3064 1078 3095 uide
1103 3063 1250 3094 beothum
1268 3067 1304 3101 Α,
1332 3064 1445 3094 uidebo
1470 3066 1579 3094 cotum
1596 3063 1634 3101 V,
1660 3064 1775 3095 uidebo
1799 3065 1931 3095 callium

162 3113 205 3150 Β,
231 3113 344 3144 uidebo
369 3113 465 3144 eothii
490 3113 517 3144 II
545 3130 580 3135 —
610 3113 659 3143 26.
687 3114 774 3151 aegit
797 3116 824 3144 A
853 3131 885 3136 —
915 3114 966 3144 27.
993 3114 1164 3153 condomae
1190 3114 1280 3144 A1—
1312 3113 1361 3144 29.
1389 3114 1483 3144 Cana
1507 3113 1532 3143 A
1550 3113 1637 3143 HV:
1665 3122 1749 3144 cano
1774 3114 1810 3151 B,
1837 3115 1931 3144 [lava

164 3162 189 3191 Ο
206 3170 286 3193 cum
304 3162 506 3193 Camerario
527 3179 561 3184 --
580 3162 670 3201 saliae
688 3164 795 3194 itidem
814 3164 1059 3195 Camerarius:
1085 3165 1185 3204 [luxit
1204 3164 1287 3194 idem
1305 3164 1341 3200 (Σ,
1369 3162 1431 3194 scd
1450 3164 1472 3194 B
1492 3163 1575 3194 idem
1589 3164 1700 3204 sluaeit.
1725 3182 1756 3185 ——
1779 3164 1830 3195 30.
1852 3163 1929 3195 Cla-

163 3220 257 3242 mans
286 3213 426 3243 Nuntiat
457 3212 627 3243 horribiles
660 3213 704 3250 Η,
746 3213 807 3244 sed
840 3213 921 3245 add.
948 3215 1055 3254 signis
1089 3214 1385 3254 transpositionis,
1423 3214 1572 3244 clamans
1594 3214 1743 3245 enuntiat
1765 3213 1932 3244 horribilis

164 3260 231 3291 AV
257 3277 287 3283 -
320 3260 372 3292 31.
398 3264 524 3301 quaere
547 3265 572 3293 Α
589 3263 609 3293 Β
635 3281 677 3286 —-
701 3263 753 3293 32.
779 3265 870 3293 canit
894 3264 940 3295 C:
968 3265 1028 3295 ciel
1052 3264 1129 3296 cod.
1152 3263 1351 3297 Utlenbacli.
1380 3264 1505 3295 Moseri
1530 3265 1565 3295 et
1588 3264 1613 3295 O
1633 3280 1666 3286 -
1695 3264 1746 3296 33.
1773 3264 1930 3295 acredula

166 3309 318 3342 Isidorus
342 3311 465 3352 (Origg.
484 3312 553 3351 XII,
573 3312 621 3350 72¹:
649 3313 812 3344 amedeus
834 3315 860 3344 A
876 3313 917 3352 V,
948 3314 1130 3346 accredulis
1153 3314 1176 3344 B
1193 3314 1218 3345 ll
1245 3331 1280 3336 —
1307 3314 1430 3345 instant
1454 3315 1492 3346 (j.
