2249 3624
599 168 710 206 PAR.
733 167 800 207 Vl.
833 167 927 207 Cae.
952 168 1001 208 ΙΙ.
1035 167 1063 220 §
1086 166 1138 206 Μ-
1161 191 1213 197 -
1230 167 1327 208 ΟΑΡ.
1351 168 1418 208 ΙΙΙ.
1450 166 1477 221 §
1501 166 1567 208 3⁷31.
1879 168 1960 209 757

210 278 452 316 testamenta
497 272 709 319 subiecta,
762 279 822 313 tot
870 276 939 327 qui
985 274 1170 314 sublatos
1215 274 1431 323 homiues,
1479 275 1550 328 qui
1597 275 1776 329 denique
1823 276 1964 316 omnia

208 337 390 383 venalia,
421 335 639 381 dilectum,
672 335 907 381 decretum,
939 338 1115 376 alienam
1149 352 1263 377 suam
1297 338 1569 385 sententiam,
1601 338 1749 385 sorum,
1781 338 1961 387 domum,

206 413 350 439 vocem
381 398 616 438 silentium:
649 399 741 450 quis
774 399 884 437 bunc
916 413 997 438 non
1033 406 1148 451 putet
1180 398 1364 438 conliteri
1396 400 1471 438 sibi
1501 401 1689 452 quaesito
1714 414 1818 454 opus
1841 404 1959 441 esse?

206 462 279 502 Cui
312 461 502 514 quaesito
533 466 668 499 autem
701 475 804 513 opus
837 462 911 508 sit,
952 463 1046 514 quis
1079 476 1274 515 umquam
1307 462 1417 501 huuc
1451 476 1544 501 vere
1577 463 1729 503 dixerit
1760 464 1959 504 divitem?

202 521 268 563 4-7.
308 524 471 563 Etenim
505 522 742 562 divitiarum
783 530 844 562 est
882 523 1037 563 fructus
1071 525 1109 563 in
1143 525 1280 577 copia,
1320 525 1483 576 copiam
1515 531 1650 565 autem
1685 527 1867 566 declarat
1897 534 1992 567 sa-5

203 587 323 626 tietas
354 598 488 624 rerum
521 591 647 638 atque
681 585 955 625 abundantia:
996 600 1119 638 quam
1155 593 1194 624 tu
1229 587 1422 639 quoniam
1457 601 1681 640 numquam
1713 589 1960 642 adsequere,

202 660 429 701 numquam
470 648 639 686 omuino
683 661 725 687 es
765 648 879 687 dives
922 648 1096 687 futurus.
1158 650 1288 688 Meam
1330 655 1466 687 autvm
1509 651 1705 702 quoniam
1740 652 1959 703 pecuniam

201 710 453 756 contemnis,
485 716 526 749 et
557 717 667 748 recte
701 733 750 736 -—
783 715 845 747 cst
877 711 983 749 cuim
1017 711 1066 749 ad
1102 711 1211 761 volgi
1244 712 1482 763 opinionem
1515 712 1743 760 mediocris,
1775 714 1825 753 ad
1850 721 1958 754 tuam

202 772 333 818 nulla,
370 770 418 811 ad
454 785 584 811 meam
619 772 779 811 modica
813 796 887 818 ——,
921 773 970 810 dc
1005 787 1068 810 me
1101 773 1256 819 silebo,
1299 774 1347 811 de
1380 787 1421 811 rc
1455 774 1613 827 loquar.
1683 775 1747 814 48.
1792 777 1831 816 Si
1865 790 1960 816 cen-

200 838 327 876 senda
358 835 478 874 nobis
511 835 564 873 sit.
594 841 717 887 atque
750 835 1006 874 aestimanda
1038 848 1123 881 rcs,
1168 840 1301 874 utrum
1335 835 1498 875 taudem
1534 837 1662 889 pluris
1695 840 2011 879 aestimemusto

200 899 417 952 pecuniam
453 895 618 951 Pyrrhi,
661 911 783 949 quam
818 898 1005 936 Fabricio
1047 898 1188 942 dabat,
1228 911 1278 935 au
1322 898 1616 938 continentiam
1650 901 1845 948 Fabricii,
1888 902 1958 954 qui

199 961 310 1000 illam
344 960 560 1012 pecuniam
594 960 867 1012 repudiabat?
909 967 1042 998 utrum
1075 973 1219 998 aarum
1254 960 1501 999 Samnitium
1534 974 1584 999 an
1616 976 1861 1015 responsum
1895 964 1960 1003 Μ’.

202 1022 341 1063 Curii?
384 1021 655 1061 hereditatem
689 1024 732 1060 L.
759 1023 870 1061 l'auli
904 1036 954 1061 an
990 1022 1235 1061 liberalitem
1260 1020 1462 1068 Africani,
1495 1024 1562 1075 qui
1597 1025 1686 1063 eius
1718 1025 1959 1065 hereditatis

202 1084 250 1132 Q.
284 1084 462 1123 Maximo
503 1083 617 1123 fratri
661 1091 817 1137 partem
859 1099 974 1124 suam
1020 1085 1256 1123 concessit?
1318 1085 1430 1123 llaec
1470 1086 1675 1138 profecto,
1719 1102 1825 1140 quae
1866 1095 1961 1128 sunt¹

200 1160 452 1187 summarum
497 1147 716 1193 virtutum,
772 1148 902 1200 pluris
955 1148 1211 1186 aestimanda
1260 1152 1355 1185 sunt
1406 1161 1528 1199 quam
1573 1149 1666 1196 illa,
1717 1163 1822 1202 quae
1864 1156 2010 1190 suntt5

199 1209 417 1262 pecuniae.
478 1208 583 1256 Quis
616 1209 760 1261 igitur,
802 1211 834 1249 si
867 1210 1058 1262 quidem,
1100 1215 1146 1248 ut
1177 1209 1357 1262 quisque
1396 1210 1503 1262 quod
1547 1210 1710 1263 plurimi
1743 1213 1795 1251 sit
1825 1214 1960 1265 possi-

198 1271 311 1318 deat,
353 1272 408 1311 ita
441 1271 671 1310 ditissimus
704 1272 918 1311 habendus
951 1273 1022 1317 sit,
1065 1271 1225 1310 dubitet
1257 1271 1359 1323 quin
1392 1272 1433 1310 in
1466 1273 1615 1312 virtute
1648 1273 1818 1313 divitiae
1851 1274 1958 1314 sint?

198 1333 392 1386 quoniam
425 1333 539 1372 nulla
572 1334 804 1387 possessio,
847 1334 959 1373 nulla
1003 1335 1061 1373 vis
1103 1334 1191 1373 auri
1235 1340 1275 1373 et
1311 1335 1471 1385 argenti
1511 1335 1641 1388 pluris
1674 1350 1795 1389 quam
1830 1337 1958 1377 virtus

198 1395 456 1435 aestimanda
499 1401 572 1435 est.
663 1397 730 1434 lll.
778 1395 842 1435 49.
887 1397 919 1433 0
954 1396 993 1435 di
1027 1396 1304 1435 immortalesl
1357 1410 1439 1435 non
1482 1397 1731 1449 intellegunt
1769 1398 1957 1439 homines

199 1471 321 1512 quam
355 1471 547 1510 magnum
580 1459 757 1511 vectigal
791 1459 845 1498 sit
875 1458 1143 1512 parsimonia.
1190 1458 1323 1497 Venio
1357 1460 1465 1498 cuim
1499 1460 1578 1498 iam
1602 1460 1651 1499 ad
1676 1466 1958 1513 sumptuosos,
1972 1471 2009 1500 ΞΟ

198 1521 390 1574 relinquo
430 1521 553 1559 istum
594 1527 908 1574 quaestuosum.
972 1522 1091 1574 Capit
1130 1520 1198 1561 ille
1241 1535 1292 1560 ex
1334 1522 1420 1561 suis
1463 1521 1643 1574 praediis
1685 1537 1855 1563 sescena
1896 1538 1959 1563 se-

199 1584 354 1629 stertia,
387 1595 463 1635 ego
497 1589 669 1622 centena
702 1598 752 1622 ex
787 1584 910 1623 meis:
944 1584 1001 1622 illi
1035 1591 1176 1624 auin-ita
1210 1590 1314 1623 tecta
1346 1584 1389 1622 iu
1422 1585 1531 1623 villis
1556 1591 1596 1624 et
1618 1585 1706 1624 sola
1730 1599 1960 1626 marmorea

198 1644 366 1685 facienti
397 1652 438 1683 et
468 1644 584 1696 signa
616 1644 799 1693 tabulas,
838 1647 1141 1699 supellectilem
1182 1652 1222 1685 et
1263 1652 1415 1685 vestem
1460 1645 1619 1686 infinite
1653 1649 1958 1701 concupiscenti

200 1720 282 1746 non
315 1706 439 1746 modo
483 1708 531 1746 ad
577 1714 783 1760 sumptum
825 1709 895 1748 illc
928 1716 989 1748 cst
1020 1709 1201 1755 fructus,
1238 1709 1315 1747 ‘sed
1348 1709 1471 1748 etiam
1505 1710 1555 1748 ad
1587 1709 1732 1749 faenus
1766 1711 1958 1761 exiguus.

198 1770 263 1808 Ex
302 1783 394 1808 meo
434 1770 548 1808 tenui
594 1771 782 1821 vectigali
831 1771 1024 1810 detractis·
1073 1772 1304 1824 sumptibus
1347 1771 1585 1823 cupiditatis
1631 1772 1787 1825 aliquid
1835 1774 2009 1812 etiam-25

199 1831 461 1870 redundabit.
522 1832 620 1871 Uter
652 1833 775 1884 igitur
806 1839 868 1872 est
901 1834 1081 1880 divitior,
1114 1834 1177 1872 cui
1212 1834 1329 1872 deest
1360 1846 1412 1871 an
1444 1834 1509 1872 cui
1543 1836 1735 1887 supi-rat?
1768 1835 1838 1886 qui
1867 1840 1961 1886 eget

198 1907 249 1933 an
281 1895 352 1946 qui
385 1892 596 1934 abundat?
639 1896 757 1934 cuius
792 1896 1003 1948 possessio
1036 1909 1119 1947 quo
1153 1902 1215 1934 est
1247 1895 1386 1941 maior,
1420 1908 1468 1934 eo
1502 1896 1594 1948 plus
1627 1897 1800 1950 requirit
1831 1897 1881 1935 ad
1915 1910 1958 1936 se

200 1958 417 2002 tuendam,
459 1970 509 1995 an
544 1970 651 2009 quae
684 1958 770 1996 suis
803 1971 846 1996 se
881 1958 1034 1996 viribus
1067 1958 1273 1996 sustinet?
1344 1956 1409 1996 350.
1454 1959 1531 1997 Sed
1567 1958 1667 2011 quid
1702 1971 1777 2011 ego
1811 1959 1861 1998 de
1893 1973 1958 1998 me

200 2019 369 2071 loquor,
412 2019 482 2071 qui
526 2033 685 2058 morum
729 2032 775 2058 ac
814 2025 1046 2072 temporum
1081 2020 1177 2059 vitio
1210 2020 1472 2072 aliquantum
1507 2020 1629 2059 etiam
1662 2022 1750 2073 ipse
1782 2021 1958 2061 fortasse

199 2082 240 2119 in
272 2081 394 2120 huius
427 2081 582 2120 saeculi
610 2095 747 2121 errore
773 2084 941 2120 verser?
989 2082 1054 2121 Μ’.
1083 2081 1276 2121 Manilius
1300 2087 1464 2134 patrum
1489 2088 1722 2122 nostrorum
1746 2084 1958 2130 memoria,
1972 2092 2009 2121 3ο

200 2156 251 2182 ne
282 2156 448 2194 semper
480 2143 626 2182 Curios
658 2150 698 2183 et
729 2144 930 2183 Luscinos
974 2144 1217 2196 loquamur,
1262 2158 1421 2196 pauper
1461 2144 1626 2184 tandem
1666 2145 1767 2193 fuit3
1810 2145 1960 2200 ,habuit

201 2205 309 2243 enim
342 2204 550 2244 aediculas
583 2206 624 2244 in
650 2206 810 2245 Carinis
844 2212 884 2245 et
915 2206 1088 2245 fundum
1123 2207 1164 2244 in
1191 2207 1408 2246 Labicano.
1468 2208 1552 2245 Nos
1586 2208 1710 2259 igitur
1731 2207 1958 2254 divitiores,

200 2266 269 2318 qui
312 2266 427 2320 plura
468 2266 696 2307 habemus?
770 2268 931 2307 Utinam
975 2268 1170 2320 quidem!
1225 2269 1297 2307 sed
1338 2282 1423 2307 non
1463 2268 1753 2308 aestimatione
1794 2283 1958 2315 census,

199 2342 342 2368 verum
383 2330 493 2369 victu
533 2335 659 2382 atque
700 2330 812 2370 cultu
856 2331 1100 2369 terminatur
1145 2330 1347 2382 pecuniae
1396 2330 1556 2370 modus.
1627 2327 1692 2370 51.
1734 2333 1825 2370 Non
1868 2344 1958 2371 esse

287 2546 316 2576 ⁴.
343 2546 399 2583 qui
421 2545 564 2575 sublatos
587 2548 633 2575 Ιοι
656 2546 680 2576 O
716 2563 748 2567 ——
789 2547 816 2575 z’..
844 2545 997 2576 dilectum
1022 2546 1065 2575 C:
1092 2547 1248 2576 delectum
1273 2547 1310 2576 O.
1352 2545 1536 2577 «Deiectus
1562 2545 1710 2578 militum
1734 2546 1866 2579 venalis
1890 2556 1958 2579 non

200 2596 250 2626 sic
274 2594 369 2625 facile
395 2594 516 2624 haberi
543 2597 678 2635 poterat
704 2596 900 2633 [vacationes
921 2595 1060 2626 venales
1079 2606 1154 2626 esse
1175 2598 1358 2636 poterant),
1387 2605 1450 2626 nec
1475 2598 1664 2636 quicquam
1691 2597 1745 2626 bic
1770 2598 1956 2636 attingitur,

200 2644 294 2684 quod
319 2644 361 2674 ad
387 2643 541 2675 militiam
568 2646 755 2685 pertineat,
789 2645 849 2676 sed
877 2647 992 2676 omnia
1022 2646 1063 2676 ad
1090 2646 1214 2676 iudicia
1240 2648 1273 2676 et
1299 2646 1407 2676 torum
1435 2648 1605 2685 spectant.
1655 2647 1773 2685 ltaque
1799 2646 1959 2678 scriben-

201 2694 284 2725 dum
309 2703 386 2725 esse
413 2694 556 2733 opinor:
596 2696 652 2733 qui
681 2696 877 2729 edictum,
911 2697 1084 2727 decretum.
1127 2696 1372 2735 sigium-antur
1396 2695 1509 2725 subita
1536 2697 1610 2726 eius
1637 2695 1731 2726 modi
1755 2698 1959 2735 praetorum

201 2743 334 2781 edicta,
371 2742 482 2782 qualia
514 2745 544 2773 in
577 2745 801 2775 Veri-inarum
834 2744 922 2775 libro
948 2746 978 2782 Ι,
1007 2754 1080 2786 cap.
1102 2745 1141 2777 40
1167 2755 1244 2786 sqq.
1272 2749 1597 2776 conuncm«»rantur
1623 2745 1655 2784 (δ’
1675 2745 1731 2775 106
1757 2747 1791 2775 et
1816 2745 1957 2785 §timu

202 2794 342 2823 Msnvio.
382 2793 537 2825 Eandem
563 2795 859 2831 emendationem,
887 2804 976 2834 quae
1005 2795 1103 2826 nobis
1129 2804 1269 2835 quoque
1295 2795 1491 2825 neccssaria
1519 2794 1669 2830 videtur,
1695 2795 1763 2825 iam
1782 2796 1816 2826 P.
1837 2797 1959 2827 Manu—

202 2843 268 2874 tius
291 2845 532 2882 proposuerat.
574 2861 607 2866 —
646 2844 675 2875 4.
702 2853 850 2882 unquam
876 2845 900 2872 V
927 2845 991 2875 Ιι,»(τ
1017 2844 1092 2875 luco
1127 2862 1161 2866 —
1199 2846 1229 2875 5.
1255 2845 1382 2883 fruc-lus
1406 2845 1437 2873 ιἰι
1463 2845 1557 2883 copia
1579 2848 1623 2874 est
1649 2845 1672 2873 Ο
1700 2862 1734 2866 -
1769 2846 1907 2877 sacietas
1931 2849 1957 2878 A

206 2908 238 2913 -
266 2891 296 2921 7.
322 2892 454 2929 futurus
477 2893 567 2923 diues
591 2894 616 2923 O
644 2911 677 2914 —
705 2896 735 2924 8.
762 2896 962 2932 contempnis
987 2898 1010 2924 Α
1041 2911 1073 2916 --
1103 2894 1142 2925 40
1180 2894 1271 2924 *nobis
1294 2899 1392 2932 alque.
1416 2898 1493 2923 aest.
1521 2902 1571 2923 res
1594 2894 1633 2924 sil
1658 2895 1682 2924 O
1711 2911 1744 2915 —
1771 2904 1829 2926 rus
1854 2895 1892 2925 V¹
1918 2913 1953 2920 -

204 2942 254 2972 ll.
277 2942 395 2980 phyrri
418 2943 456 2979 A,
481 2943 607 2980 pyrrhi]
633 2944 654 2973 B
684 2961 718 2965 —
748 2944 798 2973 12.
825 2945 1012 2974 samnitum.
1037 2945 1060 2973 0
1090 2962 1122 2965 —
1150 2945 1194 2974 M.
1225 2944 1247 2974 C
1276 2961 1309 2964 —
1340 2944 1389 2972 43.
1412 2942 1502 2973 Curti
1527 2946 1654 2973 ou‘1.A¹
1683 2960 1716 2964 —
1744 2944 1795 2975 46.
1819 2946 1957 2984 plurimi

200 2992 236 3030 fit
260 2991 337 3021 cod.
357 2991 444 3022 Gud.
473 3008 507 3012 —
536 2992 782 3023 47.‹12·11‘ss1·nms
809 2993 850 3022 V:
879 2994 1089 3024 divitissimus
1112 2994 1207 3023 ABO
1236 3011 1270 3014 —
1300 2992 1349 3022 19.
1370 2992 1415 3022 dii
1440 2992 1505 3022 boc
1530 2991 1605 3022 loco
1631 2994 1654 3023 (j
1683 3009 1716 3014 —
1745 2995 1796 3025 itt.
1815 3003 1956 3026 sezcena

203 3039 302 3070 Laur.
321 3039 433 3070 Valla:
469 3045 612 3071 sescenta
638 3042 681 3079 C,
719 3046 872 3072 sera-enm
897 3044 940 3073 O:
978 3042 1020 3073 cf.
1047 3043 1244 3083 Zumptium
1273 3042 1316 3072 ad
1348 3050 1398 3072 or.
1428 3042 1523 3073 Yerr.
1552 3042 1611 3079 111,
1639 3041 1736 3081 §4¹9
1761 3052 1795 3083 p.
1814 3044 1886 3075 538.
1918 3062 1951 3066 —

203 3089 254 3119 ⁶227..
282 3089 349 3119 sola
373 3098 539 3121 marmore
562 3089 665 3127 A1W,
691 3093 838 3121 solutum·
863 3101 951 3123 more
975 3091 1026 3128 Ψ,
1052 3093 1122 3123 sula
1145 3100 1314 3122 marmora
1341 3092 1416 3122 ,λ’-’ὓ
1445 3108 1477 3112 -
1512 3092 1564 3122 23.
1591 3094 1620 3122 et
1644 3094 1723 3123 aute
1747 3098 1867 3123 vestem
1890 3094 1955 3125 de-

205 3136 285 3169 levit
309 3138 496 3170 Lambinus
523 3157 558 3161 —
592 3140 643 3171 ⁶24.
671 3150 732 3170 mm
760 3142 853 3171 modo
877 3143 920 3171 ad
943 3142 1087 3181 (ructum
1112 3142 1163 3172 illc
1186 3145 1229 3172 cs!
1252 3145 1398 3180 sumptus
1422 3141 1445 3171 C
1472 3158 1511 3163 —
1535 3141 1651 3179 faenus
1674 3144 1717 3173 A:
1743 3143 1835 3182 senus
1858 3144 1952 3174 BVO

207 3203 240 3208 -
267 3188 422 3227 exiguum
448 3189 472 3218 V
499 3206 532 3210 —
561 3190 612 3220 25.
640 3191 831 3220 (Ielmclalis
855 3191 912 3221 AB
942 3210 974 3212 *-
1002 3192 1053 3222 ⁶25,
1080 3192 1180 3222 diliot·
1204 3190 1244 3220 Ψ
1267 3208 1309 3213 -
1342 3191 1392 3221 27.
1418 3190 1587 3221 habundat
1612 3192 1636 3222 C
1666 3210 1699 3214 —
1725 3193 1778 3222 cui
1797 3193 1953 3231 possessio

206 3235 249 3271 C;
275 3237 328 3266 cui
347 3239 515 3276 possessio,
534 3247 617 3278 quae
635 3248 696 3277 quo
713 3243 757 3270 esc
781 3243 848 3271 ete.
876 3240 989 3271 Christ
1017 3259 1049 3263 -
1078 3250 1141 3279 quo
1167 3238 1223 3270 W:
1251 3241 1336 3279 quod
1361 3239 1446 3279 ΨΒ,
1474 3246 1597 3279 quoa*
1617 3242 1644 3272 A
1673 3259 1706 3263 —
1734 3241 1785 3272 30.
1803 3242 1847 3272 M.
1869 3242 1892 3272 C
1914 3258 1949 3264 —

203 3288 349 3316 nostrum
371 3287 434 3318 AB
450 3285 489 3317 V¹
517 3305 548 3310 -
577 3288 628 3320 31.
649 3290 915 3328 paupe-tandum
936 3291 999 3329 fuit
1022 3292 1048 3322 A
1071 3307 1114 3314 —
1137 3290 1189 3321 32.
1216 3290 1347 3322 ditiores
1371 3286 1410 3320 V²
1437 3308 1468 3312 —
1503 3289 1556 3324 34.
1581 3299 1695 3323 uer-om
1718 3291 1769 3330 V¹,
1795 3300 1874 3323 uero
1896 3293 1946 3323 Al.
