2249 3624
213 146 295 188 500
865 140 935 179 DE
968 137 1319 179 DIVINATIONE

216 259 365 307 retque
394 252 436 292 in
467 249 605 290 animo
637 259 784 286 navem
816 243 1124 290 conscendere,
1156 243 1317 282 moneri
1348 242 1464 281 visus
1496 246 1558 281 est
1588 255 1639 281 ne
1670 241 1711 281 id
1742 242 1897 283 faceret
1927 244 1978 283 ab

217 332 280 365 eo,
313 328 436 369 quem
469 310 679 365 sepultura
709 307 942 354 adfecerat3
979 307 1013 345 si
1044 306 1344 357 navigavisset,
1376 317 1471 343 eum
1503 304 1716 357 naufragio
1749 319 1840 345 esse
1871 306 1981 359 peri-

217 386 378 420 turum:
421 376 564 427 itaque
597 369 853 410 Simonidem
885 368 1071 414 redisse,
1104 367 1264 420 perisse
1297 372 1484 413 ceteros,
1527 366 1599 419 qui
1631 372 1718 406 tum
1750 368 1984 421 navigavis-

218 446 324 481 sent.
374 436 439 477 57.
480 436 666 475 Alterum
697 433 754 471 ita
785 430 1002 477 traditum,
1043 430 1197 469 clarum
1230 429 1456 468 admodum
1488 429 1711 468 somnium.
1767 430 1867 470 Cum
1899 430 1982 470 duo

188 503 387 556 5quidam
416 498 594 538 Arcades
625 494 851 534 familiares
882 494 960 532 iter
991 506 1074 532 una
1106 490 1288 531 facerent
1320 497 1360 531 et
1380 493 1591 544 Megaram
1623 491 1849 539 venissent,
1880 492 1986 532 alte-

219 579 311 605 rum
342 562 393 603 ad
425 572 631 613 coponem
663 556 908 602 devertisse,
939 555 991 594 ad
1024 554 1232 607 hospitem
1266 555 1460 594 alterum.
1516 553 1596 601 Qui
1619 559 1664 594 ut
1687 555 1821 594 cenati
1846 555 1987 608 quies-

221 631 381 673 cerent,
421 621 623 663 concubia
663 624 786 658 nocte
827 619 959 657 visum
1002 630 1093 657 esse
1134 617 1176 656 in
1209 616 1365 656 somnis
1397 617 1455 663 ei,
1496 617 1566 669 qui
1598 617 1757 656 eratin
1787 616 1987 668 hospitio,

220 690 338 729 illum
377 687 554 726 alterum
595 696 711 722 orare
751 687 798 720 ut
829 679 1093 726 subveniret,
1138 679 1250 732 quod
1282 679 1361 718 sibi
1395 692 1417 718 a
1450 692 1611 731 copone
1642 679 1836 718 interitus
1868 692 1989 732 para-

221 757 360 792 retur:
408 761 501 788 eum
537 745 671 798 primo
713 743 981 797 perterritum
1021 742 1187 782 somnio
1227 742 1486 789 surrexisse,
1530 742 1628 781 dein
1670 755 1764 781 cum
1805 754 1848 781 se
1890 754 1989 780 con-

172 814 392 866 lolegisset
432 809 560 862 idque
599 808 733 846 visum
775 820 848 860 pro
892 805 1023 845 nihilo
1062 804 1302 844 habendum
1345 818 1436 844 esse
1468 803 1684 852 duxisset,
1725 803 1987 843 recubuisse:

223 883 309 916 tum
343 874 379 914 ei
413 870 634 911 dormienti
667 870 846 909 eundem
880 869 1001 908 illum
1033 868 1165 907 visum
1198 880 1289 906 esse
1314 880 1458 919 rogare
1482 872 1547 913 ut,
1570 867 1768 918 quoniam
1792 866 1870 905 sibi
1893 867 1989 906 vivo

222 951 306 978 non
337 933 614 979 subvenisset,
647 939 820 972 mortem
855 945 971 971 suam
1004 944 1055 970 ne
1078 930 1253 969 inultam
1277 943 1368 969 esse
1391 933 1628 982 pateretur:
1660 942 1703 968 se
1726 927 1991 968 interfectum

224 1001 267 1040 in
298 999 526 1053 plaustrum
557 1009 580 1035 a
612 1008 773 1048 copone
806 1008 897 1034 esse
929 994 1159 1033 coniectum
1192 998 1233 1032 et
1263 1005 1390 1044 supra
1410 997 1569 1031 stercus
1592 991 1819 1039 iniectum;
1850 996 1992 1044 petere

223 1067 269 1102 ut
300 1073 420 1100 mane
459 1059 509 1098 ad
550 1063 713 1111 portam
756 1057 943 1103 adesset,
984 1056 1099 1109 prius
1140 1068 1263 1107 quam
1303 1054 1535 1106 plaustrum
1569 1066 1621 1092 ex
1652 1053 1810 1106 oppido
1843 1053 1992 1093 exiret.

175 1126 313 1165 ⁴5H00
360 1136 459 1163 vero
503 1134 599 1160 eum
644 1121 807 1160 somnio
857 1124 1106 1159 commotum
1149 1130 1268 1156 mane
1312 1114 1494 1156 bubulco
1535 1122 1701 1169 praesto
1739 1115 1791 1155 ad
1833 1121 1995 1169 portam

225 1187 368 1232 fuisse,
399 1184 614 1238 quaesisse
646 1196 697 1222 ex
729 1196 778 1222 eo
810 1182 910 1234 quid
944 1186 1054 1220 esset
1084 1180 1126 1219 in
1151 1180 1359 1233 plaustro:
1390 1179 1507 1218 illum
1530 1178 1800 1231 perterritum
1822 1178 1995 1232 fugisse,

226 1254 434 1290 mortuum
467 1252 630 1287 erutum
663 1259 770 1292 esse,
801 1257 1003 1297 coponem
1036 1256 1078 1282 re
1111 1242 1317 1295 patefacta
1348 1255 1505 1295 poenas
1538 1241 1722 1281 dedisse.

340 1310 530 1350 XXVIII.
563 1307 630 1348 58.
663 1308 775 1356 Quid
808 1307 888 1346 hoc
920 1306 1084 1346 somnio
1117 1305 1198 1344 dici
1232 1304 1412 1345 divinius
1445 1306 1615 1357 potest?
1677 1304 1759 1344 Sed
1794 1304 1893 1358 quid
1926 1308 1998 1344 aut

227 1376 347 1430 plura
389 1378 459 1413 aut
497 1378 638 1413 vetera
680 1370 952 1423 quaerimus?
1014 1368 1147 1420 Saepe
1185 1367 1258 1407 tibi
1299 1380 1436 1406 meum
1475 1367 1661 1413 narravi,
1700 1380 1825 1420 saepe
1865 1380 1916 1406 ex
1957 1371 1998 1406 te

178 1444 215 1474 ΞΟ
229 1438 368 1480 audivi
400 1442 517 1476 tuum
549 1434 782 1474 somnium:
827 1445 910 1479 me,
951 1445 1043 1470 cum
1074 1430 1198 1470 Asiae
1239 1443 1313 1482 pro
1347 1430 1519 1469 consule
1550 1442 1811 1482 praeessem,
1843 1430 1998 1469 vidisse

229 1503 272 1542 in
305 1501 468 1554 quiete,
510 1510 602 1537 cum
646 1501 690 1535 tu
733 1508 842 1548 equo
885 1494 1080 1534 advectus
1120 1494 1172 1532 ad
1214 1492 1425 1546 quandam
1465 1492 1604 1545 magni
1634 1489 1818 1532 fluminis
1850 1492 1998 1545 ripam,

230 1568 454 1617 provectus
496 1560 633 1603 subito
671 1563 796 1611 atque
835 1557 1030 1610 delapsus
1068 1556 1110 1595 in
1149 1553 1326 1602 flumen,
1366 1567 1573 1608 nusquam
1605 1556 1892 1608 apparuisses,
1934 1567 1998 1594 me

232 1625 532 1666 contremuisse
563 1623 710 1661 timore
743 1620 1033 1673 perterritum:
1080 1623 1165 1658 tum
1206 1624 1246 1657 te
1286 1623 1457 1671 repente
1497 1617 1653 1656 laetum
1686 1617 1896 1657 exstitisse
1928 1630 1998 1657 eo-

233 1689 415 1740 demque
454 1699 562 1738 equo
599 1684 816 1723 adversam
858 1681 1099 1722 ascendisse
1139 1682 1273 1733 ripam
1313 1693 1474 1733 nosque
1513 1679 1623 1718 inter
1660 1693 1737 1719 nos
1778 1693 1869 1719 esse
1902 1693 2002 1719 con-

182 1757 220 1786 ⁸25
236 1751 394 1805 plexos.
454 1747 602 1787 Facilis
633 1746 873 1786 coniectura
903 1744 1028 1783 huius
1061 1743 1224 1789 somnii,
1258 1743 1443 1795 mihique
1475 1755 1499 1781 a
1527 1741 1674 1794 peritis
1697 1745 1741 1781 in
1762 1742 1860 1781 Asia
1883 1754 2001 1794 prae-

236 1814 389 1854 dictum
422 1816 484 1851 est
510 1810 600 1849 fore
633 1823 704 1849 eos
737 1814 912 1848 eventus
943 1820 1094 1853 rerum,
1127 1807 1197 1859 qui
1229 1806 1485 1845 acciderunt.
1537 1802 1604 1842 59.
1636 1804 1771 1843 Venio
1804 1818 1914 1844 nunc
1945 1803 1998 1843 ad

234 1883 363 1917 tuum.
423 1873 571 1913 Audivi
613 1872 806 1925 equidem
849 1884 900 1910 ex
940 1875 980 1909 te
1011 1870 1121 1923 ipso,
1165 1868 1239 1908 sed
1272 1868 1372 1907 mihi
1404 1867 1572 1919 saepius
1603 1872 1746 1906 noster
1778 1867 2002 1907 Sallustius

234 1939 444 1980 narravit:
490 1950 582 1976 cum
614 1935 657 1973 in
689 1935 760 1973 illa
791 1933 909 1986 fuga,
952 1933 1072 1972 nobis
1104 1931 1311 1984 gloriosa,
1344 1930 1503 1984 patriae
1535 1929 1799 1977 calamitosa,
1831 1930 1874 1969 in
1905 1928 2004 1969 villa

236 2003 416 2057 quadam
448 1999 581 2052 campi
603 1997 780 2036 Atinatis
814 2009 1002 2035 maneres
1035 2008 1314 2047 magnamque
1347 1999 1506 2046 partem
1537 1991 1671 2031 noctis
1694 1992 1923 2045 vigilasses,
1951 1990 2004 2031 ad

185 2065 370 2105 aolucem
409 2062 592 2115 denique
623 2066 710 2100 arte
743 2065 783 2099 et
813 2060 993 2112 graviter
1024 2057 1249 2096 dormitare
1281 2057 1483 2109 coepisse.
1544 2055 1708 2107 Itaque,
1749 2067 2004 2108 quamquam

236 2129 314 2168 iter
343 2127 533 2171 instaret,
566 2137 608 2163 se
641 2129 777 2162 tamen
810 2122 1020 2161 silentium
1052 2120 1141 2159 fieri
1174 2119 1346 2159 iussisse
1379 2131 1518 2171 neque
1551 2130 1641 2156 esse
1673 2130 1840 2169 passum
1871 2121 1911 2155 te
1934 2128 2006 2155 ex-

238 2189 382 2230 citari:
415 2201 509 2228 cum
540 2192 678 2226 autem
712 2190 981 2238 experrectus
1014 2196 1125 2223 esses
1157 2183 1259 2222 hora
1290 2182 1474 2221 secunda
1495 2180 1603 2227 fere,
1633 2184 1671 2219 te
1695 2179 1773 2218 sibi
1797 2178 2006 2218 somnium

240 2251 498 2292 narravisse:
531 2249 664 2289 visum
697 2248 768 2287 tibi
802 2261 906 2294 esse,
930 2260 1022 2286 cum
1046 2246 1087 2285 in
1111 2246 1213 2285 locis
1235 2245 1335 2284 solis
1359 2249 1536 2283 maestus
1562 2255 1735 2289 errares,
1770 2241 1811 2281 C.
1830 2241 2007 2280 Marium

242 2328 336 2354 cum
366 2313 549 2353 fascibus
581 2311 776 2351 laureatis
809 2323 1008 2363 quaerere
1048 2322 1101 2348 ex
1131 2314 1170 2348 te
1204 2308 1305 2361 quid
1338 2306 1469 2347 tristis
1502 2319 1637 2353 esses,
1682 2317 1861 2357 cumque
1892 2308 1936 2343 tu
1966 2307 2007 2342 te

327 2469 358 2499 2.
393 2467 574 2507 acsectarat
600 2466 626 2497 11
662 2483 695 2488 -—
729 2465 918 2504 navigasse-t
942 2464 966 2494 Ο
1000 2481 1034 2485 —-
1069 2463 1098 2494 3.
1127 2466 1195 2493 lum
1220 2470 1277 2493 om
1317 2462 1343 2491 H
1380 2477 1413 2481 —
1447 2459 1697 2500 nauigauissent
1720 2458 1765 2488 B:
1797 2457 2013 2497 nauigassent

242 2516 315 2551 A'2H
327 2519 404 2556 VO,
428 2519 619 2557 'nauigasset
641 2515 679 2547 Αἱ
706 2533 739 2536 -
773 2514 803 2546 4.
830 2515 977 2545 traditur
1002 2514 1183 2552 Hottinger
1211 2530 1241 2533 -
1270 2520 1419 2542 somnum
1444 2511 1471 2541 ll
1501 2528 1532 2531 —
1561 2511 1592 2541 5.
1617 2508 1804 2549 familiares
1828 2514 1897 2537 om.
1918 2506 1945 2536 11
1972 2521 2007 2526 —

243 2570 383 2600 alteram
406 2568 443 2598 Β1
471 2583 506 2590 -
534 2567 562 2597 6.
589 2573 769 2605 cauponem
793 2563 966 2601 ANV—³0,
994 2563 1056 2594 sed
1081 2572 1146 2593 cau
1168 2564 1192 2593 A
1221 2563 1253 2592 in
1279 2571 1346 2593 ras.
1378 2579 1410 2583 —
1439 2561 1607 2592 divertisse
1632 2560 1746 2590 Moser
1771 2574 1805 2579 —-
1833 2556 1960 2587 coenati
1985 2554 2010 2585 O

246 2636 281 2640 —
308 2619 339 2650 8.
366 2627 387 2648 a
410 2625 529 2657 copone
552 2613 609 2646 V¹:
659 2627 697 2642 *ae
719 2623 804 2654 pone
827 2611 878 2651 A¹‚
913 2622 1017 2653 apone
1041 2610 1089 2648 13¹.
1123 2621 1244 2652 copone
1271 2612 1317 2650 H,
1349 2620 1370 2641 a
1393 2618 1541 2648 caupone
1564 2610 1605 2640 Α2
1618 2604 1741 2639 B²V2o
1770 2624 1803 2628 —
1831 2606 1862 2637 9.
1888 2614 1962 2637 eum
1985 2605 2013 2636 A

246 2670 279 2700 in
303 2677 369 2699 ras.
399 2686 433 2690 —
456 2667 667 2707 perlem-ilem
690 2663 730 2696 A*
756 2681 789 2686 -
818 2664 931 2695 deinde
956 2665 982 2695 H
1011 2680 1042 2685 —
1079 2664 1131 2694 40.
1159 2664 1293 2694 dixisset
1318 2662 1341 2692 B
1370 2678 1405 2682 —
1430 2660 1614 2692 recubuisse
1638 2662 1707 2690 tum
1730 2659 1776 2696 A,
1805 2656 1868 2689 sed
1893 2659 1952 2688 set
1978 2656 2014 2686 in

246 2726 314 2750 ras.
343 2735 369 2739 —
407 2718 456 2748 ⁴2.
479 2719 651 2756 pateretur
674 2715 702 2745 V
731 2733 764 2737 —
799 2714 850 2745 43.
878 2723 899 2744 a
923 2721 1070 2752 caupone
1094 2711 1133 2744 Β2
1145 2711 1220 2743 5³²0
1249 2729 1281 2733 ——
1306 2713 1378 2750 pete
1402 2711 1428 2741 H
1458 2727 1491 2732 -
1528 2708 1579 2741 44.
1607 2709 1717 2739 adesse
1741 2707 1768 2738 V
1791 2724 1834 2729 —
1854 2706 2016 2746 plostrum

247 2768 270 2798 B
306 2784 341 2789 —
376 2767 427 2797 46.
455 2767 681 2805 quaesisseaeeo
705 2760 743 2795 A*
773 2782 802 2787 -
831 2763 959 2803 plustro
984 2763 1022 2794 B¹
1048 2780 1082 2784 —
1118 2763 1168 2793 ⁴7.
1195 2771 1377 2802 cauponem
1406 2762 1439 2792 h.
1466 2760 1489 2792 l.
1516 2761 1579 2792 CO
1614 2777 1648 2782 —
1678 2767 1805 2799 paenas
1828 2758 1855 2789 H
1889 2774 1923 2779 —-
1959 2756 2013 2788 48.

243 2819 348 2856 polest
371 2817 512 2848 divinius
536 2817 559 2847 O
598 2833 632 2838 -
671 2815 750 2853 quid
770 2815 873 2854 plura
896 2815 923 2845 H
960 2831 994 2835 —
1035 2812 1087 2843 49.
1114 2812 1196 2851 Sepe
1219 2814 1304 2844 enim
1329 2813 1355 2843 ll
1391 2828 1423 2833 —
1460 2811 1512 2842 20.
1538 2810 1700 2841 somnium
1726 2816 1796 2839 om.
1823 2805 1947 2838 Salisb.
1975 2821 2012 2828 —

244 2874 362 2906 procos
386 2866 427 2903 B,
461 2867 572 2905 procis
596 2865 665 2904 AV,
700 2864 884 2904 prouinciis
910 2864 991 2902 ΗΟ,
1031 2872 1104 2893 εκο,
1138 2862 1243 2899 Pith.;
1283 2863 1464 2902 receptam
1490 2859 1678 2891 lectionem
1704 2858 1835 2898 optime
1860 2854 2016 2888 defendit

249 2917 488 2955 Bergmannus
513 2917 545 2947 in
571 2914 734 2955 Philologi
760 2913 880 2953 11,673
907 2930 941 2935 —
969 2914 1021 2944 2²3.
1048 2913 1173 2943 delalus
1191 2913 1217 2943 ΙΙ
1245 2930 1278 2934 -
1306 2920 1477 2951 uunquam
1495 2911 1522 2942 H
1551 2927 1585 2933 —
1612 2910 1664 2941 ⁶25.
1692 2907 1890 2946 coniectura]
1908 2909 2016 2937 cetera

251 2966 277 2996 ΙΙ
312 2983 345 2987 -
387 2965 436 2996 26.
469 2975 579 2996 rerum
604 2966 725 2996 <lictum
749 2967 795 2996 est
820 2965 875 3003 qui
905 2964 949 3000 A,
988 2962 1051 2993 sed
1076 2961 1197 2992 dictum
1222 2965 1266 2992 est
1297 2970 1348 3002 pr.
1376 2970 1421 2992 m.
1450 2961 1655 3002 punctatum
1689 2977 1723 2981 -
1772 2957 1824 2988 027.
1851 2955 2016 2987 sallustius

250 3013 341 3046 AV¹1
368 3015 522 3045 salustius
545 3013 702 3046 1311V2O
731 3032 764 3036 —
792 3014 845 3045 29.
871 3013 1081 3044 abinalinalis
1097 3013 1120 3042 B
1148 3029 1182 3033 —
1212 3012 1398 3051 uigyilassem
1417 3011 1442 3042 11
1463 3027 1495 3032 —-
1525 3010 1576 3041 30.
1605 3012 1695 3040 arcte
1719 3011 1748 3039 te
1771 3011 1799 3039 et
1824 3003 2019 3038 F.A.Wolf

255 3082 288 3087 —
315 3065 471 3103 coepisses
495 3062 578 3102 ΒΨ,
604 3065 738 3103 cepisses
757 3064 781 3094 11
811 3081 846 3085 —-
881 3070 1073 3102 quanquam
1099 3062 1174 3099 HV,
1202 3070 1292 3101 quae
1318 3060 1468 3091 varietas
1495 3068 1563 3090 non
1588 3059 1657 3090 iam
1681 3056 1858 3088 notabitur
1886 3073 1918 3078 —-
1960 3054 2013 3085 31.

250 3115 313 3145 iter
336 3122 413 3154 sup.
441 3113 497 3145 lin.
524 3115 547 3144 Β
575 3131 606 3135 -
636 3114 670 3144 ιἰι,
694 3125 707 3139 *
724 3125 737 3141 ιε
759 3117 861 3144 scat-ec
884 3115 910 3143 A
945 3130 979 3134 —
1014 3121 1047 3143 se
1071 3115 1179 3142 lamen
1204 3112 1236 3142 1³.
1253 3114 1291 3142 A.
1312 3109 1406 3141 Wolf
1428 3112 1462 3141 et
1486 3109 1625 3140 Dobree
1662 3107 1819 3148 (Advers.
1846 3107 1892 3143 ΙΙ,
1918 3104 2014 3143 374):

253 3168 281 3195 te
305 3167 413 3195 tamen
439 3164 498 3194 CO
524 3181 564 3185 —-
589 3163 744 3193 [excitari
768 3165 794 3193 A
822 3179 855 3183 —
891 3162 943 3192 32.
971 3163 1183 3200 essporrectus
1208 3160 1232 3190 ll
1264 3178 1296 3182 ——
1331 3168 1392 3190 ora
1416 3162 1442 3190 A
1471 3176 1500 3180 —
1530 3159 1602 3199 sore
1625 3158 1652 3188 H
1686 3173 1720 3179 -
1754 3157 1805 3188 33.
1833 3156 1953 3187 Gaium
1977 3152 2018 3192 V,

255 3214 294 3245 G.
321 3213 424 3244 ΑΒΗ
453 3229 487 3233 -
522 3211 573 3243 34.
606 3212 732 3250 facibus
757 3213 782 3243 H
817 3229 852 3233 -
886 3212 992 3242 tristes
1017 3209 1055 3241 V¹
1089 3227 1123 3231 —
1156 3213 1243 3241 tute
1263 3210 1381 3249 patria
1412 3210 1546 3242 Moser:
1581 3211 1610 3239 te
1633 3210 1668 3238 tu
1687 3206 1803 3246 patria
1826 3203 1952 3243 ARV,
1985 3204 2021 3235 tu

251 3263 367 3303 patria
390 3265 420 3293 te
444 3262 487 3301 H,
519 3265 554 3292 tu
578 3263 607 3293 ce
630 3264 688 3292 tua
708 3262 824 3301 patria
849 3261 1032 3293 Manutius.
