2249 3624
542 168 629 207 Lm.
661 166 712 205 11.
751 164 850 205 cip.
881 163 1074 203 lv-vi.
1113 160 1173 215 §§
1206 158 1395 201 ἰο-16.
1769 154 1846 196 ρὸμ

212 277 258 315 V.
290 276 336 314 A.
367 274 511 312 Nonne
543 272 769 312 verendum
803 276 865 310 est
895 270 1044 323 igitur,
1087 270 1119 308 si
1151 274 1213 308 est
1242 268 1316 314 ita,
1348 272 1393 306 nt
1424 265 1546 312 dieis,
1583 277 1634 303 ne
1665 262 1852 316 philoso-

100 340 239 394 phiam
278 336 379 376 salsa
417 335 549 387 gloria
591 336 798 374 exornes?
847 332 969 381 Quod
1012 338 1073 371 est
1112 331 1218 370 enini
1263 330 1396 369 maius
1428 331 1716 380 argumentum
1749 323 1852 363 nihil

101 416 189 442 eain
234 398 431 453 prodesse
477 410 600 448 quam
645 396 846 450 quosdam
893 394 1097 448 perfectos
1143 392 1419 446 philosophos
1465 389 1641 442 turpiter
1686 386 1852 426 vivere?

102 463 164 506 43.
194 464 246 503 Μ.
278 459 443 499 Nullum
478 472 572 498 vero
605 460 646 498 id
678 459 846 511 quidem
874 462 1162 509 argumentum
1186 461 1261 495 est.
1308 456 1407 494 Nam
1430 458 1474 492 ut
1495 452 1581 505 agri
1604 462 1686 490 non
1709 461 1852 488 omnes

98 524 281 578 frugiferi
313 527 426 566 sunt,
459 522 530 574 qui
564 522 776 566 coluntur,
808 520 1043 573 falsumque
1074 518 1176 558 illud
1207 518 1325 557 Aeci:
1867 519 1885 545 5

264 583 456 624 Probae
489 585 588 622 etsi
621 584 670 621 in
704 588 940 635 segetem
974 587 1093 620 sunt
1125 581 1451 620 deteriorem
1484 577 1636 617 datae

263 647 484 697 Fruges,
517 650 683 684 tamen
717 646 866 696 ipsae
899 649 1091 696 suapte
1125 649 1313 682 natura
1345 642 1572 685 enitent,

98 713 156 752 sic
198 708 321 750 animi
364 720 448 746 non
480 721 624 747 omnes
656 706 754 746 culti
793 706 968 745 fructum
1002 705 1153 744 ferunt.
1205 706 1362 758 Atque,
1404 709 1448 743 ut
1478 704 1518 742 in
1552 702 1697 741 eodem
1729 698 1854 739 simili

98 784 261 817 verser,
292 775 337 808 ut
369 782 468 821 ager
499 769 689 822 quamvis
720 768 868 807 fertilis
901 769 990 806 sine
1022 768 1184 806 cultura
1215 766 1452 805 fructuosus
1484 778 1576 804 esse
1598 777 1681 803 non
1705 766 1855 815 potest,

97 835 154 874 sie
185 833 273 872 sine
305 831 492 870 doctrina
522 831 708 870 animus:
741 831 795 869 ita
827 836 888 868 est
919 836 1094 882 utraque
1127 843 1191 868 res
1214 830 1303 868 sine
1325 829 1453 867 altera
1476 827 1639 866 debilis.
1687 825 1907 864 Culturaw

94 902 230 936 antem
268 894 393 933 animi
431 892 700 946 philosophia
737 897 822 938 est;
864 892 967 931 llaec
999 891 1177 931 extrahit
1208 891 1307 930 vitia
1338 890 1535 929 radicitus
1566 894 1606 928 et
1638 892 1858 941 praeparat

93 958 253 998 animos
291 955 341 996 ad
385 962 498 995 satus
532 955 800 1007 accipiendos
833 968 964 1008 eaque
997 954 1166 993 mandat
1196 953 1247 992 iis
1279 959 1341 999 et,
1382 959 1426 991 nt
1457 952 1513 991 ita
1544 951 1700 997 diram,
1741 951 1857 995 serit,

94 1033 201 1074 qnae
233 1018 374 1058 adulta
404 1017 561 1057 fructus
594 1018 826 1057 uberrimos
859 1017 1005 1056 ferant.
1047 1017 1228 1069 Agamus
1256 1015 1402 1067 igitur,
1432 1020 1479 1054 ut
1500 1014 1727 1066 coepimus.
1767 1011 1858 1057 Dic,

94 1082 128 1121 si
160 1082 239 1127 vis,
272 1080 322 1119 de
354 1094 437 1133 qno
470 1080 673 1132 disputari
703 1080 819 1119 velis.

205 1140 269 1181 44.
301 1144 347 1182 A.
379 1143 574 1182 Dolorem
606 1143 797 1182 existimo
831 1155 1069 1182 maxumum
1103 1140 1305 1180 malorum
1335 1138 1535 1178 omnium.
1589 1138 1644 1177 Μ.
1666 1137 1857 1176 Etiamne
1873 1144 1907 1172 ⁴5

94 1206 225 1246 maius
258 1218 381 1258 qnam
414 1205 625 1245 dedecus?
676 1207 722 1244 A.
755 1206 846 1244 Non
877 1204 1011 1244 audeo
1043 1204 1083 1243 id
1118 1203 1256 1242 dicere
1286 1202 1454 1256 quidem
1478 1207 1520 1240 et
1540 1214 1604 1239 me
1625 1199 1754 1252 pudet
1775 1203 1858 1237 tam

93 1270 174 1308 cito
208 1268 258 1307 de
291 1268 497 1307 sententia
530 1281 620 1307 esse
653 1268 873 1307 deiectum.
929 1268 984 1307 M.
1016 1266 1147 1319 Magis
1180 1271 1290 1305 esset
1319 1263 1585 1318 pudendum,
1627 1262 1660 1302 si
1692 1262 1735 1300 in
1766 1273 1860 1300 sen—

94 1330 222 1370 tentia
254 1344 532 1383 permaneres.
584 1330 694 1378 Quid
727 1331 836 1369 enim
869 1330 1005 1369 minus
1038 1335 1100 1368 est
1131 1329 1303 1380 dignum
1335 1339 1460 1381 quam
1493 1326 1565 1365 tibi
1592 1325 1712 1378 peius
1744 1323 1860 1376 quic-

93 1404 216 1446 quam
248 1391 380 1432 videri
413 1392 642 1440 dedecore,
683 1392 862 1445 ssagitio,
900 1391 1188 1444 turpitudine?
1231 1403 1339 1444 quae
1371 1395 1416 1429 ut
1446 1388 1639 1440 effugias,
1672 1386 1766 1440 quis
1798 1391 1861 1424 est

93 1467 177 1493 non
210 1454 334 1494 modo
366 1455 642 1501 recusandus,
675 1455 747 1494 sed
781 1468 861 1494 non
895 1455 1004 1494 ultro
1035 1453 1317 1507 adpetendus,
1355 1450 1617 1497 subeundus,
1650 1448 1860 1501 excipien-
1873 1457 1910 1485 20

93 1516 170 1556 dus
201 1516 348 1556 dolor?
396 1518 444 1557 A.
476 1519 535 1557 Ita
566 1530 735 1570 prorsus
768 1517 974 1557 existimo.
1028 1517 1121 1565 Qua
1151 1530 1217 1563 re,
1249 1529 1302 1555 ne
1334 1516 1387 1554 sit
1417 1526 1517 1554 sane
1547 1525 1752 1552 summum
1775 1523 1861 1550 ma-

94 1579 178 1618 lum
210 1578 351 1625 dolor,
385 1579 536 1619 malum
570 1585 680 1619 certe
712 1585 787 1619 est.
836 1580 890 1619 M.
925 1578 1106 1618 Videsne
1136 1579 1266 1631 igitur
1287 1582 1490 1631 quantum
1515 1575 1698 1615 breviter
1718 1573 1861 1614 admo-

92 1641 204 1681 nitus
236 1640 287 1681 de
320 1642 475 1682 doloris
512 1648 667 1681 terrore
699 1642 929 1681 deieceris?
992 1639 1057 1680 45.
1089 1642 1137 1680 A.
1168 1640 1300 1680 Video
1332 1639 1481 1693 plane,
1522 1637 1595 1678 sed
1626 1637 1720 1690 plus
1752 1635 1860 1676 desi-

93 1702 208 1742 dero.
257 1704 312 1743 M.
344 1704 549 1757 Experiar
579 1704 795 1757 equidem
834 1704 905 1744 sed
946 1717 1095 1757 magna
1133 1717 1198 1744 res
1240 1709 1322 1750 est,
1362 1702 1588 1754 animoque
1620 1699 1723 1740 mihi
1753 1711 1860 1751 opus

94 1771 158 1805 est
186 1778 273 1805 non
302 1772 577 1819 repugnante.
627 1767 674 1806 Α.
706 1766 888 1806 Habebis
918 1766 958 1806 id
991 1767 1176 1820 quidem.
1223 1766 1275 1806 Ut
1295 1765 1406 1806 enim
1426 1763 1517 1804 heri
1538 1762 1639 1810 feci,
1671 1762 1728 1802 sic
1749 1773 1859 1801 nunc
1872 1770 1909 1800 25

94 1828 323 1877 rationem,
355 1843 439 1883 quo
472 1843 520 1869 ea
550 1843 616 1869 me
648 1843 826 1883 cumque
859 1829 1003 1878 ducet,
1036 1842 1199 1883 sequar.

208 1892 275 1931 VI.
306 1893 361 1932 M.
393 1891 576 1932 Primum
617 1892 744 1945 igitur
782 1891 833 1931 de
864 1892 1138 1932 inbecillitate
1169 1891 1395 1931 multorum
1426 1895 1468 1930 et
1497 1889 1549 1929 de
1579 1887 1705 1929 variis
1737 1885 1861 1926 disci-

91 1953 217 2006 plinis
247 1953 598 2007 philosophorum
630 1954 801 2008 loquar,
834 1968 1009 2008 quorum
1041 1954 1236 2007 princeps
1268 1958 1310 1993 et
1339 1952 1588 1993 auctoritate
1620 1955 1660 1990 et
1679 1949 1862 2002 antiqui-

92 2021 203 2062 tate,
252 2016 486 2056 Socraticus
530 2017 789 2070 Aristippus,
841 2030 925 2056 non
971 2016 1175 2056 dubitavit
1216 2028 1426 2056 summum
1471 2014 1625 2054 malum
1672 2012 1860 2052 dolorem

94 2077 245 2124 dicere.
288 2078 449 2118 Deinde
481 2079 532 2118 ad
563 2079 670 2119 hanc
702 2084 940 2119 enervatam
972 2077 1306 2131 muliebremque
1336 2077 1586 2118 sententiam
1619 2075 1718 2116 satis
1747 2073 1860 2113 doci·
1874 2085 1910 2114 30
1953 2109 1957 2117 .

91 2140 174 2181 lem
206 2154 248 2181 se
279 2141 484 2195 Epicurus
517 2142 724 2194 praebuit.
777 2142 896 2181 Hunc
919 2148 1013 2195 post
1038 2141 1224 2181 Rhodius
1245 2141 1526 2193 Hieronymus
1548 2138 1691 2177 dolore
1714 2147 1860 2176 vacare

94 2216 299 2243 summum
329 2204 486 2244 bonum
518 2203 644 2243 dixit:
679 2209 838 2243 tantum
871 2204 914 2244 in
947 2204 1091 2244 dolore
1123 2203 1245 2242 duxit
1275 2202 1385 2242 mali.
1430 2200 1566 2242 Ceteri
1598 2204 1761 2254 praeter
1786 2199 1861 2237 Ze-

95 2279 268 2313 nonem,
302 2266 562 2314 Aristonem,
605 2267 863 2320 Pyrrhonem
895 2266 1007 2306 idem
1038 2265 1123 2305 fere
1157 2264 1273 2319 quod
1306 2264 1431 2304 modo
1464 2269 1528 2304 tu:
1569 2262 1724 2302 malum
1753 2259 1860 2300 illud

94 2328 284 2381 quidem,
325 2328 399 2368 sed
440 2328 521 2368 alia
559 2328 719 2381 peiora.
784 2326 848 2367 ¹16.
878 2329 988 2381 Ergo
1028 2327 1095 2374 id,
1136 2328 1252 2381 quod
1282 2332 1432 2367 natura
1460 2327 1551 2379 ipsa
1581 2330 1621 2365 et
1652 2322 1860 2378 quaedam

95 2403 297 2443 generosa
326 2391 457 2430 virtus
488 2391 627 2430 statim
657 2391 836 2443 respuit,
880 2404 932 2429 ne
963 2389 1124 2430 scilicet
1154 2389 1344 2429 dolorem
1375 2401 1581 2428 summum
1612 2387 1768 2426 malum
1799 2385 1910 2425 di-35

95 2465 210 2492 ceres
253 2452 534 2506 oppositoque
573 2452 779 2493 dedecore
811 2452 1022 2492 sententia
1053 2451 1334 2505 depellerere,
1372 2451 1415 2491 in
1446 2463 1495 2491 eo
1525 2449 1720 2503 magistra
1750 2448 1859 2488 vitae

180 2638 214 2669 ⁶2.
239 2641 284 2669 est
307 2645 485 2678 superscr.
514 2637 590 2668 ead.
617 2644 664 2668 m.
691 2637 723 2668 in
750 2638 776 2668 G
802 2654 836 2658 —
870 2638 900 2669 5.
925 2637 1034 2668 Accii:
1070 2637 1194 2669 Probae
1224 2638 1399 2670 Muretus:
1430 2634 1606 2674 acinprobe
1635 2635 1718 2673 (ΞΒ,
1755 2635 1861 2666 acim-

90 2688 191 2727 probe
223 2689 265 2723 R;
299 2687 393 2724 Aelii,
426 2687 550 2718 Probae
581 2688 605 2718 O
640 2704 675 2709 -
707 2687 738 2718 8.
765 2687 887 2718 cultum
913 2688 1015 2727 fructi
1043 2696 1133 2719 corr.
1160 2688 1193 2719 in
1224 2688 1302 2718 culti
1331 2688 1477 2727 fructum
1506 2687 1531 2717 R
1559 2702 1591 2707 —
1628 2685 1736 2723 adque
1765 2685 1790 2715 G
1822 2699 1858 2706 -

93 2741 129 2767 ut
153 2745 329 2777 superscr.
357 2735 434 2767 ead.
461 2745 568 2767 manu
599 2736 633 2766 in
661 2737 686 2766 G
709 2754 751 2758 -—
777 2736 828 2767 4⁵2.
853 2736 991 2766 mundat
1023 2736 1071 2767 his
1103 2738 1127 2769 C
1154 2755 1189 2760 —
1224 2739 1274 2769 45.
1300 2738 1337 2769 A.
1367 2738 1402 2768 et·
1431 2737 1476 2767 M.
1507 2736 1533 2766 G
1561 2735 1595 2766 in
1625 2734 1795 2774 margine.
1822 2751 1857 2756 —

95 2787 148 2818 46.
174 2787 269 2818 decus
293 2788 318 2817 G
334 2787 371 2817 R¹
398 2803 431 2807 —
464 2786 501 2817 A.
529 2787 555 2816 G
579 2786 610 2816 in
638 2786 806 2825 margine.
836 2803 871 2807 -
905 2786 938 2816 id
962 2786 1068 2818 dicere
1091 2787 1231 2828 quidem]
1265 2787 1457 2824 «Quoniam
1483 2793 1552 2816 non
1576 2784 1726 2816 existimo
1751 2785 1787 2815 et
1810 2784 1862 2814 di-

94 2845 182 2875 cere,
219 2836 283 2868 sed
307 2837 450 2867 dolorem
473 2836 659 2866 maximum
682 2836 849 2866 malorum
872 2836 1017 2866 omnium
1042 2838 1076 2866 et
1099 2837 1133 2866 id
1159 2838 1214 2875 (Ξ
1237 2836 1349 2866 maius
1373 2842 1479 2874 quam
1504 2832 1676 2872 dedecus)
1707 2833 1797 2864 inter
1822 2841 1860 2864 se

95 2888 334 2927 opponuntur,
366 2886 526 2926 suspicor
557 2885 682 2916 suisset
713 2886 747 2916 id
778 2885 906 2924 quidem
934 2886 1050 2917 dicere.
1082 2886 1172 2918 conf.
1199 2886 1217 2925 g
1243 2885 1295 2916 Μ.
1323 2886 1374 2915 45.
1402 2885 1454 2915 47,
1480 2884 1511 2922 1,
1538 2883 1577 2914 ⁴7
1602 2881 1667 2913 al.»
1693 2882 1748 2914 W.
1784 2883 1861 2913 «An

95 2936 241 2967 fortasse
265 2936 299 2966 id
322 2936 428 2967 dicere
449 2936 626 2975 equidem?
651 2935 757 2966 HALM.
779 2952 813 2957 —
843 2936 982 2974 quidem.
1008 2937 1053 2967 M.
1080 2939 1109 2967 et
1131 2944 1182 2966 me
1206 2936 1232 2965 G
1252 2952 1286 2957 —
1314 2935 1366 2965 47.
1384 2932 1444 2974 M.]
1469 2933 1508 2964 Α.
1527 2933 1552 2964 G
1579 2949 1615 2955 -
1639 2939 1705 2963 esse
1728 2930 1806 2963 GR²
1825 2948 1860 2954 —

94 2985 148 3016 20.
173 2985 391 3016 recussandus
420 2983 458 3016 G¹
484 3002 519 3006 —
551 2994 617 3016 non
644 2985 730 3015 ultro
760 2985 975 3023 adpetendus,
1006 2985 1060 3016 sed
1088 2984 1272 3016 subeundus
1299 2987 1329 3014 et
1357 2982 1569 3022 excipiendus
1598 2980 1691 3012 dolor
1721 2983 1776 3012 est.
1811 2981 1863 3011 Ita

93 3043 231 3073 prorsus
260 3034 411 3065 eoeistimo
435 3035 613 3066 Charisius
644 3043 679 3074 p.
704 3034 780 3072 ΞΜ,
805 3033 847 3065 ‘24
872 3034 928 3065 ed.
955 3034 1038 3066 Keil.
1067 3051 1102 3056 —
1134 3035 1186 3064 Ἦ.
1212 3034 1263 3063 Ita
1283 3040 1421 3070 prorsus
1442 3030 1605 3069 existimo]
1630 3029 1714 3061 Inde
1739 3029 1783 3060 ab
1808 3029 1862 3061 his

96 3083 214 3115 verbis
246 3085 279 3114 in
304 3085 329 3114 G
359 3083 493 3114 litterae
517 3084 543 3114 Α
568 3085 603 3114 et
625 3084 660 3114 M
683 3091 805 3114 rursus
830 3083 970 3114 desunt.
998 3101 1032 3106 -
1062 3084 1115 3114 25.
1141 3083 1182 3113 Et
1204 3082 1273 3111 heri
1295 3081 1356 3120 feci
1380 3081 1556 3112 Charisius
1581 3088 1613 3120 p.
1639 3079 1716 3117 ρ200,
1743 3079 1795 3110 Μ.
1825 3096 1858 3100 -

97 3133 150 3163 27.
176 3136 205 3163 et
228 3141 244 3164 e
266 3133 370 3163 variis
394 3132 550 3172 Bentley.
572 3150 606 3155 —
634 3133 686 3164 29.
713 3133 891 3172 aristiphus
915 3134 940 3163 G
954 3134 978 3164 R
998 3150 1032 3154 —
1060 3133 1112 3164 3⁴¹.
1138 3132 1338 3163 hieronimus
1360 3131 1385 3161 G
1400 3131 1425 3162 R
1443 3147 1478 3152 —
1498 3130 1608 3161 dolore
1630 3137 1756 3160 uacare
1779 3129 1803 3159 G
1817 3129 1858 3160 B:

97 3191 222 3213 uacare
245 3183 356 3213 dolore
381 3184 404 3213 R
430 3182 502 3222 (sed
528 3183 806 3223 transpositionis
831 3183 936 3221 signis
961 3191 978 3213 a
1003 3183 1115 3222 prima
1135 3188 1239 3211 manu
1257 3179 1394 3217 additis)
1412 3180 1437 3210 Ο
1458 3196 1492 3202 -
1518 3179 1570 3210 33.
1593 3186 1773 3218 pyrronem
1797 3178 1860 3208 GR

101 3247 135 3252 —
163 3239 226 3270 quo
248 3232 344 3262 modo
369 3233 393 3263 C
422 3249 456 3254 -
483 3232 534 3263 35.
561 3233 679 3262 scilicet
703 3232 775 3272 (sc.)
800 3230 963 3271 Bentley:
996 3239 1029 3262 se
1053 3232 1095 3266 C;
1130 3238 1199 3261 om.
1227 3230 1264 3261 O.
1299 3228 1480 3260 «Librario
1503 3236 1619 3269 neque
1645 3228 1784 3259 occasio
1808 3227 1858 3258 sic

100 3280 238 3311 errandi
261 3279 329 3312 ulla
351 3280 414 3312 fuit
436 3289 502 3312 nec
526 3279 758 3322 interpolandi
775 3289 892 3313 eausa.
920 3280 970 3312 Cf.
990 3279 1088 3312 Catil.
1106 3280 1161 3319 IV,
1180 3279 1211 3311 8.
1230 3279 1305 3311 40.»
1329 3278 1384 3311 W.
1405 3295 1440 3301 —
1459 3278 1567 3310 dicere
1580 3293 1627 3301 --
1642 3276 1799 3317 depellere
1814 3276 1853 3309 C.
