2249 3624
361 157 443 201 292
803 162 1230 205 TUSCULANARUM
1259 166 1695 208 DISPUTATIONUM

360 273 477 326 Nego
510 271 636 324 igitur
666 270 755 309 eius
787 283 900 329 esse,
933 270 1005 323 qui
1038 270 1179 311 dolore
1212 285 1416 312 summum
1448 272 1599 313 malum
1626 274 1839 323 metiatur,
1872 277 2127 318 mentionem

359 334 496 375 facere
528 334 706 373 virtutis.

474 397 585 436 XXI.
617 394 765 434 50.1‹:t
795 400 1030 448 queruntur
1061 396 1228 448 quidam
1259 397 1475 450 Epicurei,
1506 398 1581 437 viri
1605 399 1751 451 optimi
1774 423 1827 429 —-
1847 414 1943 441 nam
1965 401 2128 442 nullum

360 473 490 512 genus
534 463 596 497 est
636 458 769 497 minus
809 457 1062 497 malitiosum
1097 481 1169 505 —,
1214 472 1278 498 me
1317 459 1502 500 studiose
1534 460 1671 500 dicere
1704 467 1845 502 contra
1885 463 2128 517 Epicurum.

327 522 421 561 5Ita
461 520 584 560 credo
625 519 676 559 de
713 519 873 559 honore
915 525 986 558 aut
1027 519 1077 559 de
1120 520 1316 573 dignitate
1360 523 1661 562 contendimus.
1714 524 1815 564 Mihi
1848 538 2052 564 summum
2087 526 2129 565 in

359 585 498 624 animo
529 584 684 623 bonum
718 581 902 628 videtur,
935 581 993 620 illi
1027 587 1164 621 autem
1198 583 1239 622 in
1272 598 1469 637 corpore;
1502 585 1600 625 mibi
1633 587 1675 625 in
1702 586 1866 635 virtute,
1898 587 1959 626 illi
1990 587 2035 627 in
2056 601 2129 627 vo-

357 647 528 700 luptate.
583 646 634 684 Et
673 644 734 683 illi
785 649 972 696 pugnant
1013 649 1054 683 et
1091 645 1264 698 quidem
1296 647 1529 687 vicinorum
1569 646 1692 688 fidem
1732 649 1967 702 inplorant3
2010 651 2129 690 multi

357 715 495 750 autem
528 712 624 748 sunt
655 707 726 760 qui
757 707 894 746 statim
925 705 1155 747 convolent.
1197 708 1285 760 Ego
1318 723 1409 749 sum
1440 710 1497 757 is,
1530 711 1601 763 qui
1634 710 1769 751 dicam
1800 726 1866 752 me
1897 726 1982 752 non
2013 713 2130 753 labo-

355 785 470 819 rare,
510 776 647 811 actum
679 769 916 809 habiturum
951 769 1063 823 quod
1098 770 1271 822 egerint.
1330 769 1395 810 511.
1429 772 1540 820 Quid
1572 773 1713 812 enim?
1746 774 1796 814 de
1827 774 1938 814 bello
1969 775 2127 815 Punico

304 845 340 874 40
355 834 519 887 agitur?
561 833 612 872 de
655 845 739 884 quo
780 831 872 884 ipso
911 845 1003 871 cum
1036 831 1148 871 aliud
1180 834 1233 873 M.
1267 833 1432 881 Catoni,
1472 834 1585 874 aliud
1618 836 1660 874 L.
1694 836 1872 876 Lentulo
1902 836 2127 885 videretur,

352 895 466 937 nulla
499 896 607 935 inter
637 907 708 934 eos
742 894 995 934 concertatio
1023 908 1222 948 umquam
1244 895 1335 935 fuit.
1382 896 1434 935 Hi
1456 895 1580 935 nimis
1601 897 1801 937 iracunde
1823 903 1973 952 agunt,
2006 912 2127 952 prae-

353 959 494 1000 sertim
528 971 621 998 cum
653 957 704 996 ab
735 957 786 996 iis
819 970 904 996 non
937 970 1036 996 sane
1068 958 1254 997 animosa
1285 957 1537 997 defendatur
1566 959 1795 1006 sententia,
1826 974 1903 1013 pro
1928 975 2008 1015 qua
2040 975 2127 1001 non

350 1023 394 1062 in
421 1026 590 1067 senatu,
621 1033 704 1059 non
727 1020 767 1059 iu
792 1019 1008 1066 contione,
1040 1033 1125 1059 non
1148 1020 1259 1072 apud
1284 1021 1514 1060 exercitum
1537 1034 1673 1074 neque
1696 1022 1748 1061 ad
1771 1036 1966 1064 censores
1986 1024 2125 1065 dicere

349 1085 545 1124 audeant.
595 1082 676 1122 Sed
712 1096 805 1122 cum
837 1081 929 1121 istis
961 1082 1087 1129 alias,
1121 1088 1160 1121 et
1191 1096 1239 1122 eo
1272 1081 1442 1136 quidem
1474 1083 1631 1131 animo,
1664 1084 1828 1124 nullum
1852 1091 1898 1125 ut
1918 1092 2126 1127 certamen

299 1158 334 1186 ⁴5
349 1147 586 1193 instituam,
618 1159 762 1185 verum
795 1145 1030 1184 dicentibus
1061 1143 1180 1184 facile
1204 1145 1363 1184 cedam.
1402 1147 1580 1185 Tantum
1603 1145 1857 1196 admonebo,
1889 1149 1923 1188 si
1946 1150 2125 1190 maxime

348 1223 493 1251 verum
525 1209 577 1249 sit
609 1208 660 1247 ad
693 1221 843 1260 corpus
875 1207 1013 1247 onmia
1045 1205 1200 1246 referre
1233 1208 1466 1261 sapientem
1499 1210 1608 1256 sive,
1650 1215 1696 1249 ut
1725 1210 1943 1253 honestius
1976 1213 2124 1263 dicam,

348 1271 454 1311 nihil
494 1271 632 1311 facere
663 1271 741 1310 nisi
776 1269 886 1324 quod
920 1270 1135 1322 expediat,
1179 1271 1265 1310 sive
1298 1271 1438 1310 omnia
1469 1271 1623 1312 referre
1655 1272 1707 1311 ad
1738 1273 1962 1315 utilitatem
1995 1290 2125 1325 suam,

348 1334 548 1387 quoniam
580 1333 682 1373 baec
713 1332 953 1387 plausibilia
986 1346 1070 1372 non
1104 1338 1218 1380 sunt,
1258 1338 1302 1373 ut
1333 1334 1375 1372 in
1408 1334 1501 1373 sinu
1533 1335 1761 1387 gaudeant,
1794 1336 1976 1389 gloriose
2010 1338 2126 1392 loqui

347 1398 554 1438 desinant.

295 1471 332 1501 20
459 1461 593 1499 XXII.
626 1457 691 1499 52.
727 1459 1047 1512 Cyrenaicorum
1079 1464 1209 1498 restat
1231 1461 1462 1507 sententia,
1495 1460 1566 1513 qui
1593 1465 1678 1500 tum
1700 1461 2006 1514 aegritudinem
2029 1475 2125 1502 cen-

346 1529 439 1564 sent
470 1523 672 1569 existere,
717 1523 748 1562 si
781 1522 1034 1574 necopinato
1070 1522 1168 1575 quid
1201 1522 1399 1562 evenerit.
1445 1523 1519 1562 Est
1549 1522 1589 1561 id
1623 1524 1795 1576 quidem
1828 1538 2044 1577 magnum,
2077 1529 2125 1564 ut

345 1600 471 1640 supra
502 1586 608 1633 dixi,
641 1585 765 1625 etiam
801 1584 1033 1638 Chrysippo
1067 1584 1122 1624 ita
1153 1584 1285 1623 videri
1318 1585 1421 1632 scio,
1455 1585 1570 1638 quod
1596 1586 1811 1638 provisum
1833 1591 1928 1626 ante
1951 1600 2034 1627 non
2055 1587 2122 1635 sit,

344 1648 385 1688 id
418 1647 540 1688 ferire
573 1647 890 1694 vehementius;
924 1647 995 1686 sed
1028 1661 1112 1686 non
1145 1652 1242 1686 sunt
1273 1647 1315 1686 in
1338 1649 1415 1687 hoc
1438 1648 1588 1686 omnia.
1639 1647 1905 1702 Quamquam
1935 1648 2120 1689 hostium

342 1725 493 1765 repens
539 1710 742 1751 adventus
784 1711 912 1762 magis
956 1710 1173 1763 aliquanto
1217 1710 1438 1749 conturbat
1480 1723 1603 1763 quam
1647 1716 1891 1764 expectatus
1925 1717 1964 1752 et
1996 1712 2121 1752 maris

292 1774 480 1816 25subita
521 1779 748 1827 tempestas
790 1786 913 1826 quam
954 1778 1049 1812 ante
1091 1773 1260 1825 provisa
1300 1778 1427 1812 terret
1457 1773 1702 1825 navigantes
1734 1773 2048 1821 vehementius,
2080 1778 2122 1814 et

343 1836 434 1877 eius
473 1837 586 1876 modi
631 1842 727 1876 sunt
765 1836 976 1889 pleraque.
1027 1836 1127 1883 Sed,
1169 1849 1260 1875 cum
1296 1836 1519 1888 diligenter
1548 1836 1897 1889 necopinatorum
1929 1841 2120 1876 naturam

342 1899 604 1946 consideres,
637 1899 741 1938 nihil
773 1898 886 1937 aliud
918 1899 1104 1950 reperias
1137 1899 1217 1937 nisi
1250 1899 1388 1938 onmia
1420 1898 1551 1937 videri
1584 1899 1723 1938 subita
1754 1898 1932 1947 maiora,
1964 1904 2005 1938 et
2027 1898 2121 1952 qui-

342 1961 436 2002 dem
469 1962 521 2002 ob
555 1960 657 2001 duas
690 1974 860 2008 causas,
903 1961 1084 2014 primum
1116 1961 1229 2014 quod
1263 1966 1418 2014 quanta
1451 1962 1533 2001 sint
1564 1976 1672 2015 quae
1704 1962 1899 2002 accidunt
1931 1962 2121 2002 conside-

340 2025 459 2065 randi
501 2025 681 2078 spatium
724 2038 809 2063 non
841 2024 979 2071 datur,
1021 2023 1193 2071 deiude,
1232 2038 1324 2063 cum
1359 2024 1522 2064 *videtur
1562 2025 1799 2077 praecaveri
1833 2025 2043 2077 potuisse,
2085 2024 2119 2064 si

290 2087 553 2142 30pr0visum
597 2092 726 2134 esset,
769 2087 889 2140 quasi
932 2087 1055 2139 culpa
1094 2092 1352 2126 contractum
1392 2087 1545 2126 malum
1578 2088 1884 2140 aegritudinem
1916 2087 2120 2127 acriorem

339 2150 450 2190 facit.
508 2148 574 2189 53.
608 2149 732 2198 Quod
773 2150 829 2189 ita
872 2163 962 2189 esse
997 2150 1084 2189 dies
1117 2150 1322 2197 declarat,
1365 2163 1472 2203 qnae
1505 2151 1739 2202 procedens
1770 2150 1827 2189 ita
1858 2150 2035 2202 mitigat,
2074 2154 2121 2190 ut

340 2212 474 2252 isdem
504 2212 625 2252 malis
658 2212 921 2252 manentibus
953 2226 1035 2251 non
1070 2212 1195 2252 modo
1234 2212 1416 2252 leniatur
1445 2213 1686 2265 aegritudo,
1728 2214 1798 2252 sed
1833 2213 1876 2252 in
1906 2213 2118 2267 plerisque

340 2276 524 2315 tollatur.
571 2276 941 2328 Karthaginienses
975 2275 1093 2315 multi
1125 2276 1280 2315 Romae
1308 2275 1564 2323 servierunt,
1596 2275 1850 2315 Macedones
1874 2288 1970 2328 rege
1992 2276 2118 2315 Perse

342 2343 481 2391 capto3
513 2337 599 2378 vidi
631 2338 755 2377 etiam
788 2339 829 2377 in
862 2338 1180 2391 Peloponneso,
1213 2352 1305 2377 cuin
1340 2352 1474 2378 essem
1506 2338 1776 2386 adulescens,
1811 2337 2018 2391 quosdam
2043 2337 2119 2378 Co-

288 2415 325 2443 35
339 2401 531 2440 rinthios.
581 2401 631 2440 Hi
665 2406 857 2454 poterant
889 2415 1033 2440 omnes
1067 2401 1212 2441 eadem
1244 2401 1316 2441 illa
1348 2400 1398 2440 de
1430 2400 1725 2441 Andromacha
1756 2400 2003 2453 deplorare:

565 2463 704 2502 Haec
736 2464 912 2502 omnia
944 2464 1059 2503 vidi
1092 2488 1167 2511 -—,

340 2526 411 2565 sed
452 2527 533 2566 iam
574 2526 897 2566 decantaverant
934 2525 1121 2566 fortasse.
1175 2528 1234 2565 Eo
1278 2527 1387 2566 enim
1432 2531 1548 2565 erant
1578 2526 1717 2573 voltu,
1759 2524 1965 2573 oratione,
2003 2524 2117 2566 omni

339 2588 504 2642 reliquo
537 2594 653 2629 motu
686 2594 726 2628 et
757 2594 888 2636 statu,
928 2594 974 2628 ut
1017 2603 1087 2629 eos
1119 2590 1295 2642 Argivos
1327 2594 1396 2629 aut
1428 2589 1648 2642 Sicyonios
1680 2588 1859 2635 diceres,
1900 2587 2116 2641 magisque

340 2664 405 2690 me
437 2657 656 2692 moverant
688 2651 876 2691 Corinthi
910 2651 1046 2692 subito
1078 2657 1271 2705 aspectae
1304 2651 1533 2705 parietinae
1566 2663 1691 2705 quam
1723 2651 1839 2704 ipsos
1864 2649 2117 2698 Corinthios,

288 2729 325 2760 40
341 2727 522 2767 quorum
555 2715 702 2754 animis
736 2715 932 2754 diuturna
964 2714 1161 2767 cogitatio
1195 2714 1348 2754 callum
1380 2714 1599 2754 vetustatis
1632 2712 1879 2753 obduxerat.
1939 2710 2005 2751 54.
2040 2713 2117 2752 Le-

339 2777 476 2829 gimus
507 2777 658 2817 librum
693 2777 964 2824 Clitomachi,
1001 2790 1126 2830 quem
1158 2777 1230 2816 ille
1262 2790 1407 2817 eversa
1436 2776 1694 2829 Karthagine
1726 2775 1839 2816 misit
1869 2774 2116 2815 consolandi

428 2950 457 2981 l.
484 2950 552 2981 eius
575 2950 608 2981 iu
633 2959 744 2990 marg.
771 2959 817 2982 m.
844 2959 916 2982 sec.
937 2951 961 2981 R
990 2967 1024 2973 -
1052 2950 1130 2989 quid
1156 2951 1218 2981 GR
1245 2950 1321 2991 (sed
1346 2950 1367 2980 d
1390 2950 1423 2980 in
1449 2950 1474 2981 R
1500 2951 1631 2990 puncto
1657 2949 1785 2988 notata)
1806 2965 1841 2971 —-
1868 2948 2053 2980 doloremc
2074 2965 2110 2971 -

338 2999 369 3031 3.
397 3003 607 3039 quaeruntur
631 3001 694 3031 GR
721 3017 755 3021 —
784 3000 921 3039 quidam
946 3000 990 3031 C:
1018 3000 1148 3039 quidem
1174 3000 1198 3031 O
1228 3018 1261 3022 —
1289 3000 1340 3031 42.
1369 2999 1409 3030 ab
1432 2999 1480 3029 his
1504 3000 1528 3030 C
1552 3016 1585 3021 —-
1615 3000 1666 3031 43.
1694 2999 1898 3030 contentione
1922 3006 2012 3029 corr.
2031 2997 2109 3029 ead.

337 3057 386 3080 m.
413 3049 446 3080 in
470 3051 618 3081 contione
643 3050 667 3080 R
694 3067 728 3071 —
761 3049 874 3090 neque]
907 3058 972 3080 non
998 3049 1021 3080 B
1056 3066 1089 3071 —
1128 3049 1179 3081 ⁴8.
1206 3049 1313 3080 sinmn
1336 3050 1379 3085 133
1414 3049 1545 3089 si9num
1571 3049 1634 3080 GR
1661 3048 1734 3087 (sed
1759 3049 1793 3079 in
1818 3049 1844 3079 G
1869 3046 1981 3079 littera
2003 3057 2025 3088 9
2050 3056 2113 3078 ex-

338 3098 477 3140 puncto)
507 3115 539 3120 —-
566 3099 731 3139 ⁸(slot-tosa&
755 3100 779 3131 R
807 3117 841 3120 —
868 3100 921 3130 Ἡ.
949 3099 1101 3138 crysippo
1126 3099 1191 3130 GR
1219 3117 1252 3121 —
1280 3098 1332 3130 23.
1359 3099 1460 3138 ferire
1486 3099 1617 3130 Rivius:
1644 3099 1718 3139 fieri
1742 3098 1766 3129 C
1789 3116 1822 3120 —
1849 3097 1902 3129 ⁶24.
1929 3097 2112 3135 aliquando

338 3149 362 3180 C
391 3165 425 3170 -
453 3148 506 3178 ⁶27.
531 3149 703 3187 repperias
734 3150 797 3180 GR
829 3166 863 3170 —
899 3149 951 3180 ⁶29.
979 3149 1093 3179 deinde
1122 3157 1196 3179 cum
1227 3149 1358 3179 uidetur
1389 3150 1433 3179 C:
1468 3149 1600 3187 deinde,
1635 3149 1721 3187 quod
1744 3148 1875 3179 videtur
1900 3146 2108 3184 Lambinus;

336 3197 450 3229 deinde
473 3199 559 3236 quod
582 3206 656 3229 cum
678 3198 809 3228 videtur
832 3198 995 3230 Klotzius.
1023 3216 1065 3221 —-
1089 3199 1142 3229 33.
1169 3198 1438 3238 Kartaginienses
1463 3200 1487 3229 G
1503 3200 1527 3230 R
1555 3215 1589 3220 -
1618 3198 1670 3229 35.
1698 3198 1745 3237 de]
1773 3206 1857 3237 quae
1881 3196 2021 3229 Dobree
2039 3196 2111 3228 Ad-

336 3249 474 3279 vers.11
498 3256 532 3288 p.
552 3248 633 3285 37:3;
661 3248 723 3279 sed
750 3248 790 3279 cf.
812 3249 855 3279 (le
875 3249 971 3280 Offic.
999 3249 1041 3279 111
1067 3248 1083 3289 5
1109 3249 1161 3280 82.
1189 3247 1232 3279 de
1258 3249 1373 3288 Rep.l
1399 3249 1487 3288 3¹30.
1509 3265 1542 3270 —
1573 3248 1791 3279 antromacha
1817 3247 1880 3279 GR
1909 3265 1942 3270 —
1969 3246 2021 3278 37.
2044 3245 2108 3278 Sed

335 3298 435 3329 etiam
459 3299 485 3330 R
514 3315 547 3321 —
572 3297 624 3330 38.
652 3298 814 3337 sycionios
838 3300 862 3330 R
890 3316 925 3321 --
951 3299 1057 3331 dicere
1082 3298 1106 3330 C
1135 3315 1168 3321 —
1197 3298 1248 3329 39.
1275 3301 1407 3338 aspecta
1432 3299 1479 3330 C.
