2249 3624
309 177 392 220 708
1031 175 1100 218 DE
1134 172 1358 214 OFFICIIS

311 286 490 340 quisque
527 288 665 324 teneat
705 287 746 322 et
776 294 913 335 neque
944 279 1158 320 tenuiores
1190 284 1361 333 propter
1391 276 1670 318 humilitatem
1701 277 2080 319 circumveniantur

312 361 452 401 neque
490 344 767 399 locupletibus
804 343 856 382 ad
895 355 971 382 sua
1011 341 1077 381 vel
1115 341 1296 381 tenenda
1335 341 1401 381 vel
1439 340 1730 393 recuperanda
1769 339 1880 380 obsit
1910 339 2080 388 invidia,

312 416 550 463 praeterea,
583 407 916 461 quibuscumque
947 404 1071 444 rebus
1105 404 1169 444 vel
1201 404 1301 444 belli
1332 404 1398 444 vel
1430 403 1542 444 domi
1575 407 1793 456 poterunt,
1823 415 1912 442 rem
1944 402 2082 456 publi-

313 486 401 512 cam
441 474 622 523 augeant
661 469 861 521 imperio,
904 468 1035 520 agris,
1077 467 1367 519 vectigalibus.
1435 467 1550 506 Haec
1590 478 1833 519 magnorum
1863 465 2083 506 hominum

281 539 431 582 5sunt,
470 534 574 573 haee
614 532 726 585 apud
764 531 943 570 maiores
976 535 1140 569 nostros
1171 528 1381 576 factitata,
1419 528 1524 568 haec
1554 541 1708 582 genera
1739 525 1976 569 officiorum
2011 528 2083 582 qui

313 601 589 650 persecuntur
619 608 712 634 cum
745 606 905 633 summa
937 593 1117 632 utilitate
1149 592 1207 631 rei
1239 591 1431 644 publicae
1462 604 1653 644 magnam
1687 591 1767 645 ipsi
1798 591 2086 644 adipiscentur

314 665 354 699 et
384 658 556 712 gratiam
590 662 632 696 et
661 656 852 709 gloriam.

426 719 495 759 86.
541 721 587 759 In
626 719 690 759 his
733 724 873 758 autem
915 717 1140 757 utilitatum
1172 715 1407 769 praeceptis
1438 716 1658 769 Antipater
1689 716 1864 770 Tyrius,
1905 716 2085 764 Stoicus,

315 784 387 837 qui
417 783 592 822 Athenis
636 794 769 834 nuper
801 786 864 820 est
894 786 1106 826 mortuuS,
1147 778 1231 818 duo
1264 780 1487 832 praeterita
1518 784 1662 819 censet
1693 792 1785 818 esse
1817 792 1841 819 a
1872 779 2084 827 Panaetio,

265 853 300 882 1ο
315 844 567 886 valetudinis
600 844 859 884 curationem
893 848 933 883 et
964 841 1192 895 pecuniae:
1223 854 1325 896 quas
1356 855 1422 882 res
1449 855 1473 881 a
1502 855 1666 881 summo
1689 839 1941 895 philosopho
1966 854 2087 896 prae-

314 908 456 948 teritas
497 907 697 954 arbitror,
740 906 853 960 quod
898 910 1038 946 essent
1076 904 1240 953 faciles3
1284 911 1382 944 sunt
1420 910 1531 944 certe
1573 905 1712 945 utiles.
1774 904 1855 944 Sed
1887 905 2085 946 valetudo

315 975 570 1010 sustentatur
611 970 760 1009 notitia
799 969 862 1009 sui
895 969 1080 1021 corporis
1113 974 1152 1007 et
1183 968 1500 1014 observatione,
1545 980 1652 1020 quae
1683 980 1750 1007 res
1783 973 1854 1008 aut
1884 968 2086 1021 prodesse

314 1032 478 1073 soleant
517 1038 588 1072 aut
625 1034 796 1079 obesse,
843 1037 884 1071 et
915 1031 1169 1071 continentia
1200 1031 1243 1069 in
1276 1030 1387 1070 victu
1419 1029 1532 1069 omni
1574 1035 1705 1084 atque
1745 1030 1859 1070 cultu
1899 1030 2086 1083 corporis

314 1094 460 1134 tuendi
492 1107 616 1134 causa
649 1092 1046 1148 [praetermittendis
1071 1088 1397 1146 voluptatibus]‚
1428 1099 1641 1145 postremo
1674 1098 1762 1132 arte
1793 1105 1951 1139 eorum,
1983 1105 2088 1145 quo-

266 1166 405 1197 15111111
436 1157 488 1197 ad
520 1158 739 1197 seientiam
769 1157 873 1196 haec
905 1158 1127 1209 pertinent.
1188 1153 1254 1195 87.
1285 1157 1366 1195 Res
1392 1160 1531 1195 autem
1554 1155 1772 1195 familiaris
1796 1155 1941 1209 quaeri
1964 1154 2089 1195 debet

314 1220 365 1260 iis
396 1220 543 1268 rebus,
574 1234 598 1260 a
629 1218 780 1274 quihus
812 1219 929 1259 abest
960 1218 1198 1272 turpitudo,
1231 1217 1471 1258 conservari
1504 1223 1643 1258 autem
1675 1217 1893 1270 diligentia
1923 1223 1964 1257 et
1993 1230 2089 1271 par-

315 1283 508 1331 simonia,
541 1282 696 1322 eisdem
730 1283 855 1321 etiam
886 1281 1011 1321 rebus
1043 1281 1202 1333 augeri.
1262 1280 1347 1320 Has
1380 1293 1446 1320 res
1479 1279 1815 1320 commodissime
1848 1279 2089 1333 Xenophon

316 1346 553 1386 Socraticus
587 1350 831 1398 persecutus
864 1350 926 1384 est
956 1344 998 1383 in
1031 1357 1080 1384 00
1102 1344 1231 1391 libro,
1255 1343 1327 1396 qui
1353 1342 1660 1383 Oeconomicus
1683 1341 1939 1390 inscribitur,
1962 1355 2088 1395 quem

316 1422 415 1456 nos,
454 1408 533 1448 ista
563 1407 649 1447 fere
681 1412 816 1447 aetate
848 1420 941 1446 cum
974 1420 1184 1454 essemus,
1227 1419 1309 1459 qua
1340 1419 1383 1446 es
1416 1412 1460 1446 tu
1491 1419 1623 1454 nunc,
1656 1419 1677 1446 e
1711 1405 1873 1445 Graeco
1904 1405 1946 1444 in
1978 1404 2090 1444 Lati-

266 1479 416 1512 20num
454 1471 746 1511 convertimus.
808 1469 889 1509 Sed
929 1475 1018 1509 toto
1058 1471 1137 1509 hoc
1176 1469 1227 1508 de
1267 1482 1440 1521 genere,
1482 1468 1533 1507 de
1566 1467 1833 1522 quaerenda,
1875 1467 1927 1507 de
1958 1467 2089 1507 collo-

316 1534 449 1575 canda
479 1535 675 1588 pecunia,
707 1533 856 1574 vellem
889 1533 1011 1572 etiam
1045 1532 1094 1571 de
1128 1531 1304 1578 utenda,
1336 1531 1596 1571 commodius
1628 1544 1650 1570 a
1682 1530 1934 1584 quibusdam
1967 1535 2090 1583 optu-

316 1599 400 1646 mis,
433 1598 531 1637 viris
572 1597 623 1637 ad
654 1597 799 1636 Ianum
834 1597 1018 1636 medium
1051 1595 1295 1635 sedentibus
1338 1607 1462 1647 quam
1500 1593 1551 1633 ab
1582 1593 1680 1633 ullis
1712 1593 1974 1646 philosophis
2004 1592 2090 1632 ulla

316 1661 359 1701 in
399 1660 540 1701 schola
582 1660 829 1712 disputatur.
903 1660 1006 1699 Sunt
1046 1665 1185 1698 tamen
1218 1671 1266 1696 ea
1298 1656 1607 1709 cognoscenda3
1653 1656 1865 1709 pertinent
1895 1655 2006 1695 enim
2037 1653 2088 1694 ad

317 1723 562 1770 utilitatem,
595 1723 646 1762 de
678 1736 759 1776 qua
789 1723 870 1762 hoc
903 1722 1008 1761 libro
1042 1721 1299 1773 disputatum
1331 1725 1407 1759 est.

267 1792 305 1823 25
430 1786 561 1825 XXV.
591 1783 658 1824 88.
690 1784 773 1824 Sed
805 1784 1031 1824 utilitatum
1062 1782 1338 1836 comparatio,
1371 1783 1569 1835 qnoniam
1600 1781 1668 1821 hic
1698 1781 1815 1821 100115
1847 1784 1935 1820 erat
1965 1792 2089 1834 quar-

317 1854 408 1896 tus,
448 1861 469 1888 a
501 1847 697 1888 Panaetio
729 1847 1075 1901 praetermissuS‚
1118 1859 1241 1898 saepe
1285 1851 1347 1885 est
1386 1844 1634 1885 necessaria.
1694 1844 1799 1884 Nam
1831 1849 1871 1883 et
1901 1843 2088 1896 corporis

317 1910 535 1952 commoda
576 1924 669 1950 cum
702 1909 886 1949 externis
921 1906 977 1962 [et
1008 1914 1183 1947 externa
1214 1922 1307 1948 eum
1339 1904 1544 1961 corporis]
1588 1912 1629 1946 et
1658 1906 1748 1960 ipsa
1780 1906 1890 1946 inter
1920 1920 1964 1946 se
1997 1919 2089 1946 cor-

316 1973 430 2027 poris
462 1978 501 2013 et
531 1978 704 2012 externa
735 1986 829 2012 011111
861 1971 1046 2011 externis
1079 1971 1309 2024 comparari
1341 1971 1492 2010 solent.
1553 1969 1655 2009 Cum
1687 1971 1870 2010 externis
1902 1969 2088 2023 corporis

316 2036 397 2076 1100
430 2034 554 2074 modo
586 2040 900 2087 comparantur,
933 2033 1071 2073 valere
1104 2040 1148 2074 ut
1180 2034 1298 2074 malis
1332 2047 1454 2087 quam
1487 2033 1603 2074 dives
1637 2046 1742 2081 esse,
1771 2031 1880 2087 [cum
1903 2032 2088 2085 corporis

266 2104 303 2136 3ο
317 2104 489 2138 externa
520 2095 596 2136 hoc
629 2096 771 2143 modo,
810 2096 927 2136 dives
969 2109 1061 2136 esse
1102 2098 1241 2149 potius
1276 2110 1402 2150 quam
1434 2096 1640 2136 maxumis
1673 2094 1860 2148 corporis
1893 2091 2084 2147 viribus,]

317 2161 406 2215 ipsa
436 2160 545 2200 inter
575 2173 619 2199 se
651 2159 836 2212 corporis
869 2160 942 2206 sic,
975 2164 1020 2199 ut
1050 2160 1160 2198 bona
1187 2158 1384 2198 valetudo
1420 2157 1621 2211 voluptati
1654 2163 1944 2210 anteponatur,
1976 2156 2086 2197 vires

318 2223 534 2270 celeritati,
565 2227 832 2262 externorum
863 2227 1016 2269 autem,
1049 2226 1094 2260 ut
1124 2220 1258 2273 gloria
1285 2220 1464 2266 divitiis,
1489 2220 1705 2273 vectigalia
1727 2220 1886 2260 urbana
1907 2219 2087 2259 rusticis.

317 2283 384 2326 89.
424 2286 490 2324 Ex
521 2298 604 2338 quo
637 2297 789 2337 genere
827 2284 1150 2336 comparationis
1194 2281 1298 2323 illud
1338 2288 1401 2323 est
1433 2282 1601 2323 Catonis
1642 2282 1777 2322 senis:
1822 2295 1845 2321 a
1877 2294 1960 2335 quo
1993 2294 2087 2321 cum

317 2353 610 2401 quaereretur,
642 2346 744 2399 quid
776 2358 969 2385 maxume
1002 2345 1045 2385 in
1075 2358 1119 2385 re
1149 2344 1342 2385 familiari
1374 2343 1618 2398 expediret?
1660 2344 1903 2398 respondit:
1949 2345 2087 2384 «Bene

266 2417 528 2463 35pascere.»
572 2407 684 2456 Quid
715 2407 976 2447 secundum?
1020 2408 1155 2448 «Satis
1186 2408 1293 2448 bene
1324 2420 1532 2462 pascere.»
1578 2406 1690 2456 Quid
1721 2407 1917 2446 tertium?
1953 2405 2088 2445 «Male

317 2485 528 2525 pascere.»
573 2470 685 2519 Quid
717 2472 942 2524 quartum?
986 2471 1179 2510 «Arare»
1241 2471 1292 2511 Et
1323 2484 1417 2510 cum
1448 2470 1538 2517 ille,
1570 2469 1643 2523 qui
1675 2469 1934 2522 quaesierat,
1957 2467 2088 2508 dixis-

405 2665 436 2695 2.
462 2662 672 2703 locupletibus
695 2670 765 2693 om.
785 2669 802 2692 0
830 2678 863 2683 —-
892 2661 1041 2702 tenenda]
1069 2662 1188 2693 utenda
1214 2669 1266 2701 ep
1295 2679 1325 2685 -—
1356 2662 1388 2693 3.
1408 2662 1458 2693 uel
1476 2661 1563 2692 domi
1578 2662 1632 2692 uel
1648 2660 1721 2693 belli
1745 2668 1763 2692 0
1791 2677 1826 2683 -
1854 2660 1942 2692 bellis
1967 2659 2088 2692 ΒΗΘΔ)

321 2731 355 2736 —-
376 2714 405 2746 5.
424 2714 542 2753 faelem
565 2722 586 2752 p
613 2731 648 2735 —
677 2713 706 2745 6.
723 2715 941 2752 persecuntur
966 2712 1076 2750 Blip:
1100 2715 1345 2751 persequuntur
1369 2713 1468 2751 abp;
1490 2714 1728 2751 persequentur
1751 2719 1769 2742 c
1796 2727 1830 2732 -—
1858 2710 2090 2749 adipiscuntur

319 2771 365 2803 cp
391 2781 425 2785 -
458 2765 489 2796 8.
518 2763 634 2802 Tyrius
658 2770 727 2793 om.
747 2770 767 2801 p
807 2778 841 2783 -
881 2761 910 2792 9.
938 2765 1086 2791 mortuus
1108 2764 1154 2791 est
1179 2770 1282 2800 nuper
1307 2762 1330 2793 B
1359 2779 1393 2783 —
1424 2763 1609 2800 praeterita
1633 2765 1743 2792 tacens
1766 2764 1806 2792 ct.
1826 2768 1890 2792 esse
1913 2759 1933 2791 b
1961 2777 1995 2780 —
2023 2767 2088 2790 0550

318 2821 388 2843 0111.
408 2821 425 2843 0
460 2830 494 2834 —
530 2815 580 2844 42.
607 2812 809 2842 sustineatur
833 2819 881 2850 cp
913 2827 947 2832 —
983 2809 1033 2841 114.
1063 2811 1183 2841 tuenda
1207 2818 1227 2849 p
1262 2829 1296 2833 —
1329 2820 1431 2842 causa
1455 2815 1484 2842 et
1505 2811 1804 2850 praetermittendis
1827 2818 1846 2842 0
1869 2827 1913 2832 -
1932 2812 2088 2849 praeler-

315 2863 481 2893 mittendis
503 2861 726 2900 voluptatibus
750 2859 817 2892 del.
839 2860 960 2891 lteine.
989 2876 1024 2880 —
1052 2869 1128 2891 aree
1154 2861 1179 2890 11
1209 2877 1242 2882 —-
1271 2860 1323 2891 1¹6.
1350 2861 1389 2891 iis
1413 2861 1486 2891 Bb:
1513 2861 1561 2891 his
1586 2861 1686 2899 llap,
1712 2860 1772 2899 hijs
1797 2868 1815 2890 c
1841 2876 1875 2881 —-
1904 2859 1956 2890 47.
1980 2859 2086 2889 Isdem

317 2919 347 2949 0,
373 2911 494 2942 hisdem
518 2920 537 2950 p
565 2928 599 2933 —-
627 2919 749 2951 augere
772 2911 832 2941 has
856 2918 874 2941 c
900 2927 934 2931 —
973 2909 1024 2940 49.
1051 2917 1189 2940 essemus
1213 2918 1313 2947 quam
1338 2918 1424 2940 nunc
1448 2911 1486 2941 cle
1509 2919 1628 2949 yraeeo
1652 2918 1673 2948 p
1699 2926 1734 2931 —
1769 2910 1822 2941 20.
1850 2910 1913 2941 Sed
1937 2912 2002 2940 toto
2025 2909 2086 2940 hoe

317 2961 355 2991 de
377 2969 493 3001 genere
510 2978 555 2983 --
572 2962 630 2992 hoc
654 2961 735 2992 libro
761 2962 962 3000 disputatum
985 2963 1029 2991 est
1061 2968 1077 2990 e
1105 2958 1180 2998 {90
1213 2958 1282 2989 huc
1316 2960 1529 2998 transposuit
1555 2959 1677 2998 Unger.
1720 2975 1755 2980 —
1796 2960 1834 2990 de
1864 2961 1944 2990 ante
1968 2967 2086 2999 90110νο

317 3018 385 3040 0111.
405 3010 490 3048 bcp
518 3027 551 3032 —
579 3011 617 3042 de
641 3012 719 3041 ante
745 3010 936 3049 quaerenda
961 3017 1030 3039 om.
1051 3017 1072 3040 a
1098 3026 1131 3029 —
1168 3009 1220 3039 21.
1247 3009 1363 3040 uellem
1387 3016 1459 3048 cp:
1487 3018 1556 3040 om.
1576 3009 1600 3039 B
1616 3009 1641 3039 ll
1658 3009 1711 3041 ab
1748 3025 1782 3031 —-
1818 3008 1872 3039 22.
1898 3008 2016 3038 Ianum
2040 3015 2081 3039 c:

314 3060 438 3090 ianuae
463 3059 613 3098 lssllabp
641 3077 676 3081 -
704 3060 755 3090 23.
782 3060 891 3089 schola
916 3059 962 3089 H:
989 3058 1078 3089 scola
1102 3058 1212 3088 Babc
1240 3076 1274 3080 —
1302 3059 1354 3089 27.
1375 3062 1403 3090 et
1427 3063 1566 3089 externa
1582 3075 1630 3081 —-
1647 3067 1721 3089 cum
1738 3058 1884 3090 eoeternis
1907 3066 1977 3089 om.
1998 3058 2025 3088 H
2048 3074 2081 3079 —

316 3106 346 3134 et
369 3106 509 3133 aeterna
531 3112 605 3133 cum
629 3104 776 3142 corporis
801 3102 869 3134 del.
891 3103 1013 3141 L‘nger.
1050 3119 1083 3123 —
1122 3102 1270 3140 corporis
1292 3112 1365 3133 cum
1389 3112 1526 3142 corpore
1551 3106 1579 3134 et
1603 3106 1743 3134 aelerna
1767 3109 1804 3139 ος
1839 3101 1988 3141 corporis
2010 3109 2083 3131 cum

316 3160 453 3190 corpore
476 3155 616 3182 afferma
638 3161 658 3190 p
692 3169 725 3174 -
765 3152 817 3183 29.
844 3152 942 3182 mcuis
966 3160 1067 3191 quam
1091 3151 1181 3182 diues
1204 3159 1270 3181 esse
1292 3155 1321 3182 el
1342 3153 1453 3190 potius
1477 3160 1578 3190 quam.
1600 3151 1759 3182 maximis
1782 3159 1803 3190 p
1839 3168 1871 3172 ——
1909 3159 1984 3181 cum
2007 3158 2083 3181 cor—

312 3202 407 3241 poris
422 3218 469 3223 --
486 3201 634 3239 corporis
657 3202 782 3233 viribus
807 3200 874 3233 del.
896 3203 1019 3241 Unger.
1051 3219 1084 3222 —
1119 3201 1170 3232 302.
1198 3200 1424 3232 Eoelernorum
1448 3205 1568 3232 aulem.
1596 3201 1822 3231 Eaeternorum
1845 3203 1879 3231 ut
1903 3207 1920 3230 c
1954 3216 1987 3220 -—
2026 3198 2079 3229 33.

317 3250 575 3289 comparationis
599 3258 668 3280 om.
688 3259 708 3289 p
737 3268 772 3272 —
799 3260 820 3281 a
845 3259 908 3290 quo
932 3250 1156 3289 quaerebatur
1180 3258 1200 3288 p
1227 3267 1262 3271 -
1290 3249 1342 3281 35.
1364 3251 1447 3290 Quid
1464 3250 1621 3282 tertium?
1643 3250 1732 3282 Male
1751 3258 1887 3290 pascere
1911 3256 1981 3288 cp:
2009 3254 2079 3278 om.

318 3301 465 3333 Bllab.
507 3299 556 3331 Cs.
584 3297 775 3332 Columella
801 3302 837 3333 R.
858 3302 895 3332 u.
927 3301 984 3340 vt,
1010 3300 1120 3341 praef.
1149 3300 1215 3340 55.
