2249 3624
250 200 332 243 654
969 202 1040 242 DE
1071 201 1297 242 OFFICIIS

362 308 453 349 XV.
491 305 558 348 46.
598 307 807 356 Quoniam
838 312 977 348 autem
1010 307 1163 347 vivitur
1192 320 1277 347 non
1309 320 1401 347 cum
1433 306 1628 361 perfectis
1658 307 1901 350 hominibus
1933 310 2020 364 pla-

249 386 390 426 neque
423 371 694 424 sapientibus,
727 370 800 410 sed
834 383 927 409 cum
959 371 1023 416 iis,
1054 370 1095 408 in
1129 369 1284 422 quibus
1317 369 1528 422 praeclare
1559 370 1697 422 agitur
1718 371 1751 410 si
1775 378 1873 412 sunt
1894 372 2021 412 simu-

250 435 362 475 lacra
399 434 587 480 virtutis,
634 434 755 472 etiam
796 432 876 471 hoc
916 431 1248 484 intellegendum
1290 438 1413 484 puto,
1463 433 1670 472 neminem
1713 435 1884 474 omnino
1928 447 2020 474 esse

251 497 574 550 neglegendum,
606 495 648 533 in
681 508 764 547 quo
795 494 940 547 aliqua
971 491 1219 546 significatio
1251 495 1415 534 virtutis
1447 500 1662 547 appareat,
1693 495 1918 535 colendum
1949 509 2023 536 au-

217 565 335 599 5tem
367 572 459 599 esse
491 558 547 598 ita
579 569 789 611 quemque
821 557 1018 603 maxime,
1051 561 1096 595 ut
1126 557 1306 609 quisque
1338 557 1518 596 maxime
1549 557 1768 598 virtutibus
1798 558 1864 598 his
1889 558 2022 599 lenio-

251 623 366 663 ribus
399 621 478 661 erit
508 625 702 665 ornatus,
734 619 964 666 modestia,
997 620 1298 672 temperantia,
1330 619 1408 659 hae
1438 620 1549 673 ipsa,
1582 620 1633 660 de
1667 634 1751 674 qua
1781 620 1909 660 multa
1939 621 2022 661 iam

251 685 361 724 dicta
393 688 508 730 sunt,
540 682 712 721 iustitia.
771 683 875 720 Nam
906 680 1025 721 fortis
1057 682 1222 722 animus
1254 687 1295 722 et
1327 695 1501 734 magnus
1533 682 1577 722 in
1607 683 1781 723 homine
1811 696 1895 722 non
1928 696 2023 736 per-

249 747 358 787 fecto
392 759 466 785 nec
497 744 674 798 sapienti
706 743 933 783 ferventior
965 743 1212 797 plerumque
1245 750 1328 784 est:
1363 744 1458 784 illae
1489 744 1665 784 virtutes
1695 744 1853 785 bonum
1886 746 2024 786 virum

249 809 445 850 videntur
475 807 617 861 potius
649 806 866 859 attingere.
912 806 1050 858 Atque
1082 804 1183 846 haec
1214 807 1257 846 in
1288 807 1489 847 moribus.
1547 805 1615 847 47.
1646 808 1707 847 De
1730 807 2025 848 benevolentia

200 878 411 918 mantem,
447 883 571 924 quam
603 869 783 922 quisque
813 868 968 908 habeat
998 881 1095 921 erga
1125 882 1223 916 nos,
1256 869 1435 921 primum
1467 868 1570 908 illud
1602 875 1665 909 est
1693 869 1736 908 in
1769 867 1935 917 officio,
1977 874 2026 910 ut

250 935 288 973 ei
320 933 545 986 plurimum
577 931 835 978 tribuamus,
876 943 901 970 a
931 944 1016 984 quo
1049 930 1272 983 plurimum
1304 931 1549 983 diligamur,
1581 930 1654 971 sed
1686 931 2024 972 benevolentiam

248 1009 335 1036 non
366 993 782 1035 adulescentulorum
813 1007 930 1033 more
961 993 1108 1033 ardore
1142 993 1324 1047 quodam
1348 994 1516 1040 amoris,
1540 993 1613 1033 sed
1636 994 1863 1034 stabilitate
1883 995 2025 1048 potius

249 1064 292 1099 et
322 1057 555 1098 constantia
584 1055 834 1096 iudicemus.
908 1056 980 1095 Sin
1011 1060 1134 1095 erunt
1163 1055 1332 1103 merita,
1370 1060 1416 1095 ut
1446 1069 1530 1095 non
1562 1056 1769 1104 ineunda,
1812 1057 1886 1097 sed
1916 1056 2025 1097 refe-

248 1120 380 1161 renda
409 1120 464 1160 sit
495 1119 644 1172 gratia,
675 1119 807 1159 maior
839 1117 1045 1172 quaedam
1078 1131 1178 1158 cura
1209 1117 1446 1158 adhibenda
1479 1124 1563 1167 est;
1595 1119 1757 1158 nullum
1788 1120 1900 1159 enim
1932 1119 2026 1160 offi-

200 1186 359 1224 iscium
401 1180 622 1223 referenda
663 1180 795 1233 gratia
835 1181 965 1233 magis
1005 1180 1288 1220 necessarium
1331 1185 1406 1220 est.
1477 1178 1544 1219 48.
1578 1180 1701 1228 Quod
1734 1182 1769 1221 si
1801 1195 1869 1229 ea,
1914 1195 2024 1235 quae

248 1245 404 1287 utenda
435 1244 663 1297 acceperis,
696 1243 853 1283 maiore
885 1255 1094 1289 mensura,
1126 1242 1160 1282 si
1192 1241 1316 1282 modo
1348 1243 1499 1296 possis,
1531 1243 1647 1283 iubet
1678 1244 1854 1285 reddere
1875 1245 2025 1285 Hesio-

250 1310 342 1356 dus,
376 1307 579 1362 quidnam
611 1305 816 1345 beneficio
849 1305 1060 1357 provocati
1091 1304 1231 1344 facere
1263 1305 1490 1345 debemus?
1523 1318 1575 1345 an
1607 1305 1760 1345 imitari
1791 1320 1912 1360 agros
1942 1307 2025 1347 fer-

248 1372 355 1419 tiles,
387 1371 460 1424 qui
491 1369 623 1409 multo
656 1368 750 1420 plus
782 1368 962 1406 efferunt
993 1380 1116 1420 quam
1149 1369 1433 1421 acceperunt?
1477 1368 1641 1408 Etenim
1673 1368 1708 1408 si
1740 1368 1783 1408 in
1806 1383 1894 1417 eOS‚
1918 1382 2024 1422 quos

249 1447 465 1489 speramus
504 1432 626 1471 nobis
665 1430 928 1483 profuturos,
967 1443 1052 1469 non
1092 1429 1333 1470 dubitamus
1374 1428 1512 1470 officia
1543 1428 1758 1479 conferre,
1800 1431 1948 1485 quales
1980 1432 2025 1471 in

199 1507 322 1537 20eos
354 1510 447 1536 esse
480 1495 703 1540 debemus,
745 1493 816 1545 qui
855 1492 937 1531 iam
977 1491 1251 1545 prosuerunt?
1314 1494 1415 1532 Nam
1449 1507 1541 1533 cum
1575 1494 1658 1533 duo
1691 1506 1846 1546 genera
1876 1493 2026 1533 libera-

249 1559 375 1599 litatis
408 1558 510 1605 sint,
553 1571 682 1596 unum
724 1554 850 1594 dandi
890 1552 1107 1602 beneficii,
1150 1555 1326 1594 alterum
1366 1555 1595 1603 reddendi,
1637 1556 1784 1596 demus
1816 1569 1949 1596 necne
1980 1555 2024 1595 in

248 1626 393 1661 nostra
423 1625 632 1673 potestate
665 1624 750 1665 est,
791 1630 877 1657 non
908 1618 1085 1657 reddere
1116 1618 1204 1658 viro
1236 1617 1348 1657 bono
1381 1631 1465 1657 non
1498 1619 1616 1665 licet,
1658 1618 1781 1658 modo
1811 1619 1853 1658 id
1884 1618 2027 1658 facere

249 1684 384 1738 possit
415 1684 504 1723 sine
535 1681 698 1721 iniuria.
770 1678 834 1719 4-9.
875 1681 1154 1734 Acceptorum
1196 1686 1333 1720 autem
1374 1678 1673 1720 beneficiorum
1713 1686 1810 1720 sunt
1849 1680 2025 1720 dilectus

247 1745 448 1793 habendi,
481 1759 558 1785 nec
590 1743 763 1783 dubium
795 1743 895 1796 quin
927 1743 1110 1782 maximo
1145 1742 1298 1795 cuique
1330 1743 1555 1796 plurimum
1589 1743 1803 1782 debeatur.
1862 1743 1908 1782 In
1940 1755 2024 1795 quo

199 1820 236 1849 25
251 1816 388 1850 tamen
420 1809 465 1848 iu
497 1807 664 1861 primis,
697 1820 780 1859 quo
815 1806 996 1859 quisque
1028 1805 1184 1853 animo,
1216 1805 1370 1852 studio,
1401 1806 1698 1846 benevolentia
1728 1805 1888 1853 fecerit,
1918 1818 2025 1858 pon-

250 1872 481 1912 derandum
513 1875 588 1910 est.
639 1869 759 1909 Multi
794 1870 902 1908 enim
933 1867 1092 1908 faciunt
1123 1868 1253 1907 multa
1283 1869 1518 1907 temeritate
1541 1868 1723 1921 quadam
1744 1869 1832 1908 sine
1853 1867 2024 1915 iudicio,

248 1935 315 1975 vel
347 1933 492 1973 morbo
523 1933 567 1972 in
599 1945 744 1972 omnes
775 1931 841 1970 vel
873 1931 1096 1983 repentino
1130 1930 1332 1983 quodam,
1373 1931 1492 1983 quasi
1523 1935 1669 1977 vento,
1701 1930 1862 1983 impetu
1893 1929 2024 1970 animi

249 1997 431 2037 incitati:
475 2008 583 2049 quae
613 1992 816 2034 beneficia
847 2006 982 2046 aeque
1015 2006 1165 2045 magna
1196 2007 1278 2032 non
1313 1999 1409 2032 sunt
1439 1993 1634 2032 habenda
1664 1998 1790 2045 atque
1821 2005 1882 2039 ea,
1915 2004 2025 2045 quae

248 2058 417 2105 iudicio,
450 2057 709 2098 considerate
742 2062 1066 2107 constanterque
1098 2055 1237 2095 delata
1268 2061 1376 2095 sunt.
1439 2055 1521 2095 Sed
1554 2055 1595 2094 in
1627 2054 1874 2094 collocando
1896 2054 2025 2094 bene-

198 2131 236 2161 30
251 2120 342 2162 ficio
374 2127 415 2161 et
445 2120 487 2159 in
519 2119 738 2159 referenda
771 2118 913 2170 gratia,
947 2118 981 2157 si
1016 2123 1154 2157 cetera
1185 2118 1300 2169 paria
1333 2122 1441 2164 sunt,
1473 2117 1551 2156 hoc
1580 2129 1775 2156 maxume
1798 2114 1926 2155 officii
1948 2120 2024 2162 est,

249 2190 296 2223 ut
336 2183 514 2236 quisque
554 2193 748 2221 maxume
791 2181 883 2234 opis
923 2179 1129 2232 indigeat,
1171 2180 1228 2219 ita
1267 2180 1304 2218 ei
1344 2179 1607 2233 potissimum
1640 2179 1864 2231 opitulari:
1910 2177 2024 2231 quod

251 2252 395 2286 contra
427 2243 471 2284 [it
501 2258 524 2284 a
555 2245 793 2297 plerisque3
841 2257 863 2283 a
895 2256 979 2295 quo
1013 2243 1121 2281 enim
1155 2242 1382 2294 plurimum
1415 2246 1608 2294 sperant,
1649 2241 1772 2281 etiam
1804 2241 1839 2280 si
1870 2240 1942 2280 ille
1972 2240 2025 2280 iis

251 2321 336 2347 non
368 2312 475 2360 eget,
506 2312 645 2346 tamen
678 2306 714 2345 ei
746 2305 1011 2358 potissimum
1042 2304 1291 2343 inserviunt.

364 2371 473 2409 XVI.
513 2368 579 2408 50.
619 2369 785 2421 Optime
818 2374 956 2407 autem
988 2367 1164 2406 societas
1185 2366 1403 2405 hominum
1425 2365 1753 2418 coniunctioque
1775 2364 2023 2413 servabitur,

201 2434 308 2481 35si‚
347 2439 394 2473 ut
433 2433 614 2486 quisque
654 2431 731 2470 erit
763 2430 1154 2476 coniunctissimus,
1193 2429 1250 2468 ita
1289 2428 1332 2467 in
1371 2442 1466 2468 eum
1497 2428 1768 2480 benignitatis
1799 2427 2026 2481 plurimum

254 2495 504 2536 conferetur.
565 2493 668 2541 Sed,
701 2506 807 2546 quae
840 2497 1014 2531 naturae
1045 2491 1251 2544 principia
1282 2491 1368 2530 sint
1397 2490 1710 2530 communitatis
1741 2495 1782 2530 et
1812 2489 2025 2530 societatis

252 2558 481 2606 humanae,
512 2555 791 2610 repetendum
821 2555 987 2595 videtur
1017 2554 1155 2593 altius.
1215 2554 1290 2593 Est
1321 2553 1431 2593 enim
1463 2553 1665 2606 primum,
1697 2551 1810 2606 quod
1842 2552 2027 2592 cernitur

343 2736 372 2767 4.
397 2736 560 2775 planeque
584 2734 699 2765 Hac:
734 2732 892 2772 pleneque
914 2731 996 2767 Ab3
1028 2732 1145 2762 utrum
1172 2731 1195 2762 Β
1221 2730 1362 2764 habeat.
1391 2739 1471 2762 eum
1498 2731 1598 2762 tertia
1623 2729 1736 2761 littera
1763 2730 1795 2760 in
1820 2737 1943 2762 rasura
1968 2729 2024 2768 sit,

255 2785 405 2817 discerni
431 2786 563 2825 nequit.
595 2801 627 2805 —
663 2783 694 2813 2.
720 2783 774 2813 sed
797 2785 825 2813 et
848 2790 922 2812 cum
945 2788 966 2820 p
1002 2798 1036 2802 —
1070 2781 1109 2812 iis
1132 2783 1157 2811 A
1174 2781 1248 2812 Bb:
1275 2781 1323 2811 his
1348 2781 1373 2812 ll
1390 2789 1421 2817 a,
1448 2781 1509 2819 hijs
1533 2788 1550 2811 c
1586 2797 1617 2803 -
1654 2780 1685 2810 5.
1711 2780 1774 2819 hijs
1799 2787 1816 2810 c
1843 2796 1877 2801 -—
1906 2779 1937 2811 6.
1964 2779 2026 2811 hac

255 2844 376 2866 rasura
403 2843 493 2865 corr.
522 2835 553 2864 in
580 2842 619 2864 ac
644 2841 684 2867 a;
715 2841 754 2862 ac
778 2839 796 2861 c
826 2849 857 2853 -
885 2830 916 2861 8.
942 2830 1083 2869 sapienti
1108 2829 1347 2869 Wesenberg:
1374 2831 1519 2869 snpienle
1544 2830 1567 2860 C
1584 2838 1614 2862 ο.
1648 2828 1733 2861 Vide
1759 2830 1802 2861 ad
1828 2830 2024 2871 p.275,110.

255 2902 297 2907 —
322 2884 440 2915 bonum
464 2885 575 2914 ulrum
600 2883 623 2913 C
653 2882 770 2920 (etiam
793 2881 881 2919 bp'j:
908 2881 1018 2910 virum
1042 2880 1161 2911 bonum
1187 2889 1204 2911 o
1233 2898 1266 2902 —
1295 2882 1325 2912 9.
1351 2882 1461 2921 potius
1484 2888 1663 2920 superscr.
1687 2880 1720 2911 in
1745 2880 1765 2911 b
1793 2897 1827 2902 —-
1863 2889 1898 2910 m
1919 2880 2027 2911 mori-

255 2932 313 2964 bus
337 2933 587 2963 consideranda.
615 2932 662 2963 De
695 2939 713 2962 c
754 2948 787 2952 —
826 2929 1044 2961 beniuolentia
1071 2930 1094 2961 C
1122 2929 1275 2970 (ubique)
1316 2949 1348 2952 —
1390 2932 1443 2962 Η.
1471 2931 1653 2971 diligamur
1675 2930 1819 2961 Aabc:
1853 2930 2024 2970 diligimur

256 2984 361 3022 13114‘2
379 2990 397 3014 o
424 3000 457 3004 —
493 2981 543 3013 44.
570 2983 685 3022 qratia
708 2982 749 3012 sit
773 2989 789 3011 c
818 2998 852 3003 —
890 2981 940 3011 ⁴5.
968 2980 1157 3018 referendae
1180 2981 1311 3019 fyr-attae
1335 2989 1356 3012 a
1381 2998 1416 3002 —
1447 2981 1498 3011 47.
1526 2981 1605 3019 quid
1628 2981 1759 3011 tandem
1784 2978 1935 3019 beneficio
1959 2987 2026 3010 van

257 3032 326 3064 den
352 3033 405 3063 Es.
438 3050 470 3054 —
505 3032 652 3062 debemus
674 3031 783 3070 facere
807 3038 825 3061 c
857 3046 891 3051 —-
927 3038 972 3059 an
997 3037 1087 3060 corr.
1114 3028 1191 3059 ead.
1220 3037 1266 3060 m.
1293 3030 1326 3061 in
1352 3039 1397 3061 an
1414 3028 1432 3060 Γι
1459 3030 1518 3069 (an
1541 3030 1619 3070 non)
1645 3031 1668 3061 B
1696 3046 1729 3051 —
1760 3029 1812 3060 48.
1839 3030 1982 3068 afferunt
2005 3036 2028 3060 a

259 3099 293 3104 —
322 3082 373 3113 90.
402 3080 549 3112 debemus
572 3090 636 3111 esse
661 3088 678 3111 c
712 3097 744 3101 —
779 3080 844 3110 sint
867 3087 990 3119 genera
1013 3078 1219 3108 liberalitatis
1243 3086 1260 3109 e
1295 3096 1329 3101 —-
1367 3080 1420 3110 Ἣ.
1447 3080 1559 3110 demus
1583 3087 1674 3111 corr.
1702 3088 1742 3110 ex
1768 3077 1917 3109 debemus
1939 3085 1962 3109 a
1988 3093 2022 3100 -

257 3131 310 3162 ⁶22.
337 3130 409 3161 licet
432 3130 459 3160 si
482 3131 576 3160 modo
601 3131 624 3160 B
665 3148 699 3152 -
738 3129 790 3160 23.
818 3129 950 3160 dilectus
982 3129 1005 3159 B
1023 3129 1046 3159 ll
1063 3128 1138 3158 ab:
1176 3128 1315 3159 delectus
1338 3129 1364 3160 A
1380 3136 1430 3159 co
1470 3146 1504 3150 —-
1550 3127 1603 3159 ⁶24.
1631 3128 1688 3166 qui
1710 3128 1744 3158 in
1768 3127 1918 3158 maximo
1940 3127 1961 3158 b
1987 3142 2021 3148 —

257 3180 311 3211 27.
337 3180 386 3210 vel
408 3178 520 3209 morbo
546 3179 575 3208 in
602 3187 710 3208 omnes
734 3187 803 3209 om.
830 3186 847 3208 c
881 3195 915 3200 —-
946 3177 999 3208 uel
1020 3176 1133 3208 morbo
1157 3175 1321 3209 Ass¹abz
1357 3178 1408 3208 uel
1430 3177 1526 3208 modo
1548 3176 1589 3208 Β2
1602 3178 1697 3217 Hpo
1730 3193 1764 3198 —
1799 3176 1851 3207 28.
1877 3175 2026 3206 habenda

258 3229 434 3260 --delala
455 3231 530 3258 sunl
560 3228 592 3258 in
619 3236 726 3267 marg.
755 3226 861 3258 habet
890 3235 908 3257 c
947 3244 981 3249 —
1023 3227 1076 3258 30.
1101 3229 1165 3257 snit
1200 3233 1218 3256 c
1259 3243 1295 3249 —
1337 3226 1389 3258 32.
1414 3230 1563 3266 spectant
1586 3227 1646 3258 Ab
1678 3228 1830 3267 (sperant
1853 3233 1963 3264 marg.
1983 3225 2022 3261 Α,

259 3282 417 3319 spernant
441 3285 553 3317 marg.
577 3277 611 3317 b)
646 3294 688 3300 ——
721 3278 748 3308 si
772 3277 825 3308 ille
848 3277 897 3308 his
921 3277 992 3316 (haejs
1015 3277 1044 3316 ο)
1070 3285 1134 3306 non
1167 3276 1191 3307 C
1212 3285 1218 3306 2
1251 3277 1278 3307 si
1302 3277 1328 3308 is
1351 3285 1416 3308 non
1440 3284 1459 3308 o
1499 3293 1534 3298 —
1573 3276 1625 3308 36.
1653 3279 1798 3307 naturae
1821 3273 2020 3306 ABHab:

259 3332 384 3361 natura
408 3334 458 3359 oo
482 3343 525 3349 —
549 3325 600 3358 37.
627 3327 712 3358 enim
736 3327 821 3365 quod
841 3326 989 3366 primum
1012 3325 1159 3358 cernitur
1182 3331 1214 3356 0.
