2249 3624
275 136 354 177 488
656 137 725 177 DE
756 137 962 176 FINIBUS
992 135 1254 176 BONORUM
1282 137 1351 177 ET
1381 136 1647 178 MALORUM

274 251 469 291 divinius.
529 249 696 289 Etenim
728 248 914 287 omnium
945 261 1104 296 rerum,
1136 261 1239 301 quas
1271 252 1311 288 et
1340 253 1453 289 creat
1482 253 1631 289 natura
1662 253 1703 288 et
1732 252 1890 296 tuetur,
1922 262 2031 302 quae

272 317 343 353 aut
383 313 473 352 sine
513 312 650 352 animo
693 315 789 349 sunt
829 314 901 349 aut
935 322 1012 349 11οη
1043 310 1174 350 multo
1206 324 1346 358 secus,
1391 325 1532 351 earum
1565 325 1769 351 summum
1800 310 1957 349 bonum
1989 311 2032 350 in

273 387 447 427 corpore
486 379 569 420 est,
606 378 651 412 ut
690 385 774 411 non
815 372 961 411 inscite
1004 371 1108 411 illud
1140 372 1295 412 dictum
1327 374 1519 413 videatur
1549 373 1591 412 in
1623 386 1716 418 sue,
1758 373 1941 412 animum
1971 373 2033 412 illi

273 435 422 489 pecudi
453 436 591 476 datum
623 447 697 487 pro
731 434 841 481 sale,
880 447 932 473 ne
975 434 1211 487 putisceret.
1271 436 1379 475 XIV.
1412 436 1519 474 Sunt
1549 439 1685 474 autem
1716 434 1874 473 bestiae
1906 447 2034 487 quae-

241 497 385 545 5dam‚
416 498 458 537 in
488 497 639 550 quibus
669 497 778 536 inest
807 496 968 549 aliquid
1000 496 1135 535 simile
1167 497 1354 544 virtutis,
1385 502 1431 536 ut
1462 498 1503 536 in
1535 496 1750 543 leonibus,
1785 500 1827 535 ut
1857 496 1898 534 in
1923 496 2034 535 cani-

272 559 368 606 bus,
406 565 452 599 ut
490 560 531 598 in
574 558 713 611 equis,
755 559 797 597 in
829 558 983 612 quibus
1014 571 1099 597 non
1130 572 1351 612 corporum
1393 559 1548 605 solum,
1591 564 1637 598 ut
1672 558 1715 597 in
1755 557 1922 604 suibus,
1963 557 2034 597 sed

273 621 396 661 etiam
435 621 667 661 animorum
709 621 850 674 aliqua
882 634 934 659 ex
965 625 1079 674 parte
1111 626 1247 660 motus
1280 621 1485 673 quosdam
1518 621 1719 660 videmus.
1778 620 1825 658 In
1866 620 2036 659 homine

271 688 409 723 autem
441 696 601 723 summa
630 684 762 723 omnis
794 682 922 722 animi
953 687 1015 722 est
1046 687 1085 722 et
1115 683 1157 722 in
1188 683 1327 722 animo
1369 683 1561 729 rationis,
1604 696 1655 721 ex
1687 695 1769 735 qua
1799 682 1929 721 virtus
1961 687 2036 728 est,

272 759 378 800 quae
410 745 582 785 rationis
613 745 819 785 absolutio
852 744 1071 793 definitur,
1111 758 1235 798 quam
1268 745 1390 785 etiam
1430 750 1556 798 atque
1589 744 1711 784 etiam
1745 743 2035 797 explicandam

224 820 256 847 io
270 813 429 862 putant.

383 868 449 908 39.
489 870 640 910 Earum
682 869 806 909 etiam
850 883 1008 917 rerum,
1053 882 1156 922 quas
1198 874 1307 908 terra
1339 869 1491 921 gignit,
1532 868 1727 908 educatio
1759 868 1962 921 quaedam
1996 874 2037 908 et

271 932 471 986 perfectio
503 938 566 972 est
594 946 677 972 non
709 931 927 971 dissimilis
957 932 1244 971 animantium.
1294 932 1442 984 Itaque
1473 935 1514 970 et
1543 931 1681 970 vivere
1715 931 1841 970 vitem
1867 936 1908 970 et
1928 932 2033 970 mori

271 996 447 1035 dicimus
477 995 753 1048 arboremque
786 998 827 1033 et
856 994 1065 1033 novellam
1097 998 1138 1032 et
1166 992 1345 1033 vetulam
1380 997 1419 1032 et
1450 992 1590 1045 vigere
1623 997 1664 1031 et
1694 1005 1924 1032 senescere.
1973 992 2037 1032 Ex

272 1070 357 1111 quo
387 1070 471 1097 non
504 1062 565 1097 est
595 1056 797 1104 alienum,
828 1061 875 1095 ut
904 1055 1207 1101 animantibus,
1238 1056 1296 1094 sic
1327 1055 1410 1094 illis
1443 1060 1483 1094 et
1513 1059 1611 1107 apta
1641 1054 1848 1106 quaedam
1880 1055 1931 1094 ad
1964 1068 2037 1095 na-

223 1130 257 1158 15
271 1126 405 1160 turam
448 1124 593 1173 putare
633 1124 673 1158 et
710 1119 868 1166 aliena,
909 1131 1137 1171 earumque
1168 1116 1451 1169 augendarum
1485 1122 1525 1155 et
1555 1116 1798 1156 alendarum
1830 1118 2036 1170 quandam

272 1183 486 1223 cultricem
517 1194 628 1229 esse,
661 1194 769 1235 quae
791 1181 845 1221 sit
866 1181 1041 1220 scientia
1062 1184 1187 1233 atque
1208 1192 1274 1218 ars
1295 1179 1595 1231 agricolarum,
1627 1192 1734 1230 quae
1756 1179 2038 1226 circumcidat,

271 1249 477 1298 amputet,
510 1244 661 1297 erigat,
693 1243 889 1290 extollat,
928 1242 1217 1289 adminiculet,
1248 1246 1314 1288 ut,
1349 1254 1432 1294 quo
1465 1247 1613 1280 natura
1642 1240 1766 1288 ferat,
1798 1255 1847 1282 eo
1878 1242 2039 1296 possint

272 1310 352 1355 ire,
394 1311 439 1346 ut
469 1307 586 1359 ipsae
617 1306 746 1353 vites,
787 1306 822 1345 si
852 1305 969 1359 loqui
1002 1306 1183 1358 possint,
1225 1305 1279 1344 ita
1311 1317 1354 1344 se
1386 1303 1623 1343 tractandas
1653 1304 1916 1358 tuendasque
1947 1319 2038 1345 esse

274 1370 490 1410 fateantur.
549 1370 601 1408 Et
639 1382 751 1408 nunc
793 1368 984 1421 quidem,
1029 1367 1142 1420 quod
1175 1380 1264 1407 eam
1296 1370 1454 1412 tuetur,
1494 1371 1539 1405 ut
1570 1366 1620 1404 de
1652 1367 1732 1406 vite
1773 1368 2037 1420 potissimum

221 1434 441 1485 soloquar,
482 1436 543 1471 est
583 1430 623 1469 id
665 1429 950 1476 extrinsecus3
984 1430 1024 1469 in
1065 1430 1157 1482 ipsa
1198 1430 1307 1469 enim
1346 1441 1490 1480 parum
1534 1442 1683 1480 magna
1724 1428 1785 1469 vis
1825 1430 1953 1477 inest,
1994 1435 2040 1469 ut

272 1508 398 1548 quam
429 1493 584 1548 optime
616 1506 659 1532 se
690 1492 842 1532 babere
873 1493 1028 1544 possit,
1061 1491 1094 1530 si
1127 1491 1241 1531 nulla
1271 1491 1434 1530 cultura
1464 1489 1720 1530 adhibeatur.
1772 1489 1838 1530 4-0.
1862 1494 1915 1532 At
1942 1505 2038 1532 vero

272 1558 306 1596 si
337 1556 388 1596 ad
420 1557 547 1596 vitem
579 1569 727 1595 sensus
759 1554 1004 1602 accesserit,
1045 1559 1091 1593 ut
1126 1554 1356 1608 appetitum
1390 1553 1600 1606 quendam
1637 1553 1788 1594 haheat
1819 1559 1859 1595 et
1889 1569 1964 1608 per
1994 1569 2038 1595 se

271 1620 360 1673 ipsa
391 1623 626 1666 moveatur,
668 1617 768 1671 quid
800 1617 1004 1656 facturam
1045 1619 1192 1669 putas?
1234 1629 1286 1655 an
1319 1629 1389 1662 ea,
1422 1629 1530 1669 quae
1563 1629 1636 1669 per
1667 1617 1887 1657 vinitorem
1919 1622 2039 1657 antea

273 1681 631 1734 consequebatur,
664 1694 738 1733 per
769 1694 812 1719 se
844 1680 933 1733 ipsa
964 1679 1155 1718 curabit?
1202 1679 1283 1717 Sed
1315 1679 1488 1718 videsne
1521 1692 1781 1718 accessuram
1815 1681 1851 1719 ei
1884 1693 2037 1726 curam,

223 1755 259 1782 ⁶25
273 1750 319 1784 ut
352 1757 500 1784 sensus
533 1756 704 1796 quoque
745 1755 843 1781 suos
876 1754 1108 1794 eorumque
1141 1754 1306 1779 omnem
1337 1740 1571 1793 appetitum
1603 1746 1643 1780 et
1674 1742 1706 1781 si
1740 1754 1824 1794 qua
1855 1741 1938 1780 sint
1967 1741 2039 1781 ad-

272 1807 414 1846 iuncta
445 1807 481 1845 ei
514 1805 698 1844 membra
729 1805 923 1844 tueatur?
972 1803 1039 1842 Sic
1071 1802 1122 1842 ad
1155 1803 1244 1849 illa,
1279 1815 1387 1855 quae
1419 1816 1585 1854 semper
1613 1803 1780 1849 habuit,
1813 1804 1957 1856 iunget
1978 1817 2038 1851 ea,

273 1882 380 1923 quae
418 1873 563 1921 postea
604 1866 877 1913 accesserint,
917 1878 992 1904 nec
1037 1864 1212 1904 eundem
1245 1862 1368 1903 finem
1399 1864 1590 1911 habebit,
1631 1878 1754 1917 quem
1788 1865 1921 1903 cultor
1951 1866 2039 1904 eius

272 1930 469 1977 habebat,
502 1930 575 1970 sed
607 1929 718 1969 volet
749 1928 980 1968 secundum
1013 1940 1103 1967 eam
1135 1932 1346 1973 naturam,
1382 1939 1489 1979 quae
1520 1931 1667 1979 postea
1690 1928 1726 1966 ei
1749 1926 1943 1966 adiuncta
1965 1932 2039 1974 est,

274 1993 425 2033 vivere.
483 1993 543 2032 lta
582 1992 729 2032 similis
769 1991 846 2030 erit
885 1990 922 2029 ei
967 1988 1056 2029 finis
1099 1989 1196 2028 boni
1233 1994 1356 2040 atque
1399 1992 1520 2027 antea
1557 1988 1711 2036 fuerat,
1758 2002 1898 2041 neque
1928 1988 2037 2029 idem

222 2061 430 2096 30tamen:
472 2069 554 2095 non
597 2055 705 2094 enim
736 2053 818 2093 iam
849 2052 990 2105 stirpis
1020 2052 1176 2091 bonum
1210 2056 1400 2104 quaeret,
1442 2050 1513 2089 sed
1555 2051 1759 2091 animalis.
1822 2051 1964 2098 Quid?
2006 2051 2039 2090 si

273 2131 357 2157 non
390 2131 537 2157 sensus
564 2117 690 2156 modo
713 2116 749 2155 ei
773 2116 827 2155 sit
849 2116 992 2161 datus,
1026 2127 1167 2153 verum
1190 2114 1313 2152 etiam
1334 2113 1498 2152 animus
1525 2112 1727 2160 hominis,
1761 2127 1846 2152 non
1868 2127 2039 2154 necesse

274 2184 337 2219 est
367 2185 409 2219 et
438 2179 511 2219 illa
542 2180 718 2233 pristina
748 2191 936 2224 manere,
979 2182 1024 2215 ut
1054 2175 1209 2215 tuenda
1239 2175 1341 2222 sint,
1374 2180 1415 2214 et
1444 2175 1547 2214 haec
1580 2176 1711 2214 multo
1745 2189 1835 2215 esse
1868 2176 2040 2223 cariora,

276 2255 383 2295 quae
424 2242 697 2288 accesserint,
737 2240 949 2292 animique
990 2238 1189 2291 optimam
1228 2251 1436 2290 quamque
1478 2243 1636 2290 partem
1678 2237 1957 2285 carissimam,
1999 2240 2039 2278 in

275 2318 407 2358 eaque
440 2305 682 2358 expletione
714 2308 885 2342 naturae
918 2301 1068 2341 summi
1098 2300 1196 2339 boni
1228 2298 1350 2339 [inem
1382 2301 1631 2347 consistere,
1664 2314 1758 2340 cum
1790 2301 1909 2353 longe
1938 2302 2041 2342 mul-

363 2510 393 2540 2.
419 2512 493 2540 sunt
524 2509 720 2540 Ernestius:
755 2508 819 2538 sint
849 2507 952 2538 codd.
980 2508 1014 2538 et
1044 2508 1068 2538 O
1104 2525 1136 2529 —
1171 2516 1236 2537 non
1268 2506 1463 2538 Manutius:
1497 2514 1567 2537 om.
1595 2506 1698 2537 codd.
1727 2523 1761 2527 —
1793 2515 1906 2537 eorum
1938 2508 2040 2538 codd.

277 2577 311 2581 —
346 2560 376 2590 3.
403 2568 467 2590 non
497 2560 728 2590 inscite-—we
753 2558 928 2598 putisceret
953 2559 1081 2589 Nonius
1106 2556 1290 2588 Marcellus
1315 2565 1393 2596 pag.
1423 2557 1495 2586 161.
1525 2574 1559 2578 —-
1594 2557 1742 2586 animam
1759 2574 1806 2578 —-
1824 2557 1937 2587 datam
1962 2566 2042 2588 cum

276 2609 442 2641 Lanibino
464 2612 489 2641 O
508 2628 544 2632 —
571 2609 601 2640 4..
625 2609 799 2648 putisceret
822 2609 971 2640 Nonius:
994 2610 1176 2647 putesceret
1199 2606 1390 2646 Madvigius
1417 2607 1447 2636 in
1466 2605 1689 2636 adnotatione
1709 2605 1795 2644 (coll.
1823 2606 1924 2638 Tusc.
1944 2607 2041 2647 Disp.

275 2661 305 2696 Ι,
333 2659 350 2699 S
377 2660 448 2689 402.
476 2659 518 2690 dc
550 2661 671 2690 natura
705 2659 853 2690 deorum
884 2660 928 2697 ΙΙ,
963 2659 981 2699 ἓ
1009 2658 1099 2697 1160);
1130 2659 1328 2697 putresceret
1358 2655 1460 2687 codd.
1490 2674 1524 2678 -
1557 2657 1588 2686 5.
1616 2656 1750 2694 aliquod
1779 2657 1841 2687 BE
1873 2673 1906 2677 —
1943 2660 1979 2687 ut
2011 2658 2044 2687 in

275 2708 427 2745 caniba&
453 2712 488 2738 ut
511 2710 543 2739 111
569 2710 658 2747 cquis
683 2709 737 2739 ed.
760 2710 891 2749 prima:
917 2711 953 2738 ut
976 2709 1010 2737 in.
1033 2707 1183 2741 canibus,
1210 2707 1243 2736 in
1268 2706 1358 2744 equis
1382 2706 1427 2741 Β;
1454 2706 1486 2735 in
1512 2705 1664 2743 omnbus,
1690 2706 1723 2735 in¹
1748 2706 1838 2744 equis
1854 2708 1890 2736 O.
1919 2706 1967 2737 Cf.
1988 2707 2041 2743 ΙΙΙ,

277 2759 295 2798 g
320 2759 372 2789 5¹.
403 2775 435 2778 —
464 2758 516 2788 ⁴⁴¹2.
542 2757 650 2798 rilem]
676 2761 705 2788 61
728 2759 838 2797 1119616
861 2758 888 2788 D
910 2775 943 2778 —
972 2757 1024 2787 43.
1050 2756 1203 2797 vetulam]
1229 2756 1372 2786 >vetulam
1397 2756 1534 2785 dicimus
1557 2756 1581 2786 B
1603 2773 1637 2777 —
1664 2754 1716 2786 44.
1743 2755 1942 2785 annualibus
1966 2756 1988 2786 B
2007 2773 2041 2777 —-

277 2809 328 2839 116.
355 2807 537 2837 circumdat
561 2808 584 2837 B
607 2825 640 2828 —
669 2809 720 2838 117.
748 2807 959 2838 adminicula!
984 2807 1026 2837 B:
1054 2805 1308 2837 adminiculetur
1324 2805 1395 2835 ΜΟ
1416 2823 1450 2826 -
1474 2805 1596 2843 possint
1614 2805 1787 2835 Davisius:
1814 2806 1912 2843 possit
1937 2804 2041 2836 codd.

280 2876 313 2880 —-
343 2858 394 2888 48.
417 2857 541 2895 possint
566 2858 758 2888 Manutius:
788 2860 917 2896 possent
941 2855 1043 2887 codd.
1074 2856 1187 2893 (etiam
1213 2855 1251 2892 E)
1279 2873 1313 2876 —
1346 2855 1397 2884 49.
1425 2855 1463 2885 dc
1485 2854 1559 2894 vite]
1585 2854 1685 2885 debite
1711 2854 1771 2885 BE
1799 2855 1847 2891 (dc
1869 2854 1949 2891 vile,
1976 2864 2042 2885 non

275 2907 353 2945 uiti,
381 2915 449 2945 mg.
477 2906 512 2944 E)
542 2924 576 2928 —
603 2907 656 2937 ⁶20.
683 2908 716 2937 id
739 2916 807 2938 0111.
835 2908 859 2937 Β
888 2925 920 2928 —
954 2905 1087 2945 parum]
1112 2906 1236 2943 parlim
1262 2906 1283 2935 B
1301 2904 1323 2934 Ε
1351 2921 1386 2925 -
1423 2904 1503 2933 inest
1527 2904 1572 2934 B:
1598 2906 1643 2934 est
1667 2904 1692 2934 O
1720 2921 1753 2924 —
1782 2903 1834 2934 23.
1861 2903 1933 2942 ipsa
1958 2904 2043 2935 Cra—

277 2956 416 2987 tander:
441 2956 549 2995 ipsam
573 2956 674 2987 codd.
695 2958 729 2987 et
746 2958 770 2987 O
792 2974 825 2978 -
853 2957 939 2995 quod
960 2956 1039 2996 fact.
1059 2956 1081 2986 B
1097 2956 1121 2986 E
1145 2972 1179 2976 -—
1207 2955 1317 2994 antea]
1336 2957 1412 2984 ante
1429 2954 1451 2984 B
1473 2971 1508 2975 —
1536 2952 1588 2984 24.
1609 2954 1681 2992 ipsa
1701 2952 1911 2983 Cratander:
1937 2953 2044 2992 ipsam

277 3006 379 3038 codd.
408 3006 522 3044 (etiam
548 3006 581 3043 F.)
609 3007 642 3036 et
666 3007 690 3036 O
719 3022 752 3028 —
780 3007 833 3037 2¹5.
858 3009 894 3037 ut
916 3005 1035 3046 sensus]
1060 3008 1089 3036 et
1112 3013 1222 3035 sensus
1246 3005 1268 3035 B
1285 3005 1308 3034 F,
1336 3021 1370 3025 —
1397 3011 1524 3034 omnem
1548 3004 1571 3034 B
1588 3004 1610 3033 C
1628 3004 1669 3034 1):
1697 3003 1843 3034 omnium
1867 3004 1892 3033 O
1918 3019 1952 3024 -
1980 3003 2043 3032 ad-

276 3057 388 3087 iuncta
411 3056 438 3086 ei
462 3055 608 3085 ottembra
631 3056 673 3086 B:
700 3056 728 3086 ci
751 3056 897 3086 membra
922 3056 1079 3086 adiuncta
1096 3055 1121 3084 O
1142 3072 1176 3076 —
1204 3054 1256 3084 28.
1276 3053 1359 3093 eum]
1385 3054 1453 3084 eins
1473 3054 1496 3083 B
1519 3069 1552 3074 —
1581 3056 1625 3083 est
1642 3053 1853 3092 Madvigius:
1880 3053 1920 3083 sit
1937 3053 2038 3083 codd.

278 3109 312 3137 et
336 3107 360 3137 Ο
385 3122 419 3127 -
446 3105 500 3136 h29.
527 3105 555 3136 ei
580 3105 807 3136 Goercnzius:
835 3109 863 3136 61
881 3106 983 3136 codd.
1006 3123 1039 3127 -—
1068 3105 1119 3135 30.
1148 3104 1232 3143 Quid
1255 3104 1281 3133 si
1306 3105 1347 3134 B:
1377 3104 1468 3141 Quod
1491 3103 1517 3133 si
1542 3105 1566 3134 O
1589 3122 1621 3126 --
1650 3104 1701 3134 31.
1728 3104 1823 3133 1ηιοάο
1846 3111 1954 3133 sensus
1976 3112 2040 3132 ηοη,

278 3156 336 3187 BE
362 3174 395 3178 —
422 3156 518 3186 datus
539 3155 579 3185 sit
602 3156 626 3185 B
646 3172 679 3176 —-
707 3156 805 3186 eliam
829 3155 968 3195 animus]
995 3155 1125 3185 animus
1148 3157 1193 3185 cst
1216 3155 1314 3184 etiam
1338 3153 1468 3183 animus
1485 3154 1528 3190 B3
1555 3154 1656 3184 etiam
1679 3153 1821 3187 animus,
1853 3155 1882 3182 et
1910 3153 2040 3182 animus

279 3214 359 3237 cum
383 3206 535 3236 Victorio
561 3206 585 3235 O
608 3223 641 3228 —
668 3205 832 3236 hominis?
856 3216 919 3236 non
944 3206 987 3236 M.
1015 3204 1064 3236 Cf.
1084 3204 1182 3234 Verr.
1204 3204 1242 3241 V,
1270 3203 1287 3242 5²
1312 3202 1364 3234 84..
1387 3220 1421 3224 —
1449 3202 1501 3233 232.
1528 3203 1574 3242 ut]
1599 3203 1643 3233 ad
1668 3202 1690 3232 B
1720 3220 1753 3224 —
1782 3200 1901 3231 tuenda
1925 3201 1988 3232 sint
2011 3204 2040 3232 et

278 3257 357 3287 haec
381 3254 545 3287 Orellius:
572 3255 710 3286 tuendas
733 3254 816 3285 inter
838 3255 916 3286 haec
942 3255 964 3285 Β
990 3255 1024 3285 et
1048 3255 1071 3285 P
1096 3252 1272 3292 Madvigii3
1299 3253 1420 3284 tuenda
1442 3253 1527 3283 inter
1549 3252 1628 3283 haec
1651 3251 1759 3283 ceteri
1783 3250 1886 3282 codd.
