2249 3624
611 156 700 196 Lm.
731 156 780 196 v.
821 156 919 197 cip.
951 155 1130 197 111—v.
1170 153 1228 207 §§
1260 151 1428 195 7-42.
1826 149 1903 193 479

136 270 260 309 missa
297 269 362 308 sit.
423 268 533 316 Quin
573 269 716 315 etiam,
759 282 852 308 cum
891 269 941 308 de
983 282 1119 308 rerum
1162 268 1292 307 initiis
1333 268 1532 320 omnique
1576 265 1732 306 mundo
1773 265 1902 305 locuti

135 337 296 377 essent,
341 336 385 370 ut
417 332 543 371 multa
574 345 657 370 non
691 332 815 371 modo
849 332 1049 385 probabili
1083 332 1467 381 argumentatione,
1499 329 1571 370 sed
1604 329 1728 368 etiam
1762 342 1905 368 neces-

134 395 244 433 saria
274 394 662 433 mathematicorum
685 395 846 434 ratione
869 394 1190 437 concluderent,
1223 394 1444 433 maximam
1470 392 1683 432 materiam
1706 406 1758 432 ex
1780 392 1905 431 rebus

136 470 208 508 per
238 470 281 496 se
314 456 573 507 investigatis
605 456 655 495 ad
683 470 820 496 rerum
843 457 1097 495 occultarum
1122 456 1404 506 cognitionem
1428 456 1670 495 attulerunt.
1728 451 1786 492 10.
1812 455 1906 492 Per-

134 523 302 556 secutus
335 523 395 556 est
426 519 670 557 Aristoteles
701 519 1183 558 animantiumomnium
1209 524 1345 564 ortus,
1380 518 1534 564 victus,
1566 517 1739 569 figuras,
1772 517 1936 555 Theo-5

134 580 327 631 phrastus
368 585 506 618 autem
549 581 739 631 stirpium
781 587 947 619 naturas
980 581 1252 632 omniumque
1285 580 1371 619 fere
1404 594 1564 626 rerum,
1604 594 1711 633 quae
1744 593 1765 619 e
1798 584 1905 619 terra

132 642 423 691 gignerentur,
462 654 606 679 causas
639 648 764 693 atque
795 643 999 688 rationes,
1041 656 1122 694 qua
1156 657 1205 680 ex
1239 644 1475 691 cognitione
1507 642 1673 682 facilior
1704 642 1812 682 facta
1844 646 1906 681 est

132 703 397 754 investigatio
431 716 565 741 rerum
598 704 988 742 occultissimarum.
1049 704 1376 757 Disserendiqiw,
1408 705 1459 743 ab
1494 705 1626 744 isdem
1660 718 1743 744 non
1777 703 1906 743 diale-

132 763 235 802 ctice
269 764 427 811 solum,
459 765 532 803 sed
565 766 686 804 etiam
715 766 916 811 oratorie,
950 772 1171 817 praecepta
1196 772 1293 805 sunt
1318 768 1489 812 tradita,
1521 768 1572 805 ab
1594 766 1905 820 Aristoteleque

132 825 320 878 principe
364 826 415 865 de
458 827 633 879 siugulis
675 827 799 866 rebus
839 828 879 866 iu
925 834 1143 880 utramque
1177 834 1334 880 partem
1369 829 1534 868 (licendi
1567 830 1812 869 exercitatio
1845 834 1956 868 est⁴0

132 889 344 935 instituta,
376 894 422 928 ut
454 902 535 927 non
559 896 703 928 contra
727 890 866 929 omnia
889 903 1074 941 semper,
1107 890 1213 928 sicut
1235 890 1465 936 Arcesilas,
1499 891 1673 938 diceret,
1707 897 1906 931 ettamen

132 955 175 989 ut
206 951 248 989 in
280 951 474 990 omnibus
506 952 630 991 rebus
665 951 867 1005 quicquid
901 966 952 991 ex
985 958 1162 1004 utraque
1196 958 1310 1004 parte
1345 952 1425 991 dici
1459 959 1601 1005 posset
1630 958 1906 1006 expromeret.

138 1008 196 1050 ll.
229 1012 332 1051 Cum
364 1019 504 1053 autem
538 1015 657 1054 tertia
690 1028 785 1067 pars
816 1014 923 1053 bene
946 1015 1113 1053 vivendi
1147 1020 1368 1067 praecepta
1391 1021 1632 1067 quaereret,
1666 1028 1713 1054 ea
1737 1029 1906 1068 quoque

130 1079 192 1114 est
223 1075 273 1114 ab
306 1075 440 1115 isdem
473 1090 558 1115 non
590 1077 725 1116 solum
758 1076 809 1116 ad
843 1077 1027 1130 privatae
1056 1077 1164 1116 vitae
1197 1076 1421 1123 rationem,
1455 1076 1526 1116 sed
1549 1078 1673 1116 etiam
1696 1076 1745 1116 ad
1770 1090 1906 1116 rerum

129 1136 392 1190 publicarum
434 1139 663 1179 rectionem
696 1139 838 1179 relata.
898 1139 1095 1178 Omnium
1127 1138 1214 1177 sere
1247 1139 1462 1178 civitatum
1494 1152 1576 1178 non
1611 1139 1808 1179 Graeciae
1841 1151 1957 1179 so-i5

127 1199 235 1246 lum,
275 1200 348 1240 sed
381 1201 505 1241 etiam
537 1202 775 1249 barbariae,
812 1202 862 1242 ab
894 1200 1116 1240 Aristotele
1150 1215 1304 1247 mores,
1345 1202 1555 1249 instituta,
1589 1201 1852 1254 disciplinas,
1884 1214 1907 1240 a

128 1261 420 1315 Theophrasto
453 1264 566 1316 leges
600 1264 723 1303 etiam
757 1264 1046 1316 cognovimus.
1099 1263 1287 1316 Cumque
1311 1269 1489 1316 uterque
1513 1277 1657 1303 eorum
1679 1264 1907 1310 docuisset,

127 1324 293 1377 qualem
325 1326 369 1365 in
401 1339 446 1366 re
478 1326 645 1379 publica
677 1327 909 1379 principem
941 1340 1019 1365 esse
1050 1327 1314 1372 conveniret,
1348 1326 1539 1378 pluribus
1572 1331 1787 1379 praeterea
1808 1339 1907 1366 con-

129 1387 388 1439 scripsisset,
421 1389 492 1441 qui
525 1394 635 1428 esset
657 1389 838 1441 optimus
870 1389 928 1428 rei
962 1388 1152 1441 publicae
1176 1394 1328 1436 status,
1359 1388 1440 1428 hoc
1463 1388 1641 1441 amplius
1664 1387 1908 1441 Theophra-

128 1453 240 1496 stus,
273 1463 381 1503 quae
414 1456 554 1491 essent
584 1451 625 1490 in
658 1464 700 1490 re
739 1451 905 1503 publica
935 1464 1072 1491 rerum
1104 1451 1400 1491 inclinationes
1433 1456 1475 1491 et
1504 1455 1715 1491 momenta
1746 1455 1907 1503 tempo·
1921 1464 1958 1493 20

127 1524 239 1559 rum,
273 1513 427 1566 quibus
459 1519 569 1554 esset
600 1514 922 1561 moderandum,
955 1519 1184 1566 utcumque
1216 1526 1281 1552 res
1313 1513 1560 1565 postularet.
1619 1513 1736 1553 Vitae
1767 1518 1906 1552 autem

128 1574 344 1627 degendae
384 1576 491 1616 ratio
533 1577 715 1616 maxime
752 1575 834 1615 illis
873 1576 1043 1630 quidem
1086 1575 1244 1627 placuit
1276 1576 1436 1628 quieta,
1479 1575 1521 1614 in
1554 1574 1906 1628 contemplatione

128 1642 168 1676 et
198 1638 438 1690 cognitione
469 1639 608 1691 posita
638 1651 799 1685 rerum,
840 1651 948 1692 quae
981 1638 1079 1692 quia
1111 1637 1285 1677 deorum
1318 1637 1426 1677 vitae
1459 1642 1548 1677 erat
1579 1637 1811 1684 simillima,
1843 1649 1908 1676 sa-

124 1699 266 1753 piente
298 1701 388 1741 visa
420 1707 483 1740 est
514 1700 772 1754 dignissima.
831 1702 968 1755 Atque
1006 1700 1071 1740 his
1104 1699 1155 1739 de
1187 1699 1310 1740 rebus
1343 1705 1383 1739 et
1415 1699 1636 1753 splendida
1667 1704 1730 1739 est
1761 1711 1905 1738 eorum

126 1766 167 1801 et
197 1761 374 1803 illustris
407 1764 554 1803 oratio.
1920 1776 1957 1805 25

239 1825 287 1864 V.
320 1822 386 1865 4⁵2.
417 1827 477 1866 De
510 1840 671 1866 summo
702 1832 840 1867 autem
862 1827 975 1866 bono
999 1825 1097 1879 quia
1123 1824 1205 1865 duo
1229 1837 1383 1877 genera
1404 1824 1605 1865 librorum
1627 1830 1744 1872 sunt,
1775 1837 1906 1864 unum

128 1887 391 1941 populariter
436 1889 658 1942 scriptum,
706 1889 822 1943 quod
862 1887 1112 1944 ἐξωτερικόν
1151 1887 1440 1940 appellabant,
1481 1887 1656 1927 alterum
1699 1887 1904 1933 limatius,

128 1950 240 2003 quod
278 1950 321 1990 in
363 1952 672 1992 commentariis
713 1952 999 2004 reliquerunt,
1040 1963 1125 1990 non
1157 1963 1325 2002 semper
1366 1949 1477 1989 idem
1520 1949 1657 1989 dicere
1696 1948 1905 1996 videntur,

127 2025 205 2052 nec
238 2013 283 2053 in
315 2027 475 2054 summa
505 2020 644 2055 tamen
676 2016 768 2069 ipsa
800 2020 872 2054 aut
901 2014 1077 2053 varietas
1109 2018 1173 2052 est
1203 2011 1288 2051 ulla
1321 2011 1433 2065 apud
1464 2011 1542 2051 hos
1573 2011 1766 2065 quidem,
1799 2024 1906 2064 quos

127 2075 365 2124 nominavi,
397 2082 468 2116 aut
497 2078 607 2117 inter
636 2078 751 2131 ipsos
784 2076 1005 2117 dissensio.
1057 2074 1138 2114 Sed
1161 2088 1254 2114 cum
1281 2074 1403 2114 beata
1424 2074 1509 2114 vita
1530 2079 1756 2127 quaeratur
1775 2074 1905 2127 idque
1919 2087 1956 2117 30

127 2136 182 2176 sit
211 2151 367 2186 unum,
401 2139 515 2192 quod
546 2139 815 2193 philosophia
845 2144 1034 2192 spectare
1067 2144 1107 2177 et
1139 2137 1260 2190 sequi
1292 2137 1463 2184 debeat,
1495 2136 1604 2176 sitne
1636 2150 1685 2177 ea
1715 2141 1803 2177 tota
1824 2137 1906 2176 sita

126 2200 168 2239 in
211 2206 418 2254 potestate
450 2202 649 2256 sapientis
682 2216 733 2242 an
771 2202 907 2255 possit
939 2206 1011 2241 aut
1041 2199 1282 2240 labefactari
1313 2206 1383 2239 aut
1413 2199 1518 2252 eripi
1548 2199 1673 2239 rebus
1704 2199 1905 2247 adversis,

128 2262 170 2301 in
202 2276 252 2303 eo
285 2277 369 2304 non
399 2277 630 2318 numquam
660 2264 814 2304 variari
846 2265 956 2304 inter
987 2277 1057 2303 eos
1085 2268 1124 2303 et
1147 2262 1329 2302 dubitari
1350 2262 1529 2302 videtur.
1578 2261 1701 2309 Quod
1724 2260 1905 2300 maxime

127 2321 251 2365 efficit
281 2325 563 2380 Theophrasti
597 2328 648 2367 de
679 2327 801 2367 beata
831 2328 915 2367 vita
946 2326 1070 2373 liber,
1113 2326 1154 2365 in
1187 2338 1271 2378 quo
1310 2325 1486 2364 multum
1518 2323 1745 2363 admodum
1775 2322 1906 2362 fortu-

127 2399 205 2427 nae
246 2387 379 2428 datur.
442 2388 565 2436 Quod
610 2389 644 2429 si
686 2390 742 2429 ita
773 2403 816 2429 se
846 2388 1019 2435 habeat,
1060 2401 1143 2427 non
1175 2387 1308 2440 possit
1337 2387 1501 2426 beatam
1532 2386 1659 2426 vitam
1690 2390 1903 2439 praestare
1917 2400 1954 2429 35

127 2451 346 2503 sapientia.
407 2451 522 2491 Haec
552 2451 655 2491 mihi
687 2452 853 2492 videtur
883 2451 1121 2496 delicatior,
1154 2455 1199 2489 ut
1229 2451 1288 2488 ita
1319 2449 1478 2496 dicam,
1509 2447 1765 2501 molliorque
1797 2446 1903 2487 ratio

129 2525 253 2565 quam
284 2513 447 2554 virtutis
478 2514 542 2553 vis
582 2514 845 2568 gravitasque
886 2513 1084 2566 postulat.
1139 2512 1279 2560 Quare
1312 2516 1532 2550 teneamus
1562 2509 1832 2549 Aristotelem
1864 2514 1906 2549 et

128 2574 217 2615 eius
247 2573 380 2616 filium
409 2576 738 2624 Nicomachum,
772 2577 889 2616 cuius
921 2580 1114 2616 accurate
1146 2574 1287 2627 scripti
1309 2573 1360 2612 de
1381 2572 1568 2612 moribus
1590 2571 1686 2611 libri
1709 2571 1906 2611 dicuntur

127 2635 188 2676 illi
218 2635 391 2690 quidem
422 2650 514 2678 esse
545 2638 784 2687 Aristoteli,
817 2639 889 2679 sed
917 2651 1000 2679 non
1023 2638 1166 2685 video,
1199 2649 1271 2676 cur
1292 2649 1376 2676 non
1397 2635 1582 2689 potuerit
1602 2634 1733 2687 patris
1755 2633 1905 2674 similis

214 2828 245 2859 3.
271 2828 559 2860 matematicorum
583 2829 626 2867 E3
653 2830 687 2861 in
710 2830 999 2862 achademicorum
1024 2830 1047 2860 B
1077 2847 1110 2851 —
1139 2829 1268 2859 ratione
1292 2835 1362 2857 om.
1383 2826 1409 2857 D
1432 2843 1465 2847 —
1493 2824 1525 2856 4.
1551 2825 1740 2857 Persecutus
1755 2826 1906 2867 —-fi9u-

128 2886 186 2908 ras
207 2879 339 2910 Nonius
363 2878 547 2911 Marcellus
572 2888 606 2920 p.
634 2880 709 2912 ⁶232.
734 2898 769 2902 —
797 2882 827 2912 5.
855 2884 899 2912 est
924 2889 994 2911 om.
1021 2880 1045 2910 B
1070 2881 1106 2911 et
1130 2879 1273 2910 Nonius.
1301 2894 1335 2898 —-
1361 2877 1501 2916 figuras.
1530 2875 1766 2915 Theophrastus
1782 2892 1829 2898 --
1845 2884 1906 2906 ra-

129 2927 240 2959 tiones.
268 2928 341 2968 Qua
365 2929 390 2959 Ο
415 2944 451 2949 -
479 2929 510 2960 6.
537 2937 553 2960 e
577 2937 647 2960 om.
674 2930 698 2960 B
727 2948 762 2951 —
789 2931 819 2961 7.
847 2939 890 2962 ea:
913 2929 1117 2970 coqitacione
1141 2929 1163 2959 B
1186 2944 1219 2950 -—
1249 2928 1278 2958 8.
1306 2926 1438 2964 hysdem
1462 2925 1505 2961 B;
1533 2925 1651 2957 eisdem
1672 2927 1697 2957 O
1717 2943 1752 2948 —
1780 2924 1832 2956 44-
1858 2926 1906 2955 is-

130 2976 201 3008 dem
223 2977 267 3008 B:
295 2977 416 3010 eisdem
433 2978 458 3009 O
479 2995 514 3000 —
541 2979 585 3009 ad
608 2988 721 3010 rerum
737 2997 785 3002 --
802 2981 855 3011 sed
879 2980 979 3012 etiam
996 2987 1065 3010 om.
1086 2979 1109 3009 B
1132 2996 1165 3000 —
1195 2978 1247 3009 1¹8.
1267 2985 1332 3007 esse
1351 2975 1405 3006 ed.
1427 2974 1675 3006 Cratandrina:
1703 2983 1773 3006 om.
1801 2973 1905 3006 codd.

132 3043 166 3048 —
194 3027 248 3058 ⁴9.
273 3030 443 3058 status„
459 3027 494 3058 in
516 3036 554 3060 re
575 3028 706 3068 publica
731 3038 801 3060 om.
827 3030 851 3060 B
880 3048 913 3052 —
950 3029 1002 3060 ΞΟ.
1028 3037 1142 3059 rerum
1166 3027 1395 3058 inclinationes
1419 3026 1460 3056 B:
1492 3025 1720 3057 inclinationes
1743 3033 1857 3056 rerum
1881 3024 1906 3055 Ο

133 3092 168 3098 -
194 3076 247 3107 2⁴.
273 3080 444 3116 etcumque
465 3077 490 3108 B
505 3078 531 3109 E
549 3094 584 3100 —
605 3079 658 3109 ⁶22.
685 3079 859 3121 degendae]
884 3079 1054 3119 eliyendac
1078 3079 1101 3108 B
1118 3079 1141 3108 (Σ
1171 3095 1204 3099 —-
1232 3077 1295 3106 illis
1319 3076 1448 3115 quidem
1471 3075 1516 3106 B:
1544 3076 1673 3114 quidem
1698 3076 1763 3107 illis
1787 3074 1853 3106 MO
1869 3091 1903 3095 —

130 3125 182 3156 ⁶23.
208 3127 274 3159 uite
296 3130 370 3159 erat
391 3127 437 3158 B:
468 3131 542 3159 erat
564 3129 653 3159 citae
678 3129 749 3159 MO
777 3146 812 3152 -
845 3129 898 3160 ⁶28.
926 3130 1101 3160 rideantur
1125 3128 1149 3159 E
1177 3145 1210 3149 -
1239 3127 1290 3157 3⁰.
1318 3127 1415 3157 dissio
1438 3125 1501 3157 BE
1529 3144 1564 3148 -
1591 3126 1645 3157 37¹.
1668 3123 1907 3164 philosophiam

132 3174 154 3204 B
182 3192 218 3198 —
244 3176 298 3209 32.
324 3180 383 3208 aut
405 3177 516 3218 labefi]
542 3186 586 3209 an
610 3177 705 3217 labes.
730 3179 754 3209 B
775 3196 810 3201 —
837 3178 890 3210 35.
916 3179 1018 3209 vitam
1039 3181 1213 3218 praestare
1237 3177 1280 3207 B:
1307 3180 1480 3215 praestare
1510 3175 1613 3207 vitam
1638 3174 1663 3205 Ο
1692 3192 1725 3196 -
1753 3172 1806 3203 39.
1829 3172 1907 3202 Ari-

131 3224 233 3256 stoteli
262 3226 305 3257 B:
337 3226 519 3259 Aristotelis
549 3227 574 3258 Ο
601 3244 635 3249 -
668 3228 777 3266 patris
799 3227 1009 3259 Lambinus:
1038 3228 1131 3267 patri
1161 3226 1263 3257 codd.
1292 3228 1324 3257 et
1357 3226 1442 3258 Mo,
1482 3225 1532 3257 Cf.
1560 3226 1631 3257 Cic.
1659 3225 1691 3255 in
1717 3223 1816 3255 Verr.
1844 3222 1903 3258 llI7

133 3271 238 3312 §⁴60
263 3276 298 3307 et
321 3276 397 3309 462.
431 3276 472 3317 V,
498 3275 517 3317 ἓ
542 3276 595 3309 30.
622 3277 723 3309 Tusc.
750 3278 775 3316 1,
803 3276 821 3317 5
845 3277 898 3309 84.
926 3277 969 3308 de
995 3277 1090 3309 Offic.
1121 3278 1148 3311 l,
1176 3276 1194 3315 g
1225 3276 1298 3308 121.
