2249 3624
259 189 340 231 662
980 191 1051 229 DE
1083 189 1309 230 OFFICIIS

258 306 306 342 ut
337 300 494 340 diceret
521 299 676 340 frustra
714 311 759 337 se
794 296 1051 350 triumphum
1082 296 1251 335 tertium
1284 295 1599 348 deportaturum
1629 296 1783 344 fuisse,
1822 297 1901 338 nisi
1931 312 2026 340 meo

256 366 300 405 in
330 378 419 404 rem
449 363 659 416 publicam
690 358 894 400 beneficio
926 358 997 398 ubi
1029 358 1305 411 triumpharet
1335 363 1446 398 esset
1474 358 1706 399 habiturus.
1765 360 1871 400 Sunt
1899 361 2029 413 igitur

259 426 511 468 domesticae
542 423 809 464 fortitudines
841 436 926 463 non
956 421 1178 462 inferiores
1210 419 1482 461 militaribus:
1514 421 1558 463 in
1590 422 1744 475 quibus
1776 423 1871 476 plus
1903 424 2029 465 etiam

259 502 385 543 quam
415 488 458 527 in
489 487 554 526 his
586 499 738 539 operae
770 485 983 538 studiique
1015 483 1259 538 ponendum
1291 488 1367 523 est.

226 562 245 591 5
372 550 526 590 XXIII.
558 547 626 588 79.
662 548 844 588 Omnino
876 547 981 587 illud
1014 549 1249 593 honestum,
1281 545 1393 599 quod
1429 560 1480 585 ex
1511 546 1652 586 animo
1680 547 1850 588 excelso
1872 550 2032 601 magni-

256 615 422 667 ficoque
462 612 728 666 quaerimus,
770 611 897 651 animi
930 608 1130 657 efficitur,
1170 623 1255 649 non
1287 609 1472 662 corporis
1504 609 1677 649 viribus.
1737 611 2032 653 Exercendum

257 684 396 719 tamen
437 687 586 728 corpus
626 679 666 712 et
705 674 762 712 ita
796 670 1071 712 *afficiendum
1114 678 1201 719 est,
1246 678 1291 711 ut
1330 672 1532 712 oboedire
1572 673 1750 713 consilio
1790 674 2032 728 rationique

257 739 390 796 possit
420 738 463 777 in
496 735 779 789 exsequendis
810 735 991 787 negotiis
1025 740 1066 774 et
1096 734 1140 773 in
1172 732 1314 774 labore
1346 735 1583 774 tolerando.
1634 735 1867 775 Honestum
1890 742 2032 778 autem

256 803 320 849 id,
364 799 478 855 quod
511 799 794 852 exquirimus,
835 804 968 837 totum
1001 803 1063 838 est
1093 798 1278 850 positum
1309 797 1352 836 in
1383 798 1511 837 animi
1545 811 1645 837 cura
1678 803 1720 837 et
1750 798 2032 851 cogitatione:

207 875 242 905 10
257 867 299 906 in
331 878 414 918 quo
445 877 527 903 non
560 863 762 902 minorem
794 862 1017 901 utilitatem
1049 861 1227 901 afferunt
1259 861 1331 914 qui
1363 862 1492 913 togati
1523 861 1583 900 rei
1615 860 1806 913 publicae
1834 867 2034 914 praesunt

258 941 383 982 quam
415 926 487 980 qui
520 925 677 965 bellum
709 929 871 977 gerunt.
932 925 1078 978 Itaque
1116 937 1263 964 eorum
1304 923 1483 963 consilio
1515 936 1642 975 saepe
1674 928 1746 962 aut
1775 937 1861 962 non
1890 937 2033 964 susce-

256 997 328 1044 pta
359 994 430 1029 aut
459 988 650 1029 confecta
681 988 791 1028 bella
823 992 940 1035 sunt,
978 1000 1063 1026 non
1096 999 1325 1039 numquam
1357 987 1479 1025 etiam
1511 985 1661 1033 inlata,
1694 991 1740 1025 ut
1769 987 1826 1026 M.
1863 987 2032 1028 Catonis

256 1053 410 1093 bellum
433 1052 600 1091 tertium
624 1051 838 1098 Punicum,
860 1051 903 1090 in
926 1065 1008 1104 quo
1032 1051 1154 1090 etiam
1178 1050 1330 1089 mortui
1352 1049 1484 1089 valuit
1504 1050 1745 1089 auctoritas.
1777 1047 1845 1089 80.
1872 1050 1965 1098 Qua
1986 1064 2032 1091 re

258 1114 492 1168 expetenda
524 1113 694 1166 quidem
726 1113 856 1166 magis
890 1118 952 1152 est
983 1112 1236 1152 decernendi
1269 1112 1374 1152 ratio
1406 1125 1530 1165 quam
1554 1111 1796 1156 decertandi
1816 1112 2033 1162 fortitudo,

209 1190 243 1219 45
258 1177 332 1218 sed
375 1175 606 1216 cavendum
647 1189 699 1215 ne
740 1175 782 1214 id
824 1175 1010 1215 bellandi
1041 1175 1173 1228 magis
1204 1174 1303 1227 fuga
1335 1188 1461 1227 quam
1493 1174 1682 1214 utilitatis
1713 1175 1876 1215 ratione
1906 1175 2035 1216 facia-

257 1254 362 1280 mus.
423 1239 586 1279 Bellum
632 1244 770 1278 autem
810 1238 868 1277 ita
909 1238 1186 1290 suscipiatur,
1227 1243 1273 1276 ut
1316 1237 1421 1276 nihil
1461 1236 1574 1276 aliud
1614 1236 1696 1276 nisi
1726 1250 1810 1290 pax
1842 1240 2036 1292 quaesita

258 1303 464 1344 videatur.
524 1302 659 1342 Fortis
701 1314 798 1341 vero
840 1301 967 1340 animi
1011 1306 1051 1340 et
1089 1300 1320 1340 constantis
1358 1306 1535 1339 estnon
1566 1300 1803 1352 perturbari
1834 1301 1878 1340 in
1908 1301 2034 1343 rebus

258 1365 417 1418 asperis
448 1377 526 1404 nee
557 1364 881 1403 tumultuantem
915 1363 965 1402 de
997 1362 1126 1415 gradu
1159 1362 1282 1409 deici,
1305 1368 1351 1402 ut
1373 1362 1539 1409 dicitur,
1562 1361 1635 1401 sed
1659 1363 1870 1414 praesenti
1893 1364 2033 1404 animo

257 1428 319 1468 uti
351 1433 392 1468 et
422 1428 599 1468 consilio
630 1441 707 1467 nec
737 1440 761 1467 a
792 1426 956 1466 ratione
988 1425 1218 1465 discedere.
1279 1423 1345 1464 81.
1370 1424 1638 1476 Quamquam
1659 1424 1741 1464 hoc
1763 1426 1905 1474 animi,
1928 1426 2035 1467 illud

203 1508 240 1536 ρο
259 1491 383 1531 etiam
416 1490 575 1542 ingenii
606 1490 743 1543 magni
778 1496 852 1536 est,
885 1489 1126 1542 praecipere
1159 1488 1412 1540 cogitatione
1443 1486 1584 1526 futura
1615 1492 1656 1526 et
1687 1487 1903 1540 aliquanto
1937 1494 2034 1529 ante

259 1553 540 1600 constituere,
582 1553 683 1606 quid
714 1552 905 1592 accidere
938 1552 1071 1605 possit
1101 1552 1143 1590 in
1175 1556 1396 1603 utramque
1427 1556 1587 1602 partem
1620 1555 1660 1589 et
1691 1551 1793 1602 quid
1824 1551 2035 1603 agendum

259 1617 324 1663 sit,
356 1629 447 1655 cum
481 1617 581 1669 quid
614 1616 812 1663 evenerit,
844 1629 920 1654 nec
954 1614 1214 1654 committere
1246 1619 1289 1652 ut
1311 1611 1538 1665 aliquando
1561 1611 1785 1653 dicendum
1807 1614 1883 1654 sit:
1917 1615 2035 1654 «Non

262 1686 488 1733 putaram.»
551 1679 663 1718 Haec
705 1684 802 1718 suut
844 1691 969 1731 opera
1009 1676 1147 1729 magni
1188 1674 1314 1715 animi
1346 1681 1387 1714 et
1418 1674 1575 1714 excelsi
1607 1680 1648 1714 et
1678 1675 1903 1728 prudentia
1934 1690 2035 1716 con-

259 1742 439 1795 silioque
480 1740 662 1781 fidentis.
730 1742 904 1780 Temere
945 1744 1084 1779 autem
1126 1739 1168 1778 in
1211 1739 1298 1778 acie
1340 1737 1497 1778 versari
1539 1742 1580 1776 et
1619 1750 1743 1777 mauu
1782 1752 1874 1778 cum
1912 1739 2034 1779 hoste

208 1817 244 1846 25
260 1805 486 1857 confligere
527 1805 706 1843 immane
749 1803 944 1857 quiddam
988 1807 1029 1841 et
1067 1801 1289 1841 beluarum
1328 1800 1463 1840 simile
1504 1805 1588 1847 est,
1631 1799 1705 1839 sed
1746 1813 1838 1840 cum
1870 1806 2034 1855 tempus

259 1868 574 1919 necessitasque
605 1866 807 1919 postulat,
840 1864 1140 1904 decertandum
1172 1877 1295 1903 manu
1328 1868 1392 1903 est
1422 1867 1463 1902 et
1494 1876 1605 1903 mors
1637 1863 1826 1903 servituti
1857 1864 2035 1917 turpitu-

262 1931 432 1984 dinique
464 1929 775 1983 anteponenda.

374 1993 526 2032 XXIV.
570 1990 636 2031 82.
677 1993 737 2030 De
771 1990 1008 2031 evertendis
1041 1995 1181 2030 autem
1212 1988 1546 2042 diripiendisque
1578 1987 1751 2027 urbibus
1782 1988 1903 2028 valde
1935 2002 2035 2029 eon-

262 2055 529 2096 siderandum
573 2060 635 2094 est
674 2067 726 2093 ne
768 2054 869 2107 quid
911 2060 1092 2101 temere,
1136 2067 1187 2093 ne
1230 2052 1330 2106 quid
1371 2050 1610 2091 crudeliter.
1678 2051 1813 2104 quue
1854 2057 1917 2092 est
1956 2052 2034 2093 viri

210 2133 246 2161 30
260 2119 422 2172 magni,
454 2118 578 2157 rebus
610 2116 775 2169 agitatis
806 2116 954 2169 punire
986 2122 1151 2163 sontes,
1191 2113 1503 2154 multitudinem
1537 2126 1811 2161 conservare,
1843 2114 1886 2153 in
1919 2115 2034 2154 omni

260 2183 428 2222 fortuna
468 2185 580 2220 recta
612 2186 738 2232 atque
771 2180 946 2217 honesta
978 2179 1173 2218 retinere.
1236 2178 1287 2217 Ut
1317 2176 1426 2216 enim
1460 2180 1580 2223 sunt,
1625 2188 1750 2228 quem
1781 2175 1833 2215 ad
1864 2176 2034 2216 modum

262 2258 389 2298 supra
420 2242 530 2290 dixi,
574 2241 646 2295 qui
677 2241 846 2281 urbanis
879 2241 1003 2280 rebus
1036 2240 1209 2280 bellicas
1241 2244 1519 2292 anteponant,
1559 2238 1620 2277 sic
1650 2239 1833 2292 reperias
1865 2239 2034 2286 multos,

262 2307 413 2361 quibus
455 2305 692 2360 periculosa
735 2309 774 2343 et
815 2302 952 2342 calida
984 2302 1159 2342 consilia
1190 2302 1342 2355 quietis
1376 2307 1416 2340 et
1451 2300 1644 2353 cogitatis
1677 2300 1965 2353 splendidiora
1997 2307 2036 2341 et

264 2370 423 2410 maiora
465 2369 696 2408 videantur.
769 2364 835 2405 83.
877 2367 1116 2418 Numquam
1149 2366 1318 2404 omnino
1351 2365 1528 2418 periculi
1558 2364 1658 2417 fuga
1689 2364 2035 2404 committendum

213 2444 248 2473 35
265 2438 328 2472 est
358 2438 403 2472 ut
432 2431 609 2472 inbelles
641 2429 862 2482 timidique
892 2428 1129 2474 videamur,
1162 2428 1235 2467 sed
1266 2427 1511 2481 fugiendum
1543 2426 1648 2466 illud
1680 2427 1820 2473 etiam,
1853 2439 1904 2465 ne
1935 2427 2036 2466 offe-

263 2508 402 2535 ramus
443 2507 519 2534 nos
562 2492 758 2547 periculis
798 2491 887 2530 sine
928 2503 1073 2537 causa,
1118 2504 1199 2543 quo
1241 2504 1332 2530 esse
1372 2490 1478 2529 nihil
1510 2495 1647 2543 potest
1680 2489 1861 2528 stultius.
1923 2487 2036 2536 Qua-

265 2562 434 2612 propter
471 2557 514 2596 in
553 2554 754 2596 adeundis
791 2552 987 2607 periculis
1020 2552 1280 2592 consuetudo
1313 2552 1516 2592 imitanda
1545 2551 1803 2591 medicorum
1835 2555 1919 2599 est,
1963 2550 2036 2605 qui

353 2738 385 2768 2.
411 2739 445 2769 in
470 2746 504 2768 re
522 2746 565 2775 .p.
594 2737 616 2767 Β
646 2751 680 2758 -
709 2734 740 2765 3.
758 2732 945 2772 eliamplzis
969 2741 986 2763 e
1013 2749 1047 2753 —
1076 2732 1105 2762 9.
1126 2732 1382 2771 e11(112ii·iiiiusll
1410 2749 1445 2754 —
1474 2732 1525 2762 11.
1546 2739 1641 2770 saepe
1664 2739 1734 2761 om.
1754 2739 1772 2761 c
1798 2747 1833 2752 —
1862 2730 1914 2762 43.
1933 2739 2038 2770 quare

267 2788 431 2827 explenda
455 2788 583 2827 quidem
607 2785 715 2826 mayis
738 2787 782 2815 es!
807 2783 998 2814 decernendi
1023 2784 1130 2813 matio
1155 2792 1253 2822 quam
1279 2783 1467 2814 deiweitancli
1489 2782 1648 2822 forliludo
1679 2782 1809 2812 Nonius
1841 2790 1874 2821 p.
1894 2781 1969 2812 285.
1999 2799 2032 2806 -

269 2837 320 2869 14.
347 2838 454 2876 magyis
478 2837 606 2876 quidem
632 2844 649 2867 c
678 2851 711 2857 -
745 2838 789 2865 est.
814 2842 882 2864 om.
904 2841 921 2864 c
950 2851 983 2856 —-
1022 2834 1058 2864 17
1066 2858 1071 2864 .
1098 2834 1200 2863 animi
1226 2835 1249 2863 t
1265 2842 1304 2872 p:
1340 2841 1409 2863 om
1430 2840 1460 2863 0
1504 2831 1589 2862 Vide
1615 2831 1659 2862 ad
1685 2839 1718 2871 p
1734 2831 1808 2869 228,
1827 2831 1880 2862 24.
1910 2848 1945 2853 —
1971 2840 2037 2863 non

268 2887 399 2918 lui-bati
424 2895 442 2917 e
478 2904 511 2908 —
546 2887 597 2917 is
625 2895 681 2917 nce
705 2884 959 2916 tumilliiwilem
983 2884 1020 2913 (le
1044 2884 1151 2923 yracln
1177 2884 1207 2913 d
1207 2884 1320 2914 iciant
1344 2883 1473 2913 Nonius
1499 2890 1531 2921 p.
1552 2881 1626 2912 317.
1653 2899 1695 2903 ——
1726 2881 1867 2912 tumultu
1891 2881 1930 2913 de
1953 2890 1971 2912 o
1998 2899 2034 2903 —

270 2939 323 2969 20.
346 2938 514 2976 percipere
538 2935 577 2967 ,Ψ
591 2945 607 2967 c
640 2953 675 2958 —
708 2934 890 2974 aliquando
916 2934 1013 2964 (1-
1044 2933 1095 2963 22.
1124 2941 1180 2963 nec
1205 2933 1282 2971 quid
1307 2933 1506 2963 commitleie
1528 2932 1555 2962 A
1589 2948 1622 2952 —-
1658 2930 1710 2962 23.
1736 2930 1816 2961 haec
1837 2934 1912 2961 sunt
1935 2939 2038 2970 opera

271 2988 384 3027 maslai
409 2987 511 3016 animi
535 2990 563 3016 el
587 2986 772 3017 earellenlis
796 2988 824 3015 el
843 2983 1041 3023 prudenlioe
1065 2992 1148 3021 (suae
1171 2983 1370 3021 consilioque
1391 2982 1520 3022 fidentis
1543 2981 1676 3012 Nonius
1701 2989 1734 3021 p.
1750 2980 1824 3011 498.
1855 2998 1889 3002 -
1922 2981 2037 3021 magni

272 3041 302 3070 et
326 3036 445 3067 eoecelsi
468 3037 571 3066 animi
595 3044 615 3074 p
644 3053 678 3057 —
707 3035 906 3074 prudentiae
931 3034 953 3063 B
982 3050 1015 3054 -
1050 3032 1103 3063 Ἡ.
1131 3034 1279 3063 euersuri·
1304 3031 1383 3063 A¹tt
1412 3049 1446 3053 —
1474 3032 1526 3062 27.
1553 3031 1781 3070 anleponenda
1805 3033 1851 3061 est
1874 3038 1892 3061 c
1917 3047 1952 3052 —
1980 3030 2034 3062 29.

273 3091 390 3118 temere
411 3087 471 3125 fiac
494 3093 532 3115 iic
556 3092 585 3115 c.
628 3084 677 3115 Cf.
705 3083 793 3123 gat.
822 3100 856 3104 —
890 3082 1065 3113 crudelilei·
1089 3090 1264 3122 superscr.
1291 3091 1315 3112 s.
1346 3081 1499 3119 (scilicetl
1522 3083 1582 3122 fiat
1606 3090 1627 3112 a
1653 3098 1687 3102 —
1714 3081 1829 3120 magni
1852 3081 1920 3110 uiri
1942 3080 2035 3112 Aah

277 3154 312 3159 —
350 3135 402 3165 32.
428 3134 573 3174 urbanis]
598 3134 749 3164 humanis
777 3143 798 3165 a
839 3151 873 3155 —
915 3135 1118 3171 anteponunt
1154 3140 1170 3162 c
1214 3149 1245 3153 —
1289 3133 1334 3162 sic
1358 3131 1717 3171 iweppeiios--cali'da
1739 3130 1877 3161 consilia
1904 3130 2035 3161 Nonius

275 3196 309 3228 p.
325 3185 399 3216 263.
430 3202 464 3206 —
492 3185 661 3222 repperias
685 3185 937 3223 131137Uepe15es
960 3183 1051 3214 Abc
1079 3198 1113 3203 -—
1148 3181 1199 3213 353.
1227 3182 1349 3212 callida
1373 3183 1396 3213 (j
1432 3199 1465 3202 —
1503 3181 1640 3212 consilia
1663 3183 1694 3211 et
1717 3180 1833 3219 quietis
1855 3182 1885 3210 et
1907 3179 2034 3218 coyita—

275 3235 371 3266 tionis
396 3234 570 3269 A3BIlab
606 3235 740 3265 consilia
765 3238 795 3265 et
819 3235 936 3274 quietis
958 3231 1210 3271 (collationibus
1234 3240 1281 3271 ep
1317 3248 1351 3253 —
1384 3232 1606 3271 splendidiora
1628 3230 1835 3269 ABHabp:
1865 3227 2034 3268 splendida

277 3292 316 3321 c;
347 3286 376 3315 el
398 3266 619 3322 splendidiora
645 3291 662 3314 o
687 3302 730 3306 —
754 3284 805 3315 35.
831 3287 866 3314 ul
890 3284 923 3314 in
947 3283 1066 3314 bellicis
1089 3281 1258 3320 timidique
1282 3290 1299 3312 c
1328 3299 1360 3306 —
1390 3282 1471 3312 illud
1493 3281 1594 3313 etiam
1616 3280 1791 3311 Assflab:
1822 3278 1911 3311 istud
1933 3277 2032 3310 eiiam

279 3341 316 3371 03
349 3334 447 3365 etiam
470 3332 550 3363 illud
575 3341 592 3364 ο
621 3350 654 3355 -
682 3332 733 3364 37.
760 3334 961 3364 medicorum
983 3331 1147 3366 imitanda
1172 3339 1201 3363 c.
