2249 3624
317 132 396 175 484
705 138 774 178 DE
804 137 1011 178 FINIBUS
1042 137 1304 179 BONORUM
1334 139 1402 179 ET
1433 138 1698 181 MALORUM

315 254 558 305 tantemque
598 251 756 296 dicere,
799 263 963 290 omnem
1003 254 1193 290 naturam
1234 264 1325 291 esse
1366 252 1634 292 servatricem
1667 252 1731 293 sui
1767 251 1897 306 idque
1928 252 2082 295 habere

314 313 575 365 propositum
615 313 733 366 quasi
777 311 901 352 finem
940 317 980 352 et
1011 318 1264 360 extremum,
1302 327 1346 354 se
1376 319 1423 353 ut
1454 313 1664 354 custodiat
1696 327 1821 368 quam
1852 315 1895 354 in
1926 317 2081 369 optimo

314 374 378 414 sui
417 376 582 427 generis
621 380 749 422 statu,
792 379 836 414 ut
875 387 1046 414 necesse
1088 375 1141 414 sit
1171 375 1356 415 omnium
1387 389 1544 422 rerum,
1584 389 1691 429 quae
1722 380 1870 416 natura
1898 376 2081 429 vigeant,

313 437 493 477 similem
533 451 624 477 esse
660 437 808 484 finem,
851 450 935 476 non
975 436 1169 477 eundem.
1227 438 1292 477 Ex
1333 452 1416 491 quo
1459 437 1644 490 intellegi
1686 438 1810 478 debet
1847 437 2008 478 homini
2038 440 2081 479 id

281 511 405 539 5esse
435 500 478 539 in
508 500 629 539 bonis
659 499 876 546 ultimum,
912 499 1144 539 secundum
1175 504 1365 540 naturam
1396 501 1558 547 vivere,
1600 501 1711 553 quod
1746 501 1804 540 ita
1834 500 2081 553 interprete-

313 574 424 608 mur,
463 561 604 600 vivere
647 574 699 600 ex
739 561 921 601 hominis
962 566 1111 600 natura
1150 561 1340 615 undique
1376 562 1560 616 perfecta
1601 567 1641 602 et
1681 563 1785 602 nihil
1822 563 2080 616 requirente.

311 621 377 662 27.
407 623 521 662 Haec
548 623 675 676 igitur
704 624 826 663 nobis
857 623 1107 676 explicanda
1138 629 1254 671 sunt,
1292 624 1363 664 sed
1397 626 1429 664 si
1460 625 1694 673 enodatius,
1725 638 1800 665 vos
1829 625 2077 677 ignoscetis3

310 684 430 725 huius
469 684 580 725 enim
616 686 740 725 aetati
772 690 813 725 et
851 685 949 725 huic
978 699 1091 725 nunc
1119 685 1223 726 haec
1260 687 1440 739 primum
1480 686 1657 727 fortasse
1698 687 1887 727 audienti
1925 688 2080 728 servire

310 748 523 789 debemus.
583 748 644 788 Ita
684 761 875 801 prorsus,
914 748 1112 801 inquam:
1152 748 1228 788 etsi
1271 762 1319 788 ea
1360 749 1550 802 quidem,
1595 762 1702 802 quae
1743 748 1879 789 adhuc
1919 749 2079 797 dixisti,

261 823 296 852 io
310 810 497 864 quamvis
528 809 580 850 ad
610 815 787 850 aetatem
818 815 931 850 recte
961 811 1040 850 isto
1072 810 1197 850 modo
1229 810 1480 851 dicerentur.

421 872 473 911 X.
505 872 710 925 Exposita
738 873 880 925 igitur,
921 873 1078 926 inquit,
1120 874 1414 913 terminatione
1450 886 1587 913 rerum
1620 872 1966 927 expetendarum,
2007 887 2081 913 cur

308 935 388 975 ista
419 946 462 974 se
492 947 558 974 res
589 935 646 974 ita
676 934 849 983 habeat,
881 940 927 975 ut
957 935 1065 982 dixi,
1099 935 1295 988 deinceps
1328 934 1701 975 demonstrandum
1734 941 1808 975 est.
1859 935 1994 983 Quam
2026 935 2079 974 ob

308 1010 395 1036 rem
436 996 647 1037 ordiamur
686 997 737 1036 ab
777 1011 849 1045 eo,
890 997 1004 1051 quod
1036 998 1214 1051 primum
1245 997 1391 1050 posui,
1432 997 1545 1051 quod
1578 997 1688 1037 idem
1719 1010 1868 1051 reapse
1897 998 2078 1050 primum

309 1064 391 1106 est,
431 1063 479 1098 ut
507 1059 801 1112 intellegamus
835 1074 959 1100 omne
991 1060 1144 1100 animal
1175 1073 1218 1099 se
1252 1061 1389 1112 ipsum
1421 1059 1606 1112 diligere.
1668 1059 1792 1108 Quod
1823 1073 2077 1113 quamquam

259 1134 293 1162 45
308 1121 612 1161 dubitationem
642 1135 728 1162 non
759 1123 884 1163 habet
915 1146 963 1151 —-
1000 1128 1062 1162 est
1093 1122 1204 1161 enim
1237 1119 1411 1161 infixum
1443 1122 1485 1161 in
1517 1122 1607 1174 ipsa
1634 1127 1783 1161 natura
1804 1121 2078 1174 comprehen-

308 1184 502 1237 diturque
534 1185 621 1224 suis
652 1186 856 1239 cuiusque
880 1185 1093 1231 sensibus,
1127 1184 1208 1230 sic,
1240 1189 1305 1230 ut,
1339 1188 1479 1223 contra
1504 1184 1537 1223 si
1562 1185 1656 1237 quis
1678 1183 1819 1224 dicere
1837 1183 1959 1231 velit,
1991 1197 2076 1223 non

306 1246 499 1286 audiatur
527 1270 604 1294 —,
636 1252 796 1295 tamen,
828 1262 879 1287 ne
903 1248 1003 1302 quid
1034 1246 1438 1300 praetermittamus,
1469 1245 1654 1285 rationes
1676 1259 1872 1300 quoque,
1905 1259 1979 1286 cur
1997 1246 2078 1286 hoc

305 1309 362 1348 ita
401 1308 476 1356 sit,
517 1309 750 1350 afferendas
791 1316 906 1364 puto.
966 1308 1032 1349 ⁶28.
1065 1309 1153 1348 Etsi
1185 1309 1256 1361 qui
1294 1313 1432 1361 potest
1462 1308 1648 1361 intellegi
1679 1315 1752 1348 aut
1782 1309 1955 1361 cogitari
1986 1321 2077 1348 esse

305 1370 475 1424 aliquod
507 1372 682 1420 animal,
725 1374 836 1426 quod
870 1388 913 1413 se
946 1373 1117 1412 oderit?
1163 1385 1228 1411 res
1260 1371 1367 1410 enim
1398 1376 1648 1411 concurrent
1678 1370 1924 1411 contrariae.
1973 1372 2076 1410 Nam

254 1446 291 1474 20
305 1447 399 1473 cum
430 1435 642 1486 appetitus
683 1435 753 1475 ille
785 1436 911 1476 animi
944 1435 1105 1489 aliquid
1136 1434 1187 1474 ad
1219 1447 1262 1473 se
1294 1433 1459 1473 trahere
1491 1435 1676 1486 coeperit
1708 1433 1922 1480 consulto,
1963 1433 2074 1486 quod

305 1563 346 1598 et
374 1558 499 1597 simul
531 1559 696 1612 diliget,
730 1560 841 1613 quod
872 1561 963 1600 fieri
995 1573 1079 1598 uon
1112 1563 1261 1612 potest.
1308 1559 1574 1612 Necesseque
1597 1564 1681 1606 est,
1714 1560 1748 1599 si
1770 1560 1862 1613 quis
1883 1559 1974 1612 ipse
1997 1559 2075 1598 sibi

304 1620 499 1660 inimicus
531 1625 615 1668 est,
648 1635 744 1661 eum
776 1636 884 1676 quae
915 1623 1027 1662 bona
1060 1627 1157 1660 sunt
1186 1621 1294 1660 mala
1324 1626 1495 1673 putare,
1526 1621 1638 1660 hona
1659 1627 1803 1661 contra
1825 1635 1933 1675 quae
1953 1622 2075 1668 mala,

303 1687 344 1721 et
383 1695 491 1735 quae
531 1684 766 1736 appetenda
806 1684 950 1737 fugere
983 1689 1024 1723 et
1055 1696 1162 1737 quae
1194 1683 1393 1735 fugienda
1423 1689 1643 1736 appetere,
1686 1697 1793 1737 quae
1824 1685 1914 1724 sine
1947 1683 2073 1723 dubio

251 1745 410 1787 25vitae
453 1750 516 1785 est
555 1747 729 1786 eversio.
790 1749 937 1800 Neque
978 1746 1108 1792 enim,
1152 1746 1185 1784 si
1228 1758 1313 1784 uon
1343 1745 1449 1785 nulli
1481 1747 1768 1799 reperiuntur,
1810 1747 1882 1799 qui
1913 1750 1984 1785 aut
2014 1745 2072 1785 la-

301 1820 433 1861 queos
464 1812 536 1848 aut
566 1808 646 1848 alia
677 1810 804 1849 exitia
836 1814 1060 1862 quaerant,
1104 1813 1193 1854 aut,
1234 1812 1280 1847 ut
1309 1807 1381 1848 ille
1412 1808 1523 1860 apud
1560 1809 1824 1855 Terentium,
1867 1808 1939 1861 qui
1974 1807 2072 1847 «de-

301 1870 431 1909 crevit
460 1871 664 1924 tantisper
695 1886 739 1911 se
771 1872 908 1912 minus
940 1872 1119 1911 iniuriae
1152 1884 1228 1910 suo
1260 1875 1358 1910 nato
1388 1870 1575 1918 facere»,
1619 1877 1665 1910 ut
1694 1872 1752 1910 ait
1780 1872 1894 1924 ipse,
1937 1870 2071 1910 «dum

297 1931 370 1972 fiat
414 1934 596 1981 miser»,
638 1935 832 1974 inimicus
872 1935 960 1988 ipse
1003 1935 1083 1974 sibi
1114 1933 1324 1987 putandus
1357 1938 1430 1972 est.
1492 1931 1558 1972 ⁶29.
1593 1934 1675 1973 Sed
1707 1933 1777 1972 alii
1807 1932 1952 1972 dolore
1983 1946 2072 1972 mo-

297 1999 468 2043 ventur,
501 1996 571 2036 alii
604 1997 850 2050 cupiditate,
881 1997 1096 2037 iracundia
1129 1996 1252 2035 etiam
1285 1995 1403 2035 multi
1436 1996 1683 2042 efferuntur,
1716 2001 1758 2035 et
1785 2009 1879 2036 cum
1901 1996 1943 2034 in
1966 1995 2072 2035 mala

247 2071 284 2100 30
298 2056 477 2097 scientes
509 2059 696 2106 irruunt,
729 2065 815 2099 tum
848 2073 892 2099 se
923 2060 1076 2113 optime
1100 2059 1177 2099 sibi
1202 2058 1422 2097 consulere
1445 2058 1711 2098 arbitrantur.
1757 2059 1904 2111 Itaque
1927 2058 2072 2098 dieunt

297 2132 373 2159 nec
403 2119 614 2160 dubitant:

483 2183 611 2223 Mihi
643 2186 718 2224 sic
750 2190 831 2224 est
861 2198 1009 2231 usus,
1042 2184 1138 2224 tibi
1170 2189 1225 2223 ut
1255 2196 1389 2235 opus
1423 2187 1505 2222 est
1534 2183 1704 2230 facto,
1736 2184 1870 2224 face.

296 2245 378 2293 Qui
415 2245 494 2298 ipsi
537 2246 614 2286 sibi
645 2247 800 2286 bellum
832 2247 1106 2291 indixissent,
1149 2246 1323 2286 cruciari
1357 2246 1467 2292 dics,
1509 2251 1653 2286 noctes
1685 2248 1870 2300 torqueri
1900 2246 2068 2295 vellent,

294 2320 370 2347 nec
403 2321 503 2347 vero
536 2321 627 2348 sese
659 2309 740 2362 ipsi
774 2315 1019 2349 accusarent
1051 2310 1103 2348 oh
1137 2322 1227 2348 eain
1260 2322 1450 2356 causam,
1484 2309 1597 2362 quod
1630 2322 1674 2348 se
1706 2309 1812 2348 male
1835 2309 1922 2349 suis
1943 2308 2067 2349 rebus

380 2508 409 2538 4.
436 2507 649 2538 seruatriccm
672 2507 714 2537 B:
741 2508 1016 2538 conservatricem
1040 2508 1064 2538 O
1083 2526 1117 2529 —
1146 2509 1176 2539 2.
1203 2510 1243 2548 ct]
1268 2512 1303 2539 m
1327 2510 1350 2539 B
1370 2509 1450 2547 (non
1472 2509 1508 2546 E)
1530 2526 1563 2530 ψ
1592 2517 1692 2547 quam
1714 2508 1747 2538 in
1765 2506 1888 2539 codd.:
1915 2507 2066 2546 inquam

292 2565 371 2588 cum
397 2557 590 2588 Cratandro
615 2558 640 2588 O
668 2575 701 2579 —
735 2558 765 2588 3.
792 2561 917 2588 natura,
949 2558 992 2587 αἶ’
1020 2559 1098 2594 (non
1125 2557 1188 2593 uel)
1214 2558 1343 2597 iusserat
1376 2558 1510 2597 uiqeanl
1535 2558 1580 2593 E;
1613 2561 1739 2588 natura
1762 2557 1803 2587 al*
1827 2557 1958 2597 inqerat
1982 2558 2062 2595 (om.

289 2606 432 2645 viyeanl)
458 2607 481 2637 B
511 2624 543 2628 —
570 2606 601 2637 4.
628 2608 702 2645 non)
728 2610 756 2637 ec
780 2608 804 2637 B
832 2624 865 2628 —
895 2608 925 2638 7.
951 2608 1039 2638 Haec
1064 2608 1166 2647 ἐρίων
1184 2625 1233 2630 --
1252 2608 1354 2638 aelati
1379 2608 1508 2638 Nonius
1525 2607 1708 2639 Marcellus
1733 2616 1766 2647 p.
1787 2608 1839 2638 45.
1860 2624 1895 2628 -
1922 2607 1953 2638 8.
1973 2608 2065 2638 cuius

290 2657 391 2686 aetati
416 2659 495 2694 (orn.
523 2657 616 2694 enim]
650 2658 791 2688 Nonius.
822 2675 857 2679 -—
890 2657 994 2688 Huius
1023 2657 1109 2687 enim
1140 2657 1259 2695 (zelati,
1291 2657 1637 2693 nzmc--auclicnlis,
1669 2656 1792 2686 servire
1814 2656 2006 2696 Madvigius
2030 2658 2063 2688 in

290 2706 556 2737 commentario.
587 2724 618 2727 —
648 2707 728 2737 haec
751 2706 858 2738 Aldus
883 2715 1011 2747 nepos:
1038 2707 1088 2736 hic
1113 2707 1152 2740 B;
1183 2707 1242 2737 hoc
1266 2709 1290 2736 O
1310 2724 1344 2728 -—
1372 2707 1527 2737 audiendi
1551 2707 1614 2737 BE
1635 2724 1669 2728 ——
1699 2707 1750 2737 44.
1777 2706 1884 2747 inquit
1908 2715 1977 2738 om.
1998 2707 2062 2738 BE

293 2772 325 2777 -
357 2755 407 2785 ⁴2.
434 2754 475 2795 se]
501 2756 527 2786 si
552 2757 575 2786 B
603 2757 681 2795 (non
705 2757 740 2793 E)
763 2773 796 2779 --
827 2756 877 2787 43.
904 2765 941 2787 re
964 2756 1005 2786 ab
1029 2765 1061 2786 se
1084 2757 1107 2786 B
1123 2756 1146 2786 E
1166 2773 1202 2778 --
1232 2755 1282 2787 ⁴4..
1311 2756 1402 2796 diligi
1426 2757 1450 2787 B
1473 2774 1505 2777 -
1535 2757 1585 2787 45.
1612 2759 1737 2786 natura
1760 2757 2063 2796 comprehenditur-

289 2812 349 2842 que
373 2804 582 2835 Cratander:
609 2809 734 2836 natura
757 2806 1043 2845 comprehenditur
1060 2805 1162 2836 codd.
1191 2807 1279 2836 Fort.
1298 2809 1422 2836 natura
1446 2815 1486 2835 ac
1504 2806 1806 2844 comprehcnditm·;
1834 2805 1876 2837 cf.
1896 2806 1951 2843 IV,
1972 2806 1989 2846 ἓ
2008 2807 2060 2837 47.

290 2869 324 2875 -
353 2853 404 2883 48.
432 2854 497 2894 qui]
524 2855 601 2893 quid
624 2856 648 2885 B
678 2873 711 2878 —-
747 2856 797 2887 49.
825 2858 997 2886 occurrent
1021 2856 1048 2886 D
1077 2873 1109 2876 a
1144 2856 1196 2886 ΞΟ.
1223 2855 1307 2895 cum]
1341 2864 1401 2886 cur
1425 2856 1448 2886 B
1479 2873 1511 2877 —
1544 2855 1730 2895 22.dil19it
1754 2856 1778 2886 B
1807 2874 1841 2878 —
1875 2865 2064 2896 necesseque

285 2906 330 2934 est
354 2903 377 2933 B
393 2904 416 2934 E
443 2904 498 2941 (est
522 2913 591 2935 non
616 2914 685 2937 om.
714 2906 768 2943 E):
795 2915 919 2937 necesse
942 2909 987 2937 est
1010 2906 1140 2944 quidem
1164 2907 1189 2935 Ο
1217 2923 1251 2927 -
1280 2906 1345 2944 ipse
1368 2905 1564 2936 Ernestius:
1595 2905 1657 2943 ipsi
1681 2904 1784 2936 codd.
1812 2905 1861 2937 Cf.
1881 2914 1913 2936 V.
1933 2906 1986 2938 28.
2006 2906 2058 2938 33.

284 2961 318 2993 p.
346 2952 419 2989 485,
446 2954 477 2983 5.
507 2972 540 2975 -
573 2954 626 2985 ⁶23.
653 2959 697 2985 esc
721 2964 789 2987 om.
817 2956 841 2987 E
869 2973 903 2977 —
939 2959 1119 2994 contraque
1147 2956 1238 2986 mala
1272 2956 1295 2986 B
1312 2956 1335 2987 E
1364 2973 1393 2977 --
1430 2954 1482 2986 024.
1508 2955 1663 2994 fuyienda
1687 2958 1794 2993 petere
1816 2956 1840 2986 B
1868 2972 1904 2977 —
1937 2956 1990 2986 25.
2017 2960 2061 2987 esc

283 3001 493 3041 Madvigius:
520 3008 594 3034 sunt
618 3005 721 3036 codd.
742 3008 775 3036 et
794 3006 818 3035 O
839 3024 873 3028 —
900 3006 953 3036 26.
974 3004 1117 3036 «Deleto
1141 3009 1176 3035 ut
1201 3006 1317 3037 omnia
1336 3006 1431 3036 recta
1450 3007 1570 3036 erunt:
1598 3005 1709 3043 Neque
1725 3006 1822 3044 enim,
1848 3006 1875 3036 si
1890 3023 1939 3029 -—
1956 3015 2060 3046 quae-

282 3055 378 3088 rant,
405 3056 463 3083 ααί
486 3054 538 3084 ille
563 3055 652 3093 apud
673 3055 852 3086 Terentium
870 3057 961 3086 cet.»
987 3056 1132 3086 MAnvm.
1156 3074 1189 3078 —-
1217 3056 1270 3086 ⁶27.
1298 3056 1460 3094 tanlispcr
1482 3055 1526 3096 se]
1553 3058 1680 3085 lantum
1700 3063 1762 3094 per
1777 3064 1810 3086 se
1832 3056 1856 3086 B
1871 3056 1896 3086 E
1919 3073 1953 3077 —
1979 3059 2058 3087 nalo

283 3102 386 3133 codd.
413 3101 587 3144 plerique:
619 3108 695 3135 nolo
722 3106 799 3143 (non
826 3106 919 3143 nodo)
951 3105 1032 3141 BE;
1064 3108 1165 3144 analo
1198 3106 1223 3135 O
1259 3123 1287 3127 —
1323 3108 1359 3135 ut
1390 3105 1454 3141 ait,
1487 3105 1554 3142 ipse
1586 3106 1662 3135 (lum
1696 3113 1775 3136 cum
1801 3106 1940 3137 Bremio
1965 3106 1990 3137 O
2019 3124 2053 3127 —-

281 3152 333 3184 28,
361 3153 422 3192 ipsi
444 3152 504 3183 sibi
528 3154 553 3185 E
581 3171 614 3176 —
642 3157 687 3184 est
711 3163 780 3184 om.
808 3156 832 3186 E
860 3173 893 3177 ——
922 3155 974 3186 32.
1002 3159 1046 3185 es!
1071 3164 1147 3185 usus
1171 3155 1194 3185 B
1222 3157 1256 3186 et
1280 3155 1461 3186 Terentius
1489 3156 1685 3193 (ileaiitont.
1705 3156 1735 3193 Ι,
1764 3156 1794 3193 4,
1814 3156 1887 3194 ⁶28):
1911 3163 1990 3186 usus
2012 3158 2057 3186 est

281 3201 352 3233 MO
381 3219 415 3223 —-
440 3203 523 3241 face.
553 3203 614 3242 Qui
638 3204 846 3243 Madvigius:
873 3206 927 3245 fac
950 3205 1036 3245 Equi
1059 3205 1101 3241 B3
1127 3205 1219 3245 face:
1244 3205 1333 3235 uelut
1358 3205 1412 3244 qui
1438 3206 1462 3235 O
1490 3220 1524 3227 -
1552 3204 1605 3236 33.
1631 3204 1702 3244 sibi]
1726 3205 1753 3236 si
1777 3206 1800 3237 B
1829 3223 1863 3228 —
1891 3204 1944 3237 34.
1971 3205 2057 3245 quod

282 3260 315 3283 se
338 3250 461 3283 codd.:
489 3253 574 3291 quod
599 3261 663 3284 sese
687 3253 723 3284 Ο.
