2249 3624
284 165 366 206 486
943 163 1013 203 DE
1044 160 1397 201 DIVINATIONE

420 256 424 260 ¹
457 271 686 311 Vocibus
719 270 883 308 instat
913 272 962 307 et
992 266 1249 306 adsiduas
1281 266 1412 306 iacit
1443 279 1529 305 ore
1560 267 1863 320 querellas,

458 335 571 374 Cum
604 333 820 386 primum
852 329 1059 383 gelidos
1091 341 1242 368 rores
1274 341 1463 368 aurora
1493 329 1748 377 remittit3

453 399 736 447 Fuscaque
769 406 863 432 non
896 404 1183 444 numquam
1216 404 1439 432 cursans
1472 404 1562 442 per
1591 392 1761 432 litora
1792 393 1975 433 cornix

454 458 720 500 Demersit
751 460 908 508 caput
939 460 986 494 et
1016 454 1237 493 fluctum
1269 454 1484 494 cervice
1516 453 1751 506 recepit.

254 536 273 564 5
399 523 471 562 IX.
507 518 573 559 15.
610 518 810 558 Videmus
843 517 946 556 haec
978 516 1096 567 signa
1127 528 1358 567 numquam
1390 515 1476 556 fere
1508 516 1775 564 mentientia,
1815 530 1891 557 nec
1921 522 2059 558 tamen

288 599 360 626 cur
391 586 444 624 ita
478 583 548 622 fiat
580 581 782 620 videmus.

458 647 559 684 Vos
594 655 811 695 quoque
844 641 996 692 signa
1028 640 1257 688 videtis,
1289 642 1451 695 aquai
1485 640 1650 682 dulcis
1683 642 1946 690 alumnae,

459 709 576 747 Cum
612 706 834 744 clamore
868 703 1066 756 paratis
1100 704 1274 743 inanis
1306 703 1525 744 fundere
1557 717 1707 744 voces

455 767 824 819 Absurdoque
857 779 988 805 sono
1019 765 1194 805 sontis
1227 772 1273 805 et
1304 773 1500 820 stagna
1532 768 1713 807 cietis.

238 846 272 874 to
290 836 392 883 Quis
426 839 488 872 est
520 831 591 883 qui
625 830 877 869 ranunculos
911 829 988 868 hoc
1011 828 1155 867 videre
1180 830 1381 880 suspicari
1408 830 1570 883 possit‘?
1605 829 1685 868 Sed
1707 830 1816 869 inest
1837 829 1866 881 †
1885 830 1927 869 in
1949 830 2060 871 reuis

289 903 328 936 et
360 894 600 935 ranunculis
634 900 779 931 natura
813 892 1018 944 quaedam
1053 891 1291 943 significans
1323 892 1498 945 aliquid,
1531 905 1604 946 per
1635 905 1679 931 se
1701 892 1793 945 ipsa
1813 895 1912 932 satis
1936 898 2059 940 certa,

291 958 519 1012 cognitioni
551 961 690 995 autem
723 956 938 994 hominum
974 955 1202 994 obscurior.

459 1017 905 1070 Mollipedesque
937 1019 1127 1063 boves,
1160 1021 1475 1068 spectantes
1507 1015 1710 1055 lumina
1742 1016 1903 1064 caeli,

460 1080 679 1120 Naribus
720 1080 1004 1120 umiferum
1048 1080 1238 1118 duxere
1279 1093 1336 1118 ex
1379 1084 1497 1119 aere
1539 1092 1735 1118 sucum.

242 1157 275 1184 45
290 1147 383 1186 Non
415 1156 572 1198 quaero
605 1156 697 1189 cur,
731 1143 930 1196 quoniam
963 1142 1060 1195 quid
1094 1141 1258 1181 eveniat
1291 1141 1505 1194 intellego.

461 1208 561 1245 lam
595 1218 720 1245 vero
753 1219 962 1258 semper
992 1204 1199 1243 viridis
1232 1217 1553 1257 semperque
1585 1209 1813 1256 gravata

461 1269 759 1308 Lentiscus
791 1267 1012 1321 triplici
1045 1267 1214 1306 solita
1246 1266 1610 1320 grandescere
1641 1266 1751 1306 fetu

461 1333 555 1371 Ter
586 1330 771 1384 fruges
804 1330 1042 1370 fundens
1074 1330 1181 1369 tria
1211 1335 1440 1382 tempora
1474 1335 1733 1370 monstrat
1764 1329 1949 1370 arandi.

294 1395 359 1436 46.
390 1397 450 1435 Ne
479 1394 560 1433 hoc
594 1393 761 1446 quidem
795 1405 965 1445 quaer0,
998 1405 1069 1431 cur
1100 1393 1200 1431 haec
1231 1390 1357 1431 arbor
1387 1406 1468 1432 una
1490 1398 1551 1432 ter
1572 1393 1716 1433 floreat
1736 1399 1807 1432 aut
1828 1406 1901 1432 cur
1920 1391 2064 1432 arandi

242 1467 279 1496 20
295 1458 572 1499 maturitatem
611 1456 661 1495 ad
704 1456 868 1507 signum
910 1454 1022 1493 floris
1054 1454 1364 1494 accommodet:
1412 1455 1492 1494 hoc
1523 1469 1614 1495 sum
1647 1460 1893 1502 contentus,
1936 1453 2063 1506 quod,

295 1523 416 1561 etiam
450 1520 482 1558 si
507 1518 534 1569 η’*
558 1531 642 1571 quo
676 1517 863 1570 quidque
896 1514 965 1555 liat
996 1516 1182 1569 ignorem
1199 1548 1209 1564 ,
1234 1518 1334 1571 quid
1359 1518 1431 1557 fiat
1452 1518 1663 1570 intellego.
1706 1519 1781 1557 Pro
1804 1518 1916 1557 omni
1938 1516 2066 1569 igitur

296 1582 554 1623 divinatione
588 1580 697 1619 idem
731 1579 845 1632 quod
878 1593 953 1632 pro
986 1580 1109 1619 rebus
1141 1580 1213 1627 iis,
1245 1594 1348 1634 quas
1379 1581 1723 1627 commemoravi,
1755 1579 2035 1633 respondebo.

407 1646 459 1684 X.
502 1643 612 1692 Quid
656 1655 945 1681 scammoneae
984 1641 1104 1681 radix
1144 1642 1193 1681 ad
1238 1644 1517 1695 purgandum,
1563 1643 1664 1697 quid
1703 1642 1974 1683 aristolochia
2011 1641 2063 1682 ad

295 1722 458 1748 morsus
499 1705 757 1758 serpentium
799 1705 933 1757 possit
973 1727 1025 1733 —-
1068 1717 1177 1757 quae
1208 1718 1363 1744 nomen
1395 1719 1446 1744 ex
1478 1706 1694 1745 inventore
1725 1704 1929 1757 repperit,
1975 1717 2063 1744 rem

244 1771 426 1823 25ipsam
460 1769 652 1808 inventor
683 1780 734 1807 ex
766 1768 928 1807 somnio
967 1790 1019 1796 ——-
1052 1768 1196 1814 video,
1238 1768 1349 1818 quod
1382 1768 1482 1807 satis
1514 1773 1601 1807 est:
1642 1781 1714 1807 cur
1744 1767 1877 1820 possit
1907 1767 2063 1807 nescio.

297 1834 362 1872 Sic
394 1838 613 1871 ventorum
648 1836 687 1870 et
719 1830 913 1870 imbrium
947 1830 1082 1882 signa,
1116 1843 1224 1882 quae
1257 1830 1363 1877 dixi,
1396 1831 1598 1870 rationem
1632 1843 1755 1882 quam
1777 1830 1960 1869 habeant
1980 1842 2063 1868 non

295 1897 393 1936 satis
427 1894 664 1948 perspicio:
697 1893 777 1932 vim
812 1899 852 1932 et
884 1899 1077 1932 eventum
1110 1906 1312 1945 agnosco,
1345 1893 1451 1938 scio,
1483 1892 1683 1945 adprobo.
1735 1892 1933 1931 Similiter
1961 1891 2064 1945 quid

295 1957 435 1998 fissum
468 1958 507 1997 in
541 1956 670 2002 extis,
705 1954 807 2008 quid
841 1953 939 1994 fibra
973 1955 1107 1995 valeat
1136 1955 1328 2008 accipio:
1361 1968 1470 2008 quae
1502 1967 1626 1994 causa
1653 1955 1702 1994 sit
1727 1955 1884 1994 nescio.
1928 1956 2065 2007 Atque

294 2022 444 2060 borum
484 2019 653 2072 quidem
694 2018 814 2071 plena
846 2018 930 2058 vita
962 2024 1050 2065 est;
1093 2018 1200 2057 extis
1233 2018 1343 2057 enim
1376 2031 1520 2058 omnes
1551 2018 1638 2057 fere
1670 2023 1857 2057 utuntur.
1919 2017 2064 2066 Quid?

243 2093 279 2121 30
296 2085 346 2123 de
379 2083 586 2134 fulgurum
620 2080 658 2119 vi
692 2080 884 2119 dubitare
917 2094 1013 2119 num
1048 2083 1305 2133 possumus?
1364 2082 1513 2120 Nonne
1546 2095 1636 2120 cum
1671 2081 1801 2120 multa
1831 2080 1912 2120 alia
1943 2080 2065 2120 mira-

294 2146 405 2191 bilia,
440 2150 524 2184 tum
556 2143 657 2182 illud
691 2142 731 2181 in
766 2143 937 2194 primis:
971 2157 1064 2182 cum
1089 2144 1340 2182 Summanus
1372 2143 1416 2182 in
1448 2143 1615 2195 fastigio
1647 2144 1755 2183 Iovis
1787 2143 1947 2196 optumi
1979 2155 2064 2182 ma-

293 2209 430 2253 xumi,
472 2207 542 2259 qui
582 2211 668 2244 tum
702 2210 790 2244 erat
821 2203 982 2252 fictilis,
1022 2219 1043 2244 e
1076 2206 1190 2245 caelo
1224 2206 1329 2245 ictus
1362 2210 1470 2245 esset
1502 2219 1578 2245 nec
1609 2218 1784 2258 usquam
1818 2206 1907 2245 eius
1938 2204 2064 2244 simu-

294 2271 392 2309 lacri
425 2274 547 2322 caput
578 2267 853 2314 inveniretur,
886 2268 1131 2321 haruspices
1162 2270 1203 2308 in
1226 2269 1408 2308 Tiberim
1431 2268 1471 2307 id
1495 2268 1716 2320 depulsum
1741 2281 1832 2308 esse
1856 2268 2063 2313 dixerunt,

293 2333 421 2387 idque
454 2333 670 2372 inventum
705 2336 767 2370 est
799 2344 847 2370 eo
880 2330 998 2378 loco,
1031 2331 1102 2384 qui
1138 2336 1200 2370 est
1231 2331 1281 2370 ab
1313 2330 1605 2383 haruspicibus
1637 2331 1955 2372 demonstratus,

382 2494 410 2523 l.
444 2491 576 2521 Vocibus
593 2508 638 2513 --
655 2499 729 2521 cum
751 2491 899 2530 primum
924 2491 946 2521 B
974 2490 1005 2521 in
1033 2499 1140 2531 marg.
1182 2508 1216 2512 —
1254 2492 1373 2522 instate
1403 2491 1563 2522 adsiduas
1593 2491 1621 2522 A
1653 2508 1687 2513 —
1722 2490 1871 2530 querelas
1894 2490 1998 2522 BHO
2026 2508 2062 2514 —-

294 2545 324 2576 3.
351 2544 463 2574 littora
488 2543 512 2582 Q
541 2559 575 2563 —
603 2542 633 2571 5.
661 2541 739 2571 haec
764 2550 855 2571 corr.
875 2541 907 2571 in
932 2549 990 2571 nec
1015 2541 1041 2571 H
1071 2558 1102 2562 —
1130 2541 1321 2572 mentientia
1347 2541 1545 2579 Hottinger:
1573 2541 1780 2571 ementienlia
1798 2541 1857 2571 CO
1877 2558 1911 2562 —
1939 2540 1969 2572 8.
1987 2542 2066 2572 ina-

292 2603 348 2625 nes
371 2594 395 2623 Ο
423 2595 456 2623 et
480 2592 529 2622 sic
555 2591 625 2621 fere
653 2599 796 2630 semper
820 2591 851 2621 in
879 2591 1088 2621 accusativis
1115 2589 1203 2631 plur.
1231 2591 1355 2621 tertiae
1381 2589 1636 2627 declinationis,
1664 2590 1759 2630 quod
1784 2599 1852 2622 non
1876 2591 1943 2622 iam
1970 2592 2066 2622 nota-

294 2644 409 2675 bimus
451 2660 484 2664 —
515 2642 564 2672 010.
592 2641 786 2671 ranunculis
812 2640 847 2671 Β1
877 2658 909 2661 -
939 2641 1012 2670 uide
1038 2639 1076 2671 Αι
1105 2658 1136 2662 —
1172 2641 1205 2670 in
1228 2650 1263 2671 re
1288 2641 1338 2670 uis
1362 2644 1391 2671 el
1413 2640 1610 2670 ranunculis
1636 2639 1741 2672 H¹V¹z
1769 2641 1803 2671 in
1826 2641 1910 2671 riuis
1932 2643 1962 2671 el
1985 2649 2063 2672 ran.

294 2695 330 2730 B,
356 2695 389 2723 iii
414 2693 506 2722 ranis
529 2695 557 2722 el
582 2700 644 2721 ran
685 2692 729 2727 A,
758 2689 821 2720 sed
838 2690 930 2720 ranis
948 2691 980 2720 in
999 2698 1082 2726 ras„
1107 2691 1191 2720 mire
1206 2691 1257 2720 uis
1273 2693 1303 2721 et
1319 2699 1394 2719 ran.
1415 2687 1456 2720 Η2
1468 2688 1517 2726 V'2‚
1543 2690 1577 2719 in
1593 2690 1721 2729 yym'nis
1737 2693 1766 2721 el
1782 2699 1846 2721 ran
1877 2690 2062 2729 victorius,

293 2745 326 2773 in
351 2743 457 2773 bestiis·
480 2745 507 2772 et
531 2750 606 2771 ran.
635 2740 751 2778 Klotz,
778 2739 866 2769 mira
891 2741 938 2770 tris
961 2741 994 2770 in
1019 2740 1213 2770 ranunculis
1236 2743 1264 2770 ec
1289 2748 1330 2770 ex
1355 2739 1489 2777 Riegeri
1515 2739 1604 2769 coni.
1626 2740 1650 2769 O
1678 2756 1712 2760 —-
1749 2740 1800 2771 Μ.
1827 2743 1935 2771 cetera
1960 2737 2000 2770 Η1
2023 2757 2065 2762 -—

295 2793 345 2824 44.
374 2794 550 2831 limitet-uriz
576 2794 597 2821 Α
614 2791 658 2820 ll:
686 2790 885 2828 humiferum
910 2790 1048 2827 BVtDO
1070 2807 1101 2810 —
1129 2798 1262 2820 succum
1288 2790 1312 2819 O
1334 2806 1364 2810 —
1396 2789 1447 2819 46.
1476 2789 1582 2819 uir-dis
1606 2790 1651 2825 Ας
1679 2789 1941 2820 Iam--arandi
1965 2788 2065 2820 affert.

294 2843 420 2875 Plinius
447 2844 482 2872 N.
506 2842 544 2872 ll.
564 2841 686 2875 XVlll,
714 2842 800 2870 sect.
821 2839 872 2869 Gi.
904 2857 937 2861 -
974 2840 1025 2870 47.
1051 2840 1143 2878 factu
1168 2840 1193 2870 H
1221 2856 1254 2861 -
1291 2839 1341 2869 48.
1369 2842 1507 2869 mostrat
1532 2837 1571 2869 Αἱ
1599 2855 1632 2860 -
1662 2838 1712 2869 49.
1739 2848 1779 2870 ne
1802 2839 1859 2869 hoc
1884 2838 2061 2870 Davisius:

295 2902 350 2922 nec
374 2893 431 2921 tioc
456 2891 515 2921 CO
544 2907 576 2911 -
609 2890 677 2930 hoc]
698 2889 773 2920 sort.
794 2890 843 2919 liic
873 2907 916 2912 —-
946 2898 1006 2920 cur
1030 2891 1074 2920 ad
1097 2891 1219 2920 arandi
1243 2890 1469 2920 maturitatem
1493 2890 1625 2929 slynum
1650 2887 1802 2920 malebat
1828 2889 1996 2921 Davisius.
2026 2905 2059 2910 -—

290 2943 344 2972 21.
373 2950 435 2979 quo
461 2941 504 2971 C:
532 2949 595 2979 quo
618 2941 713 2970 modo
739 2939 839 2969 codd.
869 2940 987 2970 Oxonn
1029 2942 1063 2970 et
1087 2941 1132 2975 02
1161 2940 1239 2970 vide
1265 2948 1307 2970 ne
1333 2938 1439 2970 lateat
1463 2940 1605 2979 antiqua
1630 2939 1803 2979 scriptura
1828 2947 1922 2978 quor.
1947 2955 1980 2959 —
2008 2938 2061 2969 22.

293 2992 341 3022 his
367 2990 402 3021 13¹
431 3005 463 3011 -
498 2990 550 3020 ¹23.
577 2998 768 3020 scamoneae
795 2990 839 3024 H,
866 2997 1073 3020 scammonea
1100 2991 1268 3021 Davisius.
1296 3008 1338 3012 —
1368 2990 1446 3028 quid
1470 2989 1716 3027 aristolochiae,
1743 2998 1827 3028 quae
1844 3006 1893 3012 --
1910 2997 1953 3020 επ
1976 2997 2062 3019 som-

294 3041 367 3075 nio,
394 3041 436 3070 acl
461 3048 587 3070 morsus
610 3040 809 3078 serpentium
829 3040 931 3078 possit
955 3040 1048 3070 video
1076 3041 1250 3070 Pearoius.
1280 3057 1312 3060 —
1342 3040 1536 3070 aristholoia
1560 3040 1604 3077 A,
1631 3039 1696 3070 sed
1720 3039 1757 3070 ch
1781 3048 1858 3081 sup.
1885 3040 1915 3070 oi
1938 3047 2061 3079 supra-

294 3098 376 3126 scr,
403 3089 631 3119 aristolochiae
657 3089 864 3124 Lambinus:
892 3089 935 3120 cf.
966 3090 991 3119 ll
1019 3089 1106 3128 547.
1136 3108 1169 3111 —
1197 3089 1250 3120 ⁶24.
1276 3091 1474 3129 serpentium
1499 3090 1543 3121 C:
1572 3092 1758 3129 serpentum
1783 3090 1807 3121 O
1837 3107 1869 3112 —
1896 3090 2064 3120 inuentore

296 3141 338 3170 C:
365 3139 499 3169 inventa
523 3147 558 3169 re
582 3142 772 3178 praeeunte
800 3139 948 3170 Victorio
975 3138 1175 3170 Lambinus
1211 3158 1243 3162 —
1269 3141 1414 3179 repperit
1437 3140 1553 3171 ARV:
1581 3139 1704 3178 reperit
1729 3140 1792 3170 ΗΟ
1820 3157 1855 3161 -
1889 3139 1942 3169 25.
1968 3138 2062 3168 uideo

295 3190 446 3219 Marsus:
479 3197 571 3226 posse
594 3189 688 3218 uideo
714 3188 844 3229 (uidebo
870 3189 914 3228 ll)
941 3190 964 3220 C
1002 3205 1034 3210 -
1073 3189 1125 3220 28.
1152 3189 1258 3228 acipio
1283 3191 1308 3220 A
1349 3207 1382 3211 —
1419 3189 1461 3220 sil
1484 3191 1509 3220 Α
1535 3189 1569 3220 in
1594 3197 1663 3220 ras.
1701 3206 1735 3211 -
1771 3188 1823 3220 ⁶29.
1849 3190 1989 3219 utuntur
2013 3187 2059 3218 C:

294 3239 420 3269 utimur
444 3238 545 3268 codd.
566 3237 650 3269 dett.
672 3240 695 3269 Ο
723 3256 755 3260 -
784 3239 837 3270 31.
864 3248 1032 3270 sumamus
1056 3237 1105 3277 13¹,
1131 3239 1319 3270 subruamus
1343 3239 1382 3270 B²
1407 3257 1443 3262 —
1469 3239 1621 3271 tiiaaeumi
1645 3247 1714 3271 om.
1735 3238 1762 3270 H
1790 3255 1825 3261 —
1852 3237 1904 3269 33.
1925 3236 2062 3278 tyberim

296 3289 323 3319 ll
351 3306 383 3310 —
413 3288 557 3319 discor-inl
583 3288 609 3319 ll
640 3306 671 3310 —
700 3287 751 3319 34.
778 3289 819 3320 ab
844 3297 919 3330 sup.
940 3289 997 3321 lin.
1017 3290 1043 3321 A
1071 3306 1106 3312 —-
1133 3297 1248 3329 arusp.
1274 3290 1352 3322 AH.
