2249 3624
362 227 444 268 952
1102 225 1382 267 CICERONIS

460 333 497 371 2.
539 333 638 370 Tum
679 330 855 369 habuisti
896 328 1096 381 quasdam
1137 328 1396 380 formidines,
1437 342 1529 377 quae
1566 330 1684 380 quasi
1721 342 1872 369 cornua
1911 329 2115 382 quaedam

363 394 604 434 exciderunt
630 393 810 444 impleta.
867 394 968 441 (Scit.
999 399 1037 429 ut
1064 393 1279 440 cervorum.)

461 458 496 495 3.
538 458 624 495 Non
647 456 753 495 enim
772 455 976 504 viderunt,
998 467 1101 506 quos
1119 455 1197 507 ipsi
1217 455 1497 505 exturbarant,
1523 467 1594 494 eos
1610 456 1650 494 in
1671 455 1873 495 civitatem
1890 449 2112 495 restitutos.

460 520 495 558 4.
539 519 613 566 Qui
635 518 757 558 armis
777 518 998 556 cessissem
1017 516 1080 556 vel
1100 517 1179 557 tuis
1198 517 1381 567 urbanis,
1402 516 1480 560 vel,
1505 522 1549 557 ut
1574 518 1708 570 opinio
1728 524 1812 558 tum
1832 524 1933 568 erat,
1955 517 2111 558 alienis.

328 596 347 626 ὅ
460 583 495 621 5.
541 611 549 619 .
576 612 581 618 .
607 609 615 618 .
641 610 648 618 .
679 580 739 619 vir
767 579 1040 619 cautissimus.

822 668 944 710 XVII.
991 669 1058 710 DE
1090 668 1227 711 REGE
1258 668 1647 712 ALEXANDRINO.

1085 751 1390 785 ARGUMENTUM.

461 821 534 860 Cn.
566 817 753 859 Cornelio
784 816 979 867 LentulO,
1010 818 1052 855 L.
1080 817 1227 855 Marcio
1256 817 1438 869 Philippo
1475 829 1581 857 coss.
1615 818 1701 857 698.
1732 831 1824 858 cum
1857 819 2114 859 Ptolemaeus

360 884 540 932 Auletes,
571 882 741 933 Aegypti
771 893 865 929 reX,
895 881 1062 919 Romam
1093 879 1269 931 supplex
1298 881 1565 931 confugisset,
1602 882 1744 921 Cicero
1773 882 1814 920 in
1842 887 1987 921 senatu
2015 894 2115 921 sen-

310 947 495 988 aeotentiis
535 944 640 983 ultro
682 944 865 994 citroque
909 942 1027 981 dictis
1068 943 1291 982 orationem
1331 942 1473 982 habuit
1510 943 1561 981 de
1601 943 1838 983 reducendo
1871 944 1912 982 in
1944 956 2115 994 regnum

360 1022 455 1059 rege
489 1007 778 1047 Alexandrino.
833 1007 941 1044 Haec
969 1010 1104 1043 autem
1134 1006 1326 1044 orationis
1351 1006 1575 1056 fragmenta
1597 1007 1754 1057 primus
1782 1006 1909 1045 edidit
1925 1008 1970 1046 A.
1989 1007 2115 1047 Maius

360 1084 381 1110 e
410 1070 499 1110 cod.
530 1071 720 1109 Ambros.
759 1067 972 1108 Mediolani
1008 1068 1116 1107 1817.
1156 1069 1301 1107 ΝΟΒΒΕ.
1380 1068 1554 1118 (Laudat
1591 1069 1694 1108 hano
1732 1070 1954 1109 orationem
1993 1070 2115 1109 etiam

358 1133 772 1173 Fortunatianus
799 1133 845 1171 A.
865 1132 936 1170 Rh.
959 1143 999 1182 p.
1023 1133 1082 1169 64.
1106 1136 1146 1169 et
1165 1133 1224 1169 67.
1246 1131 1345 1169 Pith.
1400 1131 1627 1171 Scholiasta
1654 1132 1705 1171 ad
1734 1133 1940 1172 Lucanum
1967 1134 2004 1183 8,
2025 1134 2112 1173 518.

359 1210 397 1249 p.
430 1197 512 1236 642.
545 1194 650 1234 Oud.
682 1208 722 1246 p.
752 1194 838 1233 643.
868 1193 989 1232 Web.
1045 1195 1280 1241 Purqandum
1316 1196 1441 1242 yladio
1468 1198 1563 1241 quod
1598 1192 1716 1248 nobis]
1753 1195 1968 1247 Pompeius
2003 1195 2115 1247 prior

309 1272 346 1302 ⁴5
361 1260 441 1310 egit
466 1260 570 1299 hanc
596 1271 777 1307 causam,
806 1262 850 1296 ut
870 1257 962 1296 huic
981 1256 1211 1296 traderetur
1237 1257 1451 1309 imperium
1477 1263 1571 1309 post
1596 1258 1724 1309 patris
1749 1264 1942 1308 mortem;
1970 1264 2114 1310 postea

361 1323 517 1371 Cicero,
549 1333 654 1373 quae
683 1321 809 1360 oratio
836 1319 1073 1359 inscribitur
1100 1324 1142 1357 de
1165 1334 1246 1368 φερε
1273 1322 1535 1358 Alexandrino.
1591 1321 1736 1373 Aquila
1763 1334 1804 1374 p.
1839 1320 1922 1362 154.
1950 1320 2110 1362 Ruhnk.

358 1385 461 1425 hanc
489 1385 710 1424 orationem
739 1383 924 1422 inscribit
950 1386 992 1421 de
1017 1396 1097 1431 φερε
1123 1383 1350 1434 Ptolemaeo.)

432 1499 458 1536 Ι.
507 1498 540 1536 1.
569 1498 618 1537 Ut
645 1497 789 1548 rapiat,
818 1502 863 1536 ut
888 1495 1164 1536 latrocinetur.

458 1563 481 1601 2
532 1562 572 1601 Si
602 1560 738 1600 hercle
766 1561 805 1599 in
834 1560 984 1599 nostris
1012 1560 1137 1600 rebus
1162 1565 1245 1599 tam
1269 1573 1386 1600 acres
1412 1560 1463 1600 ad
1486 1561 1697 1614 pecunias,
1723 1566 1805 1601 tam
1833 1560 2002 1612 adtenti,
2030 1566 2113 1602 tam

315 1625 468 1667 aoavari
497 1624 724 1664 soleremus
751 1635 858 1662 esse.

432 1701 476 1740 II.
522 1701 556 1739 1.
588 1699 669 1738 Sed
698 1704 849 1748 tamen,
881 1710 987 1749 quae
1016 1703 1111 1738 sunt
1138 1703 1277 1738 nostra
1305 1697 1467 1738 iudicia.

456 1764 492 1801 2.
536 1762 696 1800 Debent
731 1773 823 1799 esse
859 1760 1182 1800 modestissima:
1222 1761 1413 1812 quoniam
1454 1760 1619 1813 quidem
1657 1766 1719 1800 est
1747 1761 1823 1801 hoc
1860 1762 2006 1802 summi
2032 1763 2111 1802 im-

357 1827 473 1879 perii,
502 1830 663 1864 nosmet
689 1825 801 1875 ipsos
830 1823 881 1861 de
909 1823 1058 1861 nostris
1086 1823 1211 1862 rebus
1238 1823 1434 1863 iudicare.

458 1894 492 1930 3.
535 1890 610 1936 Qui
640 1900 691 1926 ex
718 1886 944 1926 hereditate
975 1892 1082 1925 tanta
1111 1899 1237 1926 unum
1263 1886 1392 1926 solum
1420 1900 1568 1926 nomen
1597 1888 1898 1939 agnoverimus.

308 1975 345 2006 95
430 1965 492 2003 ΙΙΙ.
538 1967 570 2004 1.
608 1964 673 2002 Sic
712 1968 775 2002 est
808 1963 913 2002 iusta
951 1974 1073 2002 causa
1110 1961 1234 2013 belli,
1276 1963 1393 2002 sicuti
1434 1963 1608 2002 Crassus
1649 1963 1980 2002 commemoravit
2018 1975 2110 2002 cum

354 2028 543 2078 Iugurtha
571 2027 707 2065 fuisse.

455 2090 490 2130 2.
533 2092 618 2129 Non
654 2090 785 2141 patiar
819 2089 921 2128 hanc
959 2089 1142 2128 exaudiri
1180 2101 1322 2128 vocem
1350 2088 1469 2128 huius
1506 2089 1689 2140 imperii:
1735 2100 1809 2139 ego
1839 2093 1900 2138 te,
1931 2088 2007 2127 nisi
2035 2087 2109 2128 das

356 2154 522 2204 aliquid,
554 2154 732 2201 hostem,
763 2153 795 2190 si
826 2151 922 2203 quid
955 2151 1133 2201 dederis,
1168 2164 1305 2202 regem
1335 2158 1375 2190 et
1402 2152 1557 2190 socium
1587 2157 1626 2190 et
1653 2152 1826 2190 amicum
1853 2150 2059 2190 iudicabo.

455 2219 489 2254 3.
536 2217 636 2256 Cum
664 2215 730 2254 ille
762 2228 834 2260 rex
862 2216 913 2254 sit
938 2216 1190 2264 interfectus,
1220 2215 1326 2254 hunc
1354 2227 1527 2266 puerum
1554 2215 1595 2252 in
1623 2215 1737 2266 Syria
1764 2215 1903 2254 fuisse.

305 2288 341 2316 30
453 2281 488 2318 4.
531 2281 663 2330 Atque
691 2278 790 2317 illud
818 2280 937 2317 etiam
966 2284 1153 2317 constare
1181 2277 1314 2327 video,
1358 2290 1496 2328 regem
1537 2277 1671 2323 illum,
1706 2290 1798 2316 cum
1830 2278 2011 2328 reginam
2039 2289 2110 2316 so-

356 2355 488 2380 rorem
518 2354 647 2390 suam,
679 2355 812 2381 caram
836 2348 1130 2393 acceptamque
1158 2341 1325 2393 populo,
1355 2341 1545 2379 manibus
1575 2341 1659 2379 suis
1692 2340 1951 2388 trucidasset,
1980 2341 2110 2379 inter-

356 2406 502 2444 sectum
534 2417 625 2443 esse
653 2406 808 2457 impetu
837 2404 1118 2444 multitudinis.
1176 2405 1295 2454 (Haec
1324 2403 1624 2443 Scholiasta
1652 2403 1967 2453 Bobiensis.)

454 2469 491 2506 5.
533 2467 711 2506 Difficilis
739 2468 838 2506 ratio
866 2466 962 2506 belli
992 2466 1178 2517 gerendi,
1209 2471 1249 2505 at
1276 2465 1397 2517 plena
1418 2465 1526 2515 fidei,
1552 2465 1673 2517 plena
1701 2465 1875 2517 pietatis.
1921 2463 2110 2516 (Aquila

356 2543 390 2567 c.
424 2529 482 2567 14.
516 2542 555 2580 p.
589 2530 671 2569 154.
735 2529 979 2567 Marcian.
1010 2527 1230 2579 Capella
1260 2527 1310 2566 de
1339 2528 1552 2567 Rhetorica
1579 2541 1620 2579 p.
1649 2528 1735 2566 428.
1766 2527 1830 2566 ed.
1863 2527 2108 2579 Capperon.)

305 2600 341 2627 35
453 2592 488 2629 6.
537 2597 611 2641 Τᾖς
642 2593 844 2642 Αἰγύπτου
872 2591 908 2629 δὲ
947 2595 1018 2633 τὰς
1044 2590 1263 2641 προςὸδους
1291 2589 1332 2628 ἔν
1360 2605 1436 2627 τινι
1463 2591 1565 2641 λόγῳ
1584 2598 1767 2641 Κικέρων
1787 2591 1943 2641 ιῙράζει,
1973 2590 2109 2638 ’[ήυγις

355 2655 442 2691 κατ’
484 2654 670 2692 Erum-rot!
699 2657 752 2701 τῷ
789 2657 858 2702 τὴς
892 2656 1154 2703 Κλεοπάτρας
1192 2652 1317 2703 πατρὶ
1353 2656 1406 2699 τῷ
1434 2655 1593 2708 Αὐλητῇ
1632 2653 1936 2703 προςαέρεσθαι
1979 2652 2109 2702 σόρον

356 2719 564 2755 ταλάντων
605 2718 762 2768 μυρίων
799 2715 867 2754 καὶ
906 2716 1101 2766 &wallum
1137 2716 1427 2753 πένῑακοσίων.
1493 2714 1688 2764 (Strabo
1716 2713 1800 2752 Lib.
1831 2714 1945 2752 XVII.
1979 2714 2013 2765 ἓ.
2047 2714 2104 2753 13.

357 2793 395 2830 p.
427 2779 511 2818 522.
545 2781 757 2828 Tzschuclf.)

308 2923 513 2972 40(Habita
543 2930 605 2962 est
639 2924 764 2963 oratio
796 2925 834 2961 L.
865 2923 1035 2961 Domitio
1074 2920 1372 2969 Ahenobarbo,
1411 2922 1540 2973 Appio
1575 2920 1744 2961 Claudio
1782 2919 1953 2959 Pulchro
1999 2932 2104 2959 coss.

788 2987 875 3024 700.
909 2985 977 3024 csr.
1008 2983 1170 3023 Ellendt
1196 2984 1235 3021 in
1264 2985 1383 3021 Bruto
1410 2996 1451 3034 p.
1484 2983 1670 3033 CXXIV.)

459 3050 488 3086 1.
531 3048 630 3086 Cum
660 3048 859 3086 Vatinium
888 3046 1174 3095 defenderem,
1204 3045 1285 3084 dixi
1314 3057 1377 3083 me
1410 3046 1543 3085 facere
1571 3044 1788 3096 quiddam,
1818 3044 1928 3096 quod
1955 3045 1995 3084 in
2023 3045 2107 3084 Eu-

358 3109 489 3148 nucho
517 3109 721 3159 parasitus
750 3109 896 3147 suadet
924 3108 1056 3147 militi:

442 3248 473 3277 ‘5
512 3247 661 3276 accessit
686 3255 702 3276 e
728 3248 893 3277 contextu
912 3246 1135 3279 Scholiastae.
1164 3262 1197 3268 —
1227 3245 1277 3277 49.
1310 3253 1403 3277 acres
1426 3244 1572 3287 Madvig.
1600 3246 1633 3277 et
1657 3244 1824 3277 Niebuhr.
1872 3244 1916 3275 ad
1941 3251 1993 3275 res
2017 3243 2102 3276 Cod.

361 3314 394 3319 —
422 3297 473 3328 25.
506 3297 532 3328 si
557 3299 601 3327 est
625 3295 800 3327 Niebuhrii
827 3305 921 3339 susp.
