<?xml version="1.0" encoding="UTF-8"?>
<!DOCTYPE html PUBLIC "-//W3C//DTD XHTML 1.0 Transitional//EN"
    "http://www.w3.org/TR/xhtml1/DTD/xhtml1-transitional.dtd">
<html xmlns="http://www.w3.org/1999/xhtml" xml:lang="en" lang="en">
 <head>
  <title>
</title>
<meta http-equiv="Content-Type" content="text/html;charset=utf-8" />
  <meta name='ocr-system' content='tesseract 3.04.00' />
  <meta name='ocr-capabilities' content='ocr_page ocr_carea ocr_par ocr_line ocrx_word'/>
</head>
<body>
  <div class='ocr_page' id='page_1' title='image "./operaquaesupersu04ciceuoft_0564.png"; bbox 0 0 2249 3624; ppageno 0'>
   <div class='ocr_carea' id='block_1_1' title="bbox 223 114 1345 159">
    <p class='ocr_par' dir='ltr' id='par_1_1' title="bbox 223 114 1345 159">
     <span class='ocr_line' id='line_1_1' title="bbox 223 114 1345 159; baseline -0.005 0"><span class='ocrx_word' id='word_1_1' title='bbox 223 117 306 159; x_wconf 84' lang='lat'>506</span> <span class='ocrx_word' id='word_1_2' title='bbox 892 117 962 157; x_wconf 93' lang='lat' dir='ltr'>DE</span> <span class='ocrx_word' id='word_1_3' title='bbox 992 114 1345 156; x_wconf 89' lang='lat' dir='ltr'><strong>DIVINATIONE</strong></span> 
     </span>
    </p>
   </div>
   <div class='ocr_carea' id='block_1_2' title="bbox 173 219 1996 1146">
    <p class='ocr_par' dir='ltr' id='par_1_2' title="bbox 223 219 1992 462">
     <span class='ocr_line' id='line_1_2' title="bbox 337 219 1990 273; baseline -0.002 -8"><span class='ocrx_word' id='word_1_4' title='bbox 337 225 509 265; x_wconf 88' lang='lat' dir='ltr'><strong>XXXV.</strong></span> <span class='ocrx_word' id='word_1_5' title='bbox 541 223 608 265; x_wconf 88' lang='lat'>77.</span> <span class='ocrx_word' id='word_1_6' title='bbox 641 224 784 273; x_wconf 73' lang='lat' dir='ltr'>Quid?</span> <span class='ocrx_word' id='word_1_7' title='bbox 815 222 925 262; x_wconf 89' lang='lat' dir='ltr'>bello</span> <span class='ocrx_word' id='word_1_8' title='bbox 949 221 1104 261; x_wconf 89' lang='lat' dir='ltr'>Punico</span> <span class='ocrx_word' id='word_1_9' title='bbox 1136 219 1321 260; x_wconf 90' lang='lat' dir='ltr'>secundo</span> <span class='ocrx_word' id='word_1_10' title='bbox 1353 232 1491 259; x_wconf 89' lang='lat' dir='ltr'>nonne</span> <span class='ocrx_word' id='word_1_11' title='bbox 1523 219 1568 259; x_wconf 85' lang='lat' dir='ltr'>C.</span> <span class='ocrx_word' id='word_1_12' title='bbox 1588 219 1815 260; x_wconf 82' lang='lat' dir='ltr'>Flaminius</span> <span class='ocrx_word' id='word_1_13' title='bbox 1844 221 1990 261; x_wconf 90' lang='lat' dir='ltr'>consul</span> 
     </span>
     <span class='ocr_line' id='line_1_3' title="bbox 223 281 1990 339; baseline -0.003 -11"><span class='ocrx_word' id='word_1_14' title='bbox 223 289 374 328; x_wconf 90' lang='lat' dir='ltr'>iterum</span> <span class='ocrx_word' id='word_1_15' title='bbox 406 287 592 339; x_wconf 77' lang='lat' dir='ltr'>neglexit</span> <span class='ocrx_word' id='word_1_16' title='bbox 622 288 739 339; x_wconf 86' lang='lat' dir='ltr'>signa</span> <span class='ocrx_word' id='word_1_17' title='bbox 770 298 907 324; x_wconf 89' lang='lat' dir='ltr'>rerum</span> <span class='ocrx_word' id='word_1_18' title='bbox 938 284 1171 323; x_wconf 87' lang='lat' dir='ltr'>futurarum</span> <span class='ocrx_word' id='word_1_19' title='bbox 1203 294 1350 333; x_wconf 81' lang='lat' dir='ltr'>magna</span> <span class='ocrx_word' id='word_1_20' title='bbox 1390 295 1481 321; x_wconf 88' lang='lat' dir='ltr'>cum</span> <span class='ocrx_word' id='word_1_21' title='bbox 1519 281 1637 322; x_wconf 87' lang='lat' dir='ltr'>clade</span> <span class='ocrx_word' id='word_1_22' title='bbox 1668 282 1727 321; x_wconf 91' lang='lat' dir='ltr'>rei</span> <span class='ocrx_word' id='word_1_23' title='bbox 1760 282 1953 334; x_wconf 90' lang='lat' dir='ltr'>publicae</span> <span class='ocrx_word' id='word_1_24' title='bbox 1972 286 1990 323; x_wconf 73' lang='lat' dir='ltr'>‘l</span> 
     </span>
     <span class='ocr_line' id='line_1_4' title="bbox 226 344 1992 397; baseline -0.003 -8"><span class='ocrx_word' id='word_1_25' title='bbox 226 349 307 397; x_wconf 89' lang='lat' dir='ltr'>Qui</span> <span class='ocrx_word' id='word_1_26' title='bbox 341 350 526 389; x_wconf 88' lang='lat' dir='ltr'>exercitu</span> <span class='ocrx_word' id='word_1_27' title='bbox 558 350 752 394; x_wconf 87' lang='lat' dir='ltr'>lustrato,</span> <span class='ocrx_word' id='word_1_28' title='bbox 800 360 892 385; x_wconf 89' lang='lat' dir='ltr'>cum</span> <span class='ocrx_word' id='word_1_29' title='bbox 923 345 1131 384; x_wconf 82' lang='lat' dir='ltr'><strong>Arretium</strong></span> <span class='ocrx_word' id='word_1_30' title='bbox 1179 357 1322 384; x_wconf 90' lang='lat' dir='ltr'>versus</span> <span class='ocrx_word' id='word_1_31' title='bbox 1363 349 1498 383; x_wconf 84' lang='lat' dir='ltr'>castra</span> <span class='ocrx_word' id='word_1_32' title='bbox 1538 344 1738 383; x_wconf 88' lang='lat' dir='ltr'>movisset</span> <span class='ocrx_word' id='word_1_33' title='bbox 1777 350 1818 384; x_wconf 91' lang='lat' dir='ltr'>et</span> <span class='ocrx_word' id='word_1_34' title='bbox 1847 351 1992 385; x_wconf 87' lang='lat' dir='ltr'>contra</span> 
     </span>
     <span class='ocr_line' id='line_1_5' title="bbox 224 406 1991 462; baseline -0.002 -11"><span class='ocrx_word' id='word_1_35' title='bbox 224 411 500 450; x_wconf 90' lang='lat' dir='ltr'>Hannibalem</span> <span class='ocrx_word' id='word_1_36' title='bbox 533 411 721 462; x_wconf 85' lang='lat' dir='ltr'>legiones</span> <span class='ocrx_word' id='word_1_37' title='bbox 753 408 944 454; x_wconf 90' lang='lat' dir='ltr'>duceret,</span> <span class='ocrx_word' id='word_1_38' title='bbox 984 412 1024 446; x_wconf 92' lang='lat' dir='ltr'>et</span> <span class='ocrx_word' id='word_1_39' title='bbox 1060 407 1149 459; x_wconf 88' lang='lat' dir='ltr'>ipse</span> <span class='ocrx_word' id='word_1_40' title='bbox 1189 412 1229 446; x_wconf 89' lang='lat' dir='ltr'>et</span> <span class='ocrx_word' id='word_1_41' title='bbox 1266 420 1399 459; x_wconf 88' lang='lat' dir='ltr'>equus</span> <span class='ocrx_word' id='word_1_42' title='bbox 1438 407 1526 445; x_wconf 88' lang='lat' dir='ltr'>eius</span> <span class='ocrx_word' id='word_1_43' title='bbox 1557 411 1652 445; x_wconf 91' lang='lat' dir='ltr'>ante</span> <span class='ocrx_word' id='word_1_44' title='bbox 1684 406 1847 457; x_wconf 87' lang='lat' dir='ltr'>signum</span> <span class='ocrx_word' id='word_1_45' title='bbox 1880 407 1991 447; x_wconf 93' lang='lat' dir='ltr'>Iovis</span> 
     </span>
    </p>

    <p class='ocr_par' dir='ltr' id='par_1_3' title="bbox 173 468 1996 1146">
     <span class='ocr_line' id='line_1_6' title="bbox 192 468 1993 523; baseline -0.003 -10"><span class='ocrx_word' id='word_1_46' title='bbox 192 473 402 512; x_wconf 85' lang='lat' dir='ltr'>5Statoris</span> <span class='ocrx_word' id='word_1_47' title='bbox 434 473 524 512; x_wconf 90' lang='lat' dir='ltr'>sine</span> <span class='ocrx_word' id='word_1_48' title='bbox 557 485 681 511; x_wconf 89' lang='lat' dir='ltr'>causa</span> <span class='ocrx_word' id='word_1_49' title='bbox 712 476 883 523; x_wconf 89' lang='lat' dir='ltr'>repente</span> <span class='ocrx_word' id='word_1_50' title='bbox 916 469 1098 509; x_wconf 84' lang='lat' dir='ltr'>concidit</span> <span class='ocrx_word' id='word_1_51' title='bbox 1136 482 1213 508; x_wconf 91' lang='lat' dir='ltr'>nec</span> <span class='ocrx_word' id='word_1_52' title='bbox 1245 482 1334 508; x_wconf 89' lang='lat' dir='ltr'>eam</span> <span class='ocrx_word' id='word_1_53' title='bbox 1366 482 1454 507; x_wconf 90' lang='lat' dir='ltr'>rem</span> <span class='ocrx_word' id='word_1_54' title='bbox 1484 468 1630 507; x_wconf 88' lang='lat' dir='ltr'>habuit</span> <span class='ocrx_word' id='word_1_55' title='bbox 1659 469 1877 521; x_wconf 85' lang='lat' dir='ltr'>religioni,</span> <span class='ocrx_word' id='word_1_56' title='bbox 1921 469 1993 508; x_wconf 91' lang='lat' dir='ltr'>ob-</span> 
     </span>
     <span class='ocr_line' id='line_1_7' title="bbox 223 530 1992 586; baseline -0.002 -11"><span class='ocrx_word' id='word_1_57' title='bbox 223 536 331 575; x_wconf 90' lang='lat' dir='ltr'>iecto</span> <span class='ocrx_word' id='word_1_58' title='bbox 364 536 504 586; x_wconf 78' lang='lat' dir='ltr'>sigim,</span> <span class='ocrx_word' id='word_1_59' title='bbox 547 540 592 573; x_wconf 92' lang='lat' dir='ltr'>ut</span> <span class='ocrx_word' id='word_1_60' title='bbox 623 533 767 586; x_wconf 89' lang='lat' dir='ltr'>peritis</span> <span class='ocrx_word' id='word_1_61' title='bbox 802 532 1042 578; x_wconf 86' lang='lat' dir='ltr'>videbatur,</span> <span class='ocrx_word' id='word_1_62' title='bbox 1083 545 1134 570; x_wconf 89' lang='lat' dir='ltr'>ne</span> <span class='ocrx_word' id='word_1_63' title='bbox 1167 532 1444 570; x_wconf 87' lang='lat' dir='ltr'>committeret</span> <span class='ocrx_word' id='word_1_64' title='bbox 1474 530 1694 583; x_wconf 90' lang='lat' dir='ltr'>proelium.</span> <span class='ocrx_word' id='word_1_65' title='bbox 1753 531 1867 570; x_wconf 90' lang='lat' dir='ltr'>Idem</span> <span class='ocrx_word' id='word_1_66' title='bbox 1900 545 1992 571; x_wconf 91' lang='lat' dir='ltr'>cum</span> 
     </span>
     <span class='ocr_line' id='line_1_8' title="bbox 224 592 1993 650; baseline -0.003 -13"><span class='ocrx_word' id='word_1_67' title='bbox 224 598 411 650; x_wconf 88' lang='lat' dir='ltr'>tripudio</span> <span class='ocrx_word' id='word_1_68' title='bbox 458 596 773 648; x_wconf 73' lang='lat' dir='ltr'>auspicaretur,</span> <span class='ocrx_word' id='word_1_69' title='bbox 824 594 1028 646; x_wconf 88' lang='lat' dir='ltr'>pullarius</span> <span class='ocrx_word' id='word_1_70' title='bbox 1079 593 1188 632; x_wconf 89' lang='lat' dir='ltr'>diem</span> <span class='ocrx_word' id='word_1_71' title='bbox 1235 593 1381 646; x_wconf 90' lang='lat' dir='ltr'>proelii</span> <span class='ocrx_word' id='word_1_72' title='bbox 1425 592 1714 632; x_wconf 88' lang='lat' dir='ltr'>committendi</span> <span class='ocrx_word' id='word_1_73' title='bbox 1761 593 1993 633; x_wconf 86' lang='lat' dir='ltr'>differebat.</span> 
     </span>
     <span class='ocr_line' id='line_1_9' title="bbox 225 654 1994 709; baseline -0.003 -10"><span class='ocrx_word' id='word_1_74' title='bbox 225 661 329 699; x_wconf 88' lang='lat' dir='ltr'>Tum</span> <span class='ocrx_word' id='word_1_75' title='bbox 361 659 590 698; x_wconf 80' lang='lat' dir='ltr'>Flaminius</span> <span class='ocrx_word' id='word_1_76' title='bbox 622 671 675 697; x_wconf 84' lang='lat' dir='ltr'>ex</span> <span class='ocrx_word' id='word_1_77' title='bbox 708 670 757 696; x_wconf 90' lang='lat' dir='ltr'>eo</span> <span class='ocrx_word' id='word_1_78' title='bbox 790 656 1013 709; x_wconf 88' lang='lat' dir='ltr'>qnaesivit,</span> <span class='ocrx_word' id='word_1_79' title='bbox 1045 656 1079 694; x_wconf 89' lang='lat' dir='ltr'>si</span> <span class='ocrx_word' id='word_1_80' title='bbox 1112 669 1162 694; x_wconf 90' lang='lat' dir='ltr'>ne</span> <span class='ocrx_word' id='word_1_81' title='bbox 1194 661 1341 708; x_wconf 87' lang='lat' dir='ltr'>postea</span> <span class='ocrx_word' id='word_1_82' title='bbox 1373 654 1543 707; x_wconf 88' lang='lat' dir='ltr'>quidem</span> <span class='ocrx_word' id='word_1_83' title='bbox 1577 655 1677 708; x_wconf 90' lang='lat' dir='ltr'>pulli</span> <span class='ocrx_word' id='word_1_84' title='bbox 1711 660 1994 708; x_wconf 88' lang='lat' dir='ltr'>pascerentur,</span> 
     </span>
     <span class='ocr_line' id='line_1_10' title="bbox 224 716 1994 774; baseline -0.003 -14"><span class='ocrx_word' id='word_1_85' title='bbox 224 721 325 774; x_wconf 92' lang='lat' dir='ltr'>quid</span> <span class='ocrx_word' id='word_1_86' title='bbox 351 720 589 760; x_wconf 87' lang='lat' dir='ltr'>faciendum</span> <span class='ocrx_word' id='word_1_87' title='bbox 616 726 820 759; x_wconf 79' lang='lat' dir='ltr'>censeret.</span> <span class='ocrx_word' id='word_1_88' title='bbox 869 719 970 758; x_wconf 89' lang='lat' dir='ltr'>Cum</span> <span class='ocrx_word' id='word_1_89' title='bbox 993 718 1063 757; x_wconf 88' lang='lat' dir='ltr'>ille</span> <span class='ocrx_word' id='word_1_90' title='bbox 1085 718 1387 770; x_wconf 88' lang='lat' dir='ltr'>quiescendum</span> <span class='ocrx_word' id='word_1_91' title='bbox 1410 718 1720 769; x_wconf 86' lang='lat' dir='ltr'>respondisset,</span> <span class='ocrx_word' id='word_1_92' title='bbox 1742 716 1994 756; x_wconf 79' lang='lat' dir='ltr'>Flaminius:</span> 
     </span>
     <span class='ocr_line' id='line_1_11' title="bbox 175 779 1995 835; baseline -0.003 -12"><span class='ocrx_word' id='word_1_93' title='bbox 175 795 211 824; x_wconf 57' lang='lat'>³10</span> <span class='ocrx_word' id='word_1_94' title='bbox 227 783 469 823; x_wconf 80' lang='lat' dir='ltr'>«Praeclara</span> <span class='ocrx_word' id='word_1_95' title='bbox 499 796 596 822; x_wconf 87' lang='lat' dir='ltr'>vero</span> <span class='ocrx_word' id='word_1_96' title='bbox 627 783 839 835; x_wconf 87' lang='lat' dir='ltr'>auspicia,</span> <span class='ocrx_word' id='word_1_97' title='bbox 871 781 905 820; x_wconf 90' lang='lat' dir='ltr'>si</span> <span class='ocrx_word' id='word_1_98' title='bbox 939 781 1219 820; x_wconf 80' lang='lat' dir='ltr'>esurientibus</span> <span class='ocrx_word' id='word_1_99' title='bbox 1253 781 1379 832; x_wconf 92' lang='lat' dir='ltr'>pullis</span> <span class='ocrx_word' id='word_1_100' title='bbox 1410 793 1476 819; x_wconf 91' lang='lat' dir='ltr'>res</span> <span class='ocrx_word' id='word_1_101' title='bbox 1509 780 1596 831; x_wconf 87' lang='lat' dir='ltr'>geri</span> <span class='ocrx_word' id='word_1_102' title='bbox 1628 780 1804 832; x_wconf 90' lang='lat' dir='ltr'>poterit,</span> <span class='ocrx_word' id='word_1_103' title='bbox 1845 779 1995 819; x_wconf 88' lang='lat' dir='ltr'>saturis</span> 
     </span>
     <span class='ocr_line' id='line_1_12' title="bbox 224 842 1995 898; baseline -0.002 -13"><span class='ocrx_word' id='word_1_104' title='bbox 224 846 327 885; x_wconf 90' lang='lat' dir='ltr'>nihil</span> <span class='ocrx_word' id='word_1_105' title='bbox 359 851 563 898; x_wconf 78' lang='lat' dir='ltr'>geretur.»</span> <span class='ocrx_word' id='word_1_106' title='bbox 627 845 773 897; x_wconf 88' lang='lat' dir='ltr'>Itaque</span> <span class='ocrx_word' id='word_1_107' title='bbox 805 844 923 896; x_wconf 87' lang='lat' dir='ltr'>signa</span> <span class='ocrx_word' id='word_1_108' title='bbox 956 843 1135 882; x_wconf 89' lang='lat' dir='ltr'>convelli</span> <span class='ocrx_word' id='word_1_109' title='bbox 1176 849 1214 882; x_wconf 94' lang='lat' dir='ltr'>et</span> <span class='ocrx_word' id='word_1_110' title='bbox 1254 856 1298 882; x_wconf 89' lang='lat' dir='ltr'>se</span> <span class='ocrx_word' id='word_1_111' title='bbox 1336 842 1454 895; x_wconf 91' lang='lat' dir='ltr'>sequi</span> <span class='ocrx_word' id='word_1_112' title='bbox 1487 842 1620 881; x_wconf 88' lang='lat' dir='ltr'>iussit.</span> <span class='ocrx_word' id='word_1_113' title='bbox 1683 842 1776 889; x_wconf 84' lang='lat' dir='ltr'>Quo</span> <span class='ocrx_word' id='word_1_114' title='bbox 1809 847 1995 894; x_wconf 89' lang='lat' dir='ltr'>tempore</span> 
     </span>
     <span class='ocr_line' id='line_1_13' title="bbox 224 904 1995 960; baseline -0.003 -13"><span class='ocrx_word' id='word_1_115' title='bbox 224 922 317 948; x_wconf 90' lang='lat' dir='ltr'>cum</span> <span class='ocrx_word' id='word_1_116' title='bbox 350 907 524 960; x_wconf 88' lang='lat' dir='ltr'>signifer</span> <span class='ocrx_word' id='word_1_117' title='bbox 555 907 675 960; x_wconf 89' lang='lat' dir='ltr'>primi</span> <span class='ocrx_word' id='word_1_118' title='bbox 707 907 829 946; x_wconf 90' lang='lat' dir='ltr'>astati</span> <span class='ocrx_word' id='word_1_119' title='bbox 863 907 1027 959; x_wconf 86' lang='lat' dir='ltr'>signum</span> <span class='ocrx_word' id='word_1_120' title='bbox 1059 919 1144 944; x_wconf 88' lang='lat' dir='ltr'>non</span> <span class='ocrx_word' id='word_1_121' title='bbox 1176 910 1320 957; x_wconf 88' lang='lat' dir='ltr'>posset</span> <span class='ocrx_word' id='word_1_122' title='bbox 1351 917 1519 943; x_wconf 86' lang='lat' dir='ltr'>movere</span> <span class='ocrx_word' id='word_1_123' title='bbox 1551 904 1644 942; x_wconf 93' lang='lat' dir='ltr'>loco</span> <span class='ocrx_word' id='word_1_124' title='bbox 1674 917 1750 943; x_wconf 90' lang='lat' dir='ltr'>nec</span> <span class='ocrx_word' id='word_1_125' title='bbox 1772 904 1995 956; x_wconf 90' lang='lat' dir='ltr'>quicquam</span> 
     </span>
     <span class='ocr_line' id='line_1_14' title="bbox 224 966 1996 1025; baseline -0.003 -15"><span class='ocrx_word' id='word_1_126' title='bbox 224 968 514 1025; x_wconf 82' lang='lat' dir='ltr'>proficeretur,</span> <span class='ocrx_word' id='word_1_127' title='bbox 562 970 706 1022; x_wconf 89' lang='lat' dir='ltr'>plures</span> <span class='ocrx_word' id='word_1_128' title='bbox 748 982 843 1008; x_wconf 90' lang='lat' dir='ltr'>cum</span> <span class='ocrx_word' id='word_1_129' title='bbox 885 968 1154 1014; x_wconf 81' lang='lat' dir='ltr'>accederent,</span> <span class='ocrx_word' id='word_1_130' title='bbox 1200 967 1429 1005; x_wconf 79' lang='lat' dir='ltr'>Flaminius</span> <span class='ocrx_word' id='word_1_131' title='bbox 1469 979 1511 1005; x_wconf 92' lang='lat' dir='ltr'>re</span> <span class='ocrx_word' id='word_1_132' title='bbox 1553 966 1741 1005; x_wconf 87' lang='lat' dir='ltr'>nuntiata</span> <span class='ocrx_word' id='word_1_133' title='bbox 1772 979 1848 1005; x_wconf 93' lang='lat' dir='ltr'>suo</span> <span class='ocrx_word' id='word_1_134' title='bbox 1881 979 1996 1005; x_wconf 90' lang='lat' dir='ltr'>more</span> 
     </span>
     <span class='ocr_line' id='line_1_15' title="bbox 223 1027 1996 1085; baseline -0.002 -13"><span class='ocrx_word' id='word_1_135' title='bbox 223 1033 422 1085; x_wconf 79' lang='lat' dir='ltr'>neglexit.</span> <span class='ocrx_word' id='word_1_136' title='bbox 467 1033 613 1085; x_wconf 88' lang='lat' dir='ltr'>Itaque</span> <span class='ocrx_word' id='word_1_137' title='bbox 645 1032 777 1071; x_wconf 87' lang='lat' dir='ltr'>tribus</span> <span class='ocrx_word' id='word_1_138' title='bbox 809 1032 859 1070; x_wconf 89' lang='lat' dir='ltr'>iis</span> <span class='ocrx_word' id='word_1_139' title='bbox 892 1030 1006 1069; x_wconf 92' lang='lat' dir='ltr'>horis</span> <span class='ocrx_word' id='word_1_140' title='bbox 1039 1030 1230 1069; x_wconf 88' lang='lat' dir='ltr'>concisus</span> <span class='ocrx_word' id='word_1_141' title='bbox 1263 1028 1470 1067; x_wconf 77' lang='lat' dir='ltr'>exercitus</span> <span class='ocrx_word' id='word_1_142' title='bbox 1492 1033 1616 1080; x_wconf 89' lang='lat' dir='ltr'>atque</span> <span class='ocrx_word' id='word_1_143' title='bbox 1639 1029 1727 1080; x_wconf 89' lang='lat' dir='ltr'>ipse</span> <span class='ocrx_word' id='word_1_144' title='bbox 1750 1027 1996 1068; x_wconf 88' lang='lat' dir='ltr'>interfectus</span> 
     </span>
     <span class='ocr_line' id='line_1_16' title="bbox 173 1090 1996 1146; baseline -0.002 -12"><span class='ocrx_word' id='word_1_145' title='bbox 173 1105 210 1134; x_wconf 78' lang='grc'>45</span> <span class='ocrx_word' id='word_1_146' title='bbox 225 1101 299 1136; x_wconf 86' lang='lat' dir='ltr'>est.</span> <span class='ocrx_word' id='word_1_147' title='bbox 358 1093 425 1135; x_wconf 78' lang='lat'>78.</span> <span class='ocrx_word' id='word_1_148' title='bbox 462 1096 658 1146; x_wconf 87' lang='lat' dir='ltr'>Magnum</span> <span class='ocrx_word' id='word_1_149' title='bbox 690 1093 794 1132; x_wconf 90' lang='lat' dir='ltr'>illud</span> <span class='ocrx_word' id='word_1_150' title='bbox 827 1093 971 1138; x_wconf 90' lang='lat' dir='ltr'>etiam,</span> <span class='ocrx_word' id='word_1_151' title='bbox 1017 1092 1128 1144; x_wconf 92' lang='lat' dir='ltr'>quod</span> <span class='ocrx_word' id='word_1_152' title='bbox 1166 1090 1328 1130; x_wconf 88' lang='lat' dir='ltr'>addidit</span> <span class='ocrx_word' id='word_1_153' title='bbox 1360 1091 1546 1137; x_wconf 87' lang='lat' dir='ltr'>Caelius,</span> <span class='ocrx_word' id='word_1_154' title='bbox 1588 1104 1637 1130; x_wconf 92' lang='lat' dir='ltr'>eo</span> <span class='ocrx_word' id='word_1_155' title='bbox 1670 1097 1856 1143; x_wconf 88' lang='lat' dir='ltr'>tempore</span> <span class='ocrx_word' id='word_1_156' title='bbox 1890 1092 1996 1145; x_wconf 89' lang='lat' dir='ltr'>ipso,</span> 
     </span>
    </p>
   </div>
   <div class='ocr_carea' id='block_1_3' title="bbox 224 1153 2057 1208">
    <p class='ocr_par' dir='ltr' id='par_1_4' title="bbox 224 1153 2057 1208">
     <span class='ocr_line' id='line_1_17' title="bbox 224 1153 2057 1208; baseline -0.002 -10"><span class='ocrx_word' id='word_1_157' title='bbox 224 1172 317 1198; x_wconf 90' lang='lat' dir='ltr'>cum</span> <span class='ocrx_word' id='word_1_158' title='bbox 348 1157 428 1197; x_wconf 90' lang='lat' dir='ltr'>hoc</span> <span class='ocrx_word' id='word_1_159' title='bbox 460 1157 747 1196; x_wconf 87' lang='lat' dir='ltr'>calamitosum</span> <span class='ocrx_word' id='word_1_160' title='bbox 779 1155 986 1208; x_wconf 88' lang='lat' dir='ltr'>proelium</span> <span class='ocrx_word' id='word_1_161' title='bbox 1018 1153 1154 1200; x_wconf 86' lang='lat' dir='ltr'>lieret,</span> <span class='ocrx_word' id='word_1_162' title='bbox 1188 1158 1325 1192; x_wconf 86' lang='lat' dir='ltr'>tantos</span> <span class='ocrx_word' id='word_1_163' title='bbox 1355 1157 1491 1192; x_wconf 88' lang='lat' dir='ltr'>terrae</span> <span class='ocrx_word' id='word_1_164' title='bbox 1524 1158 1658 1192; x_wconf 87' lang='lat' dir='ltr'>motus</span> <span class='ocrx_word' id='word_1_165' title='bbox 1690 1153 1732 1192; x_wconf 89' lang='lat' dir='ltr'>in</span> <span class='ocrx_word' id='word_1_166' title='bbox 1755 1154 1994 1206; x_wconf 90' lang='lat' dir='ltr'>Liguribus,</span> <span class='ocrx_word' id='word_1_167' title='bbox 2052 1180 2057 1184; x_wconf 92' lang='lat'><em>-</em></span> 
     </span>
    </p>
   </div>
   <div class='ocr_carea' id='block_1_4' title="bbox 174 1215 2003 2338">
    <p class='ocr_par' dir='ltr' id='par_1_5' title="bbox 174 1215 2003 2338">
     <span class='ocr_line' id='line_1_18' title="bbox 224 1215 1998 1272; baseline -0.002 -12"><span class='ocrx_word' id='word_1_168' title='bbox 224 1220 356 1261; x_wconf 89' lang='lat' dir='ltr'>Gallia</span> <span class='ocrx_word' id='word_1_169' title='bbox 405 1219 776 1272; x_wconf 88' lang='lat' dir='ltr'>compluribusque</span> <span class='ocrx_word' id='word_1_170' title='bbox 821 1218 969 1256; x_wconf 89' lang='lat' dir='ltr'>insulis</span> <span class='ocrx_word' id='word_1_171' title='bbox 1014 1222 1184 1268; x_wconf 86' lang='lat' dir='ltr'>totaque</span> <span class='ocrx_word' id='word_1_172' title='bbox 1223 1216 1264 1254; x_wconf 95' lang='lat' dir='ltr'>in</span> <span class='ocrx_word' id='word_1_173' title='bbox 1302 1215 1417 1254; x_wconf 88' lang='lat' dir='ltr'>Italia</span> <span class='ocrx_word' id='word_1_174' title='bbox 1458 1215 1587 1254; x_wconf 85' lang='lat' dir='ltr'>factos</span> <span class='ocrx_word' id='word_1_175' title='bbox 1625 1229 1741 1263; x_wconf 91' lang='lat' dir='ltr'>esse,</span> <span class='ocrx_word' id='word_1_176' title='bbox 1788 1222 1833 1256; x_wconf 91' lang='lat' dir='ltr'>ut</span> <span class='ocrx_word' id='word_1_177' title='bbox 1870 1216 1998 1257; x_wconf 86' lang='lat' dir='ltr'>multa</span> 
     </span>
     <span class='ocr_line' id='line_1_19' title="bbox 225 1277 2000 1336; baseline -0.003 -13"><span class='ocrx_word' id='word_1_178' title='bbox 225 1283 381 1336; x_wconf 89' lang='lat' dir='ltr'>oppida</span> <span class='ocrx_word' id='word_1_179' title='bbox 418 1283 679 1327; x_wconf 79' lang='lat' dir='ltr'>comuerint,</span> <span class='ocrx_word' id='word_1_180' title='bbox 727 1281 867 1320; x_wconf 87' lang='lat' dir='ltr'>multis</span> <span class='ocrx_word' id='word_1_181' title='bbox 909 1280 1012 1319; x_wconf 89' lang='lat' dir='ltr'>locis</span> <span class='ocrx_word' id='word_1_182' title='bbox 1055 1278 1169 1317; x_wconf 88' lang='lat' dir='ltr'>labes</span> <span class='ocrx_word' id='word_1_183' title='bbox 1209 1277 1342 1317; x_wconf 86' lang='lat' dir='ltr'>factae</span> <span class='ocrx_word' id='word_1_184' title='bbox 1384 1278 1466 1317; x_wconf 87' lang='lat' dir='ltr'>sint</span> <span class='ocrx_word' id='word_1_185' title='bbox 1508 1283 1725 1330; x_wconf 87' lang='lat' dir='ltr'>terraeque</span> <span class='ocrx_word' id='word_1_186' title='bbox 1765 1277 2000 1318; x_wconf 88' lang='lat' dir='ltr'>desiderint</span> 
     </span>
     <span class='ocr_line' id='line_1_20' title="bbox 226 1340 1998 1397; baseline -0.003 -12"><span class='ocrx_word' id='word_1_187' title='bbox 226 1345 483 1397; x_wconf 83' lang='lat' dir='ltr'>fluminaque</span> <span class='ocrx_word' id='word_1_188' title='bbox 515 1344 558 1383; x_wconf 94' lang='lat' dir='ltr'>in</span> <span class='ocrx_word' id='word_1_189' title='bbox 587 1344 816 1383; x_wconf 89' lang='lat' dir='ltr'>contrarias</span> <span class='ocrx_word' id='word_1_190' title='bbox 848 1348 987 1395; x_wconf 89' lang='lat' dir='ltr'>partes</span> <span class='ocrx_word' id='word_1_191' title='bbox 1019 1342 1217 1380; x_wconf 82' lang='lat' dir='ltr'>[luxerint</span> <span class='ocrx_word' id='word_1_192' title='bbox 1247 1345 1372 1392; x_wconf 88' lang='lat' dir='ltr'>atque</span> <span class='ocrx_word' id='word_1_193' title='bbox 1406 1340 1446 1378; x_wconf 92' lang='lat' dir='ltr'>in</span> <span class='ocrx_word' id='word_1_194' title='bbox 1470 1353 1613 1379; x_wconf 90' lang='lat' dir='ltr'>amnes</span> <span class='ocrx_word' id='word_1_195' title='bbox 1638 1353 1749 1379; x_wconf 87' lang='lat' dir='ltr'>mare</span> <span class='ocrx_word' id='word_1_196' title='bbox 1771 1341 1998 1380; x_wconf 81' lang='lat' dir='ltr'>influxerit.</span> 
     </span>
     <span class='ocr_line' id='line_1_21' title="bbox 175 1403 1998 1455; baseline -0.002 -8"><span class='ocrx_word' id='word_1_197' title='bbox 175 1418 211 1447; x_wconf 76' lang='lat'>20</span> <span class='ocrx_word' id='word_1_198' title='bbox 337 1407 530 1446; x_wconf 85' lang='lat' dir='ltr'><strong>XXXVI.</strong></span> <span class='ocrx_word' id='word_1_199' title='bbox 576 1407 701 1446; x_wconf 91' lang='lat' dir='ltr'>Fiunt</span> <span class='ocrx_word' id='word_1_200' title='bbox 731 1411 840 1445; x_wconf 91' lang='lat' dir='ltr'>certe</span> <span class='ocrx_word' id='word_1_201' title='bbox 871 1405 1176 1444; x_wconf 82' lang='lat' dir='ltr'>divinationum</span> <span class='ocrx_word' id='word_1_202' title='bbox 1209 1404 1474 1442; x_wconf 88' lang='lat' dir='ltr'>coniecturae</span> <span class='ocrx_word' id='word_1_203' title='bbox 1505 1416 1528 1442; x_wconf 89' lang='lat' dir='ltr'>a</span> <span class='ocrx_word' id='word_1_204' title='bbox 1560 1403 1715 1455; x_wconf 89' lang='lat' dir='ltr'>peritis.</span> <span class='ocrx_word' id='word_1_205' title='bbox 1768 1404 1905 1443; x_wconf 89' lang='lat' dir='ltr'>Midae</span> <span class='ocrx_word' id='word_1_206' title='bbox 1938 1404 1998 1443; x_wconf 88' lang='lat' dir='ltr'>illi</span> 
     </span>
     <span class='ocr_line' id='line_1_22' title="bbox 225 1464 2000 1524; baseline -0.002 -14"><span class='ocrx_word' id='word_1_207' title='bbox 225 1470 401 1524; x_wconf 81' lang='lat' dir='ltr'>Phrygi,</span> <span class='ocrx_word' id='word_1_208' title='bbox 434 1483 527 1509; x_wconf 86' lang='lat' dir='ltr'>cum</span> <span class='ocrx_word' id='word_1_209' title='bbox 560 1482 662 1522; x_wconf 89' lang='lat' dir='ltr'>puer</span> <span class='ocrx_word' id='word_1_210' title='bbox 694 1473 824 1512; x_wconf 89' lang='lat' dir='ltr'>esset,</span> <span class='ocrx_word' id='word_1_211' title='bbox 867 1467 1090 1507; x_wconf 83' lang='lat' dir='ltr'>dormienti</span> <span class='ocrx_word' id='word_1_212' title='bbox 1122 1464 1318 1505; x_wconf 83' lang='lat' dir='ltr'>formicae</span> <span class='ocrx_word' id='word_1_213' title='bbox 1357 1466 1398 1505; x_wconf 89' lang='lat' dir='ltr'>in</span> <span class='ocrx_word' id='word_1_214' title='bbox 1431 1479 1478 1504; x_wconf 91' lang='lat' dir='ltr'>os</span> <span class='ocrx_word' id='word_1_215' title='bbox 1510 1464 1635 1504; x_wconf 88' lang='lat' dir='ltr'>tritici</span> <span class='ocrx_word' id='word_1_216' title='bbox 1667 1479 1795 1517; x_wconf 85' lang='lat' dir='ltr'>grana</span> <span class='ocrx_word' id='word_1_217' title='bbox 1826 1479 2000 1519; x_wconf 87' lang='lat' dir='ltr'>conges-</span> 
     </span>
     <span class='ocr_line' id='line_1_23' title="bbox 225 1528 2000 1583; baseline -0.002 -10"><span class='ocrx_word' id='word_1_218' title='bbox 225 1538 382 1574; x_wconf 89' lang='lat' dir='ltr'>serunt.</span> <span class='ocrx_word' id='word_1_219' title='bbox 432 1532 734 1572; x_wconf 89' lang='lat' dir='ltr'>Divitissimum</span> <span class='ocrx_word' id='word_1_220' title='bbox 765 1530 853 1570; x_wconf 88' lang='lat' dir='ltr'>fore</span> <span class='ocrx_word' id='word_1_221' title='bbox 884 1529 1143 1583; x_wconf 79' lang='lat' dir='ltr'>praedictum</span> <span class='ocrx_word' id='word_1_222' title='bbox 1178 1534 1252 1575; x_wconf 90' lang='lat' dir='ltr'>est,</span> <span class='ocrx_word' id='word_1_223' title='bbox 1286 1528 1397 1581; x_wconf 92' lang='lat' dir='ltr'>quod</span> <span class='ocrx_word' id='word_1_224' title='bbox 1431 1528 1583 1567; x_wconf 85' lang='lat' dir='ltr'>evenit.</span> <span class='ocrx_word' id='word_1_225' title='bbox 1633 1531 1685 1567; x_wconf 89' lang='lat' dir='ltr'>At</span> <span class='ocrx_word' id='word_1_226' title='bbox 1712 1529 1874 1568; x_wconf 85' lang='lat' dir='ltr'>Platoni</span> <span class='ocrx_word' id='word_1_227' title='bbox 1906 1543 2000 1569; x_wconf 89' lang='lat' dir='ltr'>cum</span> 
     </span>
     <span class='ocr_line' id='line_1_24' title="bbox 225 1591 2002 1648; baseline -0.002 -12"><span class='ocrx_word' id='word_1_228' title='bbox 225 1597 268 1637; x_wconf 91' lang='lat' dir='ltr'>in</span> <span class='ocrx_word' id='word_1_229' title='bbox 299 1595 416 1636; x_wconf 88' lang='lat' dir='ltr'>cunis</span> <span class='ocrx_word' id='word_1_230' title='bbox 448 1595 622 1648; x_wconf 83' lang='lat' dir='ltr'>parvulo</span> <span class='ocrx_word' id='word_1_231' title='bbox 654 1594 880 1633; x_wconf 87' lang='lat' dir='ltr'>dormienti</span> <span class='ocrx_word' id='word_1_232' title='bbox 913 1605 1014 1644; x_wconf 89' lang='lat' dir='ltr'>apes</span> <span class='ocrx_word' id='word_1_233' title='bbox 1046 1592 1087 1630; x_wconf 84' lang='lat' dir='ltr'>in</span> <span class='ocrx_word' id='word_1_234' title='bbox 1121 1591 1283 1631; x_wconf 86' lang='lat' dir='ltr'>labellis</span> <span class='ocrx_word' id='word_1_235' title='bbox 1316 1591 1628 1637; x_wconf 87' lang='lat' dir='ltr'>consedissent,</span> <span class='ocrx_word' id='word_1_236' title='bbox 1660 1604 1907 1644; x_wconf 89' lang='lat' dir='ltr'>responsum</span> <span class='ocrx_word' id='word_1_237' title='bbox 1939 1597 2002 1632; x_wconf 88' lang='lat' dir='ltr'>est</span> 
     </span>
     <span class='ocr_line' id='line_1_25' title="bbox 227 1653 1999 1711; baseline -0.003 -13"><span class='ocrx_word' id='word_1_238' title='bbox 227 1659 427 1711; x_wconf 86' lang='lat' dir='ltr'>singulari</span> <span class='ocrx_word' id='word_1_239' title='bbox 459 1658 577 1697; x_wconf 92' lang='lat' dir='ltr'>illum</span> <span class='ocrx_word' id='word_1_240' title='bbox 611 1658 816 1696; x_wconf 88' lang='lat' dir='ltr'>suavitate</span> <span class='ocrx_word' id='word_1_241' title='bbox 849 1654 1055 1694; x_wconf 88' lang='lat' dir='ltr'>orationis</span> <span class='ocrx_word' id='word_1_242' title='bbox 1088 1654 1197 1693; x_wconf 89' lang='lat' dir='ltr'>fore:</span> <span class='ocrx_word' id='word_1_243' title='bbox 1230 1654 1286 1692; x_wconf 87' lang='lat' dir='ltr'>ita</span> <span class='ocrx_word' id='word_1_244' title='bbox 1316 1653 1455 1692; x_wconf 85' lang='lat' dir='ltr'>futura</span> <span class='ocrx_word' id='word_1_245' title='bbox 1489 1653 1730 1705; x_wconf 86' lang='lat' dir='ltr'>eloquentia</span> <span class='ocrx_word' id='word_1_246' title='bbox 1761 1655 1927 1706; x_wconf 87' lang='lat' dir='ltr'>provisa</span> <span class='ocrx_word' id='word_1_247' title='bbox 1957 1654 1999 1693; x_wconf 88' lang='lat' dir='ltr'>in</span> 
     </span>
     <span class='ocr_line' id='line_1_26' title="bbox 174 1716 1999 1769; baseline -0.002 -9"><span class='ocrx_word' id='word_1_248' title='bbox 174 1721 385 1761; x_wconf 76' lang='lat' dir='ltr'>‘25infante</span> <span class='ocrx_word' id='word_1_249' title='bbox 417 1726 491 1760; x_wconf 91' lang='lat' dir='ltr'>est.</span> <span class='ocrx_word' id='word_1_250' title='bbox 551 1717 617 1758; x_wconf 81' lang='lat'>79.</span> <span class='ocrx_word' id='word_1_251' title='bbox 652 1719 798 1767; x_wconf 71' lang='lat' dir='ltr'>Quid?</span> <span class='ocrx_word' id='word_1_252' title='bbox 831 1730 993 1757; x_wconf 88' lang='lat' dir='ltr'>amores</span> <span class='ocrx_word' id='word_1_253' title='bbox 1027 1730 1074 1756; x_wconf 87' lang='lat' dir='ltr'>ac</span> <span class='ocrx_word' id='word_1_254' title='bbox 1106 1716 1281 1755; x_wconf 87' lang='lat' dir='ltr'>deliciae</span> <span class='ocrx_word' id='word_1_255' title='bbox 1314 1722 1423 1762; x_wconf 87' lang='lat' dir='ltr'>tuae,</span> <span class='ocrx_word' id='word_1_256' title='bbox 1455 1717 1642 1762; x_wconf 86' lang='lat' dir='ltr'>Roscius,</span> <span class='ocrx_word' id='word_1_257' title='bbox 1675 1729 1775 1755; x_wconf 90' lang='lat' dir='ltr'>num</span> <span class='ocrx_word' id='word_1_258' title='bbox 1807 1722 1877 1756; x_wconf 86' lang='lat' dir='ltr'>aut</span> <span class='ocrx_word' id='word_1_259' title='bbox 1908 1717 1999 1769; x_wconf 90' lang='lat' dir='ltr'>ipse</span> 
     </span>
     <span class='ocr_line' id='line_1_27' title="bbox 226 1777 1998 1836; baseline -0.003 -13"><span class='ocrx_word' id='word_1_260' title='bbox 226 1790 298 1824; x_wconf 90' lang='lat' dir='ltr'>aut</span> <span class='ocrx_word' id='word_1_261' title='bbox 329 1796 403 1836; x_wconf 92' lang='lat' dir='ltr'>pro</span> <span class='ocrx_word' id='word_1_262' title='bbox 437 1796 485 1822; x_wconf 90' lang='lat' dir='ltr'>eo</span> <span class='ocrx_word' id='word_1_263' title='bbox 516 1782 749 1821; x_wconf 85' lang='lat' dir='ltr'>Lanuvium</span> <span class='ocrx_word' id='word_1_264' title='bbox 789 1786 918 1821; x_wconf 88' lang='lat' dir='ltr'>totum</span> <span class='ocrx_word' id='word_1_265' title='bbox 960 1779 1273 1818; x_wconf 75' lang='lat' dir='ltr'>mentiebatur?</span> <span class='ocrx_word' id='word_1_266' title='bbox 1321 1777 1403 1826; x_wconf 84' lang='lat' dir='ltr'>Qui</span> <span class='ocrx_word' id='word_1_267' title='bbox 1437 1791 1529 1817; x_wconf 91' lang='lat' dir='ltr'>cum</span> <span class='ocrx_word' id='word_1_268' title='bbox 1563 1783 1674 1817; x_wconf 90' lang='lat' dir='ltr'>esset</span> <span class='ocrx_word' id='word_1_269' title='bbox 1704 1778 1746 1817; x_wconf 85' lang='lat' dir='ltr'>in</span> <span class='ocrx_word' id='word_1_270' title='bbox 1778 1779 1998 1818; x_wconf 84' lang='lat' dir='ltr'>cunabulis</span> 
     </span>
     <span class='ocr_line' id='line_1_28' title="bbox 226 1841 1999 1898; baseline -0.002 -12"><span class='ocrx_word' id='word_1_271' title='bbox 226 1847 559 1898; x_wconf 85' lang='lat' dir='ltr'>educareturque</span> <span class='ocrx_word' id='word_1_272' title='bbox 591 1845 633 1883; x_wconf 88' lang='lat' dir='ltr'>in</span> <span class='ocrx_word' id='word_1_273' title='bbox 666 1843 859 1890; x_wconf 88' lang='lat' dir='ltr'>Selonio,</span> <span class='ocrx_word' id='word_1_274' title='bbox 900 1844 973 1895; x_wconf 88' lang='lat' dir='ltr'>qui</span> <span class='ocrx_word' id='word_1_275' title='bbox 1006 1848 1067 1880; x_wconf 89' lang='lat' dir='ltr'>est</span> <span class='ocrx_word' id='word_1_276' title='bbox 1100 1854 1271 1893; x_wconf 85' lang='lat' dir='ltr'>campus</span> <span class='ocrx_word' id='word_1_277' title='bbox 1303 1841 1387 1892; x_wconf 88' lang='lat' dir='ltr'>agri</span> <span class='ocrx_word' id='word_1_278' title='bbox 1421 1841 1650 1888; x_wconf 84' lang='lat' dir='ltr'>Lanuvini,</span> <span class='ocrx_word' id='word_1_279' title='bbox 1684 1846 1810 1880; x_wconf 90' lang='lat' dir='ltr'>noctu</span> <span class='ocrx_word' id='word_1_280' title='bbox 1842 1841 1999 1882; x_wconf 88' lang='lat' dir='ltr'>lumine</span> 
     </span>
     <span class='ocr_line' id='line_1_29' title="bbox 225 1902 2001 1962; baseline -0.004 -13"><span class='ocrx_word' id='word_1_281' title='bbox 225 1910 420 1962; x_wconf 87' lang='lat' dir='ltr'>adposito</span> <span class='ocrx_word' id='word_1_282' title='bbox 460 1912 705 1960; x_wconf 84' lang='lat' dir='ltr'>experrecta</span> <span class='ocrx_word' id='word_1_283' title='bbox 744 1906 889 1945; x_wconf 82' lang='lat' dir='ltr'>nutrix</span> <span class='ocrx_word' id='word_1_284' title='bbox 919 1904 1213 1944; x_wconf 83' lang='lat' dir='ltr'>animadvertit</span> <span class='ocrx_word' id='word_1_285' title='bbox 1245 1916 1419 1956; x_wconf 88' lang='lat' dir='ltr'>puerum</span> <span class='ocrx_word' id='word_1_286' title='bbox 1454 1902 1730 1942; x_wconf 86' lang='lat' dir='ltr'>dormientem</span> <span class='ocrx_word' id='word_1_287' title='bbox 1762 1903 2001 1956; x_wconf 88' lang='lat' dir='ltr'>circumpli-</span> 
     </span>
     <span class='ocr_line' id='line_1_30' title="bbox 227 1964 2000 2023; baseline -0.005 -10"><span class='ocrx_word' id='word_1_288' title='bbox 227 1979 362 2013; x_wconf 89' lang='lat' dir='ltr'>catum</span> <span class='ocrx_word' id='word_1_289' title='bbox 411 1971 617 2023; x_wconf 91' lang='lat' dir='ltr'>serpentis</span> <span class='ocrx_word' id='word_1_290' title='bbox 663 1969 872 2021; x_wconf 81' lang='lat' dir='ltr'>amplexu.</span> <span class='ocrx_word' id='word_1_291' title='bbox 931 1968 1025 2015; x_wconf 88' lang='lat' dir='ltr'>Quo</span> <span class='ocrx_word' id='word_1_292' title='bbox 1067 1966 1268 2018; x_wconf 86' lang='lat' dir='ltr'>adspectu</span> <span class='ocrx_word' id='word_1_293' title='bbox 1311 1964 1511 2004; x_wconf 76' lang='lat' dir='ltr'>exterrita</span> <span class='ocrx_word' id='word_1_294' title='bbox 1552 1965 1776 2004; x_wconf 87' lang='lat' dir='ltr'>clamorem</span> <span class='ocrx_word' id='word_1_295' title='bbox 1820 1966 2000 2005; x_wconf 87' lang='lat' dir='ltr'>sustulit.</span> 
     </span>
     <span class='ocr_line' id='line_1_31' title="bbox 175 2027 2000 2082; baseline -0.003 -10"><span class='ocrx_word' id='word_1_296' title='bbox 175 2036 349 2075; x_wconf 85' lang='lat' dir='ltr'>30Pater</span> <span class='ocrx_word' id='word_1_297' title='bbox 387 2040 526 2074; x_wconf 88' lang='lat' dir='ltr'>autem</span> <span class='ocrx_word' id='word_1_298' title='bbox 568 2032 704 2071; x_wconf 88' lang='lat' dir='ltr'>Roscii</span> <span class='ocrx_word' id='word_1_299' title='bbox 746 2032 796 2071; x_wconf 91' lang='lat' dir='ltr'>ad</span> <span class='ocrx_word' id='word_1_300' title='bbox 839 2029 1082 2082; x_wconf 86' lang='lat' dir='ltr'>haruspices</span> <span class='ocrx_word' id='word_1_301' title='bbox 1121 2028 1299 2074; x_wconf 86' lang='lat' dir='ltr'>rettulit,</span> <span class='ocrx_word' id='word_1_302' title='bbox 1343 2027 1414 2080; x_wconf 90' lang='lat' dir='ltr'>qui</span> <span class='ocrx_word' id='word_1_303' title='bbox 1448 2028 1756 2079; x_wconf 86' lang='lat' dir='ltr'>responderunt</span> <span class='ocrx_word' id='word_1_304' title='bbox 1792 2027 1894 2067; x_wconf 89' lang='lat' dir='ltr'>nihil</span> <span class='ocrx_word' id='word_1_305' title='bbox 1927 2027 2000 2067; x_wconf 93' lang='lat' dir='ltr'>illo</span> 
     </span>
     <span class='ocr_line' id='line_1_32' title="bbox 227 2090 2003 2151; baseline -0.004 -14"><span class='ocrx_word' id='word_1_306' title='bbox 227 2111 359 2151; x_wconf 90' lang='lat' dir='ltr'>puero</span> <span class='ocrx_word' id='word_1_307' title='bbox 391 2097 554 2142; x_wconf 87' lang='lat' dir='ltr'>clarius,</span> <span class='ocrx_word' id='word_1_308' title='bbox 587 2095 692 2134; x_wconf 89' lang='lat' dir='ltr'>nihil</span> <span class='ocrx_word' id='word_1_309' title='bbox 724 2093 908 2133; x_wconf 85' lang='lat' dir='ltr'>nobilius</span> <span class='ocrx_word' id='word_1_310' title='bbox 940 2092 1043 2131; x_wconf 89' lang='lat' dir='ltr'>fore.</span> <span class='ocrx_word' id='word_1_311' title='bbox 1095 2094 1232 2144; x_wconf 86' lang='lat' dir='ltr'>Atque</span> <span class='ocrx_word' id='word_1_312' title='bbox 1264 2090 1371 2130; x_wconf 90' lang='lat' dir='ltr'>hanc</span> <span class='ocrx_word' id='word_1_313' title='bbox 1403 2091 1582 2143; x_wconf 87' lang='lat' dir='ltr'>speciem</span> <span class='ocrx_word' id='word_1_314' title='bbox 1608 2090 1804 2130; x_wconf 87' lang='lat' dir='ltr'>Pasiteles</span> <span class='ocrx_word' id='word_1_315' title='bbox 1827 2091 2003 2131; x_wconf 86' lang='lat' dir='ltr'>caelavit</span> 
     </span>
     <span class='ocr_line' id='line_1_33' title="bbox 227 2153 2001 2213; baseline -0.006 -12"><span class='ocrx_word' id='word_1_316' title='bbox 227 2166 400 2213; x_wconf 87' lang='lat' dir='ltr'>argento</span> <span class='ocrx_word' id='word_1_317' title='bbox 433 2165 474 2199; x_wconf 86' lang='lat' dir='ltr'>et</span> <span class='ocrx_word' id='word_1_318' title='bbox 504 2164 648 2198; x_wconf 91' lang='lat' dir='ltr'>noster</span> <span class='ocrx_word' id='word_1_319' title='bbox 679 2156 888 2209; x_wconf 80' lang='lat' dir='ltr'>expressit</span> <span class='ocrx_word' id='word_1_320' title='bbox 917 2155 1092 2194; x_wconf 82' lang='lat' dir='ltr'>Archias</span> <span class='ocrx_word' id='word_1_321' title='bbox 1132 2153 1335 2193; x_wconf 88' lang='lat' dir='ltr'>versibus.</span> <span class='ocrx_word' id='word_1_322' title='bbox 1397 2153 1508 2201; x_wconf 87' lang='lat' dir='ltr'>Quid</span> <span class='ocrx_word' id='word_1_323' title='bbox 1539 2154 1667 2206; x_wconf 86' lang='lat' dir='ltr'>igitur</span> <span class='ocrx_word' id='word_1_324' title='bbox 1698 2154 2001 2205; x_wconf 71' lang='lat' dir='ltr'>expectamus?</span> 
     </span>
     <span class='ocr_line' id='line_1_34' title="bbox 229 2215 2001 2265; baseline -0.006 -1"><span class='ocrx_word' id='word_1_325' title='bbox 229 2238 280 2265; x_wconf 90' lang='lat' dir='ltr'>an</span> <span class='ocrx_word' id='word_1_326' title='bbox 319 2224 418 2263; x_wconf 89' lang='lat' dir='ltr'>dum</span> <span class='ocrx_word' id='word_1_327' title='bbox 460 2224 500 2262; x_wconf 90' lang='lat' dir='ltr'>in</span> <span class='ocrx_word' id='word_1_328' title='bbox 540 2221 630 2260; x_wconf 84' lang='lat' dir='ltr'>foro</span> <span class='ocrx_word' id='word_1_329' title='bbox 664 2220 878 2259; x_wconf 89' lang='lat' dir='ltr'>nobiscum</span> <span class='ocrx_word' id='word_1_330' title='bbox 912 2218 951 2256; x_wconf 92' lang='lat' dir='ltr'>di</span> <span class='ocrx_word' id='word_1_331' title='bbox 984 2217 1262 2262; x_wconf 85' lang='lat' dir='ltr'>immortales,</span> <span class='ocrx_word' id='word_1_332' title='bbox 1304 2215 1402 2255; x_wconf 85' lang='lat' dir='ltr'>(lum</span> <span class='ocrx_word' id='word_1_333' title='bbox 1434 2216 1476 2254; x_wconf 89' lang='lat' dir='ltr'>in</span> <span class='ocrx_word' id='word_1_334' title='bbox 1510 2217 1586 2255; x_wconf 86' lang='lat' dir='ltr'>viis</span> <span class='ocrx_word' id='word_1_335' title='bbox 1619 2222 1862 2262; x_wconf 81' lang='lat' dir='ltr'>versentur,</span> <span class='ocrx_word' id='word_1_336' title='bbox 1904 2216 2001 2255; x_wconf 92' lang='lat' dir='ltr'>dum</span> 
     </span>
     <span class='ocr_line' id='line_1_35' title="bbox 231 2277 2000 2338; baseline -0.005 -13"><span class='ocrx_word' id='word_1_337' title='bbox 231 2286 378 2327; x_wconf 72' lang='lat' dir='ltr'>domi?</span> <span class='ocrx_word' id='word_1_338' title='bbox 425 2285 497 2338; x_wconf 91' lang='lat' dir='ltr'>qui</span> <span class='ocrx_word' id='word_1_339' title='bbox 529 2283 697 2337; x_wconf 91' lang='lat' dir='ltr'>quidem</span> <span class='ocrx_word' id='word_1_340' title='bbox 730 2282 809 2335; x_wconf 86' lang='lat' dir='ltr'>ipsi</span> <span class='ocrx_word' id='word_1_341' title='bbox 842 2294 886 2320; x_wconf 89' lang='lat' dir='ltr'>se</span> <span class='ocrx_word' id='word_1_342' title='bbox 918 2281 1036 2320; x_wconf 91' lang='lat' dir='ltr'>nobis</span> <span class='ocrx_word' id='word_1_343' title='bbox 1068 2293 1150 2319; x_wconf 93' lang='lat' dir='ltr'>non</span> <span class='ocrx_word' id='word_1_344' title='bbox 1183 2279 1384 2325; x_wconf 82' lang='lat' dir='ltr'>offerunt,</span> <span class='ocrx_word' id='word_1_345' title='bbox 1427 2279 1509 2318; x_wconf 90' lang='lat' dir='ltr'>vim</span> <span class='ocrx_word' id='word_1_346' title='bbox 1549 2283 1689 2318; x_wconf 87' lang='lat' dir='ltr'>autem</span> <span class='ocrx_word' id='word_1_347' title='bbox 1728 2290 1843 2318; x_wconf 90' lang='lat' dir='ltr'>suam</span> <span class='ocrx_word' id='word_1_348' title='bbox 1876 2277 2000 2330; x_wconf 85' lang='lat' dir='ltr'>longe</span> 
     </span>
    </p>
   </div>
   <div class='ocr_carea' id='block_1_5' title="bbox 265 2381 865 2390">
    <p class='ocr_par' dir='ltr' id='par_1_6' title="bbox 265 2381 865 2390">
     <span class='ocr_line' id='line_1_36' title="bbox 265 2381 865 2390; baseline 0 0"><span class='ocrx_word' id='word_1_349' title='bbox 265 2381 865 2390; x_wconf 95' lang='lat' dir='ltr'> </span> 
     </span>
    </p>
   </div>
   <div class='ocr_carea' id='block_1_6' title="bbox 229 2439 2002 2585">
    <p class='ocr_par' dir='ltr' id='par_1_7' title="bbox 229 2439 2002 2585">
     <span class='ocr_line' id='line_1_37' title="bbox 318 2439 2002 2481; baseline -0.005 -3"><span class='ocrx_word' id='word_1_350' title='bbox 318 2448 348 2478; x_wconf 93' lang='grc'>4.</span> <span class='ocrx_word' id='word_1_351' title='bbox 376 2447 415 2481; x_wconf 81' lang='lat' dir='ltr'>G.</span> <span class='ocrx_word' id='word_1_352' title='bbox 443 2446 466 2477; x_wconf 96' lang='lat' dir='ltr'>C</span> <span class='ocrx_word' id='word_1_353' title='bbox 496 2462 530 2466; x_wconf 97' lang='lat'><strong>—</strong></span> <span class='ocrx_word' id='word_1_354' title='bbox 558 2444 588 2476; x_wconf 91' lang='lat'>3.</span> <span class='ocrx_word' id='word_1_355' title='bbox 615 2445 758 2475; x_wconf 75' lang='lat' dir='ltr'>arelium</span> <span class='ocrx_word' id='word_1_356' title='bbox 782 2444 826 2481; x_wconf 82' lang='lat' dir='ltr'>B,</span> <span class='ocrx_word' id='word_1_357' title='bbox 857 2450 1017 2472; x_wconf 67' lang='lat' dir='ltr'>arretium</span> <span class='ocrx_word' id='word_1_358' title='bbox 1042 2442 1069 2472; x_wconf 89' lang='lat' dir='ltr'>H</span> <span class='ocrx_word' id='word_1_359' title='bbox 1099 2459 1129 2462; x_wconf 97' lang='lat'><strong>—</strong></span> <span class='ocrx_word' id='word_1_360' title='bbox 1164 2439 1193 2471; x_wconf 68' lang='lat'>4.</span> <span class='ocrx_word' id='word_1_361' title='bbox 1221 2440 1410 2471; x_wconf 75' lang='lat' dir='ltr'>Annibalem</span> <span class='ocrx_word' id='word_1_362' title='bbox 1435 2439 1494 2470; x_wconf 81' lang='grc' dir='ltr'>ΒΟ</span> <span class='ocrx_word' id='word_1_363' title='bbox 1523 2457 1556 2460; x_wconf 83' lang='lat'>—</span> <span class='ocrx_word' id='word_1_364' title='bbox 1584 2440 1615 2474; x_wconf 80' lang='lat'>5,</span> <span class='ocrx_word' id='word_1_365' title='bbox 1641 2440 1775 2470; x_wconf 72' lang='lat' dir='ltr'>statoris</span> <span class='ocrx_word' id='word_1_366' title='bbox 1797 2449 1878 2470; x_wconf 79' lang='lat' dir='ltr'>sane</span> <span class='ocrx_word' id='word_1_367' title='bbox 1900 2448 2002 2470; x_wconf 79' lang='lat' dir='ltr'>causa</span> 
     </span>
     <span class='ocr_line' id='line_1_38' title="bbox 231 2489 2002 2536; baseline -0.004 -9"><span class='ocrx_word' id='word_1_368' title='bbox 231 2500 256 2530; x_wconf 90' lang='lat' dir='ltr'><strong>H</strong></span> <span class='ocrx_word' id='word_1_369' title='bbox 286 2514 320 2520; x_wconf 91' lang='lat'><strong>—</strong></span> <span class='ocrx_word' id='word_1_370' title='bbox 348 2497 377 2527; x_wconf 83' lang='lat'>6.</span> <span class='ocrx_word' id='word_1_371' title='bbox 404 2495 499 2536; x_wconf 82' lang='lat' dir='ltr'>idem]</span> <span class='ocrx_word' id='word_1_372' title='bbox 525 2496 557 2525; x_wconf 85' lang='lat' dir='ltr'>id</span> <span class='ocrx_word' id='word_1_373' title='bbox 581 2499 625 2525; x_wconf 70' lang='lat' dir='ltr'>est</span> <span class='ocrx_word' id='word_1_374' title='bbox 650 2495 675 2525; x_wconf 89' lang='lat' dir='ltr'>ll</span> <span class='ocrx_word' id='word_1_375' title='bbox 710 2511 744 2515; x_wconf 88' lang='lat'>—</span> <span class='ocrx_word' id='word_1_376' title='bbox 778 2494 808 2524; x_wconf 74' lang='lat'>7.</span> <span class='ocrx_word' id='word_1_377' title='bbox 834 2492 1042 2523; x_wconf 74' lang='lat' dir='ltr'>eomnzisendi</span> <span class='ocrx_word' id='word_1_378' title='bbox 1066 2493 1092 2522; x_wconf 83' lang='lat' dir='ltr'>A</span> <span class='ocrx_word' id='word_1_379' title='bbox 1127 2509 1160 2512; x_wconf 97' lang='lat'><strong>—</strong></span> <span class='ocrx_word' id='word_1_380' title='bbox 1195 2491 1225 2521; x_wconf 80' lang='lat'>9.</span> <span class='ocrx_word' id='word_1_381' title='bbox 1253 2493 1394 2520; x_wconf 71' lang='lat' dir='ltr'>censeret</span> <span class='ocrx_word' id='word_1_382' title='bbox 1419 2489 1561 2521; x_wconf 84' lang='lat' dir='ltr'>Salisb.:</span> <span class='ocrx_word' id='word_1_383' title='bbox 1596 2492 1762 2521; x_wconf 78' lang='lat' dir='ltr'>censerent</span> <span class='ocrx_word' id='word_1_384' title='bbox 1785 2490 1892 2527; x_wconf 86' lang='lat' dir='ltr'>ABV,</span> <span class='ocrx_word' id='word_1_385' title='bbox 1926 2499 2002 2520; x_wconf 79' lang='lat' dir='ltr'>cen-</span> 
     </span>
     <span class='ocr_line' id='line_1_39' title="bbox 229 2539 1998 2585; baseline -0.005 -7"><span class='ocrx_word' id='word_1_386' title='bbox 229 2551 376 2579; x_wconf 68' lang='lat' dir='ltr'>seret--</span> <span class='ocrx_word' id='word_1_387' title='bbox 394 2545 620 2585; x_wconf 66' lang='lat' dir='ltr'>qutescendztm</span> <span class='ocrx_word' id='word_1_388' title='bbox 653 2552 722 2574; x_wconf 88' lang='lat' dir='ltr'>om.</span> <span class='ocrx_word' id='word_1_389' title='bbox 752 2543 778 2573; x_wconf 86' lang='lat' dir='ltr'>ll</span> <span class='ocrx_word' id='word_1_390' title='bbox 812 2560 845 2564; x_wconf 95' lang='lat'><em>-</em></span> <span class='ocrx_word' id='word_1_391' title='bbox 880 2542 1118 2580; x_wconf 69' lang='lat' dir='ltr'>respondissent</span> <span class='ocrx_word' id='word_1_392' title='bbox 1143 2540 1200 2577; x_wconf 80' lang='lat' dir='ltr'>A¹,</span> <span class='ocrx_word' id='word_1_393' title='bbox 1236 2540 1438 2579; x_wconf 70' lang='lat' dir='ltr'>respondisse</span> <span class='ocrx_word' id='word_1_394' title='bbox 1462 2541 1489 2571; x_wconf 85' lang='lat' dir='ltr'>H</span> <span class='ocrx_word' id='word_1_395' title='bbox 1529 2557 1563 2561; x_wconf 91' lang='lat'>—</span> <span class='ocrx_word' id='word_1_396' title='bbox 1604 2541 1654 2571; x_wconf 86' lang='grc'>40.</span> <span class='ocrx_word' id='word_1_397' title='bbox 1682 2539 1767 2579; x_wconf 68' lang='lat' dir='ltr'>vero]</span> <span class='ocrx_word' id='word_1_398' title='bbox 1793 2548 1880 2569; x_wconf 78' lang='lat' dir='ltr'>nunc</span> <span class='ocrx_word' id='word_1_399' title='bbox 1910 2539 1937 2570; x_wconf 88' lang='lat' dir='ltr'>ll</span> <span class='ocrx_word' id='word_1_400' title='bbox 1963 2556 1998 2561; x_wconf 89' lang='lat'>——-</span> 
     </span>
    </p>
   </div>
   <div class='ocr_carea' id='block_1_7' title="bbox 228 2590 2004 2984">
    <p class='ocr_par' dir='ltr' id='par_1_8' title="bbox 228 2590 2004 2984">
     <span class='ocr_line' id='line_1_40' title="bbox 228 2590 2001 2638; baseline -0.005 -9"><span class='ocrx_word' id='word_1_401' title='bbox 228 2599 334 2638; x_wconf 77' lang='lat' dir='ltr'>potuit</span> <span class='ocrx_word' id='word_1_402' title='bbox 359 2598 385 2628; x_wconf 89' lang='lat' dir='ltr'><strong>H</strong></span> <span class='ocrx_word' id='word_1_403' title='bbox 412 2614 445 2618; x_wconf 96' lang='lat'>—</span> <span class='ocrx_word' id='word_1_404' title='bbox 476 2597 527 2626; x_wconf 82' lang='lat' dir='ltr'><strong>II.</strong></span> <span class='ocrx_word' id='word_1_405' title='bbox 554 2594 669 2625; x_wconf 75' lang='lat' dir='ltr'>conelli</span> <span class='ocrx_word' id='word_1_406' title='bbox 695 2594 720 2624; x_wconf 86' lang='lat' dir='ltr'><strong>H</strong></span> <span class='ocrx_word' id='word_1_407' title='bbox 747 2610 781 2614; x_wconf 82' lang='grc'>-</span> <span class='ocrx_word' id='word_1_408' title='bbox 818 2593 868 2623; x_wconf 76' lang='grc'>42.</span> <span class='ocrx_word' id='word_1_409' title='bbox 896 2601 970 2622; x_wconf 77' lang='grc' dir='ltr'><em>ειιηι</em></span> <span class='ocrx_word' id='word_1_410' title='bbox 995 2600 1064 2622; x_wconf 83' lang='lat' dir='ltr'>om.</span> <span class='ocrx_word' id='word_1_411' title='bbox 1093 2591 1119 2621; x_wconf 85' lang='lat' dir='ltr'>ll</span> <span class='ocrx_word' id='word_1_412' title='bbox 1145 2608 1187 2612; x_wconf 83' lang='lat'>——</span> <span class='ocrx_word' id='word_1_413' title='bbox 1211 2591 1311 2620; x_wconf 58' lang='lat' dir='ltr'>(is-[alt</span> <span class='ocrx_word' id='word_1_414' title='bbox 1334 2590 1458 2620; x_wconf 76' lang='lat' dir='ltr'><strong>AIIV:</strong></span> <span class='ocrx_word' id='word_1_415' title='bbox 1492 2590 1613 2620; x_wconf 75' lang='lat' dir='ltr'>liaslati</span> <span class='ocrx_word' id='word_1_416' title='bbox 1638 2590 1720 2625; x_wconf 80' lang='grc' dir='ltr'>ΒΟ;</span> <span class='ocrx_word' id='word_1_417' title='bbox 1754 2590 1795 2620; x_wconf 80' lang='lat' dir='ltr'>cf.</span> <span class='ocrx_word' id='word_1_418' title='bbox 1824 2590 1934 2620; x_wconf 70' lang='lat' dir='ltr'>Varro</span> <span class='ocrx_word' id='word_1_419' title='bbox 1959 2590 2001 2621; x_wconf 88' lang='lat' dir='ltr'>de</span> 
     </span>
     <span class='ocr_line' id='line_1_41' title="bbox 230 2639 2004 2684; baseline -0.006 -4"><span class='ocrx_word' id='word_1_420' title='bbox 230 2647 252 2680; x_wconf 84' lang='lat' dir='ltr'>l.</span> <span class='ocrx_word' id='word_1_421' title='bbox 279 2647 336 2678; x_wconf 83' lang='lat' dir='ltr'>lat.</span> <span class='ocrx_word' id='word_1_422' title='bbox 364 2647 403 2683; x_wconf 83' lang='lat' dir='ltr'>V,</span> <span class='ocrx_word' id='word_1_423' title='bbox 430 2646 526 2684; x_wconf 27' lang='lat'>§¹115</span> <span class='ocrx_word' id='word_1_424' title='bbox 560 2661 593 2666; x_wconf 95' lang='lat'>—</span> <span class='ocrx_word' id='word_1_425' title='bbox 629 2653 666 2675; x_wconf 88' lang='lat' dir='ltr'>ne</span> <span class='ocrx_word' id='word_1_426' title='bbox 691 2644 717 2674; x_wconf 81' lang='grc' dir='ltr'>Η</span> <span class='ocrx_word' id='word_1_427' title='bbox 746 2662 778 2665; x_wconf 86' lang='grc'>-</span> <span class='ocrx_word' id='word_1_428' title='bbox 809 2642 862 2675; x_wconf 73' lang='grc'>44.</span> <span class='ocrx_word' id='word_1_429' title='bbox 889 2642 992 2672; x_wconf 71' lang='lat' dir='ltr'>tribas</span> <span class='ocrx_word' id='word_1_430' title='bbox 1015 2642 1053 2671; x_wconf 69' lang='lat' dir='ltr'>iis</span> <span class='ocrx_word' id='word_1_431' title='bbox 1077 2641 1164 2670; x_wconf 65' lang='lat' dir='ltr'>horis</span> <span class='ocrx_word' id='word_1_432' title='bbox 1190 2640 1245 2670; x_wconf 66' lang='lat' dir='ltr'>etl.</span> <span class='ocrx_word' id='word_1_433' title='bbox 1266 2641 1418 2670; x_wconf 82' lang='lat' dir='ltr'>Iuntina:</span> <span class='ocrx_word' id='word_1_434' title='bbox 1453 2639 1555 2670; x_wconf 68' lang='lat' dir='ltr'>tribus</span> <span class='ocrx_word' id='word_1_435' title='bbox 1578 2640 1626 2669; x_wconf 73' lang='lat' dir='ltr'>llis</span> <span class='ocrx_word' id='word_1_436' title='bbox 1648 2639 1737 2669; x_wconf 77' lang='lat' dir='ltr'>horis</span> <span class='ocrx_word' id='word_1_437' title='bbox 1759 2641 1870 2678; x_wconf 85' lang='lat' dir='ltr'>ABV,</span> <span class='ocrx_word' id='word_1_438' title='bbox 1902 2640 2004 2670; x_wconf 80' lang='lat' dir='ltr'>tribus</span> 
     </span>
     <span class='ocr_line' id='line_1_42' title="bbox 231 2688 2002 2733; baseline -0.003 -5"><span class='ocrx_word' id='word_1_439' title='bbox 231 2699 319 2728; x_wconf 63' lang='lat' dir='ltr'>horis</span> <span class='ocrx_word' id='word_1_440' title='bbox 336 2698 409 2728; x_wconf 86' lang='lat'>110.</span> <span class='ocrx_word' id='word_1_441' title='bbox 439 2696 640 2726; x_wconf 82' lang='lat' dir='ltr'>Lectionem</span> <span class='ocrx_word' id='word_1_442' title='bbox 658 2695 837 2733; x_wconf 78' lang='lat' dir='ltr'>receptam</span> <span class='ocrx_word' id='word_1_443' title='bbox 858 2691 1047 2729; x_wconf 70' lang='lat' dir='ltr'>Madvigius</span> <span class='ocrx_word' id='word_1_444' title='bbox 1066 2692 1161 2720; x_wconf 72' lang='lat' dir='ltr'>recte</span> <span class='ocrx_word' id='word_1_445' title='bbox 1180 2690 1229 2719; x_wconf 74' lang='lat' dir='ltr'>sic</span> <span class='ocrx_word' id='word_1_446' title='bbox 1249 2689 1516 2729; x_wconf 82' lang='lat' dir='ltr'>interpretatur:</span> <span class='ocrx_word' id='word_1_447' title='bbox 1545 2688 1655 2720; x_wconf 85' lang='lat' dir='ltr'>tribus</span> <span class='ocrx_word' id='word_1_448' title='bbox 1680 2688 1723 2719; x_wconf 87' lang='lat' dir='ltr'>ab</span> <span class='ocrx_word' id='word_1_449' title='bbox 1750 2689 1804 2720; x_wconf 85' lang='lat' dir='ltr'>illo</span> <span class='ocrx_word' id='word_1_450' title='bbox 1823 2692 2002 2722; x_wconf 84' lang='lat' dir='ltr'>momento</span> 
     </span>
     <span class='ocr_line' id='line_1_43' title="bbox 232 2739 2001 2786; baseline -0.006 -9"><span class='ocrx_word' id='word_1_451' title='bbox 232 2746 400 2786; x_wconf 79' lang='lat' dir='ltr'>temporis</span> <span class='ocrx_word' id='word_1_452' title='bbox 425 2745 538 2783; x_wconf 79' lang='lat' dir='ltr'>liorIs,</span> <span class='ocrx_word' id='word_1_453' title='bbox 565 2746 652 2775; x_wconf 80' lang='lat' dir='ltr'>intra</span> <span class='ocrx_word' id='word_1_454' title='bbox 679 2746 749 2774; x_wconf 85' lang='lat' dir='ltr'>tres</span> <span class='ocrx_word' id='word_1_455' title='bbox 774 2743 896 2779; x_wconf 77' lang='lat' dir='ltr'>horas,</span> <span class='ocrx_word' id='word_1_456' title='bbox 925 2743 983 2782; x_wconf 88' lang='lat' dir='ltr'>qui</span> <span class='ocrx_word' id='word_1_457' title='bbox 1009 2749 1092 2771; x_wconf 83' lang='lat' dir='ltr'>usus</span> <span class='ocrx_word' id='word_1_458' title='bbox 1118 2741 1201 2771; x_wconf 73' lang='lat' dir='ltr'>satis</span> <span class='ocrx_word' id='word_1_459' title='bbox 1228 2742 1279 2769; x_wconf 78' lang='lat' dir='ltr'>est</span> <span class='ocrx_word' id='word_1_460' title='bbox 1305 2742 1416 2770; x_wconf 86' lang='lat' dir='ltr'>notus.</span> <span class='ocrx_word' id='word_1_461' title='bbox 1454 2756 1488 2760; x_wconf 79' lang='lat'><strong>—</strong></span> <span class='ocrx_word' id='word_1_462' title='bbox 1524 2740 1574 2769; x_wconf 79' lang='grc'>45.</span> <span class='ocrx_word' id='word_1_463' title='bbox 1601 2739 1721 2769; x_wconf 72' lang='lat' dir='ltr'>coelius</span> <span class='ocrx_word' id='word_1_464' title='bbox 1745 2740 1844 2771; x_wconf 81' lang='lat' dir='ltr'>Assv</span> <span class='ocrx_word' id='word_1_465' title='bbox 1881 2758 1905 2762; x_wconf 89' lang='lat'><em>-</em></span> <span class='ocrx_word' id='word_1_466' title='bbox 1949 2741 2001 2772; x_wconf 77' lang='grc'>46,</span> 
     </span>
     <span class='ocr_line' id='line_1_44' title="bbox 231 2789 2000 2833; baseline -0.004 -7"><span class='ocrx_word' id='word_1_467' title='bbox 231 2805 303 2827; x_wconf 86' lang='lat' dir='ltr'>com</span> <span class='ocrx_word' id='word_1_468' title='bbox 325 2794 364 2826; x_wconf 78' lang='lat' dir='ltr'>A¹</span> <span class='ocrx_word' id='word_1_469' title='bbox 392 2812 424 2816; x_wconf 34' lang='lat' dir='ltr'><em>ff</em></span> <span class='ocrx_word' id='word_1_470' title='bbox 449 2795 611 2833; x_wconf 75' lang='lat' dir='ltr'>proelium</span> <span class='ocrx_word' id='word_1_471' title='bbox 634 2796 724 2833; x_wconf 73' lang='lat' dir='ltr'>fieret</span> <span class='ocrx_word' id='word_1_472' title='bbox 748 2794 792 2823; x_wconf 89' lang='lat' dir='ltr'>B:</span> <span class='ocrx_word' id='word_1_473' title='bbox 824 2792 985 2831; x_wconf 65' lang='lat' dir='ltr'>proelium</span> <span class='ocrx_word' id='word_1_474' title='bbox 1013 2800 1081 2821; x_wconf 83' lang='lat' dir='ltr'>om.</span> <span class='ocrx_word' id='word_1_475' title='bbox 1110 2790 1224 2821; x_wconf 72' lang='lat' dir='ltr'><strong>AIIV.</strong></span> <span class='ocrx_word' id='word_1_476' title='bbox 1250 2790 1340 2829; x_wconf 74' lang='lat' dir='ltr'>fieret</span> <span class='ocrx_word' id='word_1_477' title='bbox 1362 2790 1524 2828; x_wconf 68' lang='lat' dir='ltr'>proelium</span> <span class='ocrx_word' id='word_1_478' title='bbox 1549 2791 1572 2819; x_wconf 86' lang='lat'>0</span> <span class='ocrx_word' id='word_1_479' title='bbox 1602 2807 1632 2810; x_wconf 82' lang='lat'>—</span> <span class='ocrx_word' id='word_1_480' title='bbox 1664 2790 1715 2820; x_wconf 73' lang='grc'>47.</span> <span class='ocrx_word' id='word_1_481' title='bbox 1744 2790 1775 2820; x_wconf 74' lang='lat' dir='ltr'>in</span> <span class='ocrx_word' id='word_1_482' title='bbox 1800 2790 1875 2820; x_wconf 78' lang='lat' dir='ltr'>solis</span> <span class='ocrx_word' id='word_1_483' title='bbox 1899 2789 1938 2820; x_wconf 87' lang='lat' dir='ltr'>V¹</span> <span class='ocrx_word' id='word_1_484' title='bbox 1965 2808 2000 2813; x_wconf 84' lang='lat'><em>-</em></span> 
     </span>
     <span class='ocr_line' id='line_1_45' title="bbox 234 2839 2004 2879; baseline -0.003 -3"><span class='ocrx_word' id='word_1_485' title='bbox 234 2846 284 2876; x_wconf 84' lang='grc'>48.</span> <span class='ocrx_word' id='word_1_486' title='bbox 304 2848 499 2874; x_wconf 74' lang='lat' dir='ltr'>corruerunt</span> <span class='ocrx_word' id='word_1_487' title='bbox 518 2845 544 2874; x_wconf 86' lang='lat' dir='ltr'>ll</span> <span class='ocrx_word' id='word_1_488' title='bbox 565 2861 600 2865; x_wconf 91' lang='lat'>—</span> <span class='ocrx_word' id='word_1_489' title='bbox 627 2843 717 2873; x_wconf 70' lang='lat' dir='ltr'>lanes</span> <span class='ocrx_word' id='word_1_490' title='bbox 735 2841 803 2873; x_wconf 82' lang='lat' dir='ltr'>AV¹</span> <span class='ocrx_word' id='word_1_491' title='bbox 824 2859 856 2863; x_wconf 93' lang='lat'><strong>—</strong></span> <span class='ocrx_word' id='word_1_492' title='bbox 886 2841 1060 2871; x_wconf 70' lang='lat' dir='ltr'>desiderint</span> <span class='ocrx_word' id='word_1_493' title='bbox 1078 2841 1122 2870; x_wconf 89' lang='lat' dir='ltr'>A:</span> <span class='ocrx_word' id='word_1_494' title='bbox 1150 2840 1330 2870; x_wconf 70' lang='lat' dir='ltr'>desederint</span> <span class='ocrx_word' id='word_1_495' title='bbox 1348 2839 1461 2870; x_wconf 70' lang='lat' dir='ltr'>clivo</span> <span class='ocrx_word' id='word_1_496' title='bbox 1483 2856 1517 2860; x_wconf 92' lang='lat'>—</span> <span class='ocrx_word' id='word_1_497' title='bbox 1547 2840 1597 2870; x_wconf 81' lang='grc'>49.</span> <span class='ocrx_word' id='word_1_498' title='bbox 1615 2841 1787 2879; x_wconf 59' lang='lat' dir='ltr'>fluxerunt</span> <span class='ocrx_word' id='word_1_499' title='bbox 1805 2841 1831 2871; x_wconf 85' lang='lat' dir='ltr'><strong>H</strong></span> <span class='ocrx_word' id='word_1_500' title='bbox 1854 2858 1885 2862; x_wconf 93' lang='lat'><strong>—</strong></span> <span class='ocrx_word' id='word_1_501' title='bbox 1906 2843 2004 2879; x_wconf 79' lang='lat' dir='ltr'>alque</span> 
     </span>
     <span class='ocr_line' id='line_1_46' title="bbox 233 2887 2003 2934; baseline -0.003 -10"><span class='ocrx_word' id='word_1_502' title='bbox 233 2912 250 2916; x_wconf 99' lang='lat'><em>-</em></span> <span class='ocrx_word' id='word_1_503' title='bbox 265 2910 280 2916; x_wconf 89' lang='lat'>-</span> <span class='ocrx_word' id='word_1_504' title='bbox 293 2894 466 2934; x_wconf 51' lang='lat' dir='ltr'>inflaverit</span> <span class='ocrx_word' id='word_1_505' title='bbox 483 2903 551 2925; x_wconf 83' lang='lat' dir='ltr'>om.</span> <span class='ocrx_word' id='word_1_506' title='bbox 570 2894 595 2924; x_wconf 85' lang='lat' dir='ltr'>ll</span> <span class='ocrx_word' id='word_1_507' title='bbox 620 2911 651 2914; x_wconf 88' lang='lat'>—</span> <span class='ocrx_word' id='word_1_508' title='bbox 680 2896 779 2930; x_wconf 74' lang='lat' dir='ltr'>alque</span> <span class='ocrx_word' id='word_1_509' title='bbox 797 2892 886 2922; x_wconf 82' lang='lat' dir='ltr'>innes</span> <span class='ocrx_word' id='word_1_510' title='bbox 901 2890 939 2922; x_wconf 84' lang='lat' dir='ltr'>A¹</span> <span class='ocrx_word' id='word_1_511' title='bbox 952 2890 1002 2927; x_wconf 57' lang='lat'>5³¹,</span> <span class='ocrx_word' id='word_1_512' title='bbox 1029 2893 1127 2930; x_wconf 72' lang='lat' dir='ltr'>alque</span> <span class='ocrx_word' id='word_1_513' title='bbox 1144 2898 1254 2920; x_wconf 76' lang='lat' dir='ltr'>amnes</span> <span class='ocrx_word' id='word_1_514' title='bbox 1274 2887 1324 2925; x_wconf 70' lang='lat' dir='ltr'>V2,</span> <span class='ocrx_word' id='word_1_515' title='bbox 1351 2893 1451 2928; x_wconf 79' lang='lat' dir='ltr'>alque</span> <span class='ocrx_word' id='word_1_516' title='bbox 1474 2898 1574 2919; x_wconf 75' lang='lat' dir='ltr'>annes</span> <span class='ocrx_word' id='word_1_517' title='bbox 1590 2888 1630 2920; x_wconf 67' lang='lat' dir='ltr'>A*2</span> <span class='ocrx_word' id='word_1_518' title='bbox 1653 2905 1683 2911; x_wconf 94' lang='lat'><em>—</em></span> <span class='ocrx_word' id='word_1_519' title='bbox 1713 2891 1765 2921; x_wconf 62' lang='grc' dir='ltr'>ΞΟ.</span> <span class='ocrx_word' id='word_1_520' title='bbox 1785 2893 1894 2920; x_wconf 61' lang='lat' dir='ltr'>cei-lae</span> <span class='ocrx_word' id='word_1_521' title='bbox 1911 2890 2003 2920; x_wconf 84' lang='lat' dir='ltr'>Mar-</span> 
     </span>
     <span class='ocr_line' id='line_1_47' title="bbox 233 2938 2001 2984; baseline -0.003 -9"><span class='ocrx_word' id='word_1_522' title='bbox 233 2954 292 2977; x_wconf 85' lang='lat' dir='ltr'>sus</span> <span class='ocrx_word' id='word_1_523' title='bbox 318 2943 563 2984; x_wconf 72' lang='lat' dir='ltr'>probabiIIter‘.</span> <span class='ocrx_word' id='word_1_524' title='bbox 591 2952 671 2974; x_wconf 76' lang='lat' dir='ltr'>nan]</span> <span class='ocrx_word' id='word_1_525' title='bbox 690 2943 912 2973; x_wconf 76' lang='lat' dir='ltr'>coniecturae</span> <span class='ocrx_word' id='word_1_526' title='bbox 932 2949 1045 2980; x_wconf 86' lang='lat' dir='ltr'>aeque</span> <span class='ocrx_word' id='word_1_527' title='bbox 1071 2950 1086 2970; x_wconf 84' lang='lat' dir='ltr'>a</span> <span class='ocrx_word' id='word_1_528' title='bbox 1107 2940 1225 2979; x_wconf 82' lang='lat' dir='ltr'>peritis</span> <span class='ocrx_word' id='word_1_529' title='bbox 1249 2941 1353 2978; x_wconf 73' lang='lat' dir='ltr'>atque</span> <span class='ocrx_word' id='word_1_530' title='bbox 1378 2938 1421 2969; x_wconf 82' lang='lat' dir='ltr'>ab</span> <span class='ocrx_word' id='word_1_531' title='bbox 1448 2939 1616 2979; x_wconf 84' lang='lat' dir='ltr'>imperitis</span> <span class='ocrx_word' id='word_1_532' title='bbox 1642 2939 1745 2975; x_wconf 75' lang='lat' dir='ltr'>fiunt,</span> <span class='ocrx_word' id='word_1_533' title='bbox 1773 2941 1889 2970; x_wconf 86' lang='lat' dir='ltr'>certae</span> <span class='ocrx_word' id='word_1_534' title='bbox 1908 2938 2001 2969; x_wconf 86' lang='lat' dir='ltr'>solae</span> 
     </span>
    </p>
   </div>
   <div class='ocr_carea' id='block_1_8' title="bbox 234 2987 2000 3129">
    <p class='ocr_par' dir='ltr' id='par_1_9' title="bbox 234 2987 2000 3129">
     <span class='ocr_line' id='line_1_48' title="bbox 234 2987 2000 3035; baseline -0.006 -9"><span class='ocrx_word' id='word_1_535' title='bbox 234 3004 252 3026; x_wconf 86' lang='lat' dir='ltr'>a</span> <span class='ocrx_word' id='word_1_536' title='bbox 279 2995 398 3035; x_wconf 84' lang='lat' dir='ltr'>peritis</span> <span class='ocrx_word' id='word_1_537' title='bbox 423 2994 496 3024; x_wconf 76' lang='lat' dir='ltr'>lieri</span> <span class='ocrx_word' id='word_1_538' title='bbox 523 2994 696 3024; x_wconf 72' lang='lat' dir='ltr'>videntur.</span> <span class='ocrx_word' id='word_1_539' title='bbox 725 3010 758 3014; x_wconf 94' lang='lat'>—-</span> <span class='ocrx_word' id='word_1_540' title='bbox 787 2993 838 3023; x_wconf 69' lang='lat'>21.</span> <span class='ocrx_word' id='word_1_541' title='bbox 866 2992 1005 3031; x_wconf 59' lang='lat' dir='ltr'>Phrygio</span> <span class='ocrx_word' id='word_1_542' title='bbox 1030 2990 1054 3020; x_wconf 96' lang='lat' dir='ltr'>O</span> <span class='ocrx_word' id='word_1_543' title='bbox 1080 3008 1120 3012; x_wconf 96' lang='lat'>—</span> <span class='ocrx_word' id='word_1_544' title='bbox 1148 2990 1185 3020; x_wconf 73' lang='lat'>22</span> <span class='ocrx_word' id='word_1_545' title='bbox 1225 2989 1372 3019; x_wconf 71' lang='lat' dir='ltr'>(lintnilis</span> <span class='ocrx_word' id='word_1_546' title='bbox 1395 2998 1557 3019; x_wconf 63' lang='lat' dir='ltr'>stammam</span> <span class='ocrx_word' id='word_1_547' title='bbox 1581 2990 1661 3026; x_wconf 87' lang='lat' dir='ltr'>AB,</span> <span class='ocrx_word' id='word_1_548' title='bbox 1693 2989 1944 3019; x_wconf 73' lang='lat' dir='ltr'>diuinissumnm</span> <span class='ocrx_word' id='word_1_549' title='bbox 1962 2987 2000 3025; x_wconf 83' lang='lat' dir='ltr'>V,</span> 
     </span>
     <span class='ocr_line' id='line_1_49' title="bbox 235 3037 1998 3079; baseline -0.005 -3"><span class='ocrx_word' id='word_1_550' title='bbox 235 3045 296 3077; x_wconf 90' lang='lat' dir='ltr'>sed</span> <span class='ocrx_word' id='word_1_551' title='bbox 322 3046 355 3075; x_wconf 80' lang='lat' dir='ltr'>ni</span> <span class='ocrx_word' id='word_1_552' title='bbox 380 3045 412 3075; x_wconf 87' lang='lat' dir='ltr'>in</span> <span class='ocrx_word' id='word_1_553' title='bbox 439 3044 514 3074; x_wconf 85' lang='lat' dir='ltr'>Ioco</span> <span class='ocrx_word' id='word_1_554' title='bbox 541 3052 641 3075; x_wconf 79' lang='lat' dir='ltr'>craso</span> <span class='ocrx_word' id='word_1_555' title='bbox 670 3059 702 3065; x_wconf 92' lang='lat'><em>-</em></span> <span class='ocrx_word' id='word_1_556' title='bbox 739 3046 773 3073; x_wconf 81' lang='lat' dir='ltr'>at</span> <span class='ocrx_word' id='word_1_557' title='bbox 799 3045 821 3073; x_wconf 89' lang='lat' dir='ltr'>A</span> <span class='ocrx_word' id='word_1_558' title='bbox 848 3042 881 3072; x_wconf 88' lang='lat' dir='ltr'>in</span> <span class='ocrx_word' id='word_1_559' title='bbox 907 3050 974 3071; x_wconf 64' lang='lat' dir='ltr'>ras</span> <span class='ocrx_word' id='word_1_560' title='bbox 991 3065 998 3078; x_wconf 88' lang='lat'>‚</span> <span class='ocrx_word' id='word_1_561' title='bbox 1031 3040 1074 3070; x_wconf 79' lang='lat' dir='ltr'>ad</span> <span class='ocrx_word' id='word_1_562' title='bbox 1098 3039 1137 3076; x_wconf 74' lang='lat' dir='ltr'>V,</span> <span class='ocrx_word' id='word_1_563' title='bbox 1171 3042 1198 3069; x_wconf 79' lang='lat' dir='ltr'>el</span> <span class='ocrx_word' id='word_1_564' title='bbox 1224 3040 1246 3069; x_wconf 87' lang='lat' dir='ltr'>B</span> <span class='ocrx_word' id='word_1_565' title='bbox 1284 3058 1316 3061; x_wconf 89' lang='lat'>—</span> <span class='ocrx_word' id='word_1_566' title='bbox 1354 3040 1406 3070; x_wconf 61' lang='lat'>25.</span> <span class='ocrx_word' id='word_1_567' title='bbox 1434 3039 1591 3079; x_wconf 71' lang='lat' dir='ltr'>infamem</span> <span class='ocrx_word' id='word_1_568' title='bbox 1617 3040 1644 3070; x_wconf 85' lang='lat' dir='ltr'>ll</span> <span class='ocrx_word' id='word_1_569' title='bbox 1672 3057 1706 3061; x_wconf 96' lang='lat'><strong>—</strong></span> <span class='ocrx_word' id='word_1_570' title='bbox 1734 3039 1786 3070; x_wconf 53' lang='lat'>⁸27.</span> <span class='ocrx_word' id='word_1_571' title='bbox 1812 3038 1932 3069; x_wconf 81' lang='lat' dir='ltr'>selonio</span> <span class='ocrx_word' id='word_1_572' title='bbox 1956 3037 1998 3069; x_wconf 91' lang='lat' dir='ltr'>C:</span> 
     </span>
     <span class='ocr_line' id='line_1_50' title="bbox 235 3084 1997 3129; baseline -0.005 -4"><span class='ocrx_word' id='word_1_573' title='bbox 235 3095 367 3126; x_wconf 78' lang='lat' dir='ltr'>Solonio</span> <span class='ocrx_word' id='word_1_574' title='bbox 392 3094 415 3124; x_wconf 94' lang='lat' dir='ltr'>O</span> <span class='ocrx_word' id='word_1_575' title='bbox 441 3103 520 3124; x_wconf 87' lang='lat' dir='ltr'>curn</span> <span class='ocrx_word' id='word_1_576' title='bbox 547 3095 706 3129; x_wconf 68' lang='lat' dir='ltr'>crinem,</span> <span class='ocrx_word' id='word_1_577' title='bbox 732 3095 769 3123; x_wconf 85' lang='lat' dir='ltr'>ut</span> <span class='ocrx_word' id='word_1_578' title='bbox 794 3094 847 3122; x_wconf 80' lang='lat' dir='ltr'>est</span> <span class='ocrx_word' id='word_1_579' title='bbox 879 3092 923 3127; x_wconf 87' lang='lat'>11,</span> <span class='ocrx_word' id='word_1_580' title='bbox 944 3090 1017 3129; x_wconf 65' lang='lat'>§66</span> <span class='ocrx_word' id='word_1_581' title='bbox 1044 3107 1078 3111; x_wconf 95' lang='lat'>—</span> <span class='ocrx_word' id='word_1_582' title='bbox 1107 3089 1235 3120; x_wconf 67' lang='lat' dir='ltr'>lanuini</span> <span class='ocrx_word' id='word_1_583' title='bbox 1253 3091 1290 3122; x_wconf 75' lang='lat' dir='ltr'>A.</span> <span class='ocrx_word' id='word_1_584' title='bbox 1317 3090 1425 3120; x_wconf 68' lang='lat' dir='ltr'>colant</span> <span class='ocrx_word' id='word_1_585' title='bbox 1448 3090 1505 3120; x_wconf 73' lang='lat' dir='ltr'>uni</span> <span class='ocrx_word' id='word_1_586' title='bbox 1530 3089 1558 3120; x_wconf 90' lang='lat' dir='ltr'><strong>H</strong></span> <span class='ocrx_word' id='word_1_587' title='bbox 1586 3107 1618 3111; x_wconf 89' lang='lat'><strong>—</strong></span> <span class='ocrx_word' id='word_1_588' title='bbox 1647 3089 1698 3119; x_wconf 73' lang='lat'>⁶28.</span> <span class='ocrx_word' id='word_1_589' title='bbox 1726 3089 1851 3127; x_wconf 74' lang='lat' dir='ltr'>aposito</span> <span class='ocrx_word' id='word_1_590' title='bbox 1876 3084 1945 3118; x_wconf 85' lang='lat' dir='ltr'>AV¹</span> <span class='ocrx_word' id='word_1_591' title='bbox 1964 3102 1997 3108; x_wconf 87' lang='lat'><em>-</em></span> 
     </span>
    </p>
   </div>
   <div class='ocr_carea' id='block_1_9' title="bbox 235 3135 2001 3282">
    <p class='ocr_par' dir='ltr' id='par_1_10' title="bbox 235 3135 2001 3282">
     <span class='ocr_line' id='line_1_51' title="bbox 235 3135 2001 3184; baseline -0.005 -9"><span class='ocrx_word' id='word_1_592' title='bbox 235 3147 374 3184; x_wconf 57' lang='lat' dir='ltr'>experta</span> <span class='ocrx_word' id='word_1_593' title='bbox 399 3144 424 3174; x_wconf 90' lang='lat' dir='ltr'>H</span> <span class='ocrx_word' id='word_1_594' title='bbox 454 3161 484 3165; x_wconf 91' lang='lat'>—-</span> <span class='ocrx_word' id='word_1_595' title='bbox 518 3144 567 3174; x_wconf 77' lang='lat'>29.</span> <span class='ocrx_word' id='word_1_596' title='bbox 594 3147 726 3182; x_wconf 75' lang='lat' dir='ltr'>aspectu</span> <span class='ocrx_word' id='word_1_597' title='bbox 750 3143 813 3174; x_wconf 83' lang='lat' dir='ltr'>All</span> <span class='ocrx_word' id='word_1_598' title='bbox 839 3158 882 3164; x_wconf 92' lang='lat'>—</span> <span class='ocrx_word' id='word_1_599' title='bbox 913 3141 966 3172; x_wconf 85' lang='lat'>30.</span> <span class='ocrx_word' id='word_1_600' title='bbox 993 3140 1116 3170; x_wconf 70' lang='lat' dir='ltr'>rettuli!</span> <span class='ocrx_word' id='word_1_601' title='bbox 1142 3140 1181 3169; x_wconf 62' lang='grc' dir='ltr'>[ζ’.</span> <span class='ocrx_word' id='word_1_602' title='bbox 1209 3140 1319 3169; x_wconf 69' lang='lat' dir='ltr'>retulit</span> <span class='ocrx_word' id='word_1_603' title='bbox 1342 3139 1478 3170; x_wconf 84' lang='lat' dir='ltr'><strong>AIIVO</strong></span> <span class='ocrx_word' id='word_1_604' title='bbox 1507 3157 1541 3160; x_wconf 84' lang='lat'><strong>-</strong></span> <span class='ocrx_word' id='word_1_605' title='bbox 1569 3138 1621 3169; x_wconf 73' lang='lat'>3¹.</span> <span class='ocrx_word' id='word_1_606' title='bbox 1646 3139 1799 3170; x_wconf 75' lang='lat' dir='ltr'>Pasiteles</span> <span class='ocrx_word' id='word_1_607' title='bbox 1822 3135 2001 3168; x_wconf 57' lang='lat' dir='ltr'>XVinckel-</span> 
     </span>
     <span class='ocr_line' id='line_1_52' title="bbox 238 3185 2000 3232; baseline -0.005 -8"><span class='ocrx_word' id='word_1_608' title='bbox 238 3202 343 3226; x_wconf 85' lang='lat' dir='ltr'>mann</span> <span class='ocrx_word' id='word_1_609' title='bbox 375 3191 470 3232; x_wconf 79' lang='lat' dir='ltr'>(coll.</span> <span class='ocrx_word' id='word_1_610' title='bbox 491 3191 571 3223; x_wconf 83' lang='lat' dir='ltr'>Plin.</span> <span class='ocrx_word' id='word_1_611' title='bbox 600 3193 637 3223; x_wconf 87' lang='lat' dir='ltr'>N.</span> <span class='ocrx_word' id='word_1_612' title='bbox 667 3193 703 3223; x_wconf 85' lang='lat' dir='ltr'><strong>II.</strong></span> <span class='ocrx_word' id='word_1_613' title='bbox 731 3191 885 3229; x_wconf 74' lang='lat' dir='ltr'><strong>XXXIII,</strong></span> <span class='ocrx_word' id='word_1_614' title='bbox 913 3191 952 3221; x_wconf 74' lang='grc'>42</span> <span class='ocrx_word' id='word_1_615' title='bbox 986 3192 1019 3220; x_wconf 86' lang='lat' dir='ltr'>et</span> <span class='ocrx_word' id='word_1_616' title='bbox 1049 3189 1201 3227; x_wconf 79' lang='lat' dir='ltr'><strong>XXXVI,</strong></span> <span class='ocrx_word' id='word_1_617' title='bbox 1229 3189 1263 3225; x_wconf 74' lang='lat'>4,</span> <span class='ocrx_word' id='word_1_618' title='bbox 1299 3198 1368 3229; x_wconf 87' lang='lat' dir='ltr'>quo</span> <span class='ocrx_word' id='word_1_619' title='bbox 1395 3190 1426 3219; x_wconf 81' lang='lat' dir='ltr'>Iu</span> <span class='ocrx_word' id='word_1_620' title='bbox 1451 3187 1527 3219; x_wconf 90' lang='lat' dir='ltr'>loco</span> <span class='ocrx_word' id='word_1_621' title='bbox 1553 3188 1619 3220; x_wconf 88' lang='lat' dir='ltr'>hoc</span> <span class='ocrx_word' id='word_1_622' title='bbox 1645 3197 1772 3219; x_wconf 89' lang='lat' dir='ltr'>nomen</span> <span class='ocrx_word' id='word_1_623' title='bbox 1798 3185 2000 3218; x_wconf 79' lang='lat' dir='ltr'>melioribus</span> 
     </span>
     <span class='ocr_line' id='line_1_53' title="bbox 239 3234 1998 3282; baseline -0.006 -6"><span class='ocrx_word' id='word_1_624' title='bbox 239 3242 341 3276; x_wconf 88' lang='lat' dir='ltr'>codd.</span> <span class='ocrx_word' id='word_1_625' title='bbox 367 3241 623 3281; x_wconf 62' lang='lat' dir='ltr'>confirmatum:</span> <span class='ocrx_word' id='word_1_626' title='bbox 646 3242 829 3282; x_wconf 60' lang='lat' dir='ltr'>praxiteles</span> <span class='ocrx_word' id='word_1_627' title='bbox 852 3243 895 3279; x_wconf 86' lang='lat' dir='ltr'>A,</span> <span class='ocrx_word' id='word_1_628' title='bbox 917 3240 1093 3280; x_wconf 66' lang='lat' dir='ltr'>praoeicelts</span> <span class='ocrx_word' id='word_1_629' title='bbox 1108 3239 1147 3278; x_wconf 90' lang='lat' dir='ltr'>V,</span> <span class='ocrx_word' id='word_1_630' title='bbox 1169 3239 1373 3279; x_wconf 58' lang='lat' dir='ltr'>praaee&#39;meles</span> <span class='ocrx_word' id='word_1_631' title='bbox 1389 3239 1432 3278; x_wconf 87' lang='lat' dir='ltr'>B,</span> <span class='ocrx_word' id='word_1_632' title='bbox 1450 3238 1639 3279; x_wconf 70' lang='lat' dir='ltr'>praoenaces</span> <span class='ocrx_word' id='word_1_633' title='bbox 1655 3239 1683 3270; x_wconf 92' lang='lat' dir='ltr'>H</span> <span class='ocrx_word' id='word_1_634' title='bbox 1705 3255 1738 3261; x_wconf 89' lang='lat'>—-</span> <span class='ocrx_word' id='word_1_635' title='bbox 1763 3237 1884 3269; x_wconf 79' lang='lat' dir='ltr'>celauit</span> <span class='ocrx_word' id='word_1_636' title='bbox 1897 3234 1998 3271; x_wconf 62' lang='lat' dir='ltr'>mlv.</span> 
     </span>
    </p>
   </div>
  </div>
 </body>
</html>
