2249 3624
620 151 707 192 Lm.
729 153 798 191 ΙΙΙ.
847 152 942 192 CAP.
963 152 1217 194 VIII-lx:
1248 151 1306 206 §§
1334 150 1442 191 ¹17-
1458 150 1524 192 22.
1865 151 1944 194 913

184 275 277 302 cum
318 263 428 300 esset
465 259 546 298 cito
586 255 802 309 ablegatus
842 264 1052 312 tamquam
1093 272 1143 298 ex
1183 273 1241 299 xii
1274 258 1424 298 tabulis
1457 259 1632 311 insignis
1663 258 1713 298 ad
1749 258 1948 299 deformi—

184 329 308 364 tatem
340 335 458 375 puer,
492 320 605 360 brevi
639 326 826 372 tempore
859 322 999 360 nescio
1033 335 1116 374 quo
1149 328 1268 374 pacto
1292 327 1502 361 recreatus
1536 322 1752 375 multoque
1775 323 1946 362 taetrior

184 392 224 425 et
254 384 420 425 foedior
449 388 616 423 renatus
650 389 725 422 est.

295 447 366 485 lx.
400 445 508 494 Quid
542 445 651 484 enim
687 445 754 484 ille
786 459 869 484 non
903 446 1062 485 edidit?
1097 447 1167 499 qui
1200 446 1393 499 primurn,
1425 452 1468 485 ut
1499 447 1626 500 impio
1659 447 1827 498 dignum
1855 448 1946 495 suit,

185 509 369 563 patribus
401 522 565 548 omnem
599 506 797 547 honorem
831 508 996 561 eripuit,
1029 509 1168 547 omnia
1202 508 1341 547 infima
1373 510 1546 548 summis
1578 510 1690 561 paria
1721 509 1837 557 fecit,
1864 517 1979 550 tur-5

184 572 314 618 bavit,
353 570 543 609 miscuit:
587 583 678 609 cum
711 570 942 609 adflixisset
975 571 1210 622 principum
1243 572 1511 623 gravitatem,
1551 586 1776 625 numquam
1812 579 1947 613 tamen

185 633 435 686 conquievit.
511 630 577 670 20.
620 634 808 685 Namque
849 639 893 671 ut
927 632 968 672 C.
1004 634 1250 672 Flaminium
1290 639 1415 685 atque
1455 647 1524 680 ea,
1566 648 1672 687 quae
1706 635 1784 674 iam
1818 635 1948 688 prisca

187 695 379 736 videntur
421 701 589 748 propter
630 700 904 741 vetustatem,
952 695 1206 747 relinquam,
1251 696 1351 748 quid
1394 697 1494 735 iuris
1528 697 1648 736 bonis
1680 697 1777 736 viris
1809 698 1947 736 Tiberi

187 756 358 799 Gracchi
392 757 626 796 tribunatus
657 756 858 809 reliquit?
901 757 977 796 etsi
1011 757 1299 811 quinquennio
1331 764 1424 797 ante
1457 759 1670 798 Decimum
1705 760 1875 798 Brutum
1909 765 1949 799 et

186 822 225 861 P.
249 820 490 873 Scipionem
522 819 713 858 consules
746 842 795 846 -
830 832 934 872 quos
967 824 1007 858 et
1039 826 1219 872 quantos
1253 821 1388 859 viros!
1423 843 1477 849 —
1512 821 1638 860 homo
1671 822 1854 861 omnium
1888 824 1998 861 in-io

185 881 302 923 fimus
344 887 383 922 et
424 881 764 927 sordidissimus,
816 882 1006 920 tribunus
1049 882 1104 933 pl.
1145 883 1187 921 C.
1223 882 1430 922 Curiatius
1472 883 1512 922 in
1553 883 1718 923 vincula
1758 886 1948 932 coniecit,

187 944 300 999 quod
332 950 427 984 ante
458 944 612 983 sactum
644 957 728 982 non
761 950 863 983 erat.
929 944 970 983 C.
1003 957 1101 983 vero
1134 944 1307 984 Gracchi
1340 945 1574 985 tribunatus
1607 946 1656 985 iis
1688 948 1806 994 sicis,
1847 960 1949 1001 quas

185 1008 273 1061 ipse
305 1021 348 1047 se
381 1006 604 1060 proiecisse
637 1005 679 1044 in
712 1005 846 1045 forum
881 1006 1006 1052 dixit,
1048 1006 1201 1058 quibus
1242 1006 1571 1058 digladiarentur
1612 1008 1721 1048 inter
1750 1023 1793 1048 se
1825 1010 1949 1056 cives,

186 1083 324 1109 nonne
355 1082 519 1109 omnem
540 1068 612 1107 -rei
644 1068 836 1120 publicae
870 1075 1019 1107 statum
1054 1070 1335 1120 permutavit?
1383 1069 1490 1117 Quid
1524 1070 1603 1110 iam
1636 1071 1686 1110 de
1711 1072 1950 1119 Saturnino,

188 1132 397 1184 Sulpicio,
438 1131 614 1183 reliquis
655 1130 818 1170 dicam?
873 1144 978 1184 quos
1020 1144 1071 1170 ne
1113 1131 1322 1184 depellere
1366 1133 1534 1185 quidem
1576 1147 1598 1173 a
1638 1148 1681 1173 se
1719 1135 1809 1173 sine
1840 1134 1949 1174 ferro
1968 1142 1999 1169 ¹5

187 1194 322 1248 potuit
360 1207 425 1233 res
468 1192 646 1246 publica.
737 1190 803 1231 21.
863 1193 944 1232 Cur
985 1199 1121 1233 autem
1166 1200 1238 1233 aut
1279 1201 1417 1234 vetera
1456 1200 1527 1235 aut
1566 1196 1703 1236 aliena
1742 1196 1949 1249 proferam

186 1257 326 1310 potius
357 1269 484 1308 quam
516 1260 557 1294 et
587 1259 729 1294 nostra
762 1261 803 1295 et
832 1255 1044 1295 recentia?
1101 1255 1204 1303 Quis
1237 1270 1435 1309 umquam
1467 1263 1548 1297 tam
1581 1259 1732 1305 audax,
1764 1264 1845 1298 tam
1877 1272 1951 1298 no-

186 1319 249 1358 bis
279 1319 472 1358 inimicus
504 1318 671 1364 fuisset,
713 1324 757 1357 ut
789 1319 990 1371 cogitaret
1021 1331 1216 1371 umquam
1251 1320 1301 1359 de
1333 1325 1443 1359 statu
1477 1325 1616 1360 nostro
1649 1320 1950 1367 labefactando,

186 1381 265 1421 nisi
299 1394 538 1420 mucronem
578 1380 761 1433 aliquem
803 1381 1073 1420 tribunicium
1105 1382 1343 1421 exacuisset
1372 1383 1415 1421 in
1445 1384 1553 1422 nos‘?
1596 1396 1718 1436 quem
1752 1396 1844 1422 cum
1876 1383 1952 1423 ho-

188 1445 318 1483 mines
361 1443 549 1483 scelerati
590 1455 637 1481 ac
669 1442 822 1494 perditi
854 1456 936 1482 non
971 1443 1095 1482 modo
1126 1444 1211 1483 ulla
1243 1445 1285 1483 in
1318 1445 1466 1490 domo,
1508 1444 1580 1483 sed
1611 1445 1725 1484 nulla
1758 1446 1798 1485 in
1830 1451 1951 1498 gente
1965 1455 2003 1484 20

187 1506 434 1559 reperirent,
465 1510 610 1558 gentes
642 1505 718 1544 sibi
750 1507 792 1545 in
823 1506 1005 1545 tenebris
1037 1506 1098 1545 rei
1131 1505 1318 1559 publicae
1350 1507 1653 1558 perturbandas
1686 1513 1953 1560 putaverunt.

188 1567 311 1616 Quod
343 1567 465 1607 nobis
497 1567 668 1620 quidem
700 1570 914 1621 egregium
946 1574 986 1607 et
1018 1567 1067 1607 ad
1096 1568 1441 1608 inmortalitatem
1464 1570 1688 1609 memoriae
1710 1569 1953 1622 gloriosum,

187 1630 395 1670 neminem
437 1631 478 1669 in
519 1644 594 1669 nos
633 1632 825 1671 mercede
863 1631 947 1670 ulla
986 1631 1197 1670 tribunum
1235 1631 1426 1682 potuisse
1457 1632 1653 1683 reperiri,
1694 1632 1772 1671 nisi
1803 1634 1869 1672 cui
1902 1645 1954 1672 ne

189 1706 279 1732 esse
322 1692 490 1745 quidem
532 1692 722 1732 licuisset
759 1694 942 1733 tribuno.
1016 1690 1082 1732 22.
1132 1692 1212 1732 Sed
1244 1691 1314 1732 ille
1355 1706 1457 1745 quas
1489 1699 1646 1746 strages
1678 1694 1832 1734 edidit!
1884 1708 1954 1734 eas

189 1755 406 1801 videlicet,
448 1768 551 1808 quas
594 1756 684 1795 sine
724 1756 888 1795 ratione
930 1769 976 1795 ac
1020 1756 1109 1795 sine
1148 1755 1233 1793 ulla
1272 1768 1345 1807 spe
1376 1755 1487 1794 bona
1518 1756 1635 1795 furor
1665 1757 1790 1796 edere
1822 1758 2004 1810 potuit95

188 1817 364 1870 inpurae
396 1817 543 1856 beluae
576 1818 800 1857 multorum
832 1819 1112 1858 inflammatus
1143 1816 1366 1857 furoribus.
1435 1817 1571 1865 Quam
1602 1819 1654 1858 ob
1685 1832 1770 1859 rem
1802 1820 1845 1858 in
1875 1819 1956 1859 ista

191 1879 363 1933 quidem
394 1892 441 1920 re
474 1880 742 1920 vehementer
773 1880 930 1920 Sullam
963 1880 1116 1934 probo,
1157 1880 1228 1933 qui
1258 1879 1436 1920 tribunis
1468 1880 1523 1933 pl.
1556 1894 1629 1921 sua
1660 1882 1750 1934 lege
1781 1882 1954 1922 iniuriae

282 2017 312 2047 4.
339 2016 508 2057 ableqatus
532 2018 701 2048 Auratus:
741 2017 868 2058 legatus
893 2017 976 2049 AB:
1014 2021 1148 2048 necatus
1177 2018 1351 2049 Puteanus
1384 2018 1418 2047 et
1443 2017 1466 2047 1.
1487 2017 1519 2047 F.
1540 2017 1752 2054 Gronovius,
1789 2017 1906 2048 letatus
1931 2018 1954 2048 Ο

196 2074 277 2097 cum
303 2067 450 2098 Grutero
483 2067 554 2107 (leto
579 2068 676 2098 datus
705 2069 794 2098 coni.
815 2066 950 2105 Orelli]:
989 2066 1072 2097 alios
1099 2068 1242 2097 conatus
1267 2076 1286 2096 v
1328 2066 1418 2107 apud
1446 2066 1667 2097 Dirksenium
1696 2067 1875 2098 L'eberszcht
1900 2068 1958 2098 der

195 2117 351 2148 Versuche
375 2118 486 2158 p.265
512 2126 589 2157 sqq.
631 2135 667 2140 —
704 2119 734 2149 Ξ.
760 2119 866 2148 nescio
891 2126 954 2157 quo
974 2121 1073 2155 pacto
1097 2120 1123 2148 A
1149 2117 1182 2148 in
1208 2124 1332 2155 marg,
1359 2115 1422 2147 sed
1449 2124 1555 2146 manu
1580 2118 1699 2146 vetere
1729 2134 1762 2139 —
1790 2121 1958 2147 recreatus

194 2167 230 2205 B,
249 2169 287 2198 ut
303 2167 457 2198 videtur:
476 2172 606 2198 creatus
621 2169 648 2198 A
670 2185 702 2189 -
728 2169 843 2198 trelior
859 2168 895 2203 B,
915 2168 1030 2198 tetrior
1046 2169 1071 2198 A
1090 2168 1122 2198 in
1141 2175 1210 2197 ras.
1233 2184 1267 2188 —
1293 2166 1323 2196 3.
1342 2166 1448 2204 fedior
1464 2168 1488 2196 A
1501 2166 1524 2196 B
1545 2184 1579 2187 -—
1599 2169 1733 2196 renatus
1750 2165 1956 2197 Lambinus:

191 2222 289 2250 natus
303 2218 419 2250 ABO:
444 2218 551 2257 factus
568 2216 623 2248 alii
640 2216 821 2249 malebant
840 2235 874 2239 —
892 2216 922 2248 4.
951 2217 1029 2256 quid
1044 2217 1200 2257 Madvig:
1227 2213 1288 2255 que
1305 2216 1386 2252 AB3
1414 2224 1498 2254 quae
1515 2216 1540 2246 O
1566 2223 1646 2246 cum
1667 2215 1788 2255 paucis
1806 2214 1890 2246 dett.
1920 2232 1956 2238 —

195 2268 330 2306 «Quum
354 2268 388 2298 in
413 2267 478 2298 hac
503 2267 783 2306 interrogationis
808 2266 919 2298 forma
945 2268 1147 2298 necessario
1173 2268 1206 2298 in
1231 2274 1337 2296 unam
1361 2266 1540 2296 notionem
1559 2264 1756 2295 conflentur
1778 2272 1844 2294 non
1860 2264 1960 2295 edidit

194 2328 232 2344 =
257 2317 425 2348 intentata
450 2317 568 2348 omisit
599 2317 649 2354 (in
676 2316 926 2352 admiratione,
960 2325 1065 2357 quam
1092 2316 1198 2347 multa
1225 2316 1423 2347 tribunatus
1449 2315 1610 2350 ediderit,
1636 2324 1700 2345 non
1726 2314 1958 2345 omittendum

195 2368 292 2404 erat),
319 2366 448 2397 rectius
473 2365 637 2406 singulari
662 2375 810 2397 numero
836 2367 1088 2406 interrogatur:
1117 2367 1202 2406 Quid
1225 2367 1311 2397 enim
1334 2366 1386 2396 ille
1410 2375 1474 2395 non
1490 2364 1614 2395 edidit?
1640 2365 1688 2401 (=
1703 2364 1957 2402 nihil--non).»

196 2416 343 2447 MADVIG.
383 2433 415 2439 —
459 2416 489 2447 5.
515 2416 671 2446 honorem
692 2417 739 2451 A,
770 2415 834 2446 sed
858 2416 920 2446 hon
945 2417 976 2447 in
1003 2425 1071 2447 ras.
1111 2432 1145 2437 —
1186 2416 1300 2456 infima
1323 2424 1452 2445 summa
1475 2415 1574 2453 paria
1596 2415 1670 2453 fecit
1695 2414 1783 2445 coni.
1804 2414 1893 2444 Bake
1921 2431 1956 2435 —

196 2464 340 2496 turbabit
363 2467 401 2496 A¹
419 2465 465 2496 B:
503 2465 616 2495 omnia
640 2465 798 2503 turbavit,
823 2467 965 2501 miscuit,
991 2468 1106 2504 infima>
1129 2466 1264 2496 summis
1286 2465 1387 2504 paria
1409 2464 1483 2503 fecit
1508 2464 1596 2494 coni.
1616 2464 1740 2494 Davies
1765 2466 1823 2494 aut
1846 2464 1959 2503 infima

196 2517 330 2546 summis
351 2515 452 2554 paria
475 2515 562 2555 fecit,
588 2516 700 2546 omnia
724 2515 883 2553 turbavit,
909 2516 1050 2547 miscuit.
1079 2533 1113 2537 —
1154 2515 1183 2547 6.
1211 2524 1347 2554 cumque
1372 2517 1527 2545 Goerenz
1556 2531 1589 2536 -—
1625 2513 1655 2544 7.
1681 2522 1824 2553 namque
1849 2514 1957 2545 Bake:

198 2592 307 2624 anque
331 2583 405 2619 AB,
432 2587 531 2622 atque
555 2582 640 2614 dett.
668 2585 702 2614 et
727 2583 752 2614 O
787 2601 830 2606 —-
869 2584 917 2624 C.]
943 2567 1001 2616 con
1027 2586 1064 2621 A,
1092 2583 1130 2615 cu
1153 2585 1178 2615 B
1207 2602 1240 2606 —
1267 2583 1434 2623 flaminius
1457 2582 1517 2613 AB
1553 2599 1586 2603 —
1625 2581 1656 2612 8.
1683 2582 1846 2621 reliquam
1871 2583 1893 2613 Β
1922 2600 1957 2604 -

197 2633 280 2664 viris
303 2640 374 2664 om.
395 2632 486 2663 Bake
512 2641 592 2664 cum
619 2633 738 2673 paucis
763 2632 847 2664 dett.
875 2650 909 2655 -
937 2634 1029 2664 liberi
1053 2634 1137 2665 AB:
1168 2634 1212 2664 Ti.
1232 2633 1256 2664 O
1285 2651 1316 2654 -
1345 2632 1374 2663 9.
1403 2632 1543 2670 reliquid
1566 2631 1606 2662 Αι
1631 2648 1664 2652 -
1694 2632 1837 2670 quinque
1860 2632 1962 2662 annio

199 2682 224 2714 B
250 2700 284 2705 —
311 2683 387 2713 dum
405 2681 456 2719 A¹,
482 2683 526 2713 du
541 2683 578 2719 B,
602 2683 729 2714 decium
745 2682 797 2720 ΑΖ,
822 2683 865 2714 D.
886 2683 910 2714 O
936 2701 970 2705 —
1000 2684 1050 2714 40.
1077 2684 1220 2723 insumus
1236 2681 1287 2717 Αἱ,
1312 2683 1462 2721 infirmus
1486 2681 1508 2712 B
1536 2697 1571 2703 —
1598 2681 1649 2711 Η.
1674 2682 1825 2712 eurialus
1840 2681 1900 2712 AB
1918 2699 1960 2704 —-

201 2733 253 2764 ⁴2.
280 2733 424 2764 Gracchi
447 2732 698 2771 tribunatusiis
721 2732 796 2762 sicis
819 2733 961 2773 scripsi:
988 2733 1123 2773 gracchi
1146 2733 1252 2763 ruinis
1274 2735 1302 2762 et
1326 2732 1365 2761 iis
1387 2731 1474 2761 siciis
1497 2731 1538 2769 (et
1561 2729 1698 2760 inscitus
1720 2732 1758 2768 A,
1785 2730 1848 2762 sed
1875 2740 1919 2762 m.
1941 2732 1959 2762 Ξ

199 2782 232 2814 in
256 2782 339 2822 ras.)
366 2783 443 2819 AB,
481 2783 649 2814 Gracchus
672 2783 778 2812 ruinis
802 2786 830 2813 et
853 2783 928 2813 sicis
950 2783 991 2813 iis
1022 2783 1046 2814 O
1078 2791 1158 2813 cum
1191 2780 1366 2812 Turnebo.
1415 2781 1486 2811 Nec
1519 2781 1636 2811 tamen
1666 2789 1705 2811 ex
1733 2782 1849 2811 nostra
1875 2789 1961 2812 con—

200 2832 349 2869 iectura,
385 2840 601 2872 quamquam
626 2833 766 2864 Gracchi
791 2832 981 2863 tribunatus
1005 2834 1100 2863 certa
1126 2830 1324 2862 emendatio
1348 2830 1503 2867 x-idetur,
1537 2829 1632 2861 locus
1658 2829 1757 2870 plane
1783 2831 1962 2862 restitutus

201 2884 272 2919 est,
307 2890 386 2913 cum
416 2881 508 2913 aliud
539 2891 667 2914 nomen
705 2883 780 2914 eius
810 2881 887 2913 loco
919 2881 1016 2922 quod
1041 2882 1180 2922 scripsit
1204 2880 1388 2912 Turnebus
1423 2880 1546 2910 «sicis»
1581 2879 1635 2909 liic
1659 2881 1894 2919 exspectetur.
1924 2897 1958 2901 —

202 2931 252 2961 ⁴3.
275 2931 463 2970 proiecisset
487 2932 547 2963 AB
575 2949 608 2954 -
649 2932 920 2972 deyladiarentur
944 2934 995 2971 Αἱ,
1021 2931 1289 2971 deylariarentur
1314 2930 1336 2960 B
1378 2946 1410 2951 —-
1451 2928 1501 2960 ⁴4.
1523 2928 1735 2967 perturbavit
1758 2929 1961 2961 Oxoniensis

201 2979 239 3017 E,
265 2979 366 3020 prob.
388 2980 559 3021 Madvigio
584 2981 710 3021 OpuSC.
736 2980 852 3018 1,47i.
882 2998 916 3003 —-
945 2981 1140 3019 Saturnino,
1159 2980 1303 3019 Sulpicio
1329 2979 1502 3009 Goerenz:
1529 2979 1697 3009 saturnini
1719 2979 1878 3018 supplicio
1901 2980 1960 3014 AB

205 3044 240 3051 —-
267 3029 318 3060 ⁴6.
341 3027 512 3069 proserii*
533 3030 572 3065 A,
596 3030 746 3069 proferat
769 3030 814 3065 B;
850 3031 1010 3070 suspicor
1032 3030 1178 3069 profero,
1211 3037 1300 3069 quae
1328 3030 1379 3058 est
1405 3026 1554 3066 legitima
1582 3027 1690 3058 forma
1717 3029 1749 3059 in
1775 3027 1831 3059 tali
1856 3029 1965 3060 inter-

203 3078 381 3118 rogatione
407 3078 591 3110 rhetoriea.
621 3096 655 3101 —
686 3080 736 3110 47.
765 3079 837 3117 quis
860 3079 997 3118 inquam
1021 3084 1091 3111 tam
1116 3081 1271 3110 Goerenz
1297 3078 1401 3113 coni„
1429 3077 1645 3116 quisquamne
1660 3081 1728 3107 tarn
1752 3077 1862 3109 Bake:
1889 3077 1962 3109 aliis

203 3135 361 3166 umquam
385 3130 463 3168 post
485 3128 648 3168 cogitaret
671 3127 861 3159 delendum
886 3128 1082 3165 videbatur,
1118 3131 1152 3159 ut
1179 3129 1323 3159 Ernesto
1349 3128 1382 3157 et
1406 3126 1590 3157 Schuetzio
1629 3143 1663 3148 —
1701 3127 1853 3157 inimicus
1874 3127 1965 3157 nobis

207 3175 232 3206 O
259 3193 295 3198 —
322 3177 373 3208 48.
398 3177 511 3216 suisset
532 3181 562 3208 et
584 3181 620 3208 ut
644 3179 669 3209 A
699 3195 733 3200 —
760 3177 907 3218 cogitari?
933 3179 956 3209 B
985 3196 1018 3200 —
1053 3179 1105 3210 ΞΟ.
1134 3178 1225 3208 nulla
1248 3178 1278 3207 in
1305 3176 1398 3206 domo
1425 3175 1595 3206 Manutius
1623 3192 1658 3197 —
1685 3176 1737 3206 24.
1764 3178 1966 3215 repperirent

207 3225 235 3255 A
257 3242 300 3248 —
321 3224 374 3256 23.
392 3227 590 3266 repperti-ini
605 3227 687 3258 sicut
703 3228 727 3258 B
747 3244 781 3248 —
801 3228 854 3258 cui
870 3236 993 3259 necesse
1010 3228 1139 3266 quidem
1155 3227 1213 3258 AB
1237 3244 1268 3248 -
1290 3225 1342 3256 24.
1361 3224 1507 3255 tribunos
1524 3225 1548 3255 B
1569 3242 1601 3247 —
1623 3233 1690 3264 qua
1705 3224 1745 3256 Αι
1765 3242 1798 3246 -
1818 3229 1925 3266 stages
1941 3227 1963 3257 B

212 3289 244 3296 —
265 3274 317 3305 25.
331 3274 428 3313 furor
439 3276 532 3308 edere
544 3276 623 3308 edd.
639 3279 736 3308 vett:
750 3277 868 3317 futura
880 3278 1015 3308 reddere
1027 3277 1087 3308 AB
1105 3294 1138 3299 -
1157 3276 1209 3308 26.
1225 3276 1336 3307 beluae
1347 3277 1372 3306 A
1388 3275 1420 3306 in
1435 3282 1518 3313 ras„
1532 3274 1622 3306 uectae
1635 3275 1659 3306 B
1677 3292 1710 3297 —
1727 3275 1778 3306 27.
1794 3274 1964 3309 subcamss.

319 3333 437 3365 emeno
463 3335 496 3365 T.
517 3336 569 3366 IV.
1513 3335 1566 3378 58
