2249 3624
878 210 1218 252 FRAGMENTA.
1844 209 1918 255 981

270 317 306 354 3.
346 338 390 344 -
419 320 460 354 et
490 313 656 354 Paulum
683 313 857 354 Marcelli
887 315 1168 367 occupavisse.
1225 317 1424 366 (Nonius
1453 331 1487 357 v.
1521 319 1734 371 Occupare
1756 332 1795 371 p.
1827 320 1927 368 356.)

272 381 307 418 4.
347 377 465 426 Quod
505 390 596 417 cum
639 383 811 429 uterque
853 383 1036 418 nestrum
1078 378 1290 418 adnuisset
1328 393 1554 433 omnesque
1594 382 1644 421 ad
1681 381 1720 421 id
1749 388 1925 434 tempuS‚

174 438 284 492 quod
325 446 412 478 erat
450 440 624 489 dictum,
667 446 832 491 postero
866 440 930 479 die
960 441 1229 480 venissemus,
1287 441 1437 491 (Idem
1468 457 1503 481 v.
1533 445 1723 484 Annuere
1753 459 1791 496 p.
1825 446 1924 495 438.)

271 502 307 541 5.
350 502 451 541 Cum
479 503 519 541 in
547 502 681 543 villam
711 503 862 542 Luculli
890 510 1056 543 ventum
1086 511 1211 554 esset,
1241 506 1349 544 omni
1377 513 1575 558 apparatu
1605 509 1827 548 venustatis
1856 521 1925 547 or-

174 569 323 604 natam.
364 586 410 593 —
452 565 757 614 (Scholiasta
795 566 1154 606 Gronovianus
1195 568 1245 607 ad
1287 569 1397 608 Verr.
1427 570 1572 609 Aecus.
1604 571 1644 609 L.
1677 574 1710 610 1.
1743 572 1762 621 ξ
1793 571 1852 610 54.
1883 582 1924 622 p.
1957 573 1974 600 5

174 627 258 667 404.
286 625 359 666 Ed.
389 629 581 678 nostrae.)

273 690 309 728 6.
348 688 512 729 Lucullo
553 690 718 741 quidem
755 696 896 729 noster
928 689 1129 730 adventus
1159 696 1199 730 et
1225 698 1363 742 gratus
1393 698 1432 733 et
1459 693 1661 733 iucundus
1696 694 1837 734 suisset
1864 717 1923 732 -.

175 752 471 802 (Arusianus
498 753 720 792 Messius
749 765 789 804 p.
819 753 905 792 232.
938 753 1073 802 Lind.)

270 816 306 852 7.
345 814 416 853 Hie
443 815 617 866 primum
647 814 814 854 Catulus
843 814 1071 854 delectatus
1100 816 1187 867 ipse
1216 816 1318 855 loeo.
1385 817 1530 867 (Idem
1560 831 1600 869 p.
1631 819 1716 858 224.
1746 818 1875 868 Lind.)

271 876 308 914 8.
346 877 446 915 Nam
480 889 571 915 cum
605 877 734 916 omnis
772 876 950 916 sollertia
974 878 1210 917 admiranda
1241 884 1327 929 est,
1370 884 1453 919 tum
1483 893 1553 929 ea,
1584 892 1689 931 quae
1719 882 1840 920 eflicit
1867 887 1924 931 ut,
1944 886 1976 913 ¹0

173 940 348 980 inanima
389 951 495 990 quae
537 945 655 989 sunt,
697 940 834 979 vivere
878 946 917 979 et
959 941 1115 992 spirare
1154 941 1381 982 videantur.
1438 943 1642 991 (Nonius
1684 944 1926 983 V.lna11ima

173 1015 211 1054 p.
245 1003 342 1052 128.)

272 1067 307 1105 9.
350 1065 517 1104 Praeter
545 1070 703 1105 ceteras
731 1070 869 1105 nostra
899 1065 1042 1105 extulit
1069 1066 1224 1106 civitas.
1282 1066 1433 1117 (Idem
1463 1081 1498 1106 v.
1517 1069 1671 1108 Ellerre
1699 1083 1735 1120 p.
1756 1071 1828 1110 297
1848 1070 1925 1121 sq.)

274 1130 332 1168 10.
369 1129 388 1150 *
406 1129 425 1150 ἦ
444 1129 551 1168 hune
579 1130 800 1176 Crassum,
839 1129 907 1180 qui
945 1129 1116 1176 lentius,
1148 1136 1190 1168 ut
1217 1131 1350 1181 scitis,
1381 1130 1518 1170 dicere
1546 1131 1726 1182 solebat,
1757 1133 1808 1172 ad
1834 1133 1926 1171 imi-

174 1190 365 1230 tationem
407 1191 525 1243 quasi
569 1191 695 1230 nestri
747 1192 909 1242 generis
967 1191 1229 1231 contendisse
1293 1216 1358 1230 —.
1415 1192 1563 1243 (Idem
1607 1208 1644 1234 v.
1691 1196 1841 1234 Lentus
1883 1197 1977 1246 p,⁴5

174 1255 247 1293 337
274 1255 350 1306 sq.)

275 1317 333 1356 11.
369 1317 418 1356 Ut
443 1317 490 1364 ii,
529 1316 595 1367 qui
636 1315 813 1355 eombibi
850 1328 1074 1367 purpuram
1102 1316 1264 1365 volunt,
1305 1318 1509 1357 sufficiunt
1536 1320 1647 1370 prius
1679 1319 1810 1359 lanam
1838 1332 1927 1358 me-

175 1378 415 1418 dicamentis
457 1378 723 1431 quibusdam,
767 1379 825 1417 sie
864 1378 1008 1418 litteris
1048 1379 1282 1432 talibusque
1323 1379 1516 1419 doctrinis
1556 1388 1648 1421 ante
1681 1382 1809 1421 excoli
1838 1382 1927 1422 ani-

174 1455 262 1482 mos
306 1447 345 1481 et
384 1441 436 1482 ad
477 1442 718 1493 sapientiam
762 1442 1071 1493 concipiendam
1110 1443 1235 1482 imbui
1266 1449 1305 1482 et
1330 1445 1567 1495 praeparari
1596 1444 1727 1483 decet.
1784 1443 1873 1494 (lde
1890 1458 1927 1483 m

175 1518 210 1544 v,
242 1504 430 1545 Imbuere
458 1517 497 1556 p.
527 1505 613 1544 521.
646 1517 684 1543 v.
716 1504 873 1544 Sussieit
900 1518 939 1556 p.
971 1505 1071 1555 386.)
1941 1508 1976 1538 20

276 1568 333 1608 12.
374 1568 422 1607 Ut
463 1567 569 1606 enim
610 1572 774 1618 segetes
814 1566 1015 1617 agricolae
1056 1567 1251 1618 subigunt
1290 1567 1434 1607 aratris
1480 1567 1603 1607 multo
1650 1574 1763 1615 ante,
1807 1580 1929 1619 quam

175 1635 314 1670 serant
342 1651 413 1668 —.
469 1630 608 1680 (Idem
637 1642 672 1668 v.
707 1630 834 1680 Seges
863 1642 900 1680 p.
934 1631 1018 1670 305.
1052 1643 1087 1669 ν.
1119 1630 1319 1680 Subigere
1350 1643 1389 1681 p.
1425 1631 1527 1679 401.)

276 1695 334 1732 13.
376 1694 519 1731 Constat
547 1694 734 1730 Lucullum
760 1706 868 1740 usque
896 1696 944 1729 αιί
970 1699 1131 1740 tempora
1159 1695 1364 1730 consulatus
1392 1700 1569 1741 expertem
1596 1696 1705 1739 fuisse
1738 1696 1924 1737 bellorum,

174 1762 255 1803 post
292 1759 330 1793 in
358 1758 547 1794 consulatu
573 1758 736 1792 historiis
763 1759 951 1798 studuisse,
982 1763 1021 1793 ut
1048 1759 1140 1793 bella
1168 1759 1335 1794 destituta
1364 1756 1404 1805 (l.
1428 1759 1555 1794 bellica
1583 1758 1757 1806 instituta)
1799 1770 1929 1806 coqne-

175 1825 294 1856 scerel.
350 1820 428 1857 Hoc
467 1823 503 1856 in
530 1821 594 1856 illo
622 1822 792 1866 dialoyo,
833 1822 895 1866 qui
929 1822 1139 1857 inscribitur
1168 1822 1358 1863 Lucullus,
1405 1821 1523 1858 Cicero
1552 1823 1669 1863 docel,
1712 1824 1804 1858 unde
1830 1827 1861 1858 et
1892 1824 1929 1857 ln
1942 1821 1977 1851 25

178 1883 372 1919 Hortensio
401 1881 569 1919 Lucullus
597 1885 786 1919 historiam
817 1884 994 1919 laudavit.
1051 1881 1366 1932 (Scholiasta
1407 1883 1755 1922 Gronovianus
1790 1883 1831 1921 in
1869 1896 1926 1921 01‘.

178 1956 249 1996 pro
278 1943 367 1994 lege
394 1944 551 1984 Manilia
579 1957 612 1982 e.
646 1946 703 1984 10.
737 1945 772 1994 ξ.
803 1945 862 1984 28.
892 1957 929 1996 p.
956 1945 1042 1984 441.
1072 1943 1146 1983 Ed.
1181 1945 1373 1994 nostrae.)

276 2008 335 2047 14.
374 2006 479 2055 Quid
507 2007 613 2045 enim
641 2012 709 2045 aut
736 2006 940 2046 Herodoto
969 2006 1127 2046 dulcius
1156 2012 1224 2046 aut
1241 2006 1474 2058 Thucydide
1494 2007 1655 2058 gravius
1678 2011 1747 2046 aut
1765 2006 1928 2046 Philisto

177 2070 342 2109 brevius
370 2075 439 2109 aut
464 2069 724 2122 Theopompo
752 2070 885 2108 aerius
913 2074 982 2109 aut
1009 2069 1170 2120 Ephoro
1190 2069 1325 2108 mitius
1343 2070 1514 2109 inveniri
1533 2070 1693 2121 potest?
1722 2070 1928 2119 (Nonius

176 2145 213 2170 v.
244 2132 375 2171 Grave
404 2145 442 2184 p.
475 2133 558 2171 315.
589 2146 625 2170 v.
654 2134 759 2171 Aere
789 2145 827 2183 p.
860 2133 945 2171 241.
977 2146 1014 2170 v.
1045 2133 1145 2171 Mitis
1172 2144 1211 2183 p.
1244 2134 1352 2180 343.)
1943 2133 1979 2163 30

276 2195 331 2233 15.
377 2193 490 2234 Unde
528 2200 664 2234 autem
705 2194 859 2233 facilius
902 2207 1022 2245 qnam
1065 2207 1115 2232 ex
1157 2193 1361 2232 annalium
1390 2194 1660 2233 monumentis
1689 2200 1757 2233 aut
1783 2193 1930 2233 bellica

179 2269 245 2296 res
273 2262 342 2296 aut
369 2258 499 2296 omnis
528 2258 586 2296 rei
616 2256 806 2309 publicae
835 2257 1048 2308 disciplina
1078 2257 1365 2307 cognoscitur?
1418 2257 1558 2307 (Idem
1595 2270 1630 2295 v,
1671 2258 1929 2307 Cognoscere

177 2331 216 2370 p.
247 2320 347 2369 275.)

279 2383 334 2421 16.
375 2380 488 2421 Unde
527 2387 596 2421 aut
635 2381 687 2421 ad
725 2380 929 2432 agendum
971 2386 1039 2420 aut
1076 2380 1128 2419 ad
1168 2379 1386 2419 dicendum
1428 2381 1543 2431 eopia
1582 2379 1765 2432 depromi
1804 2381 1931 2420 maior

177 2444 512 2496 gravissimorum
551 2444 831 2496 exemplorum
873 2445 989 2496 quasi
1029 2444 1357 2494 incorruptorum
1409 2445 1727 2484 testimoniorum
1772 2445 1980 2496 potesti>35

180 2505 326 2555 (Idem
355 2519 391 2545 V.
423 2507 587 2546 Grave
617 2520 655 2558 p.
688 2508 787 2555 315.)

282 2570 337 2607 17.
377 2570 525 2620 Perge,
568 2581 746 2620 quaese,
790 2581 865 2607 nee
903 2570 1009 2608 enim
1036 2569 1222 2620 imperite
1252 2581 1423 2608 exorsus
1451 2582 1509 2609 es.
1566 2568 1707 2618 (Idem
1736 2581 1770 2608 v.
1800 2569 1931 2606 Exor-

182 2631 292 2671 dium
321 2643 358 2682 p.
392 2633 474 2681 30.)

280 2695 337 2733 18.
375 2695 518 2745 Magna
545 2694 665 2733 etiam
694 2693 814 2731 animi
843 2694 1047 2732 eontentio
1076 2693 1306 2733 adhibenda
1336 2698 1399 2731 est
1426 2692 1666 2744 explicando
1700 2692 1930 2740 Aristotele,

181 2757 213 2796 si
242 2756 367 2808 leges.
423 2755 572 2802 (Idem
603 2769 637 2794 v.
670 2755 930 2795 Contendere
959 2770 999 2808 p.
1030 2757 1132 2805 264.)
1948 2754 1981 2784 '²0

281 2819 338 2858 19.
379 2818 462 2857 Sed
504 2818 555 2858 ad
596 2825 822 2856 extremum
864 2817 1079 2868 pollicetur
1119 2818 1396 2869 prolaturum,
1439 2817 1506 2868 qui
1549 2828 1593 2854 se
1632 2817 1721 2868 ipse
1751 2822 1906 2856 comest

181 2880 290 2931 quod
319 2880 440 2919 efficit
467 2879 771 2919 dialecticorum
799 2880 911 2919 ratio
972 2880 1126 2930 (Idem
1159 2894 1193 2920 v.
1222 2881 1387 2919 Comest
1414 2891 1452 2929 p.
1480 2880 1559 2926 81.)

279 2942 340 2982 20.
382 2944 542 2990 Quaero
577 2943 707 2991 enim,
747 2954 826 2980 non
863 2942 1012 2993 quibus
1046 2941 1255 2981 intendam
1292 2941 1416 2979 rebus
1453 2942 1649 2987 animum,
1680 2940 1754 2979 sed
1783 2941 1931 2993 quibus

180 3004 361 3044 relaxem
401 3011 441 3044 et
479 3006 692 3044 remittam.
751 3005 776 3054 (Ι
792 3003 898 3042 dem
942 3017 977 3043 v,
1014 3005 1215 3043 Intentum
1253 3016 1290 3054 p.
1323 3003 1407 3041 329.
1439 3016 1474 3042 v,
1505 3003 1732 3042 Remissum
1760 3015 1798 3054 p.
1831 3005 1930 3050 383.)

270 3227 320 3260 48.
360 3228 553 3270 talibusque]
580 3229 667 3260 Fert.
694 3228 955 3269 liberalibusque.
990 3229 1048 3262 Oa.
1085 3246 1118 3251 -
1158 3228 1211 3262 39.
1252 3228 1344 3261 Fert.
1378 3226 1540 3260 Aristoteli
1579 3226 1630 3260 vel
1671 3228 1701 3259 in
1736 3227 1930 3268 explicando

182 3276 350 3311 Aristotele
371 3287 452 3312 cum
474 3280 583 3312 Iunio.
608 3279 663 3312 On.
687 3296 729 3301 —
752 3278 804 3311 44.
831 3278 872 3311 Se
893 3279 937 3310 ad
962 3280 1090 3312 Iunius.
