2249 3624
254 174 336 218 700
971 180 1041 219 DE
1072 178 1297 219 OFFICIIS

254 285 445 326 veniatur
483 299 560 326 nec
600 285 780 338 dignitas
818 290 1021 337 augeatur
1059 285 1237 338 ipsaque
1275 284 1347 324 illa
1386 283 1608 324 delectatio
1647 284 1926 326 multitudinis
1965 285 2017 327 ad

252 347 380 388 breve
410 348 694 402 exiguumque
728 354 890 400 tempus
911 347 956 394 a,
1003 360 1138 401 eaque
1169 361 1192 387 a
1224 348 1449 388 levissumo
1481 360 1662 401 quoque,
1690 348 1733 387 in
1764 361 1847 401 quo
1877 353 2016 389 tamen

255 411 347 463 ipso
378 424 461 450 una
492 425 583 450 cum
614 411 804 449 satietate
836 410 1035 449 memoria
1065 423 1236 462 quoque
1269 410 1468 450 moriatur
1499 410 1738 463 voluptatis.
1799 408 1865 450 57.
1904 413 2018 453 Bene

255 473 379 512 etiam
419 472 578 524 colligit
616 472 718 512 haec
755 472 895 525 pueris
935 476 975 511 et
1016 471 1269 512 mulierculis
1301 477 1341 512 et
1372 473 1503 512 servis
1535 477 1576 511 et
1606 485 1822 512 servorum
1854 473 2019 514 similli-

222 535 332 574 umis
363 535 506 574 liberis
538 548 629 574 esse
661 539 790 586 grata,
821 534 934 587 gravi
964 547 1063 574 vero
1094 534 1256 573 homini
1288 540 1329 574 et
1357 547 1425 581 ea,
1448 547 1556 588 quae
1576 533 1702 581 fiunt,
1726 534 1884 575 iudicio
1906 541 2017 576 certo

252 597 501 650 ponderanti
539 597 706 650 probari
745 610 867 650 posse
905 597 1021 636 nullo
1060 596 1200 636 modo.
1271 596 1536 649 Quamquam
1568 596 1770 649 intellego
1801 597 1844 636 in
1876 603 2019 638 nostra

252 660 418 699 civitate
456 660 713 700 inveterasse
753 661 834 699 iam
877 660 999 699 bonis
1039 659 1319 712 temporibus,
1359 665 1404 698 ut
1444 658 1645 711 splendor
1673 659 1936 700 aedilitatum
1967 660 2018 700 ab

251 721 420 774 optimis
450 723 550 762 viris
584 722 880 775 postularetur.
949 722 1097 775 Itaque
1129 727 1170 761 et
1200 723 1240 761 P.
1265 722 1459 768 Crassus,
1492 735 1585 761 cum
1617 721 1869 773 cognomine
1901 721 2019 762 dives

248 788 336 823 tum
367 784 520 837 copiis,
552 784 716 824 functus
750 789 811 824 est
841 783 1034 824 aedilicio
1066 785 1247 824 maximo
1280 797 1450 824 munere
1483 789 1522 823 et
1552 784 1677 836 paulo
1711 788 1804 836 post
1833 784 1878 823 L.
1902 784 2020 824 Cras-

199 854 234 883 40
250 859 320 885 sus
361 859 451 885 cum
494 847 681 886 omnium
721 847 936 886 hominum
976 847 1314 886 moderatissimo
1348 846 1398 894 Q.
1429 847 1567 887 Mucio
1608 846 2021 899 magnificentissima

249 907 463 948 aedilitate
494 907 662 949 functus
695 914 781 957 est,
823 909 977 949 deinde
1010 909 1053 949 C.
1089 907 1286 949 Claudius
1317 911 1423 962 App.
1455 909 1512 956 f.,
1544 909 1662 949 multi
1695 915 1810 962 post,
1842 909 2020 956 Luculli,

248 970 519 1018 Hortensius,
553 971 733 1011 Silanus.
795 971 950 1011 Omnes
983 979 1118 1013 autem
1152 973 1193 1010 P.
1225 972 1428 1011 Lentulus
1466 984 1531 1011 me
1564 972 1737 1011 consule
1768 971 1867 1012 vicit
1897 984 2021 1024 supe-

250 1033 402 1073 riores:
433 1033 545 1073 hunc
576 1040 639 1074 est
661 1034 841 1074 Scaurus
873 1035 1073 1074 imitatus.
1126 1032 1533 1087 Magnificentissima
1564 1047 1664 1074 vero
1695 1035 1827 1074 nostri
1848 1034 2019 1088 Pompei

249 1108 421 1135 munera
452 1096 636 1137 secundo
669 1096 914 1136 consulatu:
946 1097 989 1136 in
1022 1096 1175 1149 quibus
1208 1095 1401 1136 omnibus
1434 1096 1535 1150 quid
1561 1096 1662 1136 mihi
1685 1097 1866 1150 placeat,
1888 1096 2019 1136 vides.

200 1158 379 1197 l15XVII.
411 1156 477 1197 58.
510 1159 686 1199 Vitanda
717 1165 856 1198 tamen
888 1159 1063 1211 suspitio
1097 1164 1160 1198 est
1190 1159 1404 1198 avaritiae.
1464 1159 1690 1206 Mamerco,
1722 1157 1881 1199 homini
1915 1158 2021 1199 divi-

249 1221 433 1268 tissimo‚
466 1221 776 1274 praetermissio
809 1221 1036 1261 aedilitatis
1069 1221 1309 1260 consulatus
1340 1221 1550 1273 repulsam
1583 1221 1734 1261 attulit.
1787 1221 1881 1269 Qua
1902 1235 1945 1260 re
1966 1225 2020 1269 et,

250 1283 285 1324 si
316 1284 554 1337 postulatur
585 1298 607 1324 a
640 1284 818 1337 populo,
850 1284 970 1323 bonis
1003 1283 1103 1322 viris
1136 1284 1170 1322 si
1202 1297 1284 1323 non
1317 1283 1673 1330 desiderantibus,
1706 1288 1748 1323 at
1779 1289 1918 1323 tamen
1948 1283 2021 1324 ad-

250 1347 545 1401 probantibus,
576 1346 819 1386 faciuudum
852 1351 927 1392 est,
959 1345 1084 1385 modo
1115 1359 1192 1398 pro
1223 1345 1506 1392 facultatibus,
1540 1359 1617 1385 nos
1648 1346 1726 1399 ipsi
1756 1351 1803 1385 ut
1831 1345 2020 1393 fecimus,

252 1414 314 1457 et,
356 1410 390 1450 si
422 1409 589 1462 quando
622 1409 762 1461 aliqua
794 1422 859 1447 res
891 1408 1025 1447 maior
1061 1412 1186 1461 atque
1217 1408 1363 1447 utilior
1393 1408 1586 1460 populari
1619 1408 1842 1460 largitione
1873 1408 2022 1461 adqui-

201 1479 237 1508 20
251 1472 368 1519 ritur,
399 1478 445 1512 ut
467 1471 604 1511 Oresti
636 1484 768 1524 nuper
799 1469 975 1523 prandia
1005 1470 1049 1509 in
1080 1470 1239 1510 semitis
1272 1470 1474 1510 decumae
1506 1470 1676 1509 nomine
1703 1483 1852 1523 magno
1872 1469 2021 1510 honori

250 1534 432 1574 fuerunt.
491 1535 551 1573 Ne
577 1535 716 1573 Marco
750 1533 921 1586 quidem
956 1532 1051 1571 Seio
1084 1532 1186 1572 vitio
1220 1532 1361 1571 datum
1396 1539 1472 1580 est,
1506 1532 1618 1586 quod
1650 1533 1692 1572 in
1726 1533 1897 1573 caritate
1929 1546 2020 1572 asse

251 1596 437 1636 modium
477 1596 637 1649 populo
677 1595 814 1642 dedit;
857 1607 1007 1647 magna
1050 1594 1162 1633 enim
1202 1607 1246 1633 se
1279 1599 1319 1633 et
1351 1594 1582 1634 inveterata
1614 1594 1770 1634 invidia
1801 1608 1878 1634 nec
1911 1595 2021 1648 turpi

251 1660 431 1706 iactura,
464 1659 635 1712 quando
667 1664 756 1698 erat
786 1657 950 1704 aedilis,
982 1670 1058 1696 nec
1089 1657 1270 1696 maxima
1300 1656 1504 1696 liberavit.
1566 1656 1647 1696 Sed
1677 1656 1827 1696 honori
1858 1670 2021 1697 summo

252 1735 385 1775 nuper
416 1727 558 1761 nostro
590 1719 733 1761 Miloni
763 1720 863 1767 fuit,
904 1720 977 1772 qui
1022 1719 1324 1772 gladiatoribus
1366 1720 1516 1771 emptis
1558 1719 1616 1759 rei
1656 1719 1850 1772 publicae
1882 1731 2021 1766 causa,

201 1794 360 1838 25quae
402 1785 533 1824 salute
574 1790 715 1823 nostra
758 1783 1071 1828 continebatur,
1118 1794 1262 1820 omnes
1305 1782 1347 1820 P.
1382 1781 1517 1821 Clodii
1559 1788 1732 1822 conatus
1772 1781 2021 1834 furoresque

253 1848 509 1900 compressit.
580 1847 712 1886 Causa
752 1846 879 1897 igitur
918 1844 1152 1897 largitionis
1193 1848 1279 1890 est,
1321 1844 1355 1883 si
1397 1850 1468 1883 aut
1508 1857 1679 1884 necesse
1710 1849 1773 1884 est
1803 1849 1874 1883 aut
1904 1843 2021 1883 utile.

253 1907 319 1948 59.
351 1911 396 1948 In
428 1909 493 1949 his
525 1916 665 1949 autem
697 1909 798 1962 ipsis
831 1907 1132 1947 mediocritatis
1164 1906 1308 1959 regula
1341 1906 1496 1959 optima
1529 1912 1605 1945 est.
1669 1908 1713 1945 L.
1737 1906 1905 1959 quidem
1928 1905 2023 1945 Phi-

252 1972 390 2025 lippus
423 1971 473 2020 Q.
503 1971 552 2018 f.,
586 1984 734 2023 magno
767 1971 829 2010 vir
859 1969 1028 2023 ingenio
1060 1970 1101 2009 in
1134 1968 1363 2022 primisque
1396 1969 1553 2015 clarus,
1585 1969 1754 2021 gloriari
1786 1968 1947 2008 solebat
1977 1981 2022 2008 se

254 2035 344 2075 sine
382 2034 470 2073 ullo
514 2047 685 2073 munere
726 2033 925 2085 adeptum
965 2045 1056 2071 esse
1098 2031 1263 2077 omnia,
1305 2044 1412 2083 quae
1458 2031 1712 2070 haberentur
1753 2030 2022 2084 amplissima.

203 2095 428 2137 30Dicebat
468 2097 577 2137 idem
612 2096 754 2143 Cotta,
797 2095 947 2135 Curio:
993 2094 1113 2134 nobis
1158 2106 1328 2147 quoque
1369 2094 1468 2133 licet
1498 2094 1539 2132 in
1572 2095 1651 2132 hoc
1684 2094 1865 2145 quodam
1898 2092 2021 2132 modo

254 2160 440 2213 gloriari.
500 2160 603 2198 Nam
635 2171 708 2210 pro
740 2157 1018 2210 amplitudine
1049 2156 1274 2202 honorum,
1308 2169 1414 2208 quos
1447 2156 1607 2195 cunctis
1639 2155 1850 2207 suffragiis
1882 2154 2023 2208 adepti

255 2237 397 2263 sumus
438 2226 582 2261 nostro
625 2220 794 2273 quidem
835 2233 970 2265 anno,
1013 2218 1125 2272 quod
1159 2218 1331 2270 contigit
1362 2231 1505 2257 eorum
1536 2218 1715 2264 nemini,
1758 2230 1865 2270 quos
1896 2216 2022 2256 modo

254 2284 486 2332 nominavi,
529 2296 628 2323 sane
661 2283 837 2335 exiguus
870 2287 1060 2333 sumptus
1091 2280 1316 2320 aedilitatis
1348 2279 1440 2319 fuit.
1499 2278 1567 2319 60.
1598 2281 1737 2332 Atque
1769 2280 1893 2319 etiam
1924 2279 2022 2318 illae

254 2347 470 2400 impensae
501 2345 716 2391 meliores,
757 2343 883 2389 muri,
924 2343 1113 2390 navalia,
1152 2348 1321 2396 portus,
1363 2355 1565 2394 aquarum
1606 2342 1753 2381 ductus
1785 2342 2022 2394 omniaque,

205 2415 364 2463 35quae
405 2407 456 2448 ad
496 2421 616 2447 usum
657 2407 716 2445 rei
754 2404 949 2459 publicae
980 2405 1211 2457 pertinent;
1254 2417 1506 2457 quamquam
1538 2405 1649 2444 enim
1682 2404 1794 2457 quod
1825 2416 2021 2457 praesens

255 2478 464 2524 tamquam
498 2471 539 2510 in
572 2481 740 2508 manum
773 2469 894 2508 datur
924 2467 1146 2506 iucundius
1177 2471 1262 2513 est,
1304 2472 1441 2506 tamen
1472 2467 1578 2506 haec
1609 2467 1651 2505 in
1683 2472 1897 2519 posterum
1930 2478 2022 2518 gra-

256 2534 374 2573 tiora.
434 2533 631 2578 Theatra,
672 2532 879 2583 porticus,
922 2543 1031 2569 nova
1062 2529 1216 2582 templa
1249 2529 1525 2569 verecundius
1556 2528 1819 2582 reprehendo
1850 2533 2023 2581 propter

256 2596 521 2649 Pompeium,
553 2595 625 2634 sed
658 2592 885 2633 doctissimi
918 2605 1002 2631 non
1032 2593 1227 2645 probant,
1258 2597 1304 2630 ut
1335 2597 1377 2631 et
1406 2591 1474 2631 hic
1505 2591 1596 2645 ipse
1628 2589 1863 2639 Panaetius,
1896 2603 2022 2643 quem

344 2763 374 2792 4.
401 2761 620 2792 mullitudinis
644 2761 688 2790 ad
719 2760 760 2790 C:
794 2758 1014 2789 mulliludim's
1036 2758 1075 2788 sil
1100 2758 1143 2788 acl
1175 2765 1193 2788 o
1232 2775 1266 2779 -
1303 2758 1333 2787 2.
1361 2758 1538 2788 Lacunam
1565 2757 1697 2797 primus
1722 2756 1886 2787 indicavit
1910 2755 2020 2788 Lund.

255 2812 400 2844 Beierus
425 2811 622 2851 suspicatur
646 2809 819 2840 excidisse
845 2809 1011 2846 capimur.
1042 2824 1077 2828 —-
1111 2806 1140 2838 4.
1160 2807 1287 2844 colliqes
1313 2808 1337 2837 ll
1366 2824 1400 2829 —
1430 2817 1470 2838 ac
1493 2808 1596 2838 seruis
1620 2815 1637 2837 0
1664 2823 1699 2827 -
1733 2807 1763 2837 5.
1789 2808 1878 2836 cerlo
1902 2805 2023 2836 iudicio

256 2871 293 2898 03
320 2866 408 2892 cerlo
432 2870 501 2891 om.
520 2862 540 2892 b
571 2879 601 2882 -κ
639 2861 668 2891 7.
696 2861 796 2891 etiam
820 2859 909 2889 bonis
933 2867 982 2897 cp
1006 2875 1048 2880 —
1079 2858 1110 2888 8.
1133 2857 1360 2896 postulat-esur
1384 2866 1451 2897 cp:
1477 2858 1661 2895 postulelm·
1684 2857 1707 2887 B
1724 2857 1749 2887 H
1765 2857 1852 2887 abo
1880 2873 1914 2877 —
1948 2863 2024 2885 cum

256 2920 325 2942 om.
344 2913 365 2943 b
395 2929 427 2932 —
456 2911 505 2941 40.
524 2911 626 2941 musto
651 2911 675 2941 C
704 2927 737 2931 —
766 2908 1121 2949 vizaynificwcissimeb
1150 2924 1184 2928 ——
1215 2908 1225 2937 st
1237 2908 1265 2937 1.
1285 2907 1365 2946 App.
1385 2909 1408 2946 f.
1437 2909 1549 2939 mab:
1576 2910 1656 2946 appt
1673 2907 1722 2943 B1,
1749 2906 1827 2944 appi
1843 2905 1866 2944 f.
1886 2913 1916 2941 c,
1934 2903 2020 2935 APP.

255 2963 342 3002 filius
366 2961 405 2997 ΙΙ,
430 2961 628 3000 Appiifilius
653 2968 671 2991 0
699 2976 732 2981 —-
761 2959 873 2990 luculli
898 2959 1038 2997 Bllbp:
1066 2956 1206 2986 lucullus
1229 2964 1266 2992 a;
1294 2956 1419 2996 lucullij
1443 2965 1460 2988 0
1488 2974 1521 2978 -—
1552 2957 1602 2988 43.
1619 2955 1749 2995 pompei
1767 2955 1825 2985 BH
1838 2955 1906 2986 ab:
1931 2962 2023 2992 pom-

254 3011 320 3050 peii
345 3019 391 3042 co
419 3026 451 3030 —
481 3011 531 3040 45
558 3010 692 3047 suspitio
717 3009 832 3039 Blla:
859 3008 998 3046 suspicio
1022 3008 1101 3038 boo
1130 3021 1164 3027 —
1191 3009 1236 3036 est.
1261 3014 1329 3036 0111.
1350 3015 1367 3037 0
1398 3024 1428 3028 -
1464 3007 1645 3037 (liulissimo
1668 3006 1689 3037 b
1721 3021 1763 3027 —-
1793 3004 1845 3035 46.
1867 3005 2023 3042 praeter-

257 3060 366 3091 missio
390 3068 457 3089 om.
480 3059 505 3089 H
536 3076 566 3081 —
596 3060 706 3089 attuli!
723 3059 889 3097 repulsam
913 3066 931 3088 0
958 3074 992 3078 --
1020 3058 1072 3087 21.
1091 3065 1205 3086 marco
1231 3056 1272 3086 C:
1299 3057 1343 3086 M.
1371 3064 1389 3087 0
1418 3073 1450 3076 -
1478 3056 1542 3086 seio
1561 3056 1592 3085 id
1615 3055 1701 3084 nicio
1726 3062 1744 3084 0
1771 3071 1805 3075 -
1833 3052 1929 3092 quod]
1947 3060 2022 3082 cum

258 3119 276 3141 0
297 3126 330 3130 -
357 3109 498 3139 caritate
522 3109 595 3146 Cp:
622 3109 761 3138 car-itale
778 3116 931 3138 annonae
955 3115 973 3138 ο
1002 3124 1036 3127 -
1063 3105 1185 3136 assium
1202 3106 1344 3136 modium
1370 3114 1387 3137 0
1415 3123 1449 3126 —-
1477 3106 1529 3137 ⁶23.
1549 3104 1617 3145 ozee]
1635 3113 1723 3135 nunc
1738 3111 1756 3134 0
1777 3118 1812 3124 -
1839 3101 1892 3133 ⁶24.
1911 3104 2021 3132 nostro

260 3167 329 3189 om.
351 3166 368 3188 0
402 3173 435 3178 -
475 3157 542 3195 qui]
562 3158 640 3196 quid
664 3158 684 3188 b
719 3174 752 3178 —
791 3158 844 3188 <27.
871 3158 905 3187 in
931 3157 968 3187 iis
992 3157 1058 3193 Bb,
1085 3156 1118 3185 in
1142 3155 1203 3193 hijs
1228 3163 1245 3185 c
1278 3171 1320 3177 —
1356 3156 1406 3186 28.
1433 3155 1488 3185 uit·
1512 3164 1602 3186 corr.
1623 3163 1663 3184 ex
1690 3153 1755 3184 uiri
1777 3153 1811 3190 b,
1837 3151 1904 3182 uiri
1928 3151 1954 3181 H
1981 3166 2016 3171 —

260 3208 312 3239 30.
338 3208 422 3238 idem
448 3207 553 3237 ΒΗαῑ
581 3209 689 3236 autem
712 3208 751 3243 b;
777 3207 854 3237 item
878 3215 896 3238 c
924 3224 958 3227 —
986 3206 1128 3245 quodam
1152 3205 1247 3234 modo
1273 3213 1341 3235 our
1363 3213 1381 3235 0
1408 3221 1442 3226 -—
1471 3204 1523 3235 33.
1543 3203 1726 3235 nominavit
1747 3203 1769 3234 b
1796 3218 1830 3223 —
1855 3200 1930 3241 fuit]
1948 3202 2019 3231 erat

261 3266 279 3288 0
306 3274 339 3278 -
368 3256 420 3287 34.
447 3255 604 3295 meliores]
630 3257 775 3287 mulieris
800 3258 825 3287 Η
855 3272 889 3279 -
918 3257 969 3287 35.
996 3257 1081 3287 enim
1104 3264 1141 3286 a:
1169 3263 1238 3286 om.
1258 3254 1408 3285 Bltbco
1437 3272 1469 3276 —
1498 3254 1556 3286 36.
1577 3253 1749 3285 iocundius
1772 3260 1820 3283 ac
1848 3268 1881 3273 —
1909 3253 2017 3281 tamen

259 3307 339 3338 haec
364 3306 407 3338 C:
434 3306 514 3337 haec
538 3309 646 3337 tamen
670 3314 688 3337 ο
717 3324 750 3329 -
778 3306 830 3338 37.
855 3306 1059 3338 uem-undas
1082 3306 1102 3336 b
1129 3321 1164 3328 --
1197 3304 1249 3336 38.
1276 3304 1331 3334 hec
1354 3304 1420 3343 ipse
1443 3312 1475 3335 0.
