2249 3624
248 126 330 167 510
918 127 987 166 DE
1017 124 1370 166 DIVINATIONE

249 233 344 272 dam
375 237 416 272 et
445 232 634 272 nationes
664 231 762 271 huic
794 231 992 271 scientiae
1025 231 1200 270 deditas.
1260 231 1477 271 Telmesus
1508 231 1550 270 in
1584 230 1704 271 Caria
1735 236 1821 280 est,
1864 246 1943 287 qua
1974 235 2017 275 in

247 295 350 334 urbe
393 294 562 333 excellit
599 293 864 346 haruspicum
903 293 1138 345 disciplina.
1198 294 1386 346 Itemque
1418 293 1504 332 Elis
1542 293 1584 332 in
1626 293 1915 347 Peloponneso
1955 296 2016 337 fa-

250 356 382 395 milias
415 356 518 394 duas
551 363 684 395 certas
717 355 864 402 habet,
905 355 1155 395 Iamidarum
1186 369 1333 402 unam,
1375 356 1546 395 alteram
1581 356 1862 404 Clutidarum,
1893 357 2018 399 haru-

248 419 433 472 spicinae
473 418 691 457 nobilitate
734 422 1006 469 praestantes.
1067 418 1113 456 In
1147 418 1263 471 Syria
1298 417 1495 458 Chaldaei
1536 418 1774 470 cognitione
1811 425 2017 461 astrorum

214 481 518 533 5sollertiaque
551 479 812 531 ingeniorum
845 478 1112 519 antecellunt.
1174 477 1240 518 9¹2.
1289 480 1451 519 Etruria
1491 486 1629 520 autem
1670 480 1722 520 de
1764 480 1877 521 caelo
1908 487 2018 523 tacta

247 543 538 582 scientissume
571 541 877 588 animadvertit,
910 543 1141 594 eademque
1170 541 1468 594 interpretatur
1489 542 1591 595 quid
1615 543 1852 596 quibusque
1875 549 2016 584 osten-

247 606 368 645 datur
410 605 607 644 monstris
649 610 775 656 atque
817 605 1038 657 portentis.
1100 604 1306 652 Quocirca
1344 605 1451 644 bene
1493 605 1604 657 apud
1639 606 1817 646 maiores
1849 611 2015 646 nostros

245 674 412 707 senatus
452 673 563 713 tum,
608 680 699 705 cum
740 666 914 706 florebat
957 666 1205 719 imperium,
1246 666 1433 706 decrevit
1472 673 1519 706 ut
1558 667 1610 706 de
1650 668 1887 721 principum
1918 669 2016 709 filiis

244 732 283 770 X
315 745 365 770 ex
397 729 573 782 singulis
604 729 797 769 Etruriae
828 729 994 782 populis
1026 729 1068 768 in
1101 728 1366 781 disciplinam
1398 729 1684 777 traderentur,
1721 744 1774 770 ne
1805 744 1871 771 ars
1902 736 2017 771 tanta

194 799 413 847 ,¹0pr0pter
458 791 703 831 tenuitatem
750 790 965 831 hominum
1011 805 1035 831 a
1080 791 1294 844 religionis
1341 791 1590 831 auctoritate
1641 792 1917 834 abduceretur
1964 793 2015 834 ad

243 856 479 896 mercedem
522 860 648 906 atque
697 860 933 908 quaestum.
1001 855 1184 908 Phryges
1225 859 1364 893 autem
1413 859 1453 894 et
1492 854 1656 894 Pisidae
1698 861 1739 895 et
1782 855 1935 896 Cilices
1976 861 2017 896 et

242 919 422 958 Arabum
454 917 567 956 natio
599 917 738 956 avium
771 917 1148 970 significationibus
1180 915 1406 969 plurimum
1431 916 1736 970 obtemperant,
1768 918 1881 970 quod
1902 918 2015 959 idem

242 981 469 1021 factitatum
501 979 541 1018 in
575 979 742 1019 Umbria
773 980 1027 1032 accepimus.

355 1043 479 1083 XLII.
527 1039 592 1081 93.
638 1043 696 1081 Ac
735 1042 834 1082 mihi
876 1042 1045 1096 quidem
1085 1041 1279 1081 videntur
1317 1054 1339 1080 e
1378 1041 1481 1081 locis
1514 1055 1687 1096 quoque
1719 1042 1845 1096 ipsis,
1888 1043 1959 1096 qui
1991 1055 2016 1083 a

192 1120 227 1149 45
244 1106 481 1160 quibusque
513 1105 826 1153 incolebantur,
870 1105 1175 1145 divinationum
1217 1104 1553 1157 opportunitates
1592 1118 1684 1145 esse
1721 1105 1884 1145 ductae.
1943 1105 2015 1144 Et-

242 1169 351 1208 enim
384 1167 578 1221 Aegyptii
610 1173 650 1206 et
681 1167 899 1222 Babylonii
932 1168 975 1206 in
1007 1179 1243 1219 camporum
1278 1167 1506 1220 patentium
1537 1168 1791 1221 aequoribus
1822 1168 2014 1208 habitan-

241 1236 329 1278 tes,
370 1242 464 1269 cum
507 1243 559 1269 ex
598 1235 707 1269 terra
748 1229 852 1268 nihil
891 1229 1119 1276 emineret,
1159 1228 1272 1282 quod
1316 1230 1658 1283 contemplationi
1700 1231 1803 1271 caeli
1845 1230 2013 1271 officere

240 1297 401 1346 posset,
435 1305 601 1331 omnem
634 1305 774 1331 curam
806 1293 846 1332 in
879 1292 1062 1332 siderum
1095 1292 1333 1344 cognitione
1366 1297 1627 1344 posuerunt;
1668 1293 1831 1332 Etrusci
1863 1298 2012 1341 autem,

241 1355 352 1409 quod
384 1351 586 1406 religione
617 1354 751 1393 inbuti
786 1355 1012 1395 studiosius
1045 1359 1086 1394 et
1116 1354 1300 1393 crebrius
1323 1354 1482 1394 hostias
1504 1355 1789 1402 immolabant,
1822 1362 2012 1395 extorum

189 1433 226 1462 ρο
241 1418 472 1471 cognitioni
503 1431 548 1456 se
580 1430 773 1456 maxume
806 1418 1076 1464 dediderunt,
1119 1416 1318 1470 quodque
1349 1424 1522 1471 propter
1552 1419 1660 1458 ae'ris
1692 1418 2012 1458 crassitudinem

242 1481 293 1520 de
325 1480 441 1520 caelo
480 1479 589 1533 apud
628 1492 700 1519 eos
741 1480 870 1519 multa
902 1478 1055 1520 fiebant
1087 1486 1126 1519 et
1157 1480 1267 1533 quod
1301 1480 1352 1519 ob
1386 1480 1559 1520 eandem
1593 1494 1760 1520 causam
1791 1481 1919 1520 multa
1950 1481 2013 1520 in-

239 1544 391 1583 usitata
433 1542 583 1596 partim
625 1555 645 1581 e
690 1542 833 1589 caelo,
875 1542 955 1582 alia
995 1556 1047 1582 ex
1085 1548 1194 1582 terra
1231 1542 1500 1590 oriebantur,
1547 1543 1752 1595 quaedam
1794 1543 1917 1582 etiam
1959 1556 2011 1582 ex

237 1606 452 1647 hominum
485 1605 744 1657 pecudumve
777 1611 982 1658 conceptu
1016 1610 1057 1644 et
1088 1610 1194 1651 satu,
1227 1609 1485 1645 ostentorum
1518 1605 1851 1645 exercitatissimi
1884 1606 2011 1645 inter-

238 1674 378 1722 pretes
411 1668 673 1707 exstiterunt.
722 1667 908 1715 Quorum
942 1667 1113 1721 quidem
1144 1668 1245 1714 vim,
1277 1673 1322 1707 ut
1353 1673 1395 1707 tu
1428 1668 1540 1708 soles
1571 1668 1731 1715 dicere,
1762 1668 1889 1708 verba
1919 1668 2010 1720 ipsa

186 1745 223 1774 25
240 1732 465 1785 prudenter
500 1744 523 1769 a
555 1730 782 1770 maioribus
814 1731 950 1783 posita
983 1730 1207 1770 declarant.
1269 1730 1378 1778 Quia
1409 1732 1519 1770 enim
1553 1731 1800 1778 ostendunt,
1841 1735 2009 1783 porten-

238 1794 360 1841 dunt,
383 1798 631 1839 monstrant,
656 1793 898 1845 modicum,
922 1799 1100 1839 ostenta,
1123 1798 1335 1845 portenta,
1358 1799 1564 1841 monstra,
1586 1793 1778 1846 prodigia
1801 1793 2007 1833 dicuntur.

238 1854 304 1895 942.
345 1857 497 1896 Arabes
530 1862 667 1895 autem
700 1862 740 1895 et
771 1856 952 1911 Phryges
985 1861 1025 1895 et
1057 1855 1228 1901 Cilices,
1272 1855 1385 1909 quod
1416 1862 1537 1910 pastu
1569 1856 1775 1910 pecudum
1809 1868 2005 1896 maxume

236 1925 424 1966 utuntur,
457 1933 624 1972 campos
657 1924 697 1958 et
729 1925 890 1958 montes
922 1920 1059 1959 hieme
1092 1925 1129 1958 et
1161 1924 1318 1958 aestate
1347 1924 1629 1971 peragrantes,
1662 1924 1883 1971 propterea
1904 1917 2006 1957 faci-

236 1983 314 2022 lius
355 1988 500 2022 cantus
541 1982 675 2022 avium
718 1988 757 2022 et
796 1982 957 2022 volatus
995 1986 1262 2021 notaverunt.
1322 1981 1567 2034 Eademque
1601 1987 1640 2020 et
1670 1981 1852 2021 Pisidiae
1883 1993 2007 2020 causa

184 2057 221 2087 3ο
237 2044 314 2086 fuit
353 2052 393 2085 et
430 2045 525 2085 huic
567 2051 732 2085 nostrae
765 2045 970 2085 Umbriae.
1031 2046 1134 2084 Tum
1169 2044 1286 2084 Caria
1317 2049 1403 2083 tota
1435 2044 1742 2097 praecipueque
1775 2044 2003 2093 Telmeses,

235 2123 342 2163 quos
374 2114 469 2148 ante
501 2108 607 2155 dixi,
651 2108 764 2162 quod
796 2122 915 2160 agros
947 2108 1194 2147 uberrumos
1226 2107 1492 2159 maximeque
1524 2106 1681 2146 fertiles
1713 2106 1922 2154 incolunt,
1963 2105 2006 2145 in

235 2173 389 2226 quibus
430 2171 559 2211 multa
600 2178 770 2223 propter
809 2171 1109 2211 fecunditatem
1148 2167 1244 2222 fingi
1286 2170 1483 2222 gignique
1515 2174 1715 2222 possunt,
1756 2170 1798 2209 in
1831 2168 2006 2209 ostentis

234 2235 616 2275 animadvertendis
650 2234 871 2286 diligentes
903 2232 1084 2273 fuerunt.

347 2298 493 2336 XLIII.
535 2295 600 2336 95.
641 2296 745 2344 Quis
778 2309 876 2336 vero
908 2310 992 2335 non
1023 2296 1137 2335 videt
1167 2295 1209 2334 in
1242 2299 1412 2347 optuma
1444 2307 1610 2347 quaque
1642 2307 1685 2333 re
1717 2294 1884 2347 publica
1913 2293 2006 2346 plu-

182 2369 219 2398 35
234 2361 384 2401 rimum
415 2360 602 2413 auspicia
634 2365 674 2399 et
704 2359 866 2411 reliqua
898 2359 1115 2399 divinandi
1148 2371 1303 2411 genera
1334 2357 1548 2397 valuisse?
1581 2357 1686 2405 Quis
1708 2369 1783 2396 rex
1803 2368 2005 2409 umquam

321 2562 349 2591 4.
378 2560 525 2591 telmesns
550 2558 666 2590 ARV:
693 2558 864 2588 tedmesuis
889 2557 933 2590 H.
964 2557 1136 2588 Telmessus
1160 2557 1204 2594 0;
1233 2556 1275 2588 cf.
1295 2556 1367 2595 §94
1393 2573 1427 2578 —
1456 2557 1486 2587 ⁶2.
1511 2556 1659 2596 familias
1682 2555 1732 2586 die
1755 2558 1862 2586 certas
1885 2553 2000 2592 AHV,

233 2610 296 2642 sed
321 2613 389 2641 cert
414 2611 439 2641 H
467 2611 498 2640 in
524 2617 591 2640 ras.
622 2626 655 2630 —
689 2607 719 2638 3.
746 2607 963 2646 Iamidarum]
990 2609 1057 2638 iam
1082 2608 1237 2638 indorum
1263 2608 1286 2638 C
1323 2625 1358 2629 —
1398 2605 1554 2646 syllabae
1579 2615 1656 2637 rum
1678 2614 1780 2637 unam
1803 2605 1945 2636 alteram
1968 2603 2002 2635 in

232 2661 256 2692 B
283 2669 358 2700 sup,
380 2659 435 2690 lin.
456 2658 592 2689 additae
620 2674 654 2679 —
684 2657 890 2688 Clutidarum
914 2656 1119 2688 Lambinus:
1147 2657 1354 2696 ylictidarum
1379 2657 1416 2693 C,
1444 2656 1648 2695 Clytidarum
1674 2656 1698 2687 O
1724 2663 1804 2686 cum
1824 2655 1944 2688 Ursino
1963 2669 1999 2676 —

233 2711 262 2742 6.
290 2711 582 2749 interpraetczlione
605 2708 691 2747 quod
714 2706 894 2746 quibusque
919 2707 945 2737 H
985 2724 1020 2728 —
1058 2707 1087 2737 ἶ.
1115 2711 1195 2746 aput
1219 2707 1245 2738 H
1285 2725 1320 2730 —
1359 2707 1390 2738 8.
1415 2716 1475 2737 con
1500 2705 1538 2738 Βι
1562 2723 1597 2728 --
1636 2705 1714 2737 fort.
1740 2705 1879 2744 imperio
1906 2720 1939 2726 -
1969 2703 1999 2736 9.

232 2761 318 2791 Xeoe
342 2760 484 2800 scripsi:
515 2768 573 2790 sere
598 2758 678 2793 CO,
713 2758 781 2788 seni
805 2756 959 2788 malebat
983 2755 1108 2792 Orelli;
1142 2760 1177 2786 ut
1201 2757 1274 2787 deni
1294 2757 1485 2796 principum
1507 2756 1568 2795 filit
1592 2765 1633 2787 ea:
1657 2756 1740 2796 sing.
1775 2754 1930 2794 Madvig;
1956 2753 1998 2785 cf.

233 2809 304 2840 Val.
333 2810 418 2840 Max.
446 2810 474 2846 1,
497 2809 524 2845 1,
543 2809 571 2838 4.
600 2824 634 2828 —
670 2807 844 2837 astrui-iae
867 2807 906 2837 Α1
935 2824 967 2828 -
1003 2815 1060 2837 nec
1085 2815 1142 2837 ars
1166 2807 1193 2837 H
1221 2825 1255 2829 —
1291 2808 1342 2838 40.
1370 2816 1391 2837 α
1416 2815 1484 2838 om.
1513 2807 1541 2837 H
1568 2824 1604 2829 —
1635 2805 1876 2836 abducerentur
1898 2801 1938 2835 A¹
1962 2819 1998 2826 -

233 2861 284 2890 Μ.
310 2860 410 2899 friges
434 2862 543 2889 autem
569 2860 595 2888 et
618 2857 710 2897 fiside
734 2858 771 2889 Α.
799 2857 831 2886 in
857 2864 926 2896 quo
952 2856 1026 2887 eius
1051 2854 1126 2887 loco
1152 2856 1245 2896 quod
1272 2859 1324 2888 est
1343 2856 1386 2896 pli
1412 2856 1483 2888 fere
1510 2864 1653 2896 semper
1671 2855 1689 2895 f
1707 2855 1878 2894 scriptum
1896 2854 1997 2884 est-

233 2910 283 2940 42<
310 2910 472 2948 plurimus
495 2910 535 2939 Α1
562 2925 595 2929 -
624 2907 720 2945 idem]
746 2907 792 2937 ila
819 2906 844 2936 H
874 2924 908 2927 —
937 2904 987 2937 44.
1015 2906 1077 2936 hac
1100 2906 1179 2936 mihi
1203 2908 1241 2941 Α,
1268 2909 1302 2936 at
1326 2906 1404 2936 mihi
1430 2906 1456 2936 H
1483 2922 1517 2927 —-
1548 2906 1597 2936 45.
1625 2904 1866 2944 oportunitates
1888 2903 1996 2934 ΑΗ-

231 2961 346 2991 etenim
379 2959 568 2990 Manutius:
608 2960 643 2987 ut
667 2957 753 2987 enim
778 2957 822 2993 C,
863 2957 899 2986 ut
923 2956 1006 2986 item
1033 2958 1187 2987 erratum
1214 2957 1267 2986 est
1289 2956 1309 2996 §
1330 2955 1390 2987 ⁴30
1419 2974 1452 2979 —
1494 2955 1543 2986 46.
1570 2959 1599 2986 et
1623 2954 1814 2986 Manutius:
1850 2955 1886 2983 ut
1910 2952 1934 2984 C
1961 2968 1996 2973 —

232 3010 283 3040 46,
310 3010 456 3040 eccm-ibus
481 3007 516 3038 A*
544 3025 582 3029 -
615 3007 664 3037 Π.
692 3006 964 3045 contemplacione
987 3007 1010 3037 B
1028 3006 1051 3036 H
1064 3006 1091 3035 V
1127 3023 1158 3027 --
1194 3005 1245 3036 48.
1269 3006 1369 3044 possit
1394 3006 1417 3037 C
1450 3021 1484 3026 —
1522 3006 1556 3035 in
1581 3013 1649 3035 oin.
1679 3005 1705 3035 H
1737 3021 1772 3026 —
1807 3003 1858 3034 49.
1885 3001 2000 3033 imbuti

230 3058 417 3095 studiosius,
443 3056 588 3087 crebrius
612 3054 769 3086 Herelius
807 3072 841 3076 -
878 3055 983 3085 hostia
1006 3057 1045 3086 A²
1072 3072 1105 3077 —-
1145 3055 1196 3085 ⁶21.
1224 3058 1305 3093 aput
1328 3056 1373 3092 A,
1402 3055 1439 3084 ut
1463 3053 1535 3085 fere
1561 3062 1704 3094 semper
1729 3070 1764 3075 -
1794 3051 1998 3093 feriebantur

232 3108 380 3139 lortinus
409 3125 441 3129 ——
470 3108 641 3137 inuis-irata
665 3106 701 3142 Β,
728 3105 789 3136 sed
817 3103 922 3136 altera
949 3105 960 3135 i
985 3105 1017 3136 in
1043 3114 1110 3136 ras.
1140 3122 1174 3127 —
1202 3105 1254 3135 22.
1279 3105 1405 3143 partim
1429 3111 1498 3134 oui.
1528 3103 1549 3133 B
1589 3120 1622 3124 —
1651 3102 1703 3133 23.
1730 3105 1762 3133 et
1783 3104 1859 3133 satu
1883 3098 1996 3131 om.V

232 3160 265 3189 et
293 3157 387 3189 multi
414 3156 516 3188 codd.
544 3156 628 3187 dett.
659 3173 692 3177 —
722 3158 923 3186 ostentorum
946 3155 1060 3187 ABII:
1088 3157 1250 3186 tentorum
1268 3154 1319 3191 V1,
1343 3156 1571 3193 portentorum
1589 3153 1663 3184 V20
1682 3169 1717 3175 -
1744 3152 1797 3184 26.
1819 3151 1995 3191 predicunt

232 3207 441 3239 Lambinus:
466 3207 662 3246 praedicunt
687 3205 747 3236 CO
781 3221 816 3225 -
854 3204 906 3236 30.
933 3205 1073 3236 telmeses
1095 3205 1140 3235 A:
1167 3204 1318 3236 tedmeses
1341 3203 1386 3243 H,
1413 3203 1571 3235 telmesses
1593 3202 1618 3233 B
1634 3202 1700 3233 VO
1727 3218 1762 3223 ——
1799 3199 1852 3232 34.
1878 3207 1943 3230 non
1965 3198 1993 3229 A

231 3266 308 3298 sup.
334 3256 392 3290 lin.
417 3265 464 3288 m.
492 3257 520 3287 ⁴.
