2249 3624
765 160 862 202 cst.
892 163 1034 203 1-11.
1074 161 1133 216 §§
1166 162 1298 204 4-4.
1824 160 1905 203 585

316 266 417 307 Ille
456 266 535 306 vir
569 266 701 308 haud
745 282 924 321 magna
964 283 1076 310 cum
1118 284 1198 319 re,
1237 270 1325 310 sed
1358 271 1546 326 plenus
1577 272 1734 312 fidei:

151 342 398 388 quamquam
430 335 544 369 certo
576 331 662 370 scio
694 344 799 377 non,
832 339 876 372 ut
906 333 1198 381 Flamininum,

315 392 627 432 Sollicitari
672 399 744 439 te,
784 395 925 441 Tite,
968 397 1040 435 sic
1083 403 1382 450 noctesque
1423 398 1661 451 diesque.

145 458 251 500 Novi
282 455 390 496 enim
421 454 752 495 moderationem
784 458 912 498 animi
945 459 1003 498 tui
1036 465 1074 498 et
1109 461 1361 511 aequitatem
1401 467 1525 512 teque
1558 474 1641 500 non
1674 474 1905 511 cognomen

146 522 277 563 solum
298 517 475 558 Athenis
499 518 755 570 deportasse,
789 520 860 559 sed
894 520 1190 560 humanitatem
1225 529 1265 560 et
1297 522 1561 574 prudentiam
1596 523 1806 573 intellego.
1861 524 1939 561 Etis

146 590 282 626 tamen
320 586 359 620 te
400 581 594 633 suspicor
633 580 791 620 eisdem
832 582 954 621 rebus
1001 584 1154 636 quibus
1202 597 1265 622 me
1309 586 1444 637 ipsum
1492 586 1702 625 interdum
1744 586 1909 636 gravius

146 644 420 689 commoveri,
463 656 638 695 quarum
681 644 916 684 consolatio
957 652 996 684 et
1036 646 1167 684 maior
1204 652 1266 684 est
1304 653 1343 685 et
1377 648 1416 686 in
1449 648 1560 687 aliud
1595 654 1759 700 tempus
1793 648 1911 685 ditl'e-

145 706 286 750 renda.
337 707 456 746 Nunc
488 711 625 745 autem
658 706 791 745 visum
826 714 887 746 est
922 707 1019 746 mihi
1054 708 1104 746 de
1138 715 1354 747 senectute
1386 710 1542 762 aliquid
1577 711 1626 750 ad
1661 717 1698 749 te
1731 710 1913 748 conscri-

144 772 256 812 bere.
315 766 353 808 2.
395 767 484 807 Hoc
516 769 626 807 enim
659 781 809 814 onere,
854 769 966 821 qnod
1013 770 1112 808 mihi
1155 783 1374 810 commune
1422 777 1556 811 tecum
1602 779 1684 818 est,
1728 778 1798 810 aut
1832 772 1912 810 iam

144 831 333 885 urgentis
367 835 437 870 aut
468 836 578 871 certe
611 829 874 870 adventantis
906 832 1132 870 senectutis
1166 839 1205 870 et
1238 839 1275 871 te
1308 839 1347 872 et
1381 848 1443 872 me
1478 835 1614 887 ipsum
1641 835 1766 874 levari
1793 834 1962 873 voiono

146 895 221 936 etsi
255 899 294 933 te
327 893 496 946 quidem
530 891 571 931 id
606 892 770 931 modice
802 907 848 932 ac
881 893 1106 945 sapienter,
1140 894 1245 933 sicut
1278 897 1429 941 munia,
1463 903 1501 935 et
1535 896 1639 935 ferre
1673 904 1711 936 et
1735 897 1913 936 laturum

146 970 236 998 esse
268 962 378 996 certe
411 955 512 995 scio.
575 955 655 994 Sed
692 955 814 1002 mihi,
859 970 951 994 cum
993 955 1044 995 de
1083 962 1296 995 senectute
1335 958 1483 998 vellem
1524 959 1682 1010 aliquid
1721 960 1912 1005 scribere,

146 1026 190 1060 tu
221 1018 469 1059 occurrebas
502 1017 653 1069 dignus
686 1031 736 1057 eo
770 1031 956 1064 munere,
990 1032 1074 1071 quo
1109 1024 1284 1071 uterque
1318 1027 1502 1060 nostrum
1528 1022 1802 1060 communiter
1825 1027 1913 1059 ute-

145 1088 271 1122 retur.
323 1080 423 1120 Mihi
457 1080 627 1134 quidem
661 1081 717 1120 ita
750 1080 930 1120 iucunda
963 1082 1083 1120 buius
1116 1081 1212 1120 libri
1246 1082 1452 1122 confectio
1485 1083 1575 1129 suit,
1610 1090 1653 1123 ut
1684 1097 1764 1123 non
1791 1083 1912 1122 modo

146 1157 291 1186 omnes
332 1144 571 1184 absterserit
613 1143 841 1183 senectutis
883 1144 1123 1190 molestias,
1167 1143 1239 1183 sed
1281 1145 1465 1184 effecerit
1505 1146 1670 1185 mollem
1712 1147 1834 1185 etiam
1873 1151 1962 1185 etis

147 1206 371 1248 iucundam
404 1211 675 1246 senectutem.
736 1207 972 1260 Numquam
1007 1206 1134 1259 igitur
1164 1205 1324 1246 laudari
1358 1207 1457 1246 satis
1490 1208 1612 1259 digne
1646 1208 1912 1262 philosophia

145 1269 312 1324 poterit,
344 1269 410 1308 cui
444 1268 513 1322 qui
550 1274 693 1320 pareat
726 1281 848 1307 omne
881 1274 1045 1321 tempus
1078 1269 1225 1308 aetatis
1258 1270 1348 1308 sine
1377 1270 1566 1309 molestia
1593 1272 1724 1324 possit
1747 1272 1911 1322 degere.

144 1331 183 1371 3.
217 1331 298 1370 Sed
330 1331 381 1370 de
413 1330 563 1370 ceteris
597 1336 636 1370 et
668 1330 850 1370 diximus
884 1331 1010 1370 multa
1051 1337 1091 1370 et
1130 1344 1254 1383 saepe
1287 1331 1498 1371 dicemus:
1538 1333 1647 1373 hunc
1680 1334 1828 1373 librum
1861 1333 1912 1373 ad

147 1400 187 1434 te
219 1394 269 1433 de
301 1399 516 1433 senectute
549 1393 749 1433 misimus.
811 1392 987 1432 Omnem
1026 1399 1165 1432 autem
1206 1407 1441 1433 sermonem
1481 1395 1699 1435 tribuimus
1731 1410 1813 1434 non
1846 1396 1914 1434 Ti-

145 1456 295 1503 thono,
336 1462 381 1495 ut
412 1456 549 1496 Aristo
583 1456 690 1495 Ceus
731 1478 782 1483 --
825 1468 972 1508 parum
1013 1456 1122 1495 enim
1167 1462 1274 1495 esset
1305 1458 1562 1496 auctoritatis
1595 1458 1634 1496 in
1669 1458 1805 1497 sabula
1837 1466 1964 1505 —‚90

146 1518 218 1559 sed
250 1518 303 1558 M.
337 1517 483 1558 Catoni
527 1518 640 1564 seni,
685 1531 770 1570 quo
813 1518 1011 1557 maiorem
1053 1518 1344 1558 auctoritatem
1386 1518 1556 1558 haberet
1596 1520 1756 1559 oratio:
1802 1520 1914 1572 apud

147 1594 271 1636 quem
304 1580 490 1620 Laelium
531 1585 571 1620 et
611 1580 852 1633 Scipionem
893 1581 1067 1621 facimus
1108 1581 1390 1628 admirantes,
1438 1582 1550 1634 quod
1592 1583 1625 1621 is
1669 1589 1751 1622 tam
1791 1581 1913 1622 facile

147 1649 402 1684 senectutem
433 1643 559 1689 ferat,
592 1644 739 1696 eisque
772 1656 864 1683 eum
896 1644 1235 1696 respondentem.
1290 1644 1371 1691 Qui
1405 1645 1436 1683 si
1470 1644 1675 1684 eruditius
1708 1644 1915 1683 videbitur

147 1706 380 1760 disputare,
415 1719 538 1760 quam
571 1706 789 1746 consuevit
820 1706 911 1758 ipse
944 1707 986 1745 in
1019 1708 1104 1745 suis
1137 1706 1273 1753 libris,
1306 1707 1520 1746 attribuito
1553 1707 1701 1747 litteris
1729 1707 1912 1753 Graecis,

148 1782 323 1823 quarum
362 1775 524 1809 constat
563 1782 657 1808 eum
690 1769 999 1821 perstudiosum
1034 1769 1163 1808 fuisse
1195 1770 1236 1807 in
1269 1775 1498 1808 senectute.
1560 1769 1640 1808 Sed
1675 1770 1775 1822 quid
1809 1782 1912 1821 opus
1927 1778 1962 1808 25

147 1836 209 1871 est
239 1831 393 1884 plura‘l
454 1832 539 1870 lam
573 1832 683 1871 enim
717 1832 849 1884 ipsius
884 1831 1053 1870 Catonis
1092 1844 1228 1871 sermo
1269 1831 1494 1885 explicabit
1532 1838 1719 1870 nostram
1751 1845 1913 1871 omnem

147 1893 198 1934 de
231 1900 447 1934 senectute
480 1894 744 1934 sententiam.

259 1957 308 1996 ll.
342 1955 380 1996 4.
413 1958 562 2009 Scipio.
596 1958 730 2009 Saepe
763 1969 936 1995 numero
969 1957 1164 1996 admirari
1197 1958 1312 1997 soleo
1346 1972 1437 1998 cum
1470 1958 1549 1998 hoc
1583 1958 1624 1998 C.
1645 1958 1787 1998 Laelio
1821 1972 1914 1998 cum

147 2023 377 2059 ceterarum
410 2034 546 2080 rerum
580 2025 693 2059 tuam
726 2019 1024 2066 excellentem,
1056 2021 1108 2060 M.
1144 2020 1265 2066 Cato,
1309 2021 1620 2075 perfectamque
1653 2022 1914 2073 sapientiam,

146 2087 230 2123 tum
261 2083 327 2123 vel
360 2084 552 2130 maxime,
585 2082 699 2136 quod
732 2095 962 2135 numquam
995 2083 1069 2122 tibi
1104 2089 1360 2123 senectutem
1395 2097 1561 2136 gravem
1586 2097 1676 2123 esse
1699 2084 1962 2130 senserim,30

150 2158 256 2199 quae
287 2145 502 2200 plerisque
535 2146 705 2185 senibus
737 2146 796 2185 sic
829 2144 975 2184 odiosa
1008 2150 1092 2191 est,
1125 2151 1170 2185 ut
1200 2159 1304 2185 onus
1337 2160 1381 2185 se
1413 2148 1546 2186 Aetna
1577 2146 1743 2199 gravius
1776 2146 1916 2186 dicant

233 2302 262 2332 t.
281 2301 347 2340 uir]
365 2300 550 2331 uit-ennius
575 2300 587 2330 Ι
614 2316 647 2321 -
675 2300 754 2330 haut
778 2300 843 2337 Bi,
871 2300 954 2330 item
980 2300 1004 2330 E
1030 2299 1092 2330 sed
1119 2308 1160 2331 ex
1179 2308 1270 2330 corr.
1293 2316 1327 2322 -
1356 2309 1431 2330 cum
1453 2308 1579 2340 mayua
1602 2300 1681 2331 BIS
1707 2317 1741 2322 —-
1764 2299 1915 2340 plenu’O

148 2368 182 2374 —
209 2351 240 2383 2.
266 2354 352 2382 certe
374 2350 421 2382 ΒΙ
450 2367 483 2372 -
509 2351 699 2391 flaminium
724 2350 827 2386 ΒΕΙ,
854 2350 1079 2390 flamminium
1103 2351 1127 2381 R
1155 2367 1189 2372 —
1218 2350 1247 2381 3.
1276 2351 1373 2381 allice
1399 2350 1422 2381 E
1453 2368 1485 2372 —
1513 2352 1558 2381 sie
1582 2351 1681 2382 0n1.1
1704 2367 1736 2372 —
1765 2354 1874 2381 noctes
1892 2350 1916 2381 E

150 2417 184 2424 —
211 2400 241 2434 4.
267 2410 444 2441 cognomen
467 2410 530 2431 non
562 2401 586 2432 B
603 2401 614 2432 1
631 2401 687 2432 ΡΞ
731 2418 764 2422 -
803 2401 834 2431 5.
862 2401 988 2431 athenis
1012 2402 1046 2438 P,
1081 2400 1144 2431 sed
1170 2408 1246 2440 sup.
1268 2398 1324 2431 lin.
1346 2401 1431 2431 [1].’2
1456 2400 1496 2430 ab
1521 2400 1601 2431 add.
1640 2419 1669 2423 —
1712 2400 1742 2432 6.
1769 2402 1918 2439 suspicor

147 2455 176 2483 te
198 2452 314 2482 eisdem
338 2451 433 2482 rebus
462 2451 509 2488 E,
546 2451 696 2489 suspicor·
718 2450 841 2480 hisdem
865 2450 960 2480 rebus
984 2454 1012 2482 te
1043 2451 1067 2481 R
1106 2467 1139 2471 —
1183 2450 1212 2481 8.
1240 2451 1350 2480 uisum
1373 2453 1418 2480 ese
1442 2450 1521 2480 mihi
1556 2452 1600 2481 P:
1637 2451 1715 2480 mihi
1740 2454 1786 2481 est
1808 2452 1918 2481 visum

147 2502 237 2534 BER
249 2501 281 2537 S,
307 2502 385 2532 mihi
408 2502 514 2532 visum
537 2505 583 2532 est
607 2502 617 2532 Ι
644 2519 686 2523 -
709 2500 850 2532 scribere
874 2501 930 2532 BS
957 2519 990 2523 -
1019 2501 1050 2532 9.
1069 2500 1165 2540 enim]
1183 2500 1374 2530 autemrsss
1401 2518 1427 2521 —
1463 2509 1560 2531 onere
1578 2502 1599 2531 P
1618 2510 1708 2531 corr.
1731 2511 1771 2532 ex
1796 2503 1918 2533 honore

150 2569 184 2573 —
211 2554 314 2582 tecum
338 2559 508 2582 commune
532 2552 543 2582 Ι
571 2568 604 2572 -
636 2551 685 2582 to.
714 2551 826 2581 leuare
851 2551 875 2581 Ε
903 2569 938 2573 -
967 2552 977 2582 ·1
993 2552 1018 2582 t.
1045 2552 1103 2582 elsi
1127 2556 1156 2581 {e
1174 2566 1223 2573 --
1239 2553 1326 2580 cerlo
1351 2550 1416 2580 scio
1441 2550 1618 2581 Charisius
1644 2559 1676 2590 p.
1698 2551 1772 2587 ⁵206,
1794 2553 1826 2581 Η
1858 2551 1915 2582 ed.

146 2599 230 2632 Keil.
260 2618 294 2623 —
326 2601 439 2631 omnia
460 2601 548 2640 ferre
571 2602 645 2637 ΒΞ,
679 2602 789 2631 ornnia
813 2601 879 2639 fers
900 2601 988 2640 serre
1013 2602 1022 2631 Ι
1059 2618 1093 2622 —
1130 2602 1180 2632 42.
1207 2605 1295 2632 cerlo
1320 2599 1389 2632 1³28
1425 2619 1459 2624 —
1494 2603 1622 2641 aliquid
1646 2603 1757 2633 vellem
1783 2602 1917 2642 Madvig

148 2652 267 2682 contra
291 2658 391 2682 meos
417 2668 451 2672 —
481 2651 531 2683 44.
559 2652 703 2682 iocunda
727 2652 804 2682 BIS
830 2654 862 2682 et
888 2652 936 2682 sic
962 2650 1170 2691 plerumque
1199 2669 1234 2673 —
1272 2652 1322 2681 45.
1351 2651 1540 2682 absterserit
1563 2661 1672 2682 omnes
1696 2653 1732 2688 R,
1765 2649 1832 2682 orris
1855 2651 1918 2682 ab-

147 2701 289 2731 sterserit
311 2698 379 2731 ori‘zs
403 2701 414 2732 I
444 2719 476 2723 —
504 2702 608 2732 omnis
633 2701 822 2732 absterseris
840 2702 912 2739 (sic)
930 2710 954 2731 s.
973 2710 1017 2732 m.
1037 2702 1090 2731 sed
1114 2702 1214 2732 etiam
1238 2702 1378 2739 effecerit
1398 2710 1440 2731 m.
1461 2711 1501 2731 ac
1524 2703 1701 2732 iucundam
1725 2706 1918 2733 seneclutem

147 2750 276 2782 Nonius
301 2759 331 2790 p.
351 2749 425 2786 347,
446 2752 498 2782 Μ.
526 2768 560 2773 —-
595 2751 647 2781 46.
675 2760 715 2781 ac
738 2751 916 2781 iocundam
941 2752 950 2781 Ι
979 2752 1052 2788 (ac,
1082 2752 1117 2780 nt
1143 2751 1299 2781 videtur:
1328 2760 1406 2781 nam
1434 2753 1485 2782 est
1512 2752 1566 2782 hic
1593 2753 1623 2782 in
1649 2752 1726 2782 eod.
1753 2752 1917 2790 scissura)

152 2817 186 2822 —
212 2800 344 2832 laudari
367 2801 472 2841 igitur
496 2803 532 2839 P,
559 2801 621 2832 sed
649 2802 776 2832 additis
801 2802 907 2837 signis
933 2801 1212 2841 transpositionis
1240 2818 1271 2822 —
1301 2802 1381 2831 saris
1406 2801 1540 2831 laudari
1564 2802 1660 2842 dique
1686 2803 1793 2839 BRS,
1820 2803 1919 2833 eliam

149 2850 228 2880 salis
250 2850 340 2880 laud.
367 2850 387 2880 d
425 2851 456 2885 Ι,
484 2851 580 2891 digne
603 2852 684 2882 saris
708 2851 797 2882 laud.
827 2851 849 2882 E
878 2868 911 2872 —
950 2851 999 2882 48.
1027 2852 1070 2881 ad
1095 2854 1123 2880 le
1147 2852 1184 2881 de
1207 2854 1322 2881 senece.
1351 2851 1397 2880 C:
1425 2852 1462 2881 de
1486 2855 1599 2881 senect.
1629 2853 1672 2882 ad
1696 2856 1725 2882 le
1748 2853 1773 2883 O
1800 2869 1833 2873 —
1867 2852 1915 2883 19.

151 2898 270 2929 thilono
294 2900 338 2931 lR
366 2916 399 2921 --
433 2900 486 2931 20.
514 2901 695 2931 arisloeeus
720 2902 765 2931 R:
799 2902 902 2931 aristo
927 2903 962 2933 P.
995 2900 1176 2931 aristoteles
1200 2901 1237 2932 S.
1273 2900 1450 2931 aristotiles
1475 2901 1520 2931 131
1541 2911 1547 2932 ι
1581 2902 1690 2932 Aristo
1715 2902 1810 2933 Chius
1835 2902 1916 2939 ΕΟ;

151 2947 193 2979 cf.
220 2949 320 2989 impr.
347 2949 574 2982 Ritschelium
600 2951 633 2981 in
660 2958 748 2981 mus.
777 2952 874 2982 rhenv
905 2950 1020 2991 philol.
1050 2952 1091 2987 (a.
1110 2950 1202 2987 ⁴842)
1231 2949 1290 2981 Vol
1323 2951 1346 2985 Ι,
1375 2959 1407 2989 p.
1428 2950 1486 2981 ⁴93
1512 2959 1589 2991 sqq.
1618 2969 1652 2973 —
1686 2961 1809 2990 parum
1833 2953 1919 2982 enim

150 2997 316 3030 BElPS:
341 3008 380 3030 ne
401 3008 522 3038 parum
550 3001 571 3030 R
600 3017 634 3021 —
663 3001 848 3031 auctoritas
870 2999 906 3032 Ι)ι
928 3017 959 3021 -
988 3000 1040 3030 ΞΞ.
1068 3001 1283 3030 ammirantes
1307 2999 1364 3029 BE
1376 3000 1429 3029 RS
1456 3016 1489 3020 —
1519 3000 1570 3030 ³23.
1589 3001 1701 3039 hisque
1719 3001 1754 3035 R„
1774 3002 1876 3037 iisque
1893 3001 1918 3031 Ο

152 3064 186 3070 -
213 3047 265 3079 24.
291 3048 382 3079 libris
405 3050 471 3079 suis
495 3050 569 3085 EP3
598 3051 776 3089 (consueuit
800 3050 831 3079 in
858 3051 925 3080 suis
948 3050 1015 3088 ipse
1038 3049 1130 3079 libr-is
1154 3050 1210 3086 R):
1239 3048 1338 3079 aii'ert
1364 3047 1479 3079 locum
1499 3049 1679 3081 Charisius
1705 3050 1810 3090 p.498
1829 3049 1914 3080 Keil:

153 3098 214 3137 Qui
230 3099 324 3128 --in
347 3100 414 3129 suis
438 3098 529 3129 libris
557 3117 589 3121 —
618 3100 790 3130 attribuito
814 3100 872 3129 hoc
895 3100 925 3133 Ι,
955 3099 1150 3130 attribuitur
1176 3099 1198 3130 E
1226 3116 1258 3120 —-
1289 3099 1425 3129 Graecis
1447 3099 1565 3130 lilleris
1589 3100 1613 3131 Ο
1643 3117 1671 3122 -
1710 3100 1751 3130 ΞΒ
1791 3109 1917 3130 omnem

152 3149 298 3178 nostram
321 3148 344 3178 R
371 3165 404 3170 —
438 3148 490 3179 28.
519 3148 557 3179 G.
585 3150 620 3185 P,
649 3150 734 3179 (ιάίο
759 3148 837 3180 BlS
866 3166 899 3170 —
928 3152 996 3179 tum
1020 3154 1205 3179 ceterarum
1231 3148 1303 3181 1²0.
1330 3153 1516 3179 ceterarum
1540 3150 1564 3179 R
1593 3167 1626 3171 —
1656 3149 1708 3180 29.
1735 3151 1848 3180 Marce
1872 3149 1917 3179 ΙΟ

156 3211 190 3217 —-
215 3197 390 3236 perfectam
414 3199 437 3229 B
466 3216 500 3220 —
531 3201 728 3238 sapientiam
754 3200 777 3230 E
793 3200 802 3230 Ι
818 3200 867 3231 R:
890 3200 1088 3239 patientiam
1114 3200 1136 3230 Β
1154 3199 1210 3230 PS
1238 3216 1271 3219 —
1304 3197 1344 3229 30
1383 3207 1540 3230 maxume
1564 3200 1624 3230 BS
1654 3217 1683 3221 —
1717 3200 1774 3230 tibi
1798 3202 1915 3230 senect.

153 3253 332 3285 numquam
357 3247 381 3279 E
409 3265 442 3270 —
469 3253 661 3280 senectutem
686 3249 742 3279 tibi
768 3249 828 3280 RO
856 3266 890 3270 —
918 3251 1073 3280 senserim
1099 3258 1163 3280 esse
1186 3257 1326 3289 gyrauem
1350 3249 1375 3281 R
1395 3267 1431 3272 —
1458 3249 1511 3280 31.
1533 3254 1577 3280 est
1601 3250 1714 3281 odiosa
1737 3250 1749 3281 1
1776 3265 1809 3271 —
1838 3256 1920 3279 onus

151 3293 262 3327 dicant
283 3305 315 3328 se
336 3299 478 3338 grauius
500 3299 597 3331 ethna
621 3300 634 3331 1
658 3299 794 3340 (aethna
817 3297 872 3331 vel
896 3300 994 3331 ethna
1019 3299 1125 3331 etiam
1149 3299 1263 3338 BPS).
