2249 3624
612 123 698 163 Lm.
731 122 780 161 11.
819 121 917 162 ομ».
948 119 1202 161 vil—vm.
1242 117 1302 172 ὃς
1334 115 1524 158 eii-024..
1874 108 1953 152 403

189 240 273 278 Iam
305 237 460 277 doloris
492 236 793 276 medicamenta
824 235 894 274 illa
929 234 1131 286 Epicurea
1162 238 1372 286 tamquam
1408 230 1459 270 de
1491 228 1704 270 narthecio
1736 232 1952 281 promont:

190 301 234 339 si
275 300 484 352 gravis,
527 300 727 345 brevis;
774 299 816 338 si
858 298 1074 349 longus,
1119 297 1270 335 levis.
1335 295 1466 333 Unum
1497 292 1666 339 nescio,
1709 304 1794 346 quo
1826 289 1952 330 modo

190 363 343 416 possit,
377 362 410 402 si
443 363 681 403 luxuriosus
713 362 783 407 sit,
814 362 953 400 linitas
985 360 1231 412 cupiditates
1264 358 1430 397 habere.

302 426 409 465 VIII.
432 424 497 464 23.
522 425 630 472 Quid
655 437 751 475 ergo
773 424 920 463 attinet
944 422 1082 461 (licere
1107 420 1244 460 nihil
1278 420 1544 464 haberem,
1577 415 1713 470 quod
1744 427 1955 468 repren-

191 490 377 534 derem,
409 488 449 526 si
481 487 670 526 finitas
703 486 1027 538 cupiditates
1061 484 1333 523 haberent?
1366 482 1443 520 hoc
1475 486 1537 520 est
1559 479 1717 526 dicere,
1750 491 1853 518 non
1885 483 1986 516 rte-5

191 550 494 603 prenderem
526 555 723 593 asotos,
757 549 799 586 si
832 560 927 586 non
960 551 1139 585 essent
1169 546 1330 584 asoti:
1369 544 1448 582 isto
1481 542 1628 588 modo,
1660 554 1712 579 ne
1743 539 1955 594 improbos

192 612 380 666 quidem,
421 611 453 649 si
485 617 623 649 essent
654 611 750 648 boni
784 609 872 648 viri.
931 609 1004 646 lli‹·
1036 608 1162 646 homo
1194 621 1365 646 severus
1397 606 1606 644 luxuriam
1640 604 1774 656 ipsam
1808 615 1881 655 per
1912 614 1956 641 se

191 672 519 726 reprendendum
562 686 644 711 non
686 678 813 725 putat.
878 672 923 709 iii
955 670 1146 715 hercule,
1190 671 1427 722 'l‘‹›rquate,
1467 674 1513 707 ut
1543 680 1686 706 verum
1718 665 1956 718 loquamur,

190 737 223 776 si
256 748 461 775 summum
492 735 646 773 bonum
678 734 869 786 voluptas
901 738 984 779 est,
1019 732 1250 771 rectissimo
1272 745 1355 770 non
1379 735 1511 782 putat.
1558 729 1697 768 Nolim
1721 728 1832 767 enim
1856 726 1956 765 mihi

191 799 343 850 lingere
384 803 542 841 asotos.
587 804 626 835 ut
669 796 835 841 solt-tis,
879 796 949 848 qui
994 796 1034 833 in
1077 808 1262 833 mensam
1296 798 1466 832 vomant
1497 797 1537 831 et
1568 792 1641 844 qui
1673 790 1724 830 de
1755 789 1958 830 conviviis
1974 796 2007 824 ¹¹0

191 861 431 901 auferantur
463 859 664 911 crudique
698 857 897 910 postridie
930 871 973 895 se
1007 870 1148 895 rursus
1177 856 1456 907 ingurgitent,
1489 855 1558 907 qui
1587 853 1731 900 solem,
1764 858 1807 892 ut
1829 853 1958 898 aiunt,

191 938 266 964 nec
307 922 565 962 occidentem
608 934 802 973 umquam
834 919 1012 959 viderint
1053 932 1128 957 nec
1173 918 1397 963 orientem,
1438 917 1510 969 qui
1543 915 1802 967 consumptis
1834 914 1959 968 patri-

193 988 340 1028 moniis
371 990 542 1037 egeant:
575 996 696 1022 nemo
728 988 915 1022 nostrum
949 982 1066 1020 istius
1099 980 1263 1032 generis
1285 986 1425 1019 asotos
1454 979 1636 1018 iucunde
1657 982 1775 1030 putat
1796 976 1958 1016 vivere:

194 1049 382 1094 mundos,
416 1047 631 1099 elegantis,
664 1045 832 1098 optimis
854 1044 977 1090 cocis,
1010 1042 1248 1096 pistoribus,
1282 1043 1459 1094 piscatu,
1491 1040 1688 1094 aucupio,
1718 1038 1958 1086 venatione,

191 1111 255 1150 his
287 1110 480 1151 omnibus
513 1108 754 1161 exquisitis,
785 1106 955 1146 vitantis
987 1105 1256 1152 cruditatem,
1974 1110 2007 1138 ¹5

302 1194 355 1201 —
385 1193 440 1201 —
468 1192 522 1200 —
552 1192 606 1200 —-
637 1170 820 1224 quibu’
852 1169 1019 1208 vinum

304 1233 552 1273 Defusum
585 1246 605 1272 e
638 1232 798 1285 pleno
831 1231 957 1277 siet,
991 1229 1290 1281 †hirsizon
1317 1227 1374 1281 (ut
1395 1229 1453 1268 ait
1474 1224 1690 1278 Lucilius‚)
1723 1226 1807 1266 cui
1840 1225 1915 1264 nil

304 1298 426 1336 Dum
458 1297 528 1336 sit
558 1296 632 1335 vis
666 1300 712 1334 et
743 1294 988 1333 sacculus
1020 1292 1344 1339 abstulerit,

192 1359 428 1399 adhibentis
460 1358 582 1397 ludos
615 1363 654 1397 et
685 1370 791 1409 quae
823 1362 1035 1401 secuntur,
1069 1355 1152 1401 illa,
1185 1355 1337 1408 quibus
1363 1353 1559 1393 detractis
1584 1352 1735 1392 clamat
1754 1352 1958 1404 Epicurus

193 1436 236 1461 se
269 1422 428 1460 nescire
459 1420 559 1474 quid
592 1420 643 1459 sit
673 1420 851 1459 bonum:
891 1418 1030 1458 adsint
1059 1419 1184 1457 etiam
1215 1416 1388 1456 formosi
1421 1416 1558 1468 pueri,
1593 1415 1667 1469 qui
1700 1414 2008 1461 ministrenuw

193 1484 444 1537 respondeat
487 1483 551 1522 his
582 1483 730 1529 vestis,
775 1487 1015 1534 argentum,
1063 1480 1347 1527 Corinthium,
1390 1480 1506 1519 locus
1538 1478 1653 1531 ipse,
1698 1473 1958 1517 aedificium:

192 1546 268 1586 hos
301 1558 398 1597 ergo
431 1551 569 1585 asotos
591 1545 697 1584 bene
720 1544 890 1598 quidem
911 1545 1052 1584 vivere
1075 1548 1147 1583 aut
1167 1544 1288 1583 beate
1311 1554 1541 1595 numquam
1564 1540 1756 1580 dixerim.
1806 1536 1873 1577 24.
1895 1538 1960 1577 Ex

193 1622 276 1661 quo
308 1606 507 1655 eflicitur,
548 1621 631 1647 non
662 1612 708 1646 ut
738 1607 928 1660 voluptas
959 1621 1012 1647 ne
1044 1608 1096 1647 sit
1128 1608 1339 1660 voluptas,
1382 1606 1456 1646 sed
1486 1609 1533 1644 ut
1562 1604 1758 1657 voluptas
1788 1614 1874 1641 non
1906 1600 1960 1640 sit

192 1684 399 1709 summum
428 1671 599 1710 bonum.
648 1672 731 1709 Nec
762 1670 855 1716 ille,
888 1671 961 1723 qui
990 1671 1222 1722 Diogenem
1255 1669 1438 1709 Stoicum
1471 1666 1734 1713 adulescens,
1765 1668 1861 1718 post
1886 1676 1960 1703 au-

194 1739 275 1771 tem
307 1733 546 1773 Panaetium
577 1733 787 1779 audierat,
830 1733 1019 1779 Laelius,
1063 1746 1112 1771 eo
1145 1733 1282 1771 dictus
1315 1735 1377 1770 est
1408 1730 1597 1783 sapiens,
1635 1728 1749 1783 quod
1781 1741 1865 1767 non
1896 1726 1958 1765 in-
1972 1734 2009 1762 25

195 1794 429 1847 tellegei·et‚
473 1795 574 1848 quid
616 1795 908 1835 suavissimum
950 1800 1081 1842 esset,
1111 1817 1165 1824 —
1196 1807 1273 1834 nec
1315 1794 1425 1833 euim
1459 1792 1670 1845 sequitur,
1713 1795 1759 1830 ut
1790 1790 1857 1830 cui
1888 1802 1960 1829 cor

193 1858 350 1909 sapiat,
383 1858 421 1896 ei
452 1871 537 1897 non
569 1859 701 1910 sapiat
732 1858 913 1910 palatus,
945 1879 999 1885 —
1030 1856 1103 1896 sed
1136 1858 1234 1910 quia
1264 1856 1381 1909 parvi
1412 1854 1456 1894 id
1488 1855 1671 1894 duceret.

306 1919 338 1958 O
372 1919 608 1973 lapathe,
641 1926 694 1958 ut
724 1920 952 1966 iactare,
984 1932 1072 1959 nec
1104 1933 1156 1958 es
1187 1919 1309 1959 sati'
1341 1916 1571 1970 cognitu'
1602 1916 1693 1970 qui
1725 1915 1818 1956 sis!

306 1981 360 2020 In
393 1994 489 2034 quo
521 1982 720 2021 Laeliu'
753 1982 1039 2028 clamores,
1071 1978 1240 2038 σοφὸς
1271 1981 1390 2028 ille,
1423 1979 1645 2020 solebat

304 2042 499 2090 Edere,
531 2044 855 2096 compellans
887 2043 1089 2096 gumias
1122 2058 1184 2083 ex
1215 2044 1403 2083 ordine
1434 2047 1661 2082 nostros.
1973 2045 2009 2073 30

194 2105 407 2144 Praeclare
439 2106 623 2153 Laelius,
656 2112 695 2145 et
726 2111 835 2146 recte
868 2102 1028 2162 σοιΙός,
1060 2106 1251 2160 illudque
1283 2119 1401 2146 vere:

306 2166 339 2205 O
372 2167 545 2214 Publi,
577 2182 600 2207 0
632 2182 845 2221 gurges,
878 2168 1118 2207 Galloni:
1156 2182 1207 2207 es
1238 2168 1390 2208 homo
1421 2167 1602 2214 miser,
1634 2166 1827 2219 inquit.

306 2229 509 2269 Cenasti
540 2230 586 2269 in
618 2231 724 2270 vita
756 2244 1036 2284 numquam
1068 2231 1223 2278 bene,
1255 2244 1364 2270 cum
1396 2230 1565 2270 omnia
1594 2230 1646 2270 in
1677 2229 1784 2268 ista

308 2290 571 2332 Consumis
603 2293 807 2346 squilla
836 2299 988 2346 atque
1030 2293 1359 2346 acipensere
1391 2306 1506 2332 cum
1538 2291 1826 2331 decimano.

195 2354 233 2393 ls
263 2353 364 2393 haec
396 2353 602 2407 loquitur,
635 2355 706 2408 qui
739 2356 781 2394 in
812 2355 1026 2409 voluptate
1058 2355 1163 2395 nihil
1194 2369 1355 2409 ponens
1386 2359 1511 2408 negat
1543 2367 1638 2394 eum
1666 2354 1774 2393 bene
1796 2366 1959 2401 cenare,
1975 2359 2011 2387 35

280 2591 309 2621 Ἰ.
337 2590 497 2621 nai-theno
520 2591 547 2621 Α
575 2608 610 2614 —-
644 2590 674 2621 i.
703 2592 795 2629 Quod
819 2600 897 2631 erqo
921 2592 944 2622 B
974 2608 1007 2613 —
1035 2592 1154 2623 habere
1177 2593 1202 2623 A
1232 2610 1264 2614 ψ
1299 2592 1330 2623 7.
1358 2590 1498 2631 quidem]
1524 2599 1624 2629 quam
1646 2589 1671 2620 B
1700 2608 1735 2612 —
1761 2590 1819 2621 hoc
1842 2590 1966 2621 homini

195 2641 216 2671 B
245 2657 278 2661 —
305 2640 336 2671 8.
362 2643 514 2678 torquate
538 2640 734 2680 (superscr.
762 2650 780 2671 o
804 2650 876 2672 sec.
904 2650 971 2672 m.:
999 2652 1016 2672 o
1041 2641 1210 2680 tot-quate)
1236 2642 1263 2673 A
1297 2658 1331 2663 -
1374 2642 1425 2671 sit.
1448 2641 1571 2679 posteri
1596 2640 1646 2671 dic
1670 2638 1728 2677 A¹;
1760 2643 1890 2679 postero
1915 2640 1965 2671 die

195 2691 233 2720 A²
246 2691 269 2720 (2
298 2707 332 2711 —
359 2690 410 2720 42.
436 2690 641 2730 occidentem]
667 2691 725 2721 hoc
748 2692 914 2722 cadentem
939 2690 978 2722 Αι
999 2710 1032 2714 —
1062 2692 1113 2722 453.
1142 2693 1233 2722 istius
1252 2710 1298 2714 —-
1316 2691 1487 2723 venatione
1513 2690 1614 2721 affert
1631 2690 1762 2720 Nonius
1779 2688 1964 2721 Marcellus

197 2747 228 2778 p.
255 2739 329 2769 ΞΠ.
358 2755 392 2759 -
418 2739 544 2777 vivere,
570 2740 707 2770 mundos
731 2740 755 2770 O
782 2757 816 2762 —
846 2742 897 2771 216.
924 2742 1040 2779 quibus
1064 2741 1167 2772 codd.
1190 2759 1224 2763 -—
1254 2742 1305 2772 Μ.
1333 2740 1401 2780 sict]
1426 2741 1465 2771 sil
1490 2740 1554 2771 AB
1582 2757 1615 2761 -
1644 2739 1789 2770 hirsizon
1813 2741 1857 2770 A:
1883 2739 1965 2777 hry-

195 2789 285 2818 sizon
314 2788 360 2826 B}
393 2789 559 2828 hirsiphon
588 2789 660 2825 alii3
692 2791 744 2820 tiit·
772 2791 902 2830 siphorc
931 2792 975 2822 ();
1009 2793 1032 2830 ³1·
1056 2792 1085 2822 ir·
1115 2792 1246 2830 siphon&
1271 2791 1302 2822 M
1331 2807 1363 2811 —-
1397 2790 1453 2830 nil]
1479 2789 1559 2819 nihii
1581 2789 1646 2820 AB
1674 2806 1709 2810 —
1745 2790 1797 2820 48.
1825 2789 1901 2819 dum
1926 2789 1966 2819 sit

196 2838 297 2868 Aut:
315 2838 355 2868 E:
388 2839 534 2878 Dcmpsit
557 2840 626 2871 ΜΟ
655 2858 686 2862 -
720 2840 778 2880 vis]
811 2841 871 2871 nia)
896 2840 1084 2872 Lambinus
1111 2858 1145 2862 —
1179 2845 1208 2871 ct
1231 2841 1314 2871 AB:
1348 2843 1405 2870 aut
1430 2840 1455 2870 O
1475 2856 1510 2861 —
1539 2838 1590 2869 49.
1618 2839 1694 2869 adli.
1721 2838 1813 2869 ludos
1835 2837 1965 2869 Lucilio

198 2888 313 2919 tribuit
339 2888 363 2919 Ο
391 2905 425 2909 --
457 2889 509 2921 ⁶20.
536 2891 621 2921 adsit
643 2889 682 2921 Αἱ
709 2908 742 2912 —
781 2892 833 2922 22.
860 2900 938 2931 crgo
970 2892 996 2922 A
1011 2892 1054 2922 B:
1092 2899 1149 2930 csso
1179 2892 1204 2920 0
1233 2908 1267 2912 -
1302 2890 1371 2930 aut]
1397 2891 1432 2919 at
1456 2889 1479 2919 B
1509 2905 1545 2911 ·-
1571 2888 1625 2919 ⁶26.
1652 2888 1737 2919 cuim
1761 2888 1909 2927 sequitur
1931 2891 1966 2918 ut

196 2938 259 2978 cui]
284 2947 361 2977 erqo
384 2947 499 2977 sequer
520 2943 549 2970 ei
573 2941 596 2971 B
624 2958 658 2962 -—
690 2941 742 2971 ΞΤ.
765 2942 918 2981 palatum
943 2950 961 2972 e
987 2940 1126 2971 duobus
1151 2939 1254 2971 codd.
1282 2939 1441 2970 Davisius
1467 2955 1502 2959 —
1538 2937 1591 2968 ⁵28.
1617 2937 1663 2978 ut]
1689 2941 1718 2969 et
1743 2939 1766 2969 E
1794 2955 1829 2959 -
1854 2946 1913 2969 *nec
1936 2947 1967 2969 es

196 2988 275 3017 scitis
298 2988 540 3020 Lachmannus
566 2989 626 3025 (ad
651 2991 787 3021 Luci-et.
816 3000 848 3031 p.
876 2992 952 3030 29):
986 3000 1024 3021 ne
1053 2990 1185 3021 cessatis
1217 2991 1243 3020 A
1259 2990 1302 3026 153
1334 2996 1458 3019 necesse
1481 2990 1526 3018 est
1550 2988 1574 3019 C
1590 2988 1662 3019 Mo
1689 3004 1724 3009 -
1756 2987 1887 3027 cognitu
1912 2988 1969 3026 qui

198 3039 221 3067 A
238 3038 277 3067 B:
306 3038 437 3077 cognitu
460 3039 532 3076 quis
555 3039 598 3073 E;
631 3041 771 3079 coqiiitzi’
797 3040 849 3071 cui
874 3041 944 3071 Mo
971 3058 1006 3062 -—
1041 3042 1094 3071 29.
1122 3040 1255 3080 Luctiu']
1293 3039 1426 3078 cogstiitu
1449 3037 1564 3069 laelius
1587 3038 1651 3068 ΑΒ
1681 3055 1715 3060 -
1749 3036 1864 3076 sophos
1886 3037 1964 3074 AB,

198 3086 278 3117 item
303 3095 335 3118 v.
356 3088 407 3119 31.
430 3105 465 3111 -
493 3089 544 3120 30.
570 3091 701 3130 ymnius
724 3093 768 3122 A:
797 3092 927 3131 ¹quimus
951 3092 974 3122 B
990 3091 1014 3122 E
1037 3109 1070 3113 —
1097 3091 1149 3122 31,
1178 3090 1256 3120 iltuit
1278 3097 1355 3119 uere
1380 3088 1402 3118 B
1430 3106 1463 3110 -—
1491 3088 1543 3119 32.
1562 3088 1660 3119 miser
1676 3088 1732 3118 A2:
1760 3087 1871 3118 miseri
1890 3087 1963 3117 A¹B

199 3152 234 3158 —
261 3137 313 3168 33.
340 3140 464 3182 ccnasti
486 3142 530 3177 Ας
561 3141 698 3171 σεηαείὶε
721 3142 764 3178 Β;
791 3142 934 3172 coenasti
959 3142 988 3172 M
1004 3142 1028 3172 O
1058 3160 1091 3164 -—
1118 3142 1178 3172 isto
1194 3143 1217 3171 A
1237 3158 1279 3163 —
1303 3139 1354 3172 34.
1380 3138 1558 3178 Consumis]
1585 3139 1626 3169 σᾶ
1648 3137 1750 3169 sumis
1773 3138 1812 3167 Α1
1834 3154 1868 3158 -
1894 3136 1966 3166 aci-

194 3188 339 3229 pensere]
365 3189 528 3220 accubans
552 3198 627 3221 aere
650 3192 673 3221 A
690 3191 731 3227 153
766 3191 927 3222 accubant
952 3200 1028 3222 aere
1053 3192 1076 3222 E
1108 3210 1141 3213 -—
1175 3199 1249 3221 cum
1272 3190 1303 3219 in
1333 3190 1399 3220 dec.
1430 3188 1621 3220 Lambinus
1647 3206 1690 3211 -
1721 3187 1891 3218 decimano
1918 3187 1962 3216 A:

197 3237 373 3269 decimacio
397 3239 442 3277 B;
468 3239 648 3271 decumano
672 3241 742 3272 Mo
762 3257 796 3263 —
825 3242 878 3272 35.
904 3241 993 3282 hacc]
1019 3241 1070 3271 hic
1095 3241 1116 3271 Β
1146 3257 1180 3262 -
1206 3247 1325 3271 cenare
1347 3239 1430 3271 AB:
1456 3247 1596 3271 coenare
1612 3238 1701 3276 MO3
1728 3238 1812 3269 item
1829 3235 1929 3267 infra.
