2249 3624
289 242 371 284 958
1029 240 1310 282 CICERONIS

288 347 465 396 homine,
494 346 545 384 de
574 358 653 397 quo
681 358 847 397 genere,
870 345 921 384 de
942 356 1022 395 quo
1051 345 1214 382 nomine
1244 343 1470 381 sententias
1497 343 1653 382 seratis!
1710 342 2048 383 Obliviscendum

288 409 404 448 vobis
433 410 584 460 putatis
612 414 786 448 matrum
812 408 852 446 in
877 407 1045 455 liberos,
1074 407 1251 445 virorum
1280 406 1320 444 in
1347 417 1498 444 uxores
1527 405 1710 445 scelera?
1752 406 1927 445 Cernitis
1955 419 2048 446 cru-

289 470 453 509 delitate
482 472 628 510 mixtas
656 470 862 518 libidines,
890 468 1038 507 videtis
1066 469 1289 516 immanes,
1329 467 1503 506 duorum
1540 470 1808 506 maximorum
1836 469 2049 508 criminum

288 538 502 583 auctores,
545 533 695 584 quibus
735 531 973 571 criminibus
1010 531 1110 570 haec
1145 536 1227 569 tota
1264 529 1374 581 apud
1408 533 1571 579 ignaros
1613 535 1682 569 aut
1710 529 1869 569 invidos
1903 532 2050 570 famata

257 601 411 635 5causa
441 601 517 643 est,
547 596 653 633 omni
682 595 859 634 facinore
889 599 928 632 et
955 593 1104 643 flagitio
1134 592 1382 631 deformatos
1410 592 1582 631 habetis.

390 659 447 697 14.
491 659 594 697 Num
627 658 747 708 igitur
782 657 823 695 in
847 656 907 695 his
937 656 1197 703 criminibuS,
1226 655 1405 703 iudices,
1444 654 1600 693 residet
1637 656 1717 694 iam
1746 655 1882 707 aliqua
1910 657 2051 708 suspi-

287 721 380 759 cio?
423 722 510 760 Non
537 724 784 771 perpurgata
814 718 940 757 sunt?
966 730 1048 756 non
1076 718 1278 756 refutata?
1307 730 1387 755 non
1414 717 1568 756 fracta‘?
1603 718 1678 765 Qui
1701 718 1822 768 igitur
1840 717 1881 757 id
1902 718 2049 757 factum

289 784 379 822 est‘?
432 784 533 830 Ouia
561 781 708 820 dedisti
735 781 844 830 mihi,
875 781 1015 829 Triari,
1044 779 1154 831 quod
1195 779 1414 828 diluerem,
1454 780 1494 818 in
1531 791 1611 830 quo
1646 786 1969 830 argumentarer,
1999 780 2050 819 de

289 859 369 897 quo
399 845 673 896 disputarem;
718 844 811 894 quia
851 855 982 893 genus
1018 843 1105 881 eius
1133 842 1240 881 modi
1278 843 1350 880 suit
1378 842 1615 891 criminum,
1653 842 1763 893 quod
1801 855 1882 881 non
1923 848 2051 881 totum

240 908 489 960 10penderet
527 919 577 945 ex
609 912 735 954 teste,
777 905 850 944 sed
885 904 994 956 quod
1028 904 1279 955 ponderaret
1314 903 1439 942 iudex
1474 904 1564 955 ipse
1591 917 1667 955 per
1695 917 1752 943 se.
1821 905 1879 945 15.
1909 906 2051 955 Neque

288 984 400 1020 vero,
428 969 601 1017 iudices,
631 968 855 1019 quidquam
885 967 994 1006 aliud
1022 968 1063 1005 11]
1091 968 1228 1017 ignoto
1257 972 1361 1004 teste
1390 967 1526 1005 facere
1555 966 1778 1016 debemus,
1807 968 1882 1006 nisi
1912 974 1955 1007 ut
1982 981 2051 1007 ar-

287 1040 493 1086 gumento,
523 1033 772 1079 coniectura,
813 1031 1047 1082 suspicione
1090 1043 1226 1069 rerum
1258 1030 1438 1080 ipsarum
1466 1030 1546 1068 vim
1573 1036 1843 1081 naturamque
1873 1043 2051 1081 quaera-

287 1109 392 1136 mus.
445 1096 603 1134 Etenim
632 1095 747 1133 testis
775 1106 856 1132 non
885 1094 1004 1132 modo
1023 1094 1131 1141 Aser,
1162 1098 1232 1132 aut
1259 1091 1416 1131 Sardus
1445 1104 1559 1140 sane,
1591 1094 1622 1130 si
1652 1093 1705 1131 ita
1733 1105 1777 1131 se
1805 1093 1870 1131 isti
1898 1092 2052 1132 malunt

287 1159 500 1203 nominari,
531 1157 603 1197 sed
633 1157 765 1208 quivis
791 1158 911 1195 etiam
933 1156 1158 1206 elegantior
1177 1168 1224 1194 ac
1245 1154 1470 1205 religiosior
1497 1155 1663 1206 impelli,
1695 1155 1908 1205 deterreri,
1939 1155 2048 1206 fingi,

238 1228 274 1256 ⁴5
288 1223 394 1260 flecti
422 1226 576 1272 potest;
609 1220 797 1258 dominus
827 1225 890 1258 est
916 1221 1005 1270 ipse
1033 1219 1252 1258 voluntatis
1281 1231 1400 1267 suae,
1439 1219 1477 1257 in
1507 1230 1587 1269 quo
1616 1224 1677 1257 est
1705 1219 1902 1269 impunita
1931 1231 2050 1257 men-

287 1284 412 1324 tiendi
453 1284 628 1323 licentia,
699 1284 756 1321 16.
797 1284 1090 1332 Argumentum
1125 1294 1241 1329 vero,
1284 1281 1395 1332 quod
1429 1282 1595 1332 quidem
1634 1287 1697 1320 est
1741 1282 1951 1333 proprium
1994 1282 2051 1319 rei

289 1350 437 1400 (neque
467 1348 573 1386 enim
602 1346 726 1385 ullum
756 1345 865 1384 aliud
893 1350 1176 1396 argumentum
1200 1358 1298 1384 vere
1327 1346 1461 1384 vocari
1496 1349 1668 1396 potest),
1698 1357 1835 1383 rerum
1863 1356 1944 1383 vox
1972 1349 2049 1393 est,

288 1418 458 1451 naturae
487 1409 717 1459 vestigium,
748 1408 930 1446 veritatis
960 1414 1078 1447 nota:
1109 1407 1150 1445 id
1171 1407 1474 1458 qualecumque
1503 1413 1579 1456 est,
1609 1413 1773 1446 maneat
1799 1405 2052 1445 immutabile

288 1485 462 1513 11606556
491 1478 573 1511 est:
605 1484 685 1509 non
715 1471 821 1508 enim
852 1470 1015 1517 lingitur
1042 1470 1093 1508 ab
1116 1476 1294 1520 oratore,
1325 1469 1399 1508 sed
1428 1470 1612 1508 sumitur.
1669 1471 1804 1516 Quare
1830 1470 1870 1507 in
1901 1481 1948 1507 eo
1978 1480 2052 1518 ge-

238 1541 275 1570 20
290 1549 388 1576 nere
423 1534 694 1575 accusationis
732 1534 763 1571 si
792 1534 1000 1579 vincerer,
1041 1533 1355 1572 succumberem
1395 1538 1435 1571 et
1470 1532 1683 1571 cederem:
1726 1532 1914 1570 vincerer
1942 1532 2050 1570 omni

290 1611 347 1649 re,
379 1599 566 1636 vincerer
593 1609 732 1644 causa,
762 1596 950 1634 vincerer
977 1596 1160 1634 veritate.
1221 1597 1276 1634 17.
1311 1597 1468 1645 Agmen
1497 1601 1539 1633 tu
1567 1595 1660 1633 mihi
1692 1594 1864 1633 inducas
1895 1593 2051 1634 Sardo-

288 1673 377 1701 rum
406 1665 446 1698 et
473 1666 681 1707 catervas,
711 1664 751 1696 et
778 1671 842 1696 me
871 1671 951 1696 non
979 1659 1216 1698 criminibus
1248 1671 1416 1709 urgere,
1455 1658 1529 1697 sed
1557 1659 1743 1696 Afrorum
1772 1658 1935 1697 fremitu
1961 1663 2049 1696 ter-

261 1735 380 1762 1616
417 1722 594 1761 conere?
660 1723 747 1760 Non
781 1727 924 1771 potero
966 1720 1158 1772 equidem
1199 1721 1433 1771 disputare,
1476 1720 1551 1759 sed
1587 1720 1639 1759 ad
1675 1720 1818 1759 horum
1856 1719 1978 1758 fidem
2009 1724 2050 1758 et

287 1784 644 1826 mansuetudinem
686 1787 906 1831 consuqere,
948 1783 1000 1821 ad
1042 1787 1099 1822 ius
1139 1787 1340 1822 iurandum
1384 1787 1562 1829 iudicum,
1609 1786 1657 1820 ad
1696 1783 1833 1834 populi
1878 1783 2045 1822 Romani

238 1855 274 1883 25
290 1849 539 1897 aequitatem,
576 1848 644 1898 qui
674 1847 776 1885 hanc
804 1847 991 1886 familiam
1018 1848 1057 1885 111
1090 1847 1165 1886 1130
1194 1847 1296 1886 01116
1332 1847 1558 1898 principem
1586 1846 1711 1884 voluit
1739 1858 1847 1896 esse,
1877 1845 2047 1884 deorum

287 1911 573 1952 immortalium
602 1923 753 1949 numen
780 1909 998 1960 implorare
1025 1915 1188 1961 potero,
1219 1911 1287 1961 qui
1317 1921 1483 1961 semper
1510 1909 1756 1947 exstiterunt
1788 1908 1881 1946 huic
1908 1908 2049 1958 generi

289 1975 525 2024 nominique
554 1974 747 2012 fautores.

393 2039 450 2076 18.
496 2037 721 2086 «Poposcit,
749 2035 978 2085 imperavit,
1004 2034 1167 2085 eripuit,
1197 2034 1367 2084 coegit».
1389 2056 1433 2061 —
1455 2034 1494 2073 Si
1525 2033 1645 2072 docet
1672 2032 1837 2082 tabulis,
1860 2033 2050 2083 quoniam

290 2099 414 2140 babet
441 2099 588 2137 seriem
618 2096 825 2149 quandam
854 2102 894 2134 et
922 2096 1106 2134 ordinem
1136 2096 1330 2134 contracti
1359 2097 1508 2145 negotii
1545 2096 1742 2134 confectio
1771 2095 1860 2145 ipsa
1887 2093 2051 2133 tabula—

238 2176 400 2205 3010111,
431 2161 639 2200 attendam
668 2159 816 2198 acriter
844 2165 906 2208 et,
937 2158 1033 2209 quid
1062 2159 1101 2196 in
1126 2157 1385 2196 defendendo
1419 2158 1512 2196 1111111
1542 2157 1745 2208 agendum
1775 2157 1847 2205 sit,
1884 2156 2049 2196 videbo.

291 2226 332 2264 Si
361 2224 539 2274 denique
568 2225 698 2261 nitere
727 2222 916 2271 testibus,
946 2233 1026 2258 non
1056 2220 1144 2258 dico
1165 2220 1284 2258 bonis
1304 2220 1400 2258 viris
1420 2233 1467 2259 30
1486 2220 1683 2271 probatis,
1713 2220 1794 2258 noti
1815 2220 1895 2257 sint
1915 2218 2049 2268 modo,

291 2299 414 2338 quem
442 2286 495 2326 ad
521 2285 687 2324 modum
716 2285 809 2322 mihi
836 2297 926 2323 cum
948 2295 1112 2334 quoque
1134 2284 1184 2321 sit
1204 2283 1518 2333 confligendum,
1550 2282 1834 2321 considerabo.
1891 2283 1947 2321 19.
1981 2282 2050 2320 Sin

290 2362 397 2389 unus
425 2349 550 2399 color,
589 2362 669 2388 una
697 2361 796 2396 vox]
836 2360 914 2386 una
952 2347 1060 2385 natio
1097 2352 1160 2384 est
1187 2346 1366 2384 omnium
1396 2346 1582 2393 testiu1n;
1621 2346 1673 2392 si,
1705 2345 1814 2395 quod
1842 2345 1866 2382 ii
1895 2343 2050 2393 dicunt,

290 2425 373 2452 non
402 2411 521 2451 modo
549 2410 669 2449 nullis
699 2409 974 2459 argumentis,
1013 2407 1087 2446 sed
1116 2420 1167 2445 116
1195 2407 1401 2446 literarum
1436 2407 1601 2458 quidem
1639 2406 1775 2457 aliquo
1803 2418 1955 2456 genere
1982 2410 2052 2445 aut

239 2488 276 2517 35
291 2475 546 2526 publicarum
581 2478 649 2511 aut
681 2473 955 2524 privatarum,
997 2470 1108 2521 quod
1143 2475 1279 2508 tamen
1317 2471 1451 2520 ipsum
1484 2470 1577 2519 fingi
1609 2474 1766 2520 potest,
1810 2468 2050 2507 confirmare

293 2543 507 2576 conantur:
541 2548 620 2586 quo
649 2547 714 2573 me
742 2540 913 2581 vertam,
942 2532 1113 2581 iudices,
1148 2537 1217 2570 aut
1246 2530 1344 2582 quid
1375 2532 1525 2581 agam?
1579 2532 1679 2570 Cum
1709 2529 1877 2579 singulis
1906 2529 2051 2580 dispu-

292 2606 372 2639 tem
388 2601 406 2638 ἶ)
460 2600 486 2647 †
514 2597 649 2645 Quid?
687 2609 767 2635 non
807 2595 981 2635 habuisti
1020 2593 1131 2645 quod
1167 2593 1316 2632 dares?
1345 2616 1388 2622 —
1418 2593 1618 2632 Habuisse
1648 2605 1692 2631 56
1724 2591 1844 2630 dicet.
1878 2614 1921 2619 ——
1951 2592 2050 2638 Quis

379 2763 409 2794 3.
447 2761 599 2793 inmanis
629 2762 686 2797 Α,;
724 2762 881 2791 ceterum
915 2759 964 2790 sic
994 2757 1147 2789 distinxit
1178 2757 1214 2788 Β.
1270 2757 1402 2788 Ceteri:
1439 2757 1554 2788 videtis
1586 2756 1744 2786 immanes
1779 2754 1919 2785 duorum
1948 2763 1992 2785 m.
2019 2763 2048 2785 6.

294 2815 445 2844 auctores
467 2830 485 2835 -
501 2829 517 2834 -
543 2815 605 2848 630·
630 2810 717 2841 omui
742 2811 808 2840 etc.
838 2826 873 2831 —
902 2807 932 2840 4.
966 2808 1154 2847 diffamata,
1181 2805 1232 2837 vel
1259 2807 1437 2846 infamata,
1463 2806 1516 2838 vel
1541 2806 1671 2844 famosa
1694 2805 1870 2835 variorum
1896 2804 2047 2844 suspice.

295 2879 329 2884 —
358 2862 386 2892 6.
415 2862 530 2892 reside!
554 2863 624 2892 iam
648 2861 730 2892 Mai:
756 2860 834 2889 resia
858 2860 957 2889 etiam
980 2859 1039 2890 Α.;
1065 2857 1184 2887 residet
1207 2858 1306 2887 eliam
1330 2856 1374 2887 de
1400 2857 1516 2888 1161111.
1543 2855 1632 2887 coni.
1652 2857 1685 2886 P.
1716 2870 1751 2876 -
1780 2853 1810 2884 9.
1838 2854 1925 2894 quod
1948 2857 2050 2884 lotum

292 2921 357 2943 non
382 2911 566 2942 lleinricbii
597 2911 685 2942 coni.
723 2927 755 2931 —
791 2909 840 2939 16.
875 2908 962 2948 quod
994 2907 1123 2947 quidem
1147 2909 1191 2937 est
1218 2906 1380 2937 Heinrich
1406 2908 1439 2937 et
1464 2906 1646 2944 Kreyssig:
1680 2910 1807 2943 quoque
1836 2904 1920 2934 (16631
1944 2904 1982 2934 A.
2013 2919 2047 2925 —-

292 2961 345 2993 24.
377 2962 550 3000 consuyere
573 2978 590 2983 —
607 2979 624 2983 -
649 2958 858 3000 aequitatem]
885 2959 934 2989 sic
958 2958 994 2988 B.
1023 2955 1160 2987 Codicis
1191 2956 1362 2996 scriptura
1394 2955 1540 2987 evanida
1565 2956 1629 2985 est.
1661 2971 1693 2975 —
1720 2953 1772 2984 28.
1810 2953 1903 2984 <loces
1930 2952 2050 2983 nescio

294 3012 392 3042 cuius
416 3011 520 3048 coni,
547 3012 583 3041 ut
607 3019 685 3041 mox
712 3011 765 3040 est
790 3010 900 3039 nitere.
932 3023 965 3029 -—
994 3006 1046 3037 28.
1076 3006 1167 3037 llaec
1193 3006 1350 3044 quoniam
1373 3005 1466 3036 habet
1482 3008 1644 3042 --atque
1666 3003 1809 3033 iniurias
1833 3002 1930 3042 §.⁶2:⁰2
1950 3009 2051 3042 prae-

294 3061 379 3093 bent
402 3061 440 3090 A.
467 3061 500 3090 et
524 3060 559 3090 T.
595 3077 627 3082 —
661 3059 713 3090 32.
745 3058 985 3098 cousliqenrlmu
1009 3057 1050 3087 sit
1073 3057 1111 3087 A.
1149 3072 1184 3077 —
1218 3055 1269 3085 36.
1304 3056 1415 3086 Locus
1440 3056 1637 3095 corruptus,
1687 3054 1740 3084 Sic
1765 3052 1844 3083 dedi
1871 3052 1942 3084 sere
1968 3059 2049 3082 cum

295 3113 410 3150 Peyr.,
437 3110 500 3140 nisi
526 3108 619 3148 quod
645 3109 671 3139 is
696 3118 727 3148 p.
748 3108 799 3139 78.
828 3108 912 3146 Quid
935 3107 968 3137 id
992 3107 1069 3136 sciet
1093 3107 1213 3135 contra
1240 3104 1343 3135 codd.
1371 3104 1489 3135 fidem.
1530 3122 1563 3126 —
1607 3103 1691 3142 Quid
1713 3111 1778 3133 nou
1801 3101 1943 3132 habuisti
1965 3101 2051 3139 quod

294 3162 390 3191 clares
412 3159 559 3190 habuisse
581 3167 612 3189 se
635 3159 735 3188 ‹liecct
760 3158 830 3195 quis
855 3158 885 3187 id
909 3156 985 3186 sciet
1010 3155 1082 3193 quis
1113 3153 1272 3184 iudicabit
1294 3162 1358 3183 uon
1382 3154 1483 3191 fuisso
1512 3161 1647 3183 eausam
1668 3152 1768 3191 finyet
1794 3150 1892 3189 fuisse
1917 3150 1971 3189 qui
1994 3157 2049 3180 re-

292 3211 436 3251 fellemus
454 3209 596 3248 potuisse
618 3216 682 3237 uon
707 3208 789 3238 dare
811 3208 837 3237 si
861 3206 1016 3237 voluisset
1039 3205 1070 3235 υἱ
1095 3205 1162 3235 cet.
1189 3204 1224 3234 T.
1256 3220 1285 3224 —
1318 3203 1402 3242 Quid
1425 3213 1489 3234 nou
1512 3202 1651 3233 habuis!i
1677 3201 1761 3239 quod
1785 3200 1881 3230 dares
1902 3198 2050 3230 habuisse

293 3269 325 3291 se
349 3260 427 3291 dicit
451 3258 522 3297 quis
544 3257 579 3287 id
600 3256 675 3287 sciet
699 3257 770 3295 quis
793 3256 826 3286 id
849 3255 1009 3286 iudicavit
1033 3263 1098 3284 uon
1120 3253 1217 3292 fuisse
1240 3260 1377 3282 causam
1399 3252 1498 3291 finget
1520 3251 1618 3290 fuisse
1634 3250 1690 3288 qui
1712 3248 1893 3288 refellemus
1905 3247 2050 3284 potuisse

292 3319 358 3340 non
381 3309 461 3339 dare
484 3316 516 3338 36
538 3306 691 3336 noluisset
713 3306 746 3336 vi
770 3306 837 3336 cet.
863 3307 901 3335 Α.
931 3319 964 3325 -
994 3303 1102 3335 Maius
1133 3301 1222 3333 male
1255 3301 1311 3332 hic
1337 3299 1414 3332 solia
1440 3299 1601 3341 Palimps.
1627 3301 1666 3331 A.
1693 3297 1883 3330 ordinavit:
1911 3305 1943 3338 p.
1969 3297 2043 3329 25.:
