2249 3624
581 164 670 203 Lm.
702 164 752 203 11.
797 162 893 203 CAP.
926 164 1151 203 viu-x.
1192 162 1250 216 §3
1284 160 1473 201 ‹is-⁶25.
1835 160 1916 201 529

145 274 178 314 si
207 272 290 312 fato
323 269 461 309 omnia
492 266 607 315 liunt,
641 269 744 308 nihil
778 284 852 309 nos
883 269 1109 309 admonere
1143 275 1278 322 potest
1310 275 1353 307 ut
1385 268 1592 308 cautiores
1618 268 1773 316 simus;
1809 282 1915 321 quo-

144 349 226 390 quo
258 334 367 373 enim
400 333 524 371 modo
557 345 631 371 nos
664 334 929 384 gesserimuS,
962 334 1032 372 fiet
1061 341 1196 372 tamen
1231 331 1347 377 illud,
1380 330 1492 383 quod
1516 330 1700 369 futurum
1724 337 1798 369 est.
1842 331 1912 370 Sin

143 404 279 438 autem
310 396 350 434 id
384 386 521 447 p'otest
552 394 675 441 llecti,
708 397 867 435 nullum
901 403 961 435 cst
996 397 1149 436 satum:
1183 396 1236 434 ita
1270 408 1319 433 ne
1352 394 1556 433 divinatio
1590 394 1778 446 quidem,
1811 406 1914 446 qno-

143 459 253 499 niam
286 470 332 496 ea
364 469 500 496 rerum
533 456 769 497 suturarum
804 466 880 498 est.
925 460 1033 498 Niliil
1058 465 1194 498 antem
1218 465 1279 497 est
1312 471 1385 510 pro
1417 463 1528 496 certo
1560 456 1765 504 futurum,
1798 456 1913 510 quod

143 525 279 575 potest
308 518 448 571 aliqua
481 521 773 572 procuratione
807 522 994 561 accidere
1029 536 1079 562 ne
1112 521 1193 560 liat.
1929 531 1947 559 ὅ

253 582 324 621 lx.
358 578 422 619 Ἠ.
455 584 590 634 Atque
622 596 698 633 ego
733 596 783 621 ne
816 585 959 623 utilem
993 585 1162 637 quidem
1195 583 1373 622 arbitror
1405 596 1495 621 esse
1529 581 1649 620 nobis
1683 579 1914 620 futurarum

142 658 279 686 rerum
311 644 541 683 scientiam.
605 644 722 692 Quae
765 646 876 684 enim
919 647 1000 685 vita
1043 647 1189 685 fuisset
1232 646 1422 690 Priamo,
1471 645 1504 684 si
1547 644 1597 682 ab
1629 643 1917 683 adulescentia

142 709 286 749 scisset
332 720 438 760 quos
481 712 656 746 eventus
698 709 927 748 senectutis
973 715 1083 747 esset
1130 708 1378 746 habiturus?
1440 709 1648 745 Abeamus
1688 720 1708 744 a
1750 706 1916 752 fabulis,

142 771 335 824 propiora
358 770 586 809 videamus.
631 770 971 810 Clarissimorum
1004 770 1220 810 hominum
1254 777 1418 808 nostrae
1448 769 1625 808 civitatis
1648 770 1916 820 gravissimos

141 833 277 873 exitus
309 832 350 870 in
384 830 679 872 Consolatione
712 833 970 885 collegimus.
1034 832 1146 881 Quid
1180 832 1308 883 igitur
1326 834 1342 870 ἱ)
1377 838 1419 870 ut
1451 832 1693 870 omittamus
1725 832 1967 883 superio-¹0

141 895 216 941 ris,
247 895 442 933 Marcone
476 894 623 934 Crasso
658 903 776 948 putas
810 897 911 935 utile
943 896 1086 941 fuisse,
1120 902 1206 934 tum
1241 908 1331 933 cum
1366 894 1569 933 maxumis
1603 893 1753 946 opibus
1787 894 1918 934 fortu-

140 958 289 1010 nisque
322 957 509 1003 ssorebat,
542 958 648 996 scire
681 958 761 997 sibi
794 958 1014 998 interfecto
1042 957 1189 997 Publio
1222 954 1309 995 lilio
1343 956 1620 1008 exercituque
1643 956 1780 996 deleto
1805 964 1916 996 trans

139 1019 391 1073 Euphratem
431 1034 523 1059 cum
557 1021 787 1072 ignominia
819 1028 859 1061 et
891 1020 1099 1060 dedecore
1132 1032 1223 1058 esse
1258 1018 1547 1072 pereundum?
1606 1019 1668 1056 An
1704 1020 1775 1058 Cn.
1799 1021 1918 1060 Pom-

141 1083 281 1136 peium
322 1096 467 1121 censes
507 1082 639 1122 tribus
678 1084 764 1123 suis
806 1083 1121 1128 consulatibus,
1169 1082 1300 1121 tribus
1344 1081 1595 1132 triumphis,
1643 1083 1918 1123 maximarum

142 1158 277 1184 rerum
319 1145 450 1198 gloria
491 1145 738 1186 laetaturum
777 1146 930 1193 fuisse,
976 1146 1009 1185 si
1043 1145 1168 1184 sciret
1207 1158 1250 1184 se
1283 1145 1324 1183 in
1358 1143 1585 1183 solitudine
1619 1146 1969 1198 Aegyptiorumis

141 1207 391 1247 trucidatum
424 1208 473 1246 iri
506 1208 659 1248 amisso
693 1210 900 1257 exercitu,
935 1214 1030 1262 post
1062 1214 1234 1247 mortem
1268 1221 1365 1247 vero
1398 1220 1446 1246 ea
1479 1213 1778 1254 consecutura,
1811 1222 1917 1261 quae

142 1270 230 1310 sine
262 1270 444 1310 lacrimis
477 1284 560 1310 non
594 1285 816 1324 possumus
849 1273 1018 1312 dicere?
1080 1269 1146 1309 23.
1181 1270 1291 1318 Quid
1324 1283 1422 1309 vero
1457 1269 1675 1309 Caesarem
1709 1277 1915 1324 putamus,

142 1334 175 1374 si
207 1333 437 1374 divinasset
466 1333 555 1373 fore
587 1340 632 1373 ut
662 1335 701 1373 iu
737 1348 785 1374 eo
818 1341 990 1381 senatu,
1026 1347 1149 1388 quem
1184 1333 1340 1372 maiore
1372 1346 1424 1371 ex
1456 1338 1573 1384 parte
1604 1334 1694 1385 ipse
1726 1341 1920 1387 cooptas-

142 1401 218 1442 set,
249 1398 291 1435 in
324 1396 437 1436 curia
460 1397 671 1449 Pompeia,
704 1404 797 1437 ante
830 1398 963 1450 ipsius
994 1396 1165 1449 Pompei
1199 1395 1492 1441 simulacrum,
1516 1402 1576 1435 tot
1599 1396 1918 1436 centurionibus

141 1459 227 1498 suis
259 1458 613 1510 inspectantibus,
653 1472 676 1498 a
708 1460 996 1499 nobilissumis
1029 1459 1214 1506 civibus,
1257 1459 1404 1511 partim
1437 1458 1562 1498 etiam
1595 1472 1619 1498 a
1649 1472 1692 1497 se
1725 1460 1970 1499 omnibusso

141 1521 263 1561 rebus
294 1521 473 1567 ornatis,
508 1520 738 1561 trucidatus
770 1523 826 1562 ita
858 1523 1036 1569 iaceret,
1077 1528 1123 1561 ut
1154 1521 1205 1561 ad
1239 1522 1329 1561 eius
1362 1533 1513 1573 corpus
1546 1534 1630 1560 non
1663 1522 1788 1561 modo
1820 1523 1919 1562 ami-

141 1595 285 1623 corum
317 1584 389 1622 sed
422 1597 472 1623 ne
505 1596 719 1623 servorum
753 1585 924 1638 quidem
957 1585 1182 1638 quisquam
1205 1583 1443 1630 accederet,
1477 1597 1560 1636 quo
1584 1585 1770 1624 cruciatu
1792 1584 1919 1624 animi

142 1645 265 1684 vitam
297 1651 485 1685 acturum
517 1646 674 1686 fuisse?
723 1647 842 1687 Certe
874 1649 1000 1700 igitur
1031 1647 1238 1699 ignoratio
1271 1645 1507 1685 futurorum
1540 1647 1743 1686 malorum
1776 1647 1922 1686 utilior

143 1713 206 1747 est
237 1720 360 1761 quam
393 1708 581 1748 scientia.
644 1707 709 1749 ⁶24.
755 1712 858 1750 Nam
897 1709 999 1750 illud
1041 1709 1211 1763 quidem
1251 1709 1362 1755 dici,
1408 1711 1655 1762 praesertim
1693 1723 1716 1749 a
1755 1710 1920 1756 Stoicis,

142 1770 259 1810 nullo
291 1770 415 1811 modo
448 1778 608 1824 potest:
640 1787 723 1813 non
755 1774 858 1813 isset
888 1773 939 1813 ad
971 1787 1084 1812 arma
1106 1773 1355 1826 Pompeius;
1391 1785 1474 1811 non
1507 1772 1726 1811 transisset
1749 1772 1919 1812 Crassus
1934 1786 1971 1814 25

141 1833 426 1886 Euphratem;
475 1849 560 1875 non
603 1837 859 1890 suscepisset
900 1837 1057 1876 bellum
1095 1836 1217 1876 civile
1259 1835 1425 1875 Caesar.
1486 1836 1579 1874 Non
1619 1835 1745 1887 igitur
1782 1835 1920 1874 fatalis

143 1897 282 1936 exitus
313 1896 569 1945 habuerunt;
603 1900 729 1940 vultis
761 1906 899 1940 autem
933 1900 1101 1939 evenire
1134 1898 1275 1939 omnia
1306 1897 1413 1937 fato:
1446 1898 1551 1937 nihil
1583 1911 1681 1951 ergo
1715 1898 1797 1937 illis
1827 1911 1920 1950 pro-

141 1957 290 1999 fuisset
320 1960 518 1999 divinare.
576 1963 713 2015 Atque
746 1963 869 2002 etiam
903 1976 1071 2002 omnem
1101 1962 1283 2001 fructum
1316 1961 1424 2000 vitae
1456 1961 1683 2014 superioris
1715 1960 1921 2014 perdidis-

143 2028 261 2069 sent;
302 2023 402 2075 quid
436 2024 545 2063 enim
578 2032 719 2077 posset
749 2027 800 2066 iis
833 2040 924 2066 esse
957 2026 1134 2072 laetum,
1167 2025 1303 2063 exitus
1336 2037 1436 2063 suos
1468 2024 1785 2076 cogitantibus?
1847 2024 1919 2070 Ita,

143 2098 312 2138 quoquo
346 2098 438 2125 sese
471 2088 669 2127 verterint
702 2088 854 2136 Stoici,
896 2090 1032 2129 iaceat
1057 2100 1239 2127 necesse
1280 2092 1343 2126 est
1375 2087 1509 2126 omnis
1543 2099 1687 2126 eorum
1719 2086 1970 2126 sollertia.3o

143 2146 187 2187 Si
217 2148 328 2187 enim
359 2148 426 2195 id,
459 2149 573 2203 quod
606 2157 853 2192 eventurum
886 2157 967 2198 est,
1000 2150 1066 2190 vel
1097 2150 1176 2189 hoc
1206 2149 1272 2188 vel
1304 2149 1378 2188 illo
1411 2149 1536 2188 modo
1568 2155 1708 2202 potest
1739 2149 1919 2195 evenire,

142 2209 309 2250 fortuna
341 2211 451 2250 valet
482 2211 732 2265 plurimum;
777 2227 884 2266 quae
916 2219 1055 2254 autem
1086 2212 1259 2251 fortuita
1290 2217 1406 2259 sunt,
1439 2218 1553 2251 certa
1584 2225 1675 2251 esse
1707 2224 1791 2250 non
1824 2225 1920 2265 pos-

143 2279 253 2313 sunt.
314 2273 387 2313 Sin
418 2280 557 2313 autem
589 2281 747 2315 certum
782 2282 858 2323 est,
891 2276 993 2330 quid
1025 2288 1193 2329 quaque
1226 2275 1276 2314 de
1308 2289 1352 2314 re
1385 2287 1557 2327 quoque
1589 2280 1777 2326 tempore
1809 2273 1921 2314 sutu-

143 2347 234 2374 rum
266 2336 344 2383 sit,
386 2335 488 2389 quid
529 2342 591 2376 est
631 2337 744 2391 quod
784 2351 848 2377 me
889 2339 1087 2378 adiuvent
1117 2337 1386 2391 haruspices,
1429 2350 1523 2376 cum
1563 2349 1630 2376 res
1663 2336 1919 2391 tristissimas

144 2398 337 2451 portendi
370 2399 600 2439 dixerunt?
1934 2415 1970 2444 35

256 2460 308 2500 X.
340 2458 408 2500 25.
442 2462 613 2502 Addunt
643 2462 696 2503 ad
727 2468 961 2503 extremum
994 2463 1133 2503 omnia
1164 2462 1298 2502 levius
1331 2474 1477 2501 casura
1500 2461 1625 2501 rebus
1650 2460 1800 2502 divinis
1822 2475 1920 2515 pro·

145 2523 309 2563 curatis.
359 2524 402 2564 Si
433 2525 543 2564 enim
576 2525 681 2565 nihil
713 2524 757 2566 fit
788 2532 906 2566 extra
936 2525 1087 2573 fatum,
1119 2524 1223 2565 nihil
1250 2525 1380 2564 levari
1402 2538 1446 2564 re
1469 2524 1610 2565 divina
1631 2531 1784 2577 potest.
1829 2525 1918 2564 Hoc

236 2698 265 2728 l.
291 2706 480 2730 ammonere
503 2698 530 2730 H
558 2717 593 2721 —
620 2708 749 2739 quoque
772 2700 825 2731 AB
854 2717 888 2722 —-
917 2700 948 2731 2.
975 2703 1022 2731 est
1046 2708 1122 2740 sup.
1142 2698 1200 2730 lin.
1220 2699 1246 2729 Α
1275 2715 1308 2720 ——
1337 2698 1367 2729 6.
1394 2697 1463 2738 eya]
1489 2706 1567 2737 erqo
1594 2697 1619 2728 H
1649 2714 1682 2720 —
1713 2698 1743 2729 8.
1772 2697 1923 2729 abiturus

146 2745 174 2778 H
201 2765 232 2770 —
263 2748 294 2778 9.
317 2748 479 2787 propiora
502 2748 623 2789 vulgo:
648 2751 831 2790 propriora
855 2750 893 2787 C,
921 2749 963 2780 cf.
990 2751 1014 2787 Ι,
1036 2748 1109 2789 §43
1129 2767 1164 2771 —
1193 2748 1245 2779 40.
1271 2748 1457 2787 superiores
1482 2748 1543 2778 llO
1570 2763 1604 2768 —
1634 2747 1685 2777 lt.
1702 2748 1816 2787 fuisset
1834 2748 1860 2779 H
1878 2766 1921 2770 -

144 2798 302 2829 maximis
326 2799 422 2829 BHO
450 2815 485 2820 —
513 2799 566 2830 43.
591 2800 755 2839 eufratem
779 2800 864 2837 ΑΗ,
890 2799 1041 2838 eufraten
1067 2799 1090 2829 B
1117 2808 1159 2830 ex
1184 2806 1276 2829 corr.
1306 2814 1341 2819 —
1371 2796 1422 2828 44.
1449 2797 1590 2836 triumfis
1612 2798 1638 2826 A
1666 2813 1699 2818 —
1730 2798 1781 2830 45,
1808 2807 1921 2828 rerum

147 2854 216 2878 om.
243 2847 265 2878 B
306 2865 339 2869 —
375 2847 488 2887 fuisset
512 2848 553 2879 Ηι
581 2866 615 2871 -
652 2851 760 2880 scisset
785 2848 976 2880 Lambinus
1015 2866 1050 2870 —
1087 2857 1119 2880 se
1143 2857 1164 2879 a
1188 2848 1324 2879 satellite
1347 2847 1509 2886 Aeyyplio
1530 2846 1796 2877 contrucidatam
1823 2847 1921 2879 Fabri

147 2903 261 2937 susp..
295 2906 327 2929 se
349 2899 385 2928 in
408 2898 512 2929 celoce
536 2899 695 2939 Aeyyplia
721 2900 853 2930 tandem
878 2899 1081 2930 trucidatum
1104 2898 1158 2929 vel
1183 2907 1215 2928 se
1238 2906 1259 2927 a
1282 2896 1481 2935 spadonibus
1504 2896 1672 2935 Aegyptiis
1695 2896 1824 2927 denium
1847 2900 1922 2928 tru—

146 2947 290 2978 cidatum
314 2947 473 2979 Davisius
499 2948 635 2987 maluit,
668 2959 700 2981 se
723 2950 897 2980 sollicitum
920 2950 955 2979 in
979 2949 1046 2980 solo
1069 2949 1306 2989 Aegyptiorum
1330 2947 1534 2977 trucidatum
1565 2945 1761 2977 l-'renzelius
1797 2964 1829 2969 -
1867 2948 1919 2979 ⁴6.

147 3004 183 3026 eo
207 2996 229 3027 Β
250 3012 283 3018 -—
313 2998 363 3029 48.
382 3002 568 3037 coaptasset
588 3000 612 3031 H
641 3017 676 3022 —
705 3000 756 3030 49.
781 3001 933 3039 pompeia
959 3000 1006 3031 C:
1033 3000 1234 3038 Pompeiana
1258 2996 1361 3028 codd.
1382 2996 1467 3027 dett.
1488 2996 1615 3027 Moseri
1640 2996 1664 3027 Ο
1694 3012 1726 3018 -
1756 2998 1806 3028 220.
1826 2997 1923 3028 nobi-

147 3044 276 3077 lissimis
300 3047 394 3079 BHO
423 3065 456 3070 —
487 3049 540 3079 21.
567 3050 732 3080 ordinatis
757 3050 799 3087 B,
826 3050 949 3080 orbatis
973 3049 1000 3080 H
1026 3066 1067 3071 —-
1092 3049 1142 3079 227..
1164 3048 1212 3089 ne]
1231 3056 1288 3078 nec
1313 3048 1335 3077 B
1362 3063 1396 3067 —
1425 3046 1477 3076 25.
1503 3054 1569 3076 non
1592 3046 1761 3076 transisset
1785 3045 1924 3078 Crassus

148 3093 352 3134 Euphratem
374 3105 441 3129 non
464 3098 538 3129 isset
562 3100 605 3130 ad
630 3109 730 3130 arma
752 3100 923 3139 Pompeius
953 3098 1054 3130 codd.
1082 3100 1163 3138 Reg.
1191 3100 1224 3128 et
1250 3095 1395 3128 Cantab.
1423 3096 1550 3127 Davisii
1578 3113 1611 3116 —
1649 3096 1804 3127 traxisset
1828 3097 1854 3127 H
1885 3113 1919 3119 —

150 3144 203 3176 ΞΒ.
221 3146 381 3184 eufratem
397 3148 455 3179 AH
483 3166 517 3170 ——
543 3149 663 3188 fatales
688 3149 750 3180 llO
778 3166 812 3170 ——
840 3150 893 3180 29.
914 3150 953 3180 iis
971 3149 1021 3180 ll:
1048 3148 1096 3179 liis
1113 3148 1170 3179 AB
1200 3164 1230 3170 -
1262 3147 1314 3177 30.
1335 3146 1541 3185 quoqueAH
1560 3162 1594 3166 —
1622 3154 1688 3177 sese
1713 3147 1757 3177 C:
1784 3155 1815 3177 se
1839 3147 1863 3177 Ο
1885 3164 1919 3168 -

151 3197 320 3226 uerterunt
344 3196 371 3227 H
398 3214 432 3218 —
460 3197 567 3229 luceat
592 3199 617 3229 H
646 3216 680 3220 -
708 3198 843 3229 solertia
867 3198 890 3228 B
920 3215 954 3220 -—
982 3197 1034 3229 34.
1062 3198 1196 3228 adiuuet
1221 3197 1279 3228 AB
1301 3213 1333 3218 -
1363 3195 1549 3234 haruspicis
1571 3197 1597 3226 A
1625 3213 1659 3216 —
1687 3196 1740 3228 35.
1767 3197 1925 3227 dixerunt

153 3242 236 3274 AH:
263 3245 410 3276 dixerint
434 3247 511 3285 ΒΟ,
547 3247 589 3279 cf.
617 3247 828 3287 Madxigium
859 3247 904 3279 ad
930 3248 1000 3279 Cic.
1028 3247 1071 3279 de
1099 3248 1182 3278 tinn.
1211 3256 1243 3287 p.
1263 3247 1325 3277 690
1360 3263 1394 3268 -
1432 3246 1484 3277 36.
1512 3246 1923 3285 αάααηι--ρνοεαι-αιὶε,’

154 3293 281 3326 sienim
305 3296 524 3329 Foertschius
548 3295 693 3339 1.1.p.4
713 3314 746 3320 —
775 3297 828 3329 37.
847 3298 977 3330 sienim
995 3298 1039 3329 C:
1065 3298 1092 3329 si
1110 3301 1220 3330 autem
1243 3296 1404 3328 Daxisius
1422 3296 1467 3336 O,
1491 3295 1594 3334 male,
1620 3296 1647 3326 si
1670 3296 1756 3327 enim
1772 3295 1922 3336 Ernesti,

226 3360 343 3391 Cietae
370 3362 403 3390 T.
423 3362 474 3394 lv.
1574 3354 1627 3398 34
