2249 3624
532 179 621 219 Lm.
652 179 722 218 111.
767 179 864 219 cst.
896 179 1205 219 xvia—xx.
1247 177 1307 232 §5
1338 178 1534 220 45-51.
1837 180 1918 221 463

146 288 287 328 beluas
304 286 344 326 in
362 285 535 324 deorum
554 298 773 324 numerum
790 298 1055 339 reponemus.
1074 286 1190 334 Quae
1210 286 1242 325 si
1262 287 1496 333 reiciamus,
1516 286 1585 326 illa
1605 299 1790 340 quoquc,
1806 288 1918 327 unde

144 351 246 390 haec
267 355 362 388 nata
384 353 491 393 suut,
515 348 750 387 reiciemus.
789 346 853 386 4⁸.
878 348 987 396 Quid
1015 350 1164 388 deinde
1182 352 1199 388 ἱ)
1239 351 1310 388 Ino
1335 350 1412 389 dea
1436 351 1613 390 ducetur
1635 356 1674 389 et
1691 351 1917 391 Λευκοθέα

144 425 166 452 a
184 410 365 455 Graecis,
388 422 410 448 a
432 410 551 448 nobis
576 411 732 449 Matuta
756 410 930 457 dicetur,
953 426 1045 451 cum
1070 413 1119 451 sit
1147 412 1288 450 Cadmi
1314 411 1409 458 lilia,
1434 412 1550 451 Circe
1574 418 1711 451 autem
1737 418 1774 451 et
1806 413 1920 452 Pasi-

143 475 249 527 phae
271 478 311 512 et
332 473 460 511 Aeeta
484 486 505 511 e
530 472 723 511 Perseide
743 472 898 512 Oceani
928 474 1013 513 filia
1043 475 1148 519 nati,
1182 481 1297 527 patre
1321 475 1438 521 Sole,
1471 476 1510 514 in
1540 474 1715 514 deorum
1745 488 1918 514 numero

142 549 223 575 non
245 534 538 573 habebuntur?
571 547 824 587 quamquain
852 535 996 574 Circen
1026 550 1195 589 quoque
1222 538 1359 576 coloni
1385 538 1514 577 nostri
1540 538 1800 577 Circeienses
1822 537 1950 576 reli-5

141 598 256 650 giose
278 596 433 636 colunt.
465 597 574 648 Ergo
597 598 700 635 lianc
724 597 843 635 (leam
867 596 1023 637 duces?
1053 599 1155 652 quid
1181 600 1351 638 Medeae
1374 600 1663 652 respondebis,
1686 614 1793 651 quae
1816 599 1919 640 duo-

141 662 218 700 bus
244 660 350 705 avis,
384 659 481 698 Sole
510 665 549 697 et
570 658 760 704 Oceano,
793 660 919 698 Aeeta
952 667 1084 712 patre,
1118 668 1248 700 matre
1280 663 1409 715 Idyia,
1444 669 1659 714 procreata
1687 665 1775 702 est?
1817 663 1918 717 quid

140 722 262 762 huius
293 722 473 775 Absyrto
505 721 640 766 fratri,
674 721 744 773 qui
777 727 839 760 est
867 722 978 774 apud
1004 724 1226 762 Pacuvium
1252 724 1510 775 Aegialeus‘?
1543 725 1614 764 sed
1638 725 1741 764 illud
1766 738 1919 765 nomeu

138 790 325 824 veterum
367 784 516 823 litteris
556 783 760 822 usitatius.
824 784 906 831 Qui
948 784 981 823 si
1015 784 1055 823 di
1096 798 1179 823 non
1212 791 1330 833 sunt,
1373 800 1522 826 vereor
1554 787 1656 839 quid
1689 794 1784 841 agat
1817 789 1917 835 lno;

137 848 239 887 haec
277 847 388 886 enim
430 846 572 885 omnia
611 858 663 884 ex
704 845 852 885 eodem
895 845 1008 885 fonte
1053 848 1277 886 fluxerunt.
1338 846 1404 887 4-9.
1437 850 1498 888 Αη
1531 850 1808 902 Amphiaraus
1840 852 1968 891 eritto

137 908 237 950 deus
270 915 310 948 et
340 906 638 961 Trophonius?
672 909 808 948 Nostri
832 909 1002 962 quidem
1030 909 1259 962 publicani,
1293 923 1384 949 eum
1409 917 1549 950 essent
1570 913 1656 963 agri
1682 913 1722 951 in
1747 914 1919 953 Boeotia

136 970 307 1012 deorum
340 971 625 1010 inmortalium
649 972 811 1023 excepti
842 971 933 1023 lege
955 971 1166 1018 censoria,
1199 970 1405 1024 negabant
1428 973 1658 1014 inmortalis
1681 988 1772 1014 esse
1795 976 1918 1024 ullos,

137 1034 207 1088 qui
242 1033 472 1087 aliquando
503 1032 697 1072 homines
729 1032 916 1073 fuissent.
965 1033 1046 1073 Sed
1080 1034 1113 1073 si
1146 1040 1242 1073 suut
1262 1034 1305 1073 hi
1329 1034 1394 1081 di,
1428 1041 1489 1074 est
1510 1041 1619 1075 certe
1642 1037 1918 1086 Erechtheus,

137 1095 258 1137 cuius‘
285 1096 460 1136 Athenis
492 1101 532 1134 et
563 1095 784 1134 delubrum
818 1096 999 1135 vidimus
1031 1102 1070 1136 et
1106 1097 1381 1136 sacerdotem.
1429 1097 1565 1144 Quem
1597 1099 1630 1138 si
1662 1099 1786 1139 deum
1819 1099 1918 1140 faci-

138 1172 252 1206 mus,
286 1158 386 1212 quid
419 1164 489 1197 aut
520 1158 571 1197 de
595 1157 729 1197 Codro
758 1157 946 1197 dubitare
972 1172 1194 1211 possumus
1216 1164 1288 1198 aut
1310 1158 1362 1197 de
1385 1160 1555 1207 ceteris,
1589 1162 1660 1214 qui
1684 1168 1969 1216 pugnantesa5

138 1235 211 1275 pro
242 1222 400 1276 patriae
434 1221 623 1267 libertate
655 1220 932 1260 ceciderunt?
964 1221 1078 1274 quod
1112 1221 1145 1260 si
1179 1221 1394 1273 probabile
1426 1235 1510 1260 non
1533 1228 1617 1269 est,
1651 1236 1702 1262 ne
1732 1224 1802 1264 illa
1826 1225 1918 1278 qui-

138 1284 231 1323 dem
265 1283 504 1336 superiora,
536 1282 647 1323 unde
678 1283 782 1322 haee
815 1289 1008 1330 manant,
1041 1283 1256 1336 probanda
1278 1289 1388 1323 sunt.
1448 1282 1515 1323 50.
1538 1286 1676 1338 Atque
1705 1287 1743 1325 in
1770 1287 1918 1340 pleris-

137 1360 219 1400 que
251 1343 490 1386 civitatibus
522 1345 709 1397 intellegi
742 1351 880 1397 potest
910 1345 1128 1398 augendae
1151 1346 1315 1386 virtutis
1338 1347 1491 1399 gratia,
1526 1360 1610 1400 quo
1638 1345 1835 1389 libentius
1856 1349 1917 1390 rei

137 1407 328 1462 publicae
365 1421 490 1448 causa
530 1408 764 1461 periculum
796 1408 930 1448 adiret
961 1408 1143 1461 optimus
1175 1409 1380 1462 quisque,
1412 1409 1596 1448 virorum
1629 1409 1798 1450 fortium
1832 1426 1917 1452 me—

136 1471 309 1511 moriam
341 1471 498 1511 honore
530 1471 702 1510 deorum
746 1470 1041 1509 immortalium
1075 1476 1371 1510 consecratam.
1423 1470 1487 1510 Ob
1519 1484 1608 1510 eam
1641 1473 1752 1512 enim
1785 1474 1915 1527 ipsam
1930 1485 1967 1513 20

136 1547 303 1574 causam
335 1533 594 1572 Erechtheus
626 1533 800 1572 Athenis
832 1531 1028 1586 filiaeque
1051 1534 1141 1572 eius
1173 1533 1216 1572 in
1248 1546 1424 1573 numero
1449 1535 1621 1574 deorum
1646 1542 1764 1583 sunt,
1796 1537 1917 1577 item-

137 1609 217 1649 que
247 1596 277 1647 ·1·
308 1596 579 1635 Leonaticum
621 1601 683 1635 est
724 1595 943 1634 delubrum
982 1595 1179 1642 Athenis,
1227 1595 1342 1648 quod
1393 1596 1624 1636 Leocorion
1664 1598 1915 1639 nominatur.

137 1659 451 1698 Alabandenses
494 1657 664 1711 quidem
707 1659 886 1697 sanctius
926 1657 1187 1697 Alabandum
1231 1658 1397 1705 colunt,
1437 1672 1460 1698 a
1499 1671 1583 1712 quo
1624 1664 1686 1699 est
1717 1658 1815 1700 urbs
1845 1661 1916 1701 illa

138 1720 326 1767 condita,
368 1734 492 1773 quam
528 1733 785 1773 quemquam
828 1720 1034 1759 nobilium
1069 1720 1263 1767 deorum;
1302 1720 1412 1773 apud
1454 1734 1561 1774 quos
1592 1735 1676 1761 non
1709 1723 1915 1764 inurbane

139 1783 419 1829 Stratonicus,
457 1788 503 1822 ut
541 1783 692 1830 multa,
732 1796 825 1822 eum
857 1783 1028 1836 quidam
1069 1783 1105 1822 ei
1137 1782 1337 1823 molestus
1370 1783 1632 1823 Alabandum
1665 1784 1788 1824 deum
1822 1799 1914 1826 esse
1929 1799 1967 1828 -25

137 1845 417 1890 confirmaret,
452 1845 674 1885 Herculem
697 1852 886 1898 negaret,
924 1846 1082 1897 «Ergo»
1108 1845 1247 1898 inquit
1273 1845 1397 1884 «mihi
1419 1846 1682 1894 Alabandus,
1714 1847 1789 1887 tibi
1811 1848 1916 1888 Her-

137 1907 251 1948 cules
283 1909 337 1948 sit
366 1909 495 1948 iratus
520 1908 564 1946 !»
628 1908 720 1947 XX.
745 1905 811 1948 51.
844 1908 917 1947 llla
947 1914 1107 1954 autem,
1139 1908 1289 1955 Balbe,
1323 1921 1433 1961 quae
1457 1914 1500 1948 tu
1524 1922 1546 1948 a
1568 1910 1684 1949 eaelo
1707 1911 1916 1964 astrisque

137 1969 338 2018 ducebas,
377 1984 503 2024 quam
532 1970 658 2023 longe
689 1977 860 2024 serpant
890 1983 971 2010 non
1003 1970 1156 2010 vides?
1200 1970 1340 2011 Solem
1373 1970 1497 2011 deum
1529 1985 1620 2012 esse
1652 1973 1915 2027 Lunamque,

224 2207 251 2236 l.
282 2214 454 2237 numerum
479 2204 531 2238 Ql:
560 2215 694 2237 numero
719 2206 757 2237 Ο.
785 2206 834 2237 Cf.
855 2207 865 2237 1
892 2206 909 2246 ἓ
936 2206 998 2237 38:
1026 2216 1183 2246 reponere
1208 2207 1239 2238 in
1264 2208 1348 2239 cleos.
1369 2207 1412 2239 de
1438 2209 1604 2240 Invent.1
1631 2209 1729 2249 339:
1757 2210 1791 2240 in
1813 2209 1914 2250 fabu-

135 2256 246 2287 larum
269 2265 443 2287 numerum
467 2260 682 2295 reponantur.
722 2255 820 2295 397:
849 2256 879 2285 in
907 2265 1081 2287 nnmerum
1105 2258 1230 2296 reponi.
1263 2257 1307 2289 de
1333 2260 1403 2299 opt.
1432 2268 1511 2299 gen.
1538 2261 1625 2290 orat.
1652 2259 1747 2299 3473
1780 2261 1913 2292 Isocra-

135 2310 198 2337 tem
214 2323 230 2328 -
245 2323 262 2328 -
278 2306 362 2337 hicne
387 2307 417 2336 in
444 2315 617 2336 numerum
642 2315 706 2336 ιιοη
731 2315 863 2344 repono.
899 2306 1103 2345 Legitimam
1122 2310 1239 2338 tamen
1257 2309 1555 2340 constructionem
1574 2311 1695 2341 tenent
1712 2309 1788 2341 libri
1806 2319 1912 2352 supra

137 2355 154 2395 g
179 2356 218 2386 23
245 2359 278 2386 et
302 2356 388 2387 infra
415 2356 432 2394 g
457 2356 511 2391 5¹,
538 2355 620 2385 item
647 2356 673 2385 ll
700 2355 717 2394 g
744 2354 797 2385 54.
820 2372 853 2376 —
884 2356 912 2386 ¹2.
940 2356 1076 2386 ducelw-
1100 2358 1123 2387 A
1141 2357 1164 2388 C
1182 2358 1241 2388 W:
1268 2359 1395 2388 dicetur
1418 2359 1441 2390 B
1458 2359 1518 2391 ΕΡ
1535 2358 1612 2391 ΨΟ
1636 2378 1670 2382 -
1699 2363 1727 2391 el
1751 2360 1802 2392 *211
1829 2369 1915 2400 quae

137 2406 162 2436 Ο
190 2423 224 2427 -
251 2406 416 2436 leucothea
441 2408 465 2436 Α
481 2405 504 2435 Β
520 2405 606 2441 ΥΟς
645 2405 836 2435 lem-Izatlzea
861 2405 906 2443 C,
939 2406 1105 2436 leuchotea
1131 2408 1173 2440 E,
1201 2407 1363 2438 lechollzea
1389 2410 1411 2439 P
1439 2426 1473 2429 —
1501 2408 1532 2439 3.
1559 2409 1685 2441 dicetur
1708 2410 1757 2442 ⁵21:
1793 2412 1916 2443 dicitur

137 2454 162 2485 O
191 2473 225 2477 —
252 2455 415 2494 Pasiphae
441 2458 471 2486 ec
503 2455 601 2493 Aeeta
630 2463 646 2486 e
674 2455 820 2485 Perseide
850 2463 934 2485 nos:
965 2456 1125 2494 pasiphae
1148 2460 1179 2487 ec
1202 2466 1259 2488 eae
1282 2467 1298 2488 e
1327 2459 1456 2496 persiae
1479 2460 1505 2489 A
1521 2459 1543 2490 C
1561 2460 1610 2495 V;
1645 2461 1781 2500 pasiphe
1804 2465 1834 2493 et
1856 2471 1915 2494 eae

133 2505 262 2549 perside
285 2506 332 2536 B:
360 2505 498 2545 pasiphe
521 2508 548 2535 et
573 2513 607 2535 ee
630 2514 645 2535 e
675 2505 803 2543 perside
833 2505 879 2536 E:
912 2506 1050 2544 pasiphe
1079 2510 1108 2537 ec
1131 2510 1202 2538 elae
1225 2509 1368 2547 epm-side
1394 2510 1438 2545 P;
1471 2509 1638 2548 Pasiphae·
1656 2519 1672 2541 e
1695 2512 1842 2543 Perseide
1865 2513 1910 2550 03

136 2554 303 2593 Pasiphae
327 2558 355 2585 et
378 2556 485 2586 Aeetes
515 2563 531 2586 e
560 2556 706 2586 Perseide
731 2555 924 2585 Ernesiius.
965 2555 1014 2586 Cf.
1042 2555 1060 2595 Ξ
1085 2555 1125 2587 54
1157 2559 1189 2587 et
1223 2557 1361 2589 Hesiodi
1389 2558 1517 2597 Theog.
1545 2567 1576 2590 v.
1603 2560 1678 2590 957.
1706 2577 1741 2582 ——
1769 2561 1799 2592 4.
1823 2562 1915 2602 filiae

138 2604 183 2634 A:
207 2605 297 2643 filiae
321 2605 343 2636 Β
360 2606 383 2635 C
401 2606 423 2635 P
438 2605 476 2641 V,
500 2605 566 2644 filie
591 2605 614 2636 Ε
635 2622 670 2626 —-
689 2606 759 2635 nali
784 2604 1048 2635 Schoeniannus
1069 2606 1167 2645 (Diss.
1188 2607 1231 2637 IV
1256 2616 1287 2647 p.
1310 2608 1348 2639 v12
1374 2608 1520 2648 probata
1539 2608 1687 2640 Ernestii
1711 2612 1913 2643 coniectura

137 2657 165 2684 el
188 2654 331 2692 Aeetes):
363 2658 464 2685 natae
488 2654 515 2687 ³21
531 2656 554 2685 O
583 2672 617 2677 —
644 2664 781 2685 numero
806 2663 896 2686 corr.
925 2664 966 2685 ex
991 2664 1164 2686 numerum
1188 2656 1212 2687 B
1239 2673 1273 2678 —
1309 2658 1339 2687 ὃ.
1366 2658 1485 2688 circem
1510 2660 1535 2688 Α
1551 2658 1573 2688 Β
1589 2659 1613 2689 C
1629 2659 1653 2690 E
1681 2676 1716 2682 —
1743 2662 1915 2693 circuenses

138 2703 183 2740 A,
209 2711 372 2735 cercenses
397 2712 508 2741 kerasa
533 2704 646 2735 littera
672 2708 751 2735 ante
774 2705 821 2743 en)
850 2706 891 2741 Β,
918 2705 1094 2735 cei-cieuses
1119 2706 1142 2736 C
1160 2706 1240 2745 ΡΥ,
1267 2707 1426 2738 circ-enses
1450 2708 1474 2738 E
1502 2725 1537 2729 —
1564 2708 1594 2739 6.
1622 2709 1718 2741 duces
1740 2708 1801 2742 A¹:
1828 2712 1915 2744 dices

140 2753 240 2788 (corr.
267 2761 307 2783 ex
333 2754 433 2793 ducis)
460 2755 482 2785 B
501 2765 506 2791 ;
535 2755 626 2786 ducis
651 2755 674 2786 C
692 2755 715 2785 E
730 2755 791 2785 W:
819 2756 900 2785 dicis
923 2752 1055 2785 ΑἘΡΥ2
1068 2755 1105 2786 Ο.
1134 2754 1183 2786 Cf.
1210 2764 1242 2786 V.
1264 2756 1294 2787 2.
1315 2774 1356 2779 —-
1378 2757 1407 2787 7.
1428 2765 1549 2787 oceano
1572 2761 1625 2788 eta
1643 2758 1706 2797 ivel
1724 2763 1753 2790 et
1769 2761 1801 2800 a)
1816 2765 1914 2800 patre

138 2800 167 2833 ³21
193 2819 227 2823 —
254 2805 359 2834 matri
381 2804 460 2843 ayla
483 2808 508 2836 A
524 2805 546 2836 B
563 2805 585 2836 C
602 2806 642 2842 P,
669 2805 771 2835 matri
795 2805 863 2835 dila
888 2804 912 2835 E
928 2805 953 2834 V
974 2822 1006 2826 —
1035 2805 1065 2836 8.
1085 2805 1234 2843 absyrtio
1258 2807 1283 2837 A
1300 2807 1324 2837 C
1340 2807 1363 2837 E
1379 2808 1418 2841 P.
1445 2806 1581 2838 absirtio
1598 2808 1642 2845 B,
1669 2808 1801 2841 obsirtio
1819 2819 1911 2843 corr.

139 2853 173 2881 in
197 2851 332 2884 absirtio
357 2853 384 2883 V
411 2871 446 2876 —
473 2855 630 2895 eqialeuis
653 2855 676 2885 B
705 2873 739 2878 —
767 2856 820 2886 40.
847 2855 924 2885 deus
947 2856 1008 2886 erit
1033 2856 1057 2885 O
1086 2873 1120 2878 —
1148 2857 1201 2887 44.
1228 2856 1395 2895 trofoneus
1422 2857 1522 2896 (corr.
1546 2857 1579 2888 in
1603 2858 1663 2896 ius)
1691 2862 1715 2891 A
1744 2878 1778 2883 -
1805 2860 1913 2893 boetia

140 2900 244 2932 CEV
274 2918 305 2922 —
334 2902 385 2933 42.
411 2904 484 2935 illos
509 2906 531 2935 P
557 2922 592 2926 —
621 2904 671 2935 ⁴3.
697 2908 771 2935 sunt
795 2905 827 2936 Ιιὶ
852 2906 884 2935 di
910 2905 995 2936 BE:
1022 2908 1096 2935 suut
1120 2905 1152 2935 az·
1175 2905 1237 2942 ΑΗ
1264 2910 1338 2936 sunt
1363 2907 1394 2936 id
1411 2905 1472 2943 V¹;
1499 2910 1574 2938 sunt
1597 2908 1621 2938 ii
1644 2909 1690 2940 aii
1715 2910 1763 2947 C3
1790 2911 1913 2943 hisunc

139 2950 173 2981 di
195 2952 241 2987 P;
268 2955 342 2982 sunt
365 2953 409 2983 Ιιίἰ
433 2955 465 2986 di
490 2953 550 2991 A²;
578 2958 652 2985 sunt
675 2955 707 2985 hi
731 2955 777 2986 dii
794 2954 872 2985 ΨΟ
892 2971 925 2976 —-
946 2955 1110 2985 ereccheus
1133 2955 1217 2993 ΑΒ,
1243 2956 1384 2986 erillieus
1402 2956 1445 2993 E,
1471 2956 1622 2988 ‹zi-atheus
1638 2958 1666 2988 V
1686 2975 1720 2981 -—
1741 2960 1792 2991 ⁴6.
1811 2960 1912 2992 liber—

141 3003 206 3032 tate
233 3004 366 3041 patriae
390 3005 412 3035 P
440 3021 475 3026 -
513 3005 564 3035 47.
591 3005 694 3043 Atque
724 3005 756 3035 in
785 3004 1132 3043 plerisque--potest
1162 3006 1375 3036 acuendae
1405 3006 1540 3037 virtutis
1561 3009 1675 3048 qratia
1699 3013 1759 3040 aut
1782 3019 1845 3049 quo
1862 3028 1911 3034 --

139 3056 364 3083 consecratam
398 3054 596 3084 Lactantius
628 3055 712 3084 lust.
739 3055 770 3092 Ι,
799 3055 850 3085 15.
880 3071 914 3075 -
951 3055 1045 3092 atqui
1075 3063 1165 3085 corr.
1194 3065 1233 3086 ex
1259 3059 1357 3094 alque
1380 3056 1403 3086 B
1436 3073 1469 3078 —
1505 3056 1557 3088 20.
1584 3058 1822 3090 immortalium
1846 3069 1912 3092 esse

141 3105 364 3132 consecratam
388 3104 462 3140 (esse
486 3103 680 3144 superse-r.)
705 3104 728 3134 B
757 3121 792 3126 --
819 3104 871 3134 211.
898 3104 1061 3135 ereetlzeus
1085 3106 1111 3135 A
1126 3106 1149 3135 B
1167 3105 1193 3134 V
1214 3122 1248 3126 —-
1271 3106 1425 3145 filiaeque
1450 3107 1472 3136 B
1487 3108 1510 3137 P
1535 3109 1568 3138 et
1592 3117 1712 3149 margo
1738 3109 1787 3140 V:
1814 3110 1911 3141 iliae-

142 3158 202 3189 que
226 3153 412 3192 (superscr.
437 3153 466 3192 s)
492 3156 536 3191 Α,
563 3154 717 3192 tiliaeque
742 3154 765 3185 C
782 3154 826 3192 Υ,
861 3154 978 3193 illeque
1002 3153 1025 3184 E
1052 3170 1087 3175 —
1115 3154 1167 3185 022.
1194 3154 1391 3185 leonacicum
1414 3153 1465 3186 at:
1496 3155 1560 3187 Leo
1584 3161 1742 3189 natarum
1766 3159 1910 3191 Lambi-

144 3208 231 3234 nus:
257 3201 410 3232 Leoidam
434 3203 745 3242 wyttenbachius,
773 3203 820 3236 02
855 3203 909 3234 Lei
930 3203 1079 3242 filiarum
1103 3204 1324 3241 S‹·huetzius;
1354 3204 1545 3236 Leontidum
1568 3207 1848 3241 Schoemannus.
1869 3226 1904 3230 —

143 3249 195 3280 23.
221 3250 450 3282 alabaudensis
472 3255 496 3283 A
512 3253 536 3283 Β
552 3254 594 3288 Ρ,
620 3252 872 3283 alabandenshis
895 3260 986 3283 corr.
1013 3254 1046 3283 in
1069 3253 1304 3284 alabandenses
1328 3253 1365 3291 V,
1392 3254 1626 3288 alabendensus
1650 3258 1684 3289 E.
1714 3258 1802 3289 Fort.
1825 3258 1908 3289 Αἰα-

145 3296 268 3330 bandis.
295 3300 345 3332 Cf.
372 3301 390 3341 g
415 3301 466 3333 39,
491 3318 525 3323 -
553 3303 606 3334 25.
631 3303 853 3341 stratyom‘cus
875 3302 900 3333 B
928 3319 963 3325 —
989 3303 1153 3334 molestius
1178 3304 1202 3334 C
1223 3320 1258 3324 —
1284 3303 1338 3335 26.
1364 3303 1480 3344 inquid
1501 3307 1542 3338 A.
