2249 3624
602 134 688 173 Lm.
713 135 741 172 I.
781 133 877 173 CM».
900 133 1226 174 xl,11-XL111.
1265 131 1324 186 §§
1352 131 1592 172 1418—1233.
1894 125 1967 167 681

498 240 700 286 cetarii,
740 240 883 286 lanii,
916 240 1084 293 coqui,
1118 240 1354 287 sartores,
1388 241 1694 293 piscatores,

218 311 263 346 ut
293 306 348 346 ait
379 303 614 344 Terentius.
674 302 791 342 Adde
825 303 928 347 huc,
962 302 994 341 si
1031 303 1187 355 placet,
1221 304 1543 355 tunguentarios,
1576 303 1793 342 saltatores
1826 307 1978 340 totum-

216 380 296 421 que
328 366 472 406 ludum
504 366 707 404 talarium.
769 362 862 404 451.
905 365 1067 413 Quibus
1109 373 1245 405 autem
1288 367 1444 405 artibus
1486 371 1555 405 aut
1596 364 1814 418 prudentia
1847 364 1978 402 maior

215 430 325 470 inest
354 434 426 469 aut
455 441 538 467 non
572 427 794 466 mediocris
827 428 983 467 utilitas
1015 429 1252 480 quaeritur,
1286 435 1329 468 ut
1360 429 1579 474 medicina,
1614 435 1655 467 ut
1687 427 1979 471 architectura,

214 497 259 532 ut
289 491 477 530 doctrina
510 504 645 529 rerum
679 489 970 538 honestarum,
1003 503 1076 529 eae
1109 498 1201 530 sunt
1238 493 1299 538 iis,
1334 506 1511 545 quornm
1545 491 1679 530 ordini
1711 490 2011 534 conveniunt‚5

214 554 429 594 honestae.
497 553 728 592 Mercatura
766 558 932 597 autem,
976 553 1009 591 si
1051 555 1188 592 tenuis
1231 560 1315 599 est,
1357 555 1525 593 sordida
1567 553 1748 606 putanda
1788 558 1872 590 est:
1915 551 1979 590 sin

214 627 363 669 magna
395 621 437 655 et
467 615 657 668 copiosa,
689 613 814 654 multa
848 614 1035 668 undique
1066 622 1290 669 apportans
1324 617 1548 669 multisque
1581 618 1670 656 sine
1703 615 1886 654 vanitate
1918 614 1980 652 in·-

214 679 410 733 pertiens‚
442 690 525 717 non
557 683 619 716 est
649 676 874 716 admodum
908 677 1197 729 vituperanda,
1231 685 1356 732 atque
1390 681 1524 727 etiam,
1558 680 1590 718 si
1623 679 1770 717 satiata
1802 681 1978 729 quaestu

215 740 280 781 vel
312 744 505 780 contenta
539 740 702 792 potius,
744 744 790 779 ut
828 753 954 792 saepe
995 754 1046 779 ex
1078 741 1161 779 alto
1195 742 1235 780 in
1270 748 1457 794 portum,
1499 756 1550 780 ex
1583 743 1673 794 ipso
1706 745 1827 792 portu
1862 751 1905 777 se
1936 738 1980 776 in

214 816 336 856 agros
368 803 740 856 possessionesque
769 802 962 849 contulit,
997 802 1161 842 videtur
1193 804 1279 843 iure
1313 805 1472 856 optimo
1506 817 1628 857 posse
1661 802 1833 841 landari.
1883 801 2028 840 Om-to

215 867 329 906 nium
361 872 499 906 autem
533 878 691 911 rerum,
725 879 777 904 ex
809 865 960 918 quibus
992 865 1149 919 aliquid
1183 866 1439 918 adquiritur,
1475 866 1576 905 nihil
1609 871 1669 904 est
1700 864 1786 915 agri
1820 863 1981 902 cultura

215 929 387 975 melius,
430 928 533 967 nihil
575 927 769 972 uberius,
809 927 914 966 nihil
955 927 1142 973 dulcius,
1188 928 1290 967 nihil
1323 929 1493 968 homine
1534 929 1662 967 libero
1694 927 1884 980 dignius:
1930 926 1981 965 de

216 1004 299 1044 qua
330 991 529 1045 quoniam
563 991 602 1029 in
627 989 783 1029 Catone
816 990 972 1029 maiore
1006 990 1105 1029 satis
1137 990 1264 1030 multa
1297 991 1493 1037 diximus,
1528 991 1631 1029 illim
1663 1004 1850 1030 assumes
1873 1002 1980 1042 quae

215 1053 265 1093 ad
298 1055 408 1094 hunc
440 1054 577 1093 locum
611 1053 893 1105 pertinebunt.

330 1116 476 1156 XLIII.
518 1113 612 1154 2152.
655 1115 735 1155 Sed
768 1116 902 1155 abiis
933 1116 1137 1169 partibus,
1181 1130 1287 1169 quae
1330 1123 1426 1156 sunt
1465 1117 1721 1162 honestatis,
1767 1129 1888 1169 quem
1931 1115 1982 1154 ad
2000 1122 2032 1150 15

216 1180 383 1220 modum
413 1176 549 1219 officia
581 1178 848 1225 ducerentur,
880 1179 980 1218 satis
1013 1181 1251 1231 expositum
1284 1179 1460 1219 videtur.
1520 1181 1672 1218 Eorum
1705 1184 1840 1217 autem
1876 1179 1984 1232 ipso-

215 1256 331 1289 rum,
363 1254 469 1296 quae
501 1242 676 1280 honesta
709 1246 828 1288 sunt,
867 1246 1003 1294 potest
1034 1241 1218 1280 incidere
1251 1255 1376 1294 saepe
1409 1243 1622 1281 contentio
1656 1248 1693 1281 et
1726 1242 1983 1294 comparatio

216 1304 268 1344 de
300 1304 464 1344 duobus
497 1304 684 1343 honestis
717 1309 853 1343 utrum
886 1304 1127 1351 honestius,
1171 1304 1243 1357 qui
1275 1305 1390 1344 locus
1421 1319 1443 1344 a
1477 1305 1672 1344 Panaetio
1712 1310 1772 1344 est
1803 1311 1986 1358 praeter-

219 1369 385 1408 missus.
446 1368 548 1407 Nam
580 1380 673 1406 cum
707 1367 844 1406 omnis
875 1366 1072 1405 honestas
1106 1373 1242 1405 manet
1273 1380 1295 1406 a
1327 1367 1515 1419 partibus
1548 1374 1767 1419 quattuor,
1808 1381 1983 1420 quarum

216 1444 299 1470 una
332 1431 385 1470 sit
415 1430 690 1481 cognitionis,
735 1429 864 1468 altera
897 1429 1229 1475 communitatis,
1271 1430 1393 1469 tertia
1425 1430 1797 1482 magnanimitatis,
1839 1434 2035 1481 quarta-20

217 1492 539 1538 moderationis,
577 1492 680 1531 haec
712 1492 754 1531 in
786 1492 1012 1544 deligendo
1045 1491 1184 1531 officio
1217 1505 1343 1544 saepe
1375 1493 1484 1531 inter
1515 1505 1558 1531 se
1591 1496 1884 1544 comparentur
1915 1504 1986 1530 ne-

217 1569 334 1596 cesse
364 1560 440 1595 est.
506 1552 594 1594 153.
635 1554 773 1594 Placet
811 1554 938 1607 igitur
976 1555 1137 1607 aptiora
1175 1568 1267 1594 esse
1308 1560 1480 1594 naturae
1513 1568 1560 1594 ea
1593 1554 1752 1601 ofticia,
1792 1567 1899 1606 quae
1933 1567 1985 1594 ex

218 1618 536 1664 communitate,
579 1630 703 1671 quam
736 1631 807 1664 ea,
840 1630 945 1671 quae
978 1630 1029 1656 ex
1062 1617 1301 1669 cognitione
1333 1617 1564 1665 ducantur,
1597 1617 1723 1669 idque
1754 1618 1834 1655 hoc
1864 1630 1985 1669 argu-

217 1687 357 1722 mento
390 1680 627 1720 confirmari
658 1685 807 1733 potest,
839 1679 967 1734 quod,
1000 1679 1033 1718 si
1066 1680 1286 1732 contigerit
1317 1693 1365 1719 ea
1397 1680 1479 1719 vita
1511 1680 1708 1732 sapienti,
1731 1686 1776 1720 ut
1797 1681 1982 1719 omnium

217 1756 354 1783 rerum
385 1742 655 1782 affluentibus
699 1743 833 1796 copiis
875 1743 1037 1789 omnia,
1079 1755 1187 1795 qnae
1227 1743 1468 1794 cognitione
1510 1743 1634 1794 digna
1678 1743 1782 1789 sint,
1823 1748 2034 1782 summo·25

217 1807 302 1845 otio
335 1819 477 1846 secum
508 1806 597 1859 ipse
630 1805 867 1845 consideret
898 1811 937 1844 et
969 1805 1294 1857 contempletur,
1325 1811 1462 1844 tamen
1496 1805 1528 1844 si
1562 1805 1743 1844 solitudo
1776 1811 1885 1845 tanta
1919 1807 1983 1853 sit,

216 1874 262 1908 ut
293 1866 504 1908 hominem
546 1867 687 1907 videre
729 1881 810 1908 non
852 1867 1008 1921 possit,
1054 1868 1231 1907 excedat
1270 1882 1291 1907 e
1324 1869 1420 1907 vita.
1482 1868 1765 1920 Princepsque
1798 1869 1983 1907 omnium

215 1930 416 1971 virtutum
448 1929 519 1970 illa
549 1931 770 1984 sapientia,
801 1944 925 1984 quam
958 1937 1124 1981 σοφίαν
1147 1932 1295 1971 Graeci
1326 1938 1475 1971 vocant
1496 1953 1549 1960 —
1570 1931 1835 1983 prudentiam
1859 1931 1984 1977 enim,

218 2007 342 2048 quam
375 1993 522 2034 Graeci
556 1993 794 2046 φρόνησιν,
836 1994 959 2033 aliam
1002 1993 1211 2045 quandam
1253 1994 1557 2046 intellegimus,
1603 2006 1709 2046 quae
1752 1998 1815 2032 cst
1846 2006 1984 2032 rei-um

217 2055 545 2110 expetendarum
576 2057 958 2109 fugiendarumque
990 2057 1186 2095 scientia:
1219 2057 1290 2096 illa
1321 2063 1458 2095 autem
1482 2056 1698 2109 sapientia,
1723 2068 1845 2108 quam
1871 2055 1984 2108 prin—
1999 2061 2035 2091 30

217 2119 352 2172 cipem
383 2118 492 2166 dixi,
533 2133 670 2159 rerum
711 2125 771 2159 est
809 2120 1045 2159 divinarum
1081 2124 1121 2158 et
1153 2118 1427 2159 humanarum
1460 2118 1659 2164 scientia,
1702 2118 1741 2157 in
1774 2130 1856 2171 qua
1886 2130 1986 2156 con-

216 2181 373 2220 tinetur
405 2178 591 2235 [deorum
624 2179 679 2235 et]
713 2181 927 2222 hominum
964 2183 1239 2221 communitas
1271 2187 1311 2220 et
1343 2182 1520 2220 societas
1552 2181 1662 2220 inter
1692 2181 1830 2233 ipsos:
1872 2193 1918 2220 ea
1951 2181 1984 2219 si

218 2244 402 2284 maxima
441 2249 524 2291 est,
566 2250 611 2284 ut
640 2250 734 2292 -est,
778 2250 887 2285 certe
930 2257 1101 2284 necesse
1142 2250 1224 2291 est,
1266 2244 1378 2297 quod
1420 2257 1444 2283 a
1482 2244 1778 2283 communitate
1810 2243 1986 2282 ducatur

220 2304 431 2354 officium,
471 2307 513 2346 id
558 2319 649 2347 esse
688 2307 931 2347 maximum.
1002 2307 1169 2347 Etenim
1210 2307 1394 2359 cognitio
1427 2306 1814 2359 contemplatioque
1845 2319 1984 2345 rerum

305 2475 336 2506 4.
362 2474 465 2506 celari
491 2475 535 2512 (s.
555 2474 676 2519 celari)
701 2473 827 2506 B¹H¹b
862 2492 902 2497 —
940 2475 1062 2515 quoqui
1085 2476 1106 2507 b
1141 2492 1175 2497 -
1213 2475 1245 2507 ⁶2.
1271 2479 1374 2507 tolum
1398 2475 1512 2506 ludum
1536 2474 1738 2504 tabularium
1760 2483 1782 2514 p
1821 2492 1854 2496 —
1893 2473 1923 2505 3.
1949 2474 1986 2505 In

217 2523 333 2563 quibus
356 2523 465 2555 Lund.
503 2525 557 2555 «in
582 2524 662 2555 addi
687 2524 721 2554 h.
740 2523 760 2556 l.
789 2523 884 2555 iubet
910 2526 1074 2556 constans
1093 2525 1272 2557 Ciceronis
1298 2534 1417 2556 usus.»
1454 2525 1543 2555 Fort.
1565 2523 1686 2562 Quibus
1709 2526 1819 2554 autem
1842 2523 1875 2553 in
1900 2524 1988 2553 arli-

218 2575 286 2606 bus.
326 2592 360 2598 —
401 2575 481 2606 ines!
503 2575 614 2605 maior
643 2582 660 2605 c
702 2591 736 2595 -
778 2573 809 2606 4.
835 2575 997 2606 medicina
1021 2579 1079 2606 aui
1103 2576 1327 2606 archilcctwn
1355 2578 1413 2605 auc
1438 2575 1586 2605 doclriha
1620 2581 1638 2604 c
1680 2590 1714 2595 -
1756 2574 1785 2604 5.
1816 2575 1841 2604 A
1869 2572 1986 2604 verbis

218 2627 371 2658 doctrina
393 2634 507 2657 rerum
529 2625 740 2656 honestarum
765 2625 816 2665 (in
841 2624 920 2656 folio
945 2625 1058 2662 XVllt)
1091 2634 1213 2655 rursus
1238 2625 1355 2665 incipit
1381 2624 1521 2663 antiqua
1549 2631 1672 2653 manus
1697 2631 1729 2653 c.
1758 2639 1790 2643 —
1824 2622 1878 2653 hee
1903 2631 1921 2654 c
1949 2639 1983 2643 —

219 2676 268 2707 his
291 2684 324 2713 a,
349 2676 412 2714 hijs
435 2683 453 2706 c
488 2692 523 2696 —
561 2675 591 2706 6.
618 2679 663 2706 est
681 2676 834 2714 pulcznda
859 2683 877 2707 c
913 2693 946 2698 —
986 2675 1017 2707 8.
1043 2678 1088 2705 es!
1114 2683 1291 2716 supcrscr.
1320 2673 1397 2704 ead.
1425 2682 1471 2703 111.
1498 2673 1530 2703 in
1557 2681 1577 2703 a
1604 2690 1637 2695 -
1667 2672 1697 2703 9.
1722 2675 1854 2711 portum
1877 2673 1922 2702 sic
1945 2680 1988 2703 ex

218 2726 288 2765 ipso
311 2734 344 2756 se
360 2728 464 2765 portu
487 2733 505 2756 c
534 2743 568 2748 —
599 2726 650 2756 40.
670 2727 788 2764 optime
811 2722 849 2756 Β1
866 2743 907 2748 -
931 2726 1076 2756 omnium
1100 2729 1210 2756 aulem
1227 2743 1244 2748 -
1258 2743 1276 2748 -
1289 2724 1365 2763 (ιφ-ι’
1382 2723 1512 2752 cultura
1531 2723 1643 2752 melius
1659 2723 1790 2753 Nonius
1808 2730 1840 2762 p.
1856 2722 1931 2753 498.
1950 2739 1984 2743 —

221 2776 273 2807 ⁴2.
299 2776 380 2807 nihil
405 2776 443 2815 (s.
459 2775 569 2814 nichil}
595 2775 722 2806 homine
744 2775 826 2805 nihil
850 2776 889 2811 (s.
905 2775 1013 2814 nichil)
1039 2775 1139 2806 libero
1163 2775 1295 2815 diynius
1321 2774 1452 2805 llabc:
1480 2772 1560 2802 nihil
1583 2772 1684 2802 libero
1707 2772 1838 2811 (inanius
1861 2770 1927 2802 alii.
1950 2790 1984 2794 —

222 2825 274 2857 ⁴3.
298 2826 403 2857 multa
427 2826 508 2856 satis
532 2833 549 2856 c
578 2842 612 2846 —-
639 2825 721 2855 illim
746 2824 802 2855 B¹z
829 2825 921 2855 illum
947 2825 990 2856 H:
1017 2824 1075 2854 illa
1100 2822 1183 2863 B²p2
1212 2824 1301 2854 illim·
1325 2823 1445 2854 abeo.
1479 2822 1529 2852 tls.
1549 2820 1769 2860 Wesenberg
1786 2821 1985 2852 Emendatt.

221 2875 265 2906 M.
283 2875 320 2906 Τ.
340 2874 378 2906 C.
397 2873 631 2915 Epistolarum
656 2883 688 2915 p.
707 2874 769 2906 424
793 2883 845 2915 sq.
875 2892 909 2896 —
939 2876 990 2906 45.
1017 2874 1129 2905 abhis
1153 2874 1316 2912 Bllabp¹
1345 2874 1385 2902 ah
1409 2873 1471 2911 hijs
1495 2880 1512 2902 c
1538 2889 1578 2894 —-
1603 2872 1658 2902 ΞΗ,
1682 2871 1761 2902 haec
1786 2872 1858 2912 Cp:
1886 2880 1944 2902 eae
1968 2879 1987 2903 o

224 2941 260 2945 —
287 2924 340 2955 22.
359 2927 480 2955 natm-e
496 2933 560 2955 esse
584 2933 602 2955 o
629 2941 663 2946 —
692 2924 744 2956 ⁶24.
768 2928 892 2964 potest:
919 2925 1053 2964 Quodsi
1079 2932 1098 2956 o
1127 2941 1159 2946 —-
1187 2928 1221 2953 u!
1246 2925 1277 2953 in
1304 2923 1446 2953 omnium
1472 2929 1549 2960 cpo
1576 2938 1609 2942 -
1637 2920 1689 2951 ⁶25.
1710 2922 1822 2951 omnia
1847 2920 1988 2952 Lambi-

222 2981 306 3005 nus:
326 2975 475 3013 quomvis
492 2975 605 3004 omnia
630 2974 712 3013 Cpo
740 2990 773 2995 —
802 2974 866 3004 sin!
890 2974 1058 3013 BHabp:
1085 2976 1160 3004 sunt
1185 2981 1230 3004 co
1258 2991 1292 2995 -
1320 2973 1372 3003 ⁹26.
1393 2973 1418 3002 si
1435 2972 1573 3001 solitudo
1599 2971 1671 3010 Cp:
1698 2970 1877 3001 solitudo-51*
1902 2979 1920 3002 ο
1947 2988 1983 2992 -

221 3022 275 3054 27.
299 3023 516 3062 Princepsque
539 3022 620 3063 cet]
647 3023 695 3053 De
721 3022 886 3054 orationis
911 3022 1021 3053 forma
1047 3022 1124 3053 vide
1152 3022 1360 3061 Madvigium
1386 3021 1428 3052 ad
1449 3022 1518 3052 Cic.
1539 3020 1582 3051 de
1602 3019 1709 3051 Finib.
1729 3020 1785 3056 ΙΙΙ,
1802 3021 1840 3052 35
1866 3020 1985 3060 ρ.-ΙΟ8.

222 3089 264 3094 -
287 3072 447 3103 virtutum
471 3072 616 3103 omnium
639 3080 660 3111 p
687 3088 721 3093 -
748 3071 801 3102 28.
828 3072 887 3102 illa
911 3076 956 3103 cst
979 3073 1140 3111 sapientia
1166 3081 1186 3112 p
1214 3090 1248 3094 —
1275 3072 1423 3110 sophiam
1450 3071 1589 3102 Bllab:
1612 3070 1850 3109 philosophiam
1875 3079 1923 3110 cp
1949 3087 1983 3092 —

222 3120 276 3152 29.
296 3121 487 3160 phronesim
511 3122 589 3159 BH,
620 3121 777 3160 frenesim
800 3130 837 3159 c,
863 3122 1008 3160 fronesin
1031 3131 1071 3162 p;
1101 3123 1291 3162 phronesim
1314 3122 1425 3151 dicunt
1449 3122 1498 3152 ab
1532 3138 1564 3143 -
1600 3120 1653 3151 31.
1679 3124 1709 3151 et
1735 3120 1778 3151 C:
1813 3122 1912 3159 alque
1935 3127 1986 3159 po

224 3186 260 3191 —
287 3171 472 3201 continetur
494 3174 525 3202 et
548 3171 684 3201 deorum
713 3179 734 3210 p
777 3189 812 3193 —
855 3170 908 3202 32.
934 3172 1068 3203 deorum
1094 3175 1124 3203 et
1155 3172 1198 3203 ab
1225 3171 1291 3201 hoc
1320 3170 1396 3201 loco
1428 3169 1539 3200 aliena
1572 3179 1650 3202 esse
1681 3169 1766 3200 vidit
1790 3168 1983 3200 Gernhard.

224 3217 275 3250 Cf.
301 3218 322 3259 S
337 3219 390 3250 20.
414 3236 453 3245 >—
481 3220 534 3251 33.
559 3221 707 3251 manime
730 3223 776 3252 est
800 3220 827 3252 H
850 3236 894 3244 —
917 3220 969 3253 34.
996 3230 1109 3252 rerum
1132 3225 1275 3252 natzar-ae
1291 3237 1340 3243 -—-
1357 3219 1450 3250 nulla
1474 3220 1561 3250 actio
1585 3220 1663 3251 Car.
1680 3218 1831 3251 Scheibe
1850 3217 1983 3255 (Annal.

221 3265 352 3307 philoll.
378 3266 446 3300 vol.
463 3269 498 3301 8⁴
528 3278 563 3311 p.
579 3269 669 3309 374):
697 3273 840 3302 naturae
855 3271 1010 3302 --nulla
1033 3271 1121 3302 aceio
1144 3278 1256 3302 rerum
1280 3269 1378 3311 Cpo.
1410 3269 1460 3301 Cf.
1479 3277 1514 3310 p.
1531 3269 1606 3309 682,
1625 3270 1644 3301 ὃ
1669 3278 1723 3310 sq.
