2249 3624
733 140 829 180 eu».
862 139 1040 178 11-1v.
1089 137 1148 191 §§
1180 136 1317 177 3—8.
1825 131 1904 175 569

148 256 209 294 est
238 249 352 290 nulla
382 247 544 293 fatalis;
578 246 620 285 in
652 246 743 286 aliis
775 252 913 286 autem
946 246 1114 285 fortuita
1145 245 1349 299 quaedam
1374 258 1464 284 esse
1490 248 1684 296 possunt,
1708 249 1749 282 ut
1774 245 1812 282 in
1835 243 1905 282 illo

144 313 364 364 naufrago,
406 316 450 349 ut
488 310 529 348 in
569 310 729 355 Icadio,
771 315 813 348 ut
855 309 893 347 in
937 309 1137 361 l).-ipbita;
1181 308 1383 360 (praedam
1417 308 1539 346 etiam
1575 305 1821 344 Posidonius
1855 326 1905 331 —

143 389 243 431 pace
286 372 470 425 magistri
511 373 689 410 dixerim
731 395 778 399 ——
823 370 1081 410 comminisci
1127 370 1315 415 videtum
1363 377 1459 409 sunt
1501 368 1668 422 quidem
1710 366 1904 406 absurda.

145 437 254 487 Quid
287 436 427 476 enim?
462 434 494 473 si
518 434 720 486 Daphitae
755 434 880 473 satum
914 434 989 472 suit
1022 447 1071 471 ex
1105 446 1214 486 equo
1248 433 1395 471 cadere
1428 439 1553 484 atque
1587 432 1640 470 ita
1675 431 1821 482 perire,
1854 443 1905 467 cx

141 502 273 542 hocne
315 511 447 551 equo,
489 497 560 549 qui
601 510 692 535 cum
733 510 866 549 equus
907 510 987 535 nou
1030 502 1138 534 esset
1180 510 1326 534 nomen
1372 496 1551 534 babebat
1583 494 1793 533 alieiniin‘?
1836 497 1937 534 θυῖε,

143 563 359 615 Philippus
401 560 529 599 hasne
573 560 613 598 in
654 560 804 611 capulo
849 559 1117 611 quadrigulas
1158 559 1286 597 vitare
1330 559 1604 597 monebatur?
1658 557 1775 609 quasi
1811 568 1906 594 vero

142 625 289 678 capulo
329 623 382 663 sit
421 623 597 662 occisus.
662 622 771 669 Quid
813 629 949 661 autem
992 635 1183 671 maguum
1220 618 1342 673 [aut]‚
1390 620 1634 669 naufragum
1670 619 1783 657 illum
1817 619 1906 657 siue

141 688 306 729 nomine
347 686 389 725 in
422 686 508 725 rivo
540 697 631 724 esse
664 684 858 736 lapsum?
901 696 1153 735 quamquam
1187 683 1283 721 bui(-
1317 684 1484 735 quidem
1519 682 1584 720 hic
1616 682 1755 721 scribit
1791 694 1907 733 prae-

141 751 294 791 dictum
332 748 373 786 in
413 761 523 801 aqua
565 760 656 785 esse
697 746 979 798 pereundum:
1029 760 1077 783 ne
1112 746 1278 784 hercule
1314 745 1436 783 lcailii
1477 744 1645 796 quidem
1688 744 1907 796 praedonis

141 813 262 854 video
305 810 430 850 fatum
474 810 628 855 ullum;
675 809 777 847 nibil
821 809 928 847 enim
969 807 1109 846 scribit
1142 808 1176 845 ei
1213 806 1481 858 praedictum.
1544 806 1582 845 (5.
1616 806 1724 853 Quid
1759 806 1905 844 mirum
1925 817 1957 845 10

140 877 262 928 igitur
300 887 350 913 ex
388 872 588 925 spelunca
628 884 772 909 saxum
809 871 847 909 in
881 882 997 908 crura
1031 869 1118 907 eius
1153 870 1382 908 incidisse?
1427 875 1523 921 puto
1557 869 1684 914 enim,
1717 869 1839 906 ctiam
1873 869 1906 906 si

139 938 299 979 Icadius
332 942 415 974 tum
451 936 490 973 in
524 933 721 986 spelunca
757 946 837 971 non
870 931 1032 977 suisset,
1065 946 1209 970 saxum
1245 938 1380 970 tamen
1415 932 1513 970 illud
1547 945 1736 970 casurum
1763 930 1904 968 fuisse.

138 1002 240 1041 Nam
272 1004 343 1038 aut
374 996 474 1036 nibil
507 996 677 1035 omnino
711 1000 771 1034 est
803 995 1038 1041 fortuitum,
1072 1000 1143 1033 aut
1177 995 1253 1033 boc
1288 996 1421 1046 ipsum
1457 996 1589 1046 potuit
1624 993 1790 1031 evenire
1824 992 1908 1031 for-

139 1070 250 1104 tuna.
302 1062 468 1109 Quaero
502 1061 625 1111 igitur
647 1082 695 1086 —
721 1065 849 1111 atque
883 1058 960 1096 hoc
995 1057 1073 1096 late
1106 1058 1261 1109 patebit
1287 1081 1357 1102 -,
1391 1058 1422 1095 si
1458 1056 1527 1095 sati
1553 1058 1722 1095 omnino
1747 1056 1904 1095 nullum

139 1138 309 1171 nomen,
342 1123 454 1162 nulia
487 1129 658 1167 natura,
694 1121 805 1160 nulla
841 1121 898 1159 vis
931 1127 1052 1165 esset,
1086 1127 1123 1159 et
1156 1119 1261 1158 sorte
1295 1125 1446 1158 temere
1479 1132 1575 1158 casu
1608 1125 1678 1158 aut
1710 1120 1956 1171 pleraquei5

138 1189 284 1229 fierent
315 1192 385 1226 aut
416 1186 576 1231 omnia,
623 1198 719 1223 num
752 1184 872 1223 aliter
902 1196 948 1222 ae
981 1196 1088 1222 nune
1122 1183 1319 1222 eveniunt
1351 1181 1594 1221 evenirent?
1657 1182 1766 1229 Quid
1810 1194 1906 1232 ergo

138 1250 295 1290 adtinet
326 1248 533 1288 inculcare
567 1246 716 1293 fatum,
750 1259 842 1285 cum
873 1246 961 1284 sine
993 1245 1077 1285 fato
1110 1245 1214 1285 ratio
1247 1245 1433 1284 omnium
1466 1258 1602 1283 rerum
1633 1244 1683 1283 ad
1719 1250 1905 1284 naturam

140 1312 400 1352 fortunamve
432 1309 666 1349 referatur?

250 1375 316 1413 lV.
356 1371 393 1412 7.
434 1372 512 1412 Sed
548 1371 841 1417 Posidonium,
884 1372 991 1410 sicut
1023 1384 1203 1424 aequum
1237 1377 1311 1417 est,
1344 1385 1433 1409 cum
1468 1371 1573 1410 hona
1608 1372 1738 1423 gratia
1771 1372 1907 1410 dimit-

139 1444 294 1483 tamus,
334 1436 384 1476 ad
419 1435 637 1489 Chrysippi
678 1434 852 1488 laqueos
884 1439 1153 1473 revertamur.
1216 1435 1289 1474 Cui
1322 1434 1491 1487 quidem
1526 1435 1702 1487 primum
1736 1434 1785 1472 de
1817 1434 1906 1485 ipsa
1923 1442 1957 1472 ΞΟ

137 1500 383 1552 contagione
429 1512 568 1537 rerum
615 1498 966 1549 respondeamus,
1016 1498 1176 1550 reliqua
1218 1502 1365 1549 postea
1406 1510 1720 1550 persequemur.
1798 1497 1908 1535 lutor

135 1564 318 1604 locorum
358 1568 527 1601 naturas
572 1567 772 1613 quantum
813 1560 976 1599 intersit
1015 1561 1230 1600 videmus:
1278 1560 1383 1599 alios
1425 1573 1515 1598 esse
1559 1558 1758 1604 salubris,
1802 1558 1906 1597 alios

134 1624 394 1680 pestilentis,
435 1623 477 1661 in
519 1622 611 1661 aliis
654 1622 875 1673 pituitosos
915 1628 953 1661 et
988 1623 1106 1676 quasi
1141 1623 1436 1669 redundantis,
1479 1623 1519 1661 in
1553 1622 1643 1660 aliis
1677 1621 1907 1661 exsiccatos

134 1694 259 1741 atque
291 1686 451 1731 aridos;
484 1685 696 1738 multaque
729 1690 825 1723 sunt
856 1684 956 1731 alia,
991 1700 1098 1738 quae
1130 1686 1238 1725 inter
1270 1686 1407 1725 locum
1441 1691 1479 1724 et
1512 1685 1648 1723 locum
1684 1684 1905 1736 plurimum

135 1750 340 1790 differant.
380 1748 554 1787 Athenis
588 1754 712 1787 tenue
745 1748 918 1793 caelum,
952 1762 1002 1787 ex
1036 1763 1119 1800 quo
1153 1750 1272 1788 etiam
1306 1750 1513 1788 acutiores
1543 1753 1741 1801 putantur
1762 1747 1956 1792 Attici,25

137 1826 319 1852 crassum
343 1811 517 1857 Thebis,
550 1812 691 1863 itaque
724 1811 897 1864 pingues
921 1811 1109 1851 Thebani
1143 1819 1181 1851 et
1215 1812 1412 1851 valentes.
1461 1812 1615 1850 Tamen
1641 1823 1779 1862 neque
1803 1809 1905 1848 illud

135 1881 257 1914 tenue
299 1873 459 1913 caeluni
503 1871 674 1919 efficiet,
716 1879 757 1912 ut
801 1878 870 1911 aut
911 1873 1118 1912 Zenonem
1164 1875 1257 1926 quis
1301 1879 1369 1913 aut
1402 1873 1629 1912 Arcesilam
1671 1878 1739 1911 aut
1771 1870 1907 1910 Theo-

133 1938 347 1991 phrastum
380 1936 550 1983 audiat,
584 1949 721 1988 neque
754 1950 960 1978 crassum,
997 1942 1039 1975 ut
1074 1938 1223 1975 Nemea
1258 1937 1397 1989 potius
1431 1950 1554 1989 quam
1588 1935 1744 1974 Isthmo
1777 1935 1906 1974 victo-

133 2000 234 2039 riam
268 2005 394 2052 petat.
462 1998 500 2037 8.
542 1999 720 2050 Diiunge
753 1997 945 2050 longius:
992 1999 1090 2050 quid
1124 2000 1233 2039 euim
1272 2001 1349 2039 loci
1383 2006 1528 2039 natura
1559 1998 1722 2038 adferre
1754 2003 1905 2050 potest,

134 2068 179 2102 ut
210 2065 251 2101 in
284 2062 447 2114 porticu
483 2061 651 2114 Pompei
687 2062 823 2113 potius
858 2074 980 2113 quam
1014 2062 1054 2099 in
1088 2075 1234 2114 campo
1267 2064 1564 2103 ambulemus?
1611 2068 1745 2101 tecum
1780 2075 1904 2114 quam
1920 2068 1956 2097 3ο

135 2138 224 2165 cum
257 2125 370 2164 alio?
431 2125 572 2163 Idibus
613 2125 752 2177 potius
794 2137 919 2176 quam
961 2124 1195 2164 Kalendis?
1258 2126 1307 2165 Ut
1346 2126 1473 2178 igitur
1513 2124 1562 2164 ad
1602 2125 1801 2176 quasdam
1839 2137 1905 2162 res

133 2194 277 2227 natura
310 2187 387 2227 loci
423 2188 604 2241 pertinet
634 2186 815 2240 aliquid,
848 2186 898 2225 ad
933 2187 1132 2240 quasdam
1166 2194 1303 2227 autem
1335 2189 1463 2235 nihil,
1507 2189 1565 2227 sie
1597 2194 1801 2227 astrorum
1834 2185 1906 2225 ad-

133 2247 255 2289 sectio
287 2249 443 2298 valeat,
484 2251 518 2290 si
552 2251 636 2297 vis,
674 2250 724 2289 ad
759 2249 960 2302 quasdam
992 2264 1078 2297 res,
1117 2251 1169 2290 ad
1202 2252 1338 2290 omnis
1371 2257 1481 2290 certe
1513 2264 1594 2290 non
1627 2250 1794 2289 valebit.
1854 2249 1906 2287 At

136 2312 267 2359 enim,
300 2313 497 2364 quoniam
530 2312 570 2351 in
596 2313 752 2352 naturis
774 2312 991 2351 hominum
1016 2313 1380 2353 dissimilitudines
1404 2320 1517 2360 sunt,
1552 2318 1597 2353 ut
1626 2313 1729 2352 alios
1753 2311 1904 2367 dulcia,

133 2373 236 2414 alios
277 2375 496 2415 subamara
528 2375 758 2421 delectent,
802 2375 871 2414 alii
903 2376 1145 2423 libidinosi,
1187 2377 1256 2416 alii
1290 2377 1477 2417 iracundi
1510 2382 1581 2416 aut
1613 2375 1802 2416 crudeles
1834 2379 1955 2414 aut35

218 2578 248 2609 ¹27..
275 2578 307 2608 in
335 2578 490 2617 Daphita.
519 2579 690 2617 Quaedam
715 2579 763 2614 03
798 2588 859 2610 nos
886 2578 1026 2620 plenam
1053 2580 1371 2620 interpunctionem
1398 2579 1619 2613 sustulimus,
1656 2581 1691 2609 ut
1715 2577 1768 2609 illa
1794 2578 1903 2609 verba

132 2631 204 2659 sunt
228 2629 357 2669 quidem
381 2628 524 2659 absurda
551 2632 582 2659 et
609 2628 652 2659 ad
679 2628 852 2669 exempla⁷
880 2630 912 2660 in
938 2629 1066 2669 quibus
1092 2630 1230 2661 fortuita
1257 2629 1433 2670 quaedum
1459 2630 1578 2666 insint,
1606 2632 1639 2660 ct
1663 2629 1705 2660 ad
1729 2628 1902 2669 exempla,

134 2686 222 2719 quae
250 2678 451 2710 Posidonius
477 2682 699 2710 commentus
726 2682 789 2716 est,
817 2680 938 2711 referri
964 2680 1097 2720 possint
1125 2697 1157 2701 —
1188 2682 1217 2711 3.
1245 2682 1309 2710 sint
1332 2679 1408 2710 ,ΨΥ
1438 2698 1470 2701 -
1498 2680 1625 2718 quidem
1652 2681 1739 2711 Bw:
1769 2680 1905 2718 quidam

136 2726 174 2761 A¹
188 2729 238 2765 V1,
265 2730 419 2769 quidaem
445 2726 494 2766 A2,
522 2730 659 2768 iuquam
679 2730 836 2769 Reudig,
863 2731 1027 2769 quaedam
1051 2730 1248 2766 Turnebus,
1275 2731 1405 2770 quidem
1431 2730 1567 2768 inquam
1592 2730 1616 2759 O
1637 2746 1670 2751 —
1699 2728 1835 2760 absorde
1851 2730 1903 2767 Αἱ,

133 2777 272 2809 absurda
296 2779 336 2808 V¹
373 2796 404 2800 —
445 2778 475 2810 4.
502 2781 529 2810 si
554 2789 623 2811 om.
653 2781 674 2811 B
711 2798 743 2803 —-
780 2782 809 2811 5
837 2781 950 2811 hocine
976 2780 1069 2811 Klotz
1098 2797 1131 2802 —
1161 2781 1191 2811 6.
1219 2780 1339 2818 capula
1366 2778 1404 2810 ΑΙ
1434 2797 1465 2800 -
1496 2780 1525 2809 7.
1552 2788 1712 2818 magymon
1736 2783 1794 2809 aut
1819 2788 1902 2809 nau-

131 2827 263 2868 frayum
288 2829 331 2865 C,
357 2837 515 2869 maynum
537 2834 581 2860 est
606 2830 718 2867 naufr.
747 2838 827 2861 cum
854 2831 885 2861 F.
902 2833 940 2861 Α.
958 2830 1082 2861 Wolfio
1108 2832 1145 2867 O,
1174 2839 1328 2870 inaquam
1355 2833 1382 2859 et
1407 2829 1519 2867 naufr.
1541 2828 1730 2860 Lambinus
1756 2831 1787 2860 et
1811 2828 1904 2860 Klotz

133 2895 174 2900 —
197 2878 228 2910 8.
255 2878 468 2919 quamquam]
495 2875 673 2918 quicquam
698 2880 723 2908 V
757 2897 789 2901 -
822 2881 963 2919 quidem]
990 2881 1069 2920 quid
1093 2882 1178 2911 enim
1202 2879 1230 2909 V
1260 2897 1301 2901 —
1334 2880 1364 2910 9.
1392 2879 1495 2909 Icadii·
1520 2887 1588 2909 om.
1611 2879 1637 2909 V
1666 2897 1696 2901 -
1731 2880 1906 2918 praeconis

132 2928 173 2958 V?
199 2947 231 2951 —
259 2930 310 2960 ll.
336 2938 378 2960 ea:
403 2938 471 2960 om.
498 2928 593 2960 A1—
624 2930 674 2960 13.
695 2934 739 2960 est
763 2931 894 2961 omnino
919 2932 943 2959 ()
972 2947 1005 2951 —-
1042 2931 1134 2968 ipsust
1162 2928 1196 2960 Β*
1219 2947 1249 2951 -
1287 2930 1337 2960 ¹6.
1365 2928 1415 2969 ac]
1441 2930 1502 2958 hac
1527 2928 1565 2959 B'·'
1592 2947 1626 2951 —
1661 2929 1712 2960 ⁴7.
1739 2930 1854 2960 attinet
1879 2930 1904 2960 O

136 2995 170 3000 -
199 2978 250 3010 49.
276 2987 367 3009 ecum
392 2988 483 3010 corr.
510 2979 543 3009 in
568 2988 686 3018 equum
711 2979 734 3010 B
771 2997 802 3001 —
838 2980 890 3011 ¹20.
914 2980 1061 3018 primum
1086 2979 1215 3018 quidem
1240 2980 1263 3009 (ἶ)
1297 2997 1339 3001 --
1375 2980 1425 3010 ⁶21.
1453 2987 1563 3009 rerum
1589 2980 1785 3019 contagione
1809 2980 1833 3009 O
1866 2996 1900 3000 —

132 3027 183 3058 22.
211 3029 382 3060 uideamus
404 3031 442 3060 ΑΙ
459 3029 484 3059 V
524 3047 558 3051 —
595 3029 741 3059 salubres
766 3029 790 3060 O
824 3046 858 3050 —
902 3030 952 3059 213.
977 3029 1160 3068 pestitentes
1184 3030 1208 3059 Ο
1245 3047 1285 3051 -
1326 3029 1400 3059 aliis
1423 3037 1488 3059 esse
1512 3029 1536 3057 ()
1558 3045 1605 3058 .-
1642 3030 1789 3068 pennosos
1812 3029 1839 3059 V
1867 3047 1901 3051 -—

134 3077 323 3108 redundatis
346 3080 398 3116 Αἱ,
428 3079 648 3110 redundantes
673 3080 696 3109 O
729 3096 763 3100 —-
805 3079 855 3110 224.
883 3080 989 3110 locum
1021 3084 1048 3110 et
1074 3080 1254 3119 plurimum
1282 3078 1322 3113 V,
1356 3077 1418 3108 sed
1450 3081 1478 3108 el
1509 3078 1646 3118 punctis
1680 3081 1837 3109 notatum
1867 3096 1901 3100 —

133 3125 184 3157 25.
211 3127 367 3166 differunt
390 3128 414 3158 Ο
450 3146 482 3150 -
522 3129 573 3159 ⁴27⁴
602 3128 775 3159 arcesdam
807 3137 897 3159 corr.
927 3130 959 3161 in
990 3130 1187 3160 archesilam
1212 3128 1237 3158 V
1265 3145 1298 3149 —
1336 3127 1374 3158 2⁷9
1414 3128 1570 3167 auumque
1594 3127 1644 3161 ΑΙ,
1678 3129 1800 3167 diunyo
1825 3127 1902 3158 cod.

133 3174 280 3212 Baniol..
311 3177 444 3217 diiungo
470 3179 494 3209 O
531 3197 563 3199 —
602 3179 732 3218 [anquis
756 3179 808 3217 Ψ,
841 3179 918 3209 locis
942 3180 993 3212 ΥΞ,
1030 3179 1122 3219 quod
1161 3179 1193 3209 in
1230 3178 1314 3207 locos
1346 3179 1545 3208 correctum
1577 3179 1629 3209 est
1661 3178 1694 3209 in
1727 3186 1836 3216 marg.
1866 3193 1898 3197 —

134 3223 185 3255 30.
206 3226 334 3264 portico
360 3227 396 3257 Βι
428 3245 461 3249 -
505 3230 534 3259 in
561 3238 677 3268 campo
701 3229 785 3259 amb.
814 3232 917 3259 lecum
942 3237 1043 3266 quam
1074 3238 1142 3259 om.
1173 3227 1196 3255 V
1231 3245 1261 3249 -
1298 3229 1403 3257 tecum
1428 3236 1527 3265 quam
1551 3236 1625 3259 cum
1649 3227 1716 3258 alio
1742 3226 1846 3257 idibus
1870 3225 1902 3257 in

135 3281 242 3315 marg.
270 3283 315 3310 m,
343 3278 485 3319 antiqua
509 3278 669 3321 suppleta
695 3280 727 3310 in
752 3281 779 3311 A
806 3295 839 3300 —
868 3278 920 3310 33.
940 3287 1048 3310 omnes
1073 3279 1097 3309 O
1126 3295 1159 3299 —
1188 3277 1230 3309 ad
1255 3286 1345 3308 corr.
1372 3277 1405 3308 in
1429 3280 1463 3308 at
1488 3278 1526 3309 C.
