<?xml version="1.0" encoding="UTF-8"?>
<!DOCTYPE html PUBLIC "-//W3C//DTD XHTML 1.0 Transitional//EN"
    "http://www.w3.org/TR/xhtml1/DTD/xhtml1-transitional.dtd">
<html xmlns="http://www.w3.org/1999/xhtml" xml:lang="en" lang="en">
 <head>
  <title>
</title>
<meta http-equiv="Content-Type" content="text/html;charset=utf-8" />
  <meta name='ocr-system' content='tesseract 3.04.00' />
  <meta name='ocr-capabilities' content='ocr_page ocr_carea ocr_par ocr_line ocrx_word'/>
</head>
<body>
  <div class='ocr_page' id='page_1' title='image "./operaquaesupersu04ciceuoft_0667.png"; bbox 0 0 2249 3624; ppageno 0'>
   <div class='ocr_carea' id='block_1_1' title="bbox 4 1349 25 2653">
    <p class='ocr_par' dir='ltr' id='par_1_1' title="bbox 4 1349 25 2653">
     <span class='ocr_line' id='line_1_1' title="bbox 4 1349 25 2653; baseline 0 0"><span class='ocrx_word' id='word_1_1' title='bbox 4 1349 25 2653; x_wconf 95' lang='lat' dir='ltr'> </span> 
     </span>
    </p>
   </div>
   <div class='ocr_carea' id='block_1_2' title="bbox 21 2570 24 2630">
    <p class='ocr_par' dir='ltr' id='par_1_2' title="bbox 21 2570 24 2630">
     <span class='ocr_line' id='line_1_2' title="bbox 21 2570 24 2630; baseline 0 0"><span class='ocrx_word' id='word_1_2' title='bbox 21 2570 24 2630; x_wconf 69' lang='grc' dir='ltr'><strong>ἐ</strong></span> 
     </span>
    </p>
   </div>
   <div class='ocr_carea' id='block_1_3' title="bbox 26 2843 40 3565">
    <p class='ocr_par' dir='ltr' id='par_1_3' title="bbox 26 2843 40 3565">
     <span class='ocr_line' id='line_1_3' title="bbox 26 2843 40 3565; baseline 0 0"><span class='ocrx_word' id='word_1_3' title='bbox 26 2843 40 3565; x_wconf 95' lang='lat' dir='ltr'> </span> 
     </span>
    </p>
   </div>
   <div class='ocr_carea' id='block_1_4' title="bbox 636 154 1862 212">
    <p class='ocr_par' dir='ltr' id='par_1_4' title="bbox 636 154 1862 212">
     <span class='ocr_line' id='line_1_4' title="bbox 636 154 1862 212; baseline -0.002 -13"><span class='ocrx_word' id='word_1_4' title='bbox 636 159 731 199; x_wconf 61' lang='grc' dir='ltr'>ομ».</span> <span class='ocrx_word' id='word_1_5' title='bbox 762 159 1020 199; x_wconf 77' lang='lat' dir='ltr'>xv—xvi.</span> <span class='ocrx_word' id='word_1_6' title='bbox 1056 157 1115 212; x_wconf 62' lang='lat' dir='ltr'>§ss</span> <span class='ocrx_word' id='word_1_7' title='bbox 1147 158 1337 199; x_wconf 72' lang='lat'>50-55.</span> <span class='ocrx_word' id='word_1_8' title='bbox 1789 154 1862 198; x_wconf 72' lang='grc' dir='ltr'>θοι</span> 
     </span>
    </p>
   </div>
   <div class='ocr_carea' id='block_1_5' title="bbox 101 263 1925 2377">
    <p class='ocr_par' dir='ltr' id='par_1_5' title="bbox 101 263 1925 2001">
     <span class='ocr_line' id='line_1_5' title="bbox 114 263 1872 320; baseline -0.003 -12"><span class='ocrx_word' id='word_1_9' title='bbox 114 267 268 308; x_wconf 78' lang='lat' dir='ltr'>Omitto</span> <span class='ocrx_word' id='word_1_10' title='bbox 299 265 407 304; x_wconf 90' lang='lat' dir='ltr'>enim</span> <span class='ocrx_word' id='word_1_11' title='bbox 439 265 520 304; x_wconf 85' lang='lat' dir='ltr'>vim</span> <span class='ocrx_word' id='word_1_12' title='bbox 553 265 683 317; x_wconf 84' lang='lat' dir='ltr'>ipsam</span> <span class='ocrx_word' id='word_1_13' title='bbox 718 266 916 311; x_wconf 92' lang='lat' dir='ltr'>omnium,</span> <span class='ocrx_word' id='word_1_14' title='bbox 948 279 1053 318; x_wconf 84' lang='lat' dir='ltr'>quae</span> <span class='ocrx_word' id='word_1_15' title='bbox 1085 272 1336 317; x_wconf 68' lang='lat' dir='ltr'>generantur</span> <span class='ocrx_word' id='word_1_16' title='bbox 1367 281 1388 305; x_wconf 82' lang='lat' dir='ltr'>c</span> <span class='ocrx_word' id='word_1_17' title='bbox 1422 272 1553 313; x_wconf 87' lang='lat' dir='ltr'>terra;</span> <span class='ocrx_word' id='word_1_18' title='bbox 1587 279 1694 320; x_wconf 85' lang='lat' dir='ltr'>quae</span> <span class='ocrx_word' id='word_1_19' title='bbox 1727 278 1777 304; x_wconf 77' lang='lat' dir='ltr'>ex</span> <span class='ocrx_word' id='word_1_20' title='bbox 1807 263 1872 304; x_wconf 80' lang='lat' dir='ltr'>lici</span> 
     </span>
     <span class='ocr_line' id='line_1_6' title="bbox 112 328 1872 381; baseline -0.001 -12"><span class='ocrx_word' id='word_1_21' title='bbox 112 328 267 370; x_wconf 86' lang='lat' dir='ltr'>tantulo</span> <span class='ocrx_word' id='word_1_22' title='bbox 297 340 424 380; x_wconf 87' lang='lat' dir='ltr'>grano</span> <span class='ocrx_word' id='word_1_23' title='bbox 456 333 525 366; x_wconf 88' lang='lat' dir='ltr'>aut</span> <span class='ocrx_word' id='word_1_24' title='bbox 557 341 608 366; x_wconf 80' lang='lat' dir='ltr'>ex</span> <span class='ocrx_word' id='word_1_25' title='bbox 638 328 747 366; x_wconf 91' lang='lat' dir='ltr'>acini</span> <span class='ocrx_word' id='word_1_26' title='bbox 782 329 953 367; x_wconf 66' lang='lat' dir='ltr'>vinaceo</span> <span class='ocrx_word' id='word_1_27' title='bbox 986 335 1054 367; x_wconf 88' lang='lat' dir='ltr'>aut</span> <span class='ocrx_word' id='word_1_28' title='bbox 1075 342 1125 367; x_wconf 80' lang='lat' dir='ltr'>ex</span> <span class='ocrx_word' id='word_1_29' title='bbox 1150 335 1377 368; x_wconf 80' lang='lat' dir='ltr'>ceterarum</span> <span class='ocrx_word' id='word_1_30' title='bbox 1401 328 1566 378; x_wconf 81' lang='lat' dir='ltr'>frugum</span> <span class='ocrx_word' id='word_1_31' title='bbox 1589 335 1659 369; x_wconf 88' lang='lat' dir='ltr'>aut</span> <span class='ocrx_word' id='word_1_32' title='bbox 1680 330 1872 381; x_wconf 87' lang='lat' dir='ltr'>stirpium</span> 
     </span>
     <span class='ocr_line' id='line_1_7' title="bbox 109 388 1873 444; baseline -0.002 -13"><span class='ocrx_word' id='word_1_33' title='bbox 109 389 399 431; x_wconf 82' lang='lat' dir='ltr'>minutissimis</span> <span class='ocrx_word' id='word_1_34' title='bbox 445 388 673 428; x_wconf 81' lang='lat' dir='ltr'>seminibus</span> <span class='ocrx_word' id='word_1_35' title='bbox 720 395 854 428; x_wconf 87' lang='lat' dir='ltr'>tantos</span> <span class='ocrx_word' id='word_1_36' title='bbox 901 397 1068 429; x_wconf 84' lang='lat' dir='ltr'>truncos</span> <span class='ocrx_word' id='word_1_37' title='bbox 1118 404 1340 442; x_wconf 70' lang='lat' dir='ltr'>ramosque</span> <span class='ocrx_word' id='word_1_38' title='bbox 1389 398 1588 444; x_wconf 76' lang='lat' dir='ltr'>prot-rect.</span> <span class='ocrx_word' id='word_1_39' title='bbox 1675 390 1873 435; x_wconf 82' lang='lat' dir='ltr'>Malleoli,</span> 
     </span>
     <span class='ocr_line' id='line_1_8' title="bbox 108 452 1874 507; baseline -0.002 -14"><span class='ocrx_word' id='word_1_40' title='bbox 108 453 295 507; x_wconf 76' lang='lat' dir='ltr'>plantae,</span> <span class='ocrx_word' id='word_1_41' title='bbox 328 458 549 497; x_wconf 90' lang='lat' dir='ltr'>sarmenta,</span> <span class='ocrx_word' id='word_1_42' title='bbox 583 452 841 497; x_wconf 72' lang='lat' dir='ltr'>viviradices,</span> <span class='ocrx_word' id='word_1_43' title='bbox 876 454 1128 504; x_wconf 71' lang='lat' dir='ltr'>propagines</span> <span class='ocrx_word' id='word_1_44' title='bbox 1162 466 1300 491; x_wconf 81' lang='lat' dir='ltr'>nonne</span> <span class='ocrx_word' id='word_1_45' title='bbox 1332 466 1378 491; x_wconf 87' lang='lat' dir='ltr'>ca</span> <span class='ocrx_word' id='word_1_46' title='bbox 1411 453 1618 499; x_wconf 77' lang='lat' dir='ltr'>csticiunt,</span> <span class='ocrx_word' id='word_1_47' title='bbox 1652 459 1696 491; x_wconf 88' lang='lat' dir='ltr'>ut</span> <span class='ocrx_word' id='word_1_48' title='bbox 1728 466 1874 505; x_wconf 88' lang='lat' dir='ltr'>quem-</span> 
     </span>
     <span class='ocr_line' id='line_1_9' title="bbox 108 513 1904 568; baseline -0.002 -14"><span class='ocrx_word' id='word_1_49' title='bbox 108 516 169 554; x_wconf 92' lang='lat' dir='ltr'>vis</span> <span class='ocrx_word' id='word_1_50' title='bbox 201 528 293 554; x_wconf 91' lang='lat' dir='ltr'>cum</span> <span class='ocrx_word' id='word_1_51' title='bbox 326 513 601 553; x_wconf 78' lang='lat' dir='ltr'>admiratione</span> <span class='ocrx_word' id='word_1_52' title='bbox 635 513 879 552; x_wconf 74' lang='lat' dir='ltr'>delectent?</span> <span class='ocrx_word' id='word_1_53' title='bbox 941 515 1046 553; x_wconf 75' lang='lat' dir='ltr'>Vitis</span> <span class='ocrx_word' id='word_1_54' title='bbox 1080 515 1272 567; x_wconf 77' lang='lat' dir='ltr'>quidem,</span> <span class='ocrx_word' id='word_1_55' title='bbox 1307 530 1414 568; x_wconf 85' lang='lat' dir='ltr'>quae</span> <span class='ocrx_word' id='word_1_56' title='bbox 1448 523 1592 554; x_wconf 89' lang='lat' dir='ltr'>natura</span> <span class='ocrx_word' id='word_1_57' title='bbox 1626 516 1779 554; x_wconf 84' lang='lat' dir='ltr'>caduca</span> <span class='ocrx_word' id='word_1_58' title='bbox 1812 519 1904 553; x_wconf 77' lang='lat' dir='ltr'>ests</span> 
     </span>
     <span class='ocr_line' id='line_1_10' title="bbox 108 574 1873 628; baseline -0.002 -11"><span class='ocrx_word' id='word_1_59' title='bbox 108 583 170 624; x_wconf 87' lang='lat' dir='ltr'>et,</span> <span class='ocrx_word' id='word_1_60' title='bbox 203 576 279 616; x_wconf 91' lang='lat' dir='ltr'>nisi</span> <span class='ocrx_word' id='word_1_61' title='bbox 311 575 412 614; x_wconf 88' lang='lat' dir='ltr'>sulta</span> <span class='ocrx_word' id='word_1_62' title='bbox 445 581 525 620; x_wconf 87' lang='lat' dir='ltr'>est,</span> <span class='ocrx_word' id='word_1_63' title='bbox 559 574 688 614; x_wconf 79' lang='lat' dir='ltr'>fertur</span> <span class='ocrx_word' id='word_1_64' title='bbox 720 576 770 614; x_wconf 89' lang='lat' dir='ltr'>ad</span> <span class='ocrx_word' id='word_1_65' title='bbox 804 582 978 621; x_wconf 86' lang='lat' dir='ltr'>terram,</span> <span class='ocrx_word' id='word_1_66' title='bbox 1012 577 1179 621; x_wconf 66' lang='lat' dir='ltr'>eadem,</span> <span class='ocrx_word' id='word_1_67' title='bbox 1214 583 1256 616; x_wconf 91' lang='lat' dir='ltr'>ut</span> <span class='ocrx_word' id='word_1_68' title='bbox 1288 591 1331 615; x_wconf 76' lang='lat' dir='ltr'>se</span> <span class='ocrx_word' id='word_1_69' title='bbox 1364 578 1509 628; x_wconf 67' lang='lat' dir='ltr'>erigat,</span> <span class='ocrx_word' id='word_1_70' title='bbox 1542 578 1754 616; x_wconf 81' lang='lat' dir='ltr'>claviculis</span> <span class='ocrx_word' id='word_1_71' title='bbox 1787 577 1873 615; x_wconf 87' lang='lat' dir='ltr'>suis</span> 
     </span>
     <span class='ocr_line' id='line_1_11' title="bbox 107 637 1874 694; baseline -0.001 -15"><span class='ocrx_word' id='word_1_72' title='bbox 107 639 225 694; x_wconf 89' lang='lat' dir='ltr'>quasi</span> <span class='ocrx_word' id='word_1_73' title='bbox 258 637 449 677; x_wconf 88' lang='lat' dir='ltr'>manibus</span> <span class='ocrx_word' id='word_1_74' title='bbox 483 637 688 690; x_wconf 87' lang='lat' dir='ltr'>quidquid</span> <span class='ocrx_word' id='word_1_75' title='bbox 723 643 785 676; x_wconf 87' lang='lat' dir='ltr'>est</span> <span class='ocrx_word' id='word_1_76' title='bbox 818 645 934 676; x_wconf 81' lang='lat' dir='ltr'>nacta</span> <span class='ocrx_word' id='word_1_77' title='bbox 967 639 1269 691; x_wconf 67' lang='lat' dir='ltr'>complecitur:</span> <span class='ocrx_word' id='word_1_78' title='bbox 1311 653 1432 692; x_wconf 81' lang='lat' dir='ltr'>quam</span> <span class='ocrx_word' id='word_1_79' title='bbox 1467 647 1703 692; x_wconf 76' lang='lat' dir='ltr'>serpentem</span> <span class='ocrx_word' id='word_1_80' title='bbox 1739 639 1874 678; x_wconf 89' lang='lat' dir='ltr'>multi-</span> 
     </span>
     <span class='ocr_line' id='line_1_12' title="bbox 106 699 1872 756; baseline -0.002 -14"><span class='ocrx_word' id='word_1_81' title='bbox 106 702 205 756; x_wconf 90' lang='lat' dir='ltr'>plici</span> <span class='ocrx_word' id='word_1_82' title='bbox 237 701 354 754; x_wconf 90' lang='lat' dir='ltr'>lapsu</span> <span class='ocrx_word' id='word_1_83' title='bbox 396 706 436 739; x_wconf 86' lang='lat' dir='ltr'>et</span> <span class='ocrx_word' id='word_1_84' title='bbox 473 700 647 738; x_wconf 86' lang='lat' dir='ltr'>erratico</span> <span class='ocrx_word' id='word_1_85' title='bbox 681 699 790 738; x_wconf 84' lang='lat' dir='ltr'>ferro</span> <span class='ocrx_word' id='word_1_86' title='bbox 822 707 1045 751; x_wconf 80' lang='lat' dir='ltr'>amputans</span> <span class='ocrx_word' id='word_1_87' title='bbox 1078 707 1244 739; x_wconf 74' lang='lat' dir='ltr'>coercet</span> <span class='ocrx_word' id='word_1_88' title='bbox 1275 715 1339 739; x_wconf 90' lang='lat' dir='ltr'>ars</span> <span class='ocrx_word' id='word_1_89' title='bbox 1373 702 1678 753; x_wconf 69' lang='lat' dir='ltr'>agricolarum),</span> <span class='ocrx_word' id='word_1_90' title='bbox 1721 715 1771 740; x_wconf 82' lang='lat' dir='ltr'>ne</span> <span class='ocrx_word' id='word_1_91' title='bbox 1804 701 1872 739; x_wconf 88' lang='lat' dir='ltr'>sil-</span> 
     </span>
     <span class='ocr_line' id='line_1_13' title="bbox 105 762 1873 817; baseline -0.002 -13"><span class='ocrx_word' id='word_1_92' title='bbox 105 769 246 804; x_wconf 88' lang='lat' dir='ltr'>vescat</span> <span class='ocrx_word' id='word_1_93' title='bbox 276 762 496 802; x_wconf 77' lang='lat' dir='ltr'>sarmentis</span> <span class='ocrx_word' id='word_1_94' title='bbox 529 767 570 800; x_wconf 85' lang='lat' dir='ltr'>et</span> <span class='ocrx_word' id='word_1_95' title='bbox 602 762 641 800; x_wconf 93' lang='lat' dir='ltr'>in</span> <span class='ocrx_word' id='word_1_96' title='bbox 675 776 819 800; x_wconf 85' lang='lat' dir='ltr'>omncs</span> <span class='ocrx_word' id='word_1_97' title='bbox 852 769 988 814; x_wconf 81' lang='lat' dir='ltr'>partes</span> <span class='ocrx_word' id='word_1_98' title='bbox 1023 764 1148 801; x_wconf 92' lang='lat' dir='ltr'>nimia</span> <span class='ocrx_word' id='word_1_99' title='bbox 1178 763 1387 802; x_wconf 81' lang='lat' dir='ltr'>fundatur.</span> <span class='ocrx_word' id='word_1_100' title='bbox 1439 764 1504 802; x_wconf 72' lang='lat'>5323.</span> <span class='ocrx_word' id='word_1_101' title='bbox 1539 766 1680 817; x_wconf 76' lang='lat' dir='ltr'>ltaque</span> <span class='ocrx_word' id='word_1_102' title='bbox 1704 765 1873 802; x_wconf 89' lang='lat' dir='ltr'>ineunte</span> 
     </span>
     <span class='ocr_line' id='line_1_14' title="bbox 105 824 1923 878; baseline -0.002 -11"><span class='ocrx_word' id='word_1_103' title='bbox 105 840 201 867; x_wconf 89' lang='lat' dir='ltr'>vere</span> <span class='ocrx_word' id='word_1_104' title='bbox 233 826 275 865; x_wconf 93' lang='lat' dir='ltr'>in</span> <span class='ocrx_word' id='word_1_105' title='bbox 308 825 372 870; x_wconf 85' lang='lat' dir='ltr'>iis,</span> <span class='ocrx_word' id='word_1_106' title='bbox 405 837 513 878; x_wconf 87' lang='lat' dir='ltr'>quae</span> <span class='ocrx_word' id='word_1_107' title='bbox 546 824 689 863; x_wconf 85' lang='lat' dir='ltr'>relicta</span> <span class='ocrx_word' id='word_1_108' title='bbox 722 830 830 870; x_wconf 89' lang='lat' dir='ltr'>sunt,</span> <span class='ocrx_word' id='word_1_109' title='bbox 863 825 1007 864; x_wconf 83' lang='lat' dir='ltr'>existit</span> <span class='ocrx_word' id='word_1_110' title='bbox 1041 831 1247 877; x_wconf 83' lang='lat' dir='ltr'>tamquam</span> <span class='ocrx_word' id='word_1_111' title='bbox 1272 826 1322 864; x_wconf 91' lang='lat' dir='ltr'>ad</span> <span class='ocrx_word' id='word_1_112' title='bbox 1346 827 1544 865; x_wconf 86' lang='lat' dir='ltr'>articulos</span> <span class='ocrx_word' id='word_1_113' title='bbox 1568 832 1923 865; x_wconf 74' lang='lat' dir='ltr'>sarmentorumto</span> 
     </span>
     <span class='ocr_line' id='line_1_15' title="bbox 105 886 1872 942; baseline -0.002 -13"><span class='ocrx_word' id='word_1_114' title='bbox 105 902 154 929; x_wconf 90' lang='lat' dir='ltr'>ea</span> <span class='ocrx_word' id='word_1_115' title='bbox 193 901 300 942; x_wconf 87' lang='lat' dir='ltr'>quae</span> <span class='ocrx_word' id='word_1_116' title='bbox 340 899 502 939; x_wconf 79' lang='lat' dir='ltr'>gemma</span> <span class='ocrx_word' id='word_1_117' title='bbox 542 886 716 932; x_wconf 87' lang='lat' dir='ltr'>dicitur,</span> <span class='ocrx_word' id='word_1_118' title='bbox 759 900 779 926; x_wconf 89' lang='lat' dir='ltr'>a</span> <span class='ocrx_word' id='word_1_119' title='bbox 820 901 899 939; x_wconf 83' lang='lat' dir='ltr'>qua</span> <span class='ocrx_word' id='word_1_120' title='bbox 939 887 1079 926; x_wconf 88' lang='lat' dir='ltr'>oriens</span> <span class='ocrx_word' id='word_1_121' title='bbox 1120 900 1198 926; x_wconf 69' lang='lat' dir='ltr'>ura</span> <span class='ocrx_word' id='word_1_122' title='bbox 1240 902 1283 926; x_wconf 76' lang='lat' dir='ltr'>sc</span> <span class='ocrx_word' id='word_1_123' title='bbox 1316 890 1518 934; x_wconf 79' lang='lat' dir='ltr'>ostendit,</span> <span class='ocrx_word' id='word_1_124' title='bbox 1561 903 1668 941; x_wconf 70' lang='lat' dir='ltr'>(luae</span> <span class='ocrx_word' id='word_1_125' title='bbox 1701 895 1739 927; x_wconf 88' lang='lat' dir='ltr'>et</span> <span class='ocrx_word' id='word_1_126' title='bbox 1771 900 1872 927; x_wconf 90' lang='lat' dir='ltr'>suco</span> 
     </span>
     <span class='ocr_line' id='line_1_16' title="bbox 104 949 1874 1003; baseline -0.002 -11"><span class='ocrx_word' id='word_1_127' title='bbox 104 957 237 992; x_wconf 82' lang='lat' dir='ltr'>terrae</span> <span class='ocrx_word' id='word_1_128' title='bbox 278 955 318 990; x_wconf 87' lang='lat' dir='ltr'>et</span> <span class='ocrx_word' id='word_1_129' title='bbox 355 949 490 988; x_wconf 87' lang='lat' dir='ltr'>calore</span> <span class='ocrx_word' id='word_1_130' title='bbox 530 949 632 988; x_wconf 91' lang='lat' dir='ltr'>solis</span> <span class='ocrx_word' id='word_1_131' title='bbox 674 962 904 1001; x_wconf 75' lang='lat' dir='ltr'>augescens</span> <span class='ocrx_word' id='word_1_132' title='bbox 947 950 1081 1002; x_wconf 86' lang='lat' dir='ltr'>primo</span> <span class='ocrx_word' id='word_1_133' title='bbox 1121 957 1181 989; x_wconf 83' lang='lat' dir='ltr'>est</span> <span class='ocrx_word' id='word_1_134' title='bbox 1220 953 1446 1002; x_wconf 76' lang='lat' dir='ltr'>peracerba</span> <span class='ocrx_word' id='word_1_135' title='bbox 1488 958 1679 1003; x_wconf 85' lang='lat' dir='ltr'>gustatu,</span> <span class='ocrx_word' id='word_1_136' title='bbox 1722 950 1874 989; x_wconf 87' lang='lat' dir='ltr'>deinde</span> 
     </span>
     <span class='ocr_line' id='line_1_17' title="bbox 105 1011 1874 1066; baseline -0.001 -13"><span class='ocrx_word' id='word_1_137' title='bbox 105 1019 307 1054; x_wconf 87' lang='lat' dir='ltr'>maturata</span> <span class='ocrx_word' id='word_1_138' title='bbox 350 1011 553 1051; x_wconf 79' lang='lat' dir='ltr'>dulcescit</span> <span class='ocrx_word' id='word_1_139' title='bbox 594 1012 829 1065; x_wconf 81' lang='lat' dir='ltr'>vestitaque</span> <span class='ocrx_word' id='word_1_140' title='bbox 870 1013 1077 1064; x_wconf 87' lang='lat' dir='ltr'>pampinis</span> <span class='ocrx_word' id='word_1_141' title='bbox 1110 1025 1185 1050; x_wconf 81' lang='lat' dir='ltr'>nec</span> <span class='ocrx_word' id='word_1_142' title='bbox 1220 1013 1385 1052; x_wconf 86' lang='lat' dir='ltr'>modico</span> <span class='ocrx_word' id='word_1_143' title='bbox 1419 1020 1563 1066; x_wconf 78' lang='lat' dir='ltr'>tepore</span> <span class='ocrx_word' id='word_1_144' title='bbox 1597 1019 1707 1052; x_wconf 84' lang='lat' dir='ltr'>caret</span> <span class='ocrx_word' id='word_1_145' title='bbox 1741 1018 1779 1051; x_wconf 91' lang='lat' dir='ltr'>et</span> <span class='ocrx_word' id='word_1_146' title='bbox 1812 1014 1874 1051; x_wconf 92' lang='lat' dir='ltr'>ni—</span> 
     </span>
     <span class='ocr_line' id='line_1_18' title="bbox 105 1074 1874 1128; baseline -0.002 -12"><span class='ocrx_word' id='word_1_147' title='bbox 105 1076 209 1116; x_wconf 90' lang='lat' dir='ltr'>mios</span> <span class='ocrx_word' id='word_1_148' title='bbox 249 1075 350 1115; x_wconf 88' lang='lat' dir='ltr'>solis</span> <span class='ocrx_word' id='word_1_149' title='bbox 390 1074 576 1113; x_wconf 77' lang='lat' dir='ltr'>defendit</span> <span class='ocrx_word' id='word_1_150' title='bbox 613 1074 798 1117; x_wconf 84' lang='lat' dir='ltr'>ardores.</span> <span class='ocrx_word' id='word_1_151' title='bbox 862 1075 954 1122; x_wconf 87' lang='lat' dir='ltr'>Qua</span> <span class='ocrx_word' id='word_1_152' title='bbox 991 1075 1089 1128; x_wconf 86' lang='lat' dir='ltr'>quid</span> <span class='ocrx_word' id='word_1_153' title='bbox 1131 1081 1269 1128; x_wconf 87' lang='lat' dir='ltr'>potest</span> <span class='ocrx_word' id='word_1_154' title='bbox 1308 1090 1400 1114; x_wconf 73' lang='lat' dir='ltr'>esse</span> <span class='ocrx_word' id='word_1_155' title='bbox 1435 1091 1525 1115; x_wconf 82' lang='lat' dir='ltr'>cum</span> <span class='ocrx_word' id='word_1_156' title='bbox 1560 1076 1692 1115; x_wconf 84' lang='lat' dir='ltr'>fructu</span> <span class='ocrx_word' id='word_1_157' title='bbox 1726 1075 1874 1114; x_wconf 86' lang='lat' dir='ltr'>laetius</span> 
     </span>
     <span class='ocr_line' id='line_1_19' title="bbox 104 1137 1924 1190; baseline -0.002 -12"><span class='ocrx_word' id='word_1_158' title='bbox 104 1145 189 1178; x_wconf 92' lang='lat' dir='ltr'>tum</span> <span class='ocrx_word' id='word_1_159' title='bbox 230 1142 398 1190; x_wconf 83' lang='lat' dir='ltr'>aspectu</span> <span class='ocrx_word' id='word_1_160' title='bbox 439 1137 687 1189; x_wconf 71' lang='lat' dir='ltr'>pulchrius?</span> <span class='ocrx_word' id='word_1_161' title='bbox 740 1137 865 1177; x_wconf 88' lang='lat' dir='ltr'>Cuius</span> <span class='ocrx_word' id='word_1_162' title='bbox 899 1137 1065 1190; x_wconf 88' lang='lat' dir='ltr'>quidem</span> <span class='ocrx_word' id='word_1_163' title='bbox 1100 1152 1181 1176; x_wconf 92' lang='lat' dir='ltr'>non</span> <span class='ocrx_word' id='word_1_164' title='bbox 1218 1138 1374 1176; x_wconf 89' lang='lat' dir='ltr'>utilitas</span> <span class='ocrx_word' id='word_1_165' title='bbox 1409 1152 1472 1177; x_wconf 83' lang='lat' dir='ltr'>me</span> <span class='ocrx_word' id='word_1_166' title='bbox 1505 1139 1662 1184; x_wconf 88' lang='lat' dir='ltr'>solum,</span> <span class='ocrx_word' id='word_1_167' title='bbox 1705 1144 1748 1177; x_wconf 88' lang='lat' dir='ltr'>ut</span> <span class='ocrx_word' id='word_1_168' title='bbox 1778 1143 1874 1176; x_wconf 88' lang='lat' dir='ltr'>ante</span> <span class='ocrx_word' id='word_1_169' title='bbox 1890 1148 1924 1175; x_wconf 66' lang='lat'>45</span> 
     </span>
     <span class='ocr_line' id='line_1_20' title="bbox 103 1198 1874 1252; baseline -0.002 -12"><span class='ocrx_word' id='word_1_170' title='bbox 103 1200 214 1247; x_wconf 85' lang='lat' dir='ltr'>dixi,</span> <span class='ocrx_word' id='word_1_171' title='bbox 247 1200 319 1239; x_wconf 89' lang='lat' dir='ltr'>sed</span> <span class='ocrx_word' id='word_1_172' title='bbox 353 1200 476 1239; x_wconf 80' lang='lat' dir='ltr'>etiam</span> <span class='ocrx_word' id='word_1_173' title='bbox 509 1200 671 1239; x_wconf 90' lang='lat' dir='ltr'>cultura</span> <span class='ocrx_word' id='word_1_174' title='bbox 705 1206 745 1239; x_wconf 81' lang='lat' dir='ltr'>ct</span> <span class='ocrx_word' id='word_1_175' title='bbox 776 1207 919 1239; x_wconf 91' lang='lat' dir='ltr'>natura</span> <span class='ocrx_word' id='word_1_176' title='bbox 953 1200 1042 1252; x_wconf 89' lang='lat' dir='ltr'>ipsa</span> <span class='ocrx_word' id='word_1_177' title='bbox 1077 1198 1270 1246; x_wconf 85' lang='lat' dir='ltr'>delectat,</span> <span class='ocrx_word' id='word_1_178' title='bbox 1304 1201 1655 1239; x_wconf 82' lang='lat' dir='ltr'>adminiculorum</span> <span class='ocrx_word' id='word_1_179' title='bbox 1689 1199 1874 1244; x_wconf 81' lang='lat' dir='ltr'>ordines,</span> 
     </span>
     <span class='ocr_line' id='line_1_21' title="bbox 103 1261 1872 1314; baseline -0.002 -11"><span class='ocrx_word' id='word_1_180' title='bbox 103 1262 285 1314; x_wconf 89' lang='lat' dir='ltr'>capitum</span> <span class='ocrx_word' id='word_1_181' title='bbox 318 1261 494 1314; x_wconf 89' lang='lat' dir='ltr'>iugatio,</span> <span class='ocrx_word' id='word_1_182' title='bbox 528 1263 715 1312; x_wconf 74' lang='lat' dir='ltr'>religatio</span> <span class='ocrx_word' id='word_1_183' title='bbox 750 1269 788 1301; x_wconf 90' lang='lat' dir='ltr'>et</span> <span class='ocrx_word' id='word_1_184' title='bbox 823 1264 1067 1314; x_wconf 79' lang='lat' dir='ltr'>propagatio</span> <span class='ocrx_word' id='word_1_185' title='bbox 1100 1263 1267 1309; x_wconf 87' lang='lat' dir='ltr'>vitium,</span> <span class='ocrx_word' id='word_1_186' title='bbox 1301 1268 1604 1302; x_wconf 80' lang='lat' dir='ltr'>sarmentorum</span> <span class='ocrx_word' id='word_1_187' title='bbox 1639 1276 1705 1308; x_wconf 88' lang='lat' dir='ltr'>ea,</span> <span class='ocrx_word' id='word_1_188' title='bbox 1748 1275 1872 1314; x_wconf 89' lang='lat' dir='ltr'>quam</span> 
     </span>
     <span class='ocr_line' id='line_1_22' title="bbox 103 1323 1873 1378; baseline -0.002 -13"><span class='ocrx_word' id='word_1_189' title='bbox 103 1324 205 1371; x_wconf 84' lang='lat' dir='ltr'>dixi,</span> <span class='ocrx_word' id='word_1_190' title='bbox 238 1324 414 1364; x_wconf 89' lang='lat' dir='ltr'>aliorum</span> <span class='ocrx_word' id='word_1_191' title='bbox 447 1325 691 1377; x_wconf 89' lang='lat' dir='ltr'>amputatio,</span> <span class='ocrx_word' id='word_1_192' title='bbox 724 1325 898 1365; x_wconf 90' lang='lat' dir='ltr'>aliorum</span> <span class='ocrx_word' id='word_1_193' title='bbox 932 1325 1137 1365; x_wconf 89' lang='lat' dir='ltr'>inmissio.</span> <span class='ocrx_word' id='word_1_194' title='bbox 1199 1326 1309 1373; x_wconf 87' lang='lat' dir='ltr'>Quid</span> <span class='ocrx_word' id='word_1_195' title='bbox 1344 1338 1421 1376; x_wconf 76' lang='lat' dir='ltr'>ego</span> <span class='ocrx_word' id='word_1_196' title='bbox 1455 1325 1741 1375; x_wconf 72' lang='lat' dir='ltr'>irrigationes,</span> <span class='ocrx_word' id='word_1_197' title='bbox 1775 1323 1873 1378; x_wconf 89' lang='lat' dir='ltr'>quid</span> 
     </span>
     <span class='ocr_line' id='line_1_23' title="bbox 102 1385 1875 1440; baseline -0.002 -13"><span class='ocrx_word' id='word_1_198' title='bbox 102 1388 310 1428; x_wconf 86' lang='lat' dir='ltr'>fossiones</span> <span class='ocrx_word' id='word_1_199' title='bbox 349 1386 434 1439; x_wconf 89' lang='lat' dir='ltr'>agri</span> <span class='ocrx_word' id='word_1_200' title='bbox 476 1387 912 1440; x_wconf 86' lang='lat' dir='ltr'>repastinationesque</span> <span class='ocrx_word' id='word_1_201' title='bbox 955 1387 1185 1439; x_wconf 87' lang='lat' dir='ltr'>proferam,</span> <span class='ocrx_word' id='word_1_202' title='bbox 1229 1388 1382 1440; x_wconf 88' lang='lat' dir='ltr'>quibus</span> <span class='ocrx_word' id='word_1_203' title='bbox 1421 1387 1467 1426; x_wconf 80' lang='lat' dir='ltr'>fit</span> <span class='ocrx_word' id='word_1_204' title='bbox 1507 1387 1636 1425; x_wconf 88' lang='lat' dir='ltr'>multo</span> <span class='ocrx_word' id='word_1_205' title='bbox 1677 1393 1784 1425; x_wconf 87' lang='lat' dir='ltr'>terra</span> <span class='ocrx_word' id='word_1_206' title='bbox 1816 1385 1875 1424; x_wconf 86' lang='lat' dir='ltr'>fe-</span> 
     </span>
     <span class='ocr_line' id='line_1_24' title="bbox 102 1446 1925 1502; baseline -0.002 -11"><span class='ocrx_word' id='word_1_207' title='bbox 102 1450 307 1491; x_wconf 82' lang='lat' dir='ltr'>cundior?</span> <span class='ocrx_word' id='word_1_208' title='bbox 375 1447 442 1488; x_wconf 40' lang='lat' dir='ltr'>{inl</span> <span class='ocrx_word' id='word_1_209' title='bbox 486 1448 595 1497; x_wconf 87' lang='lat' dir='ltr'>Quid</span> <span class='ocrx_word' id='word_1_210' title='bbox 630 1449 680 1489; x_wconf 88' lang='lat' dir='ltr'>de</span> <span class='ocrx_word' id='word_1_211' title='bbox 713 1450 888 1489; x_wconf 86' lang='lat' dir='ltr'>utilitate</span> <span class='ocrx_word' id='word_1_212' title='bbox 930 1450 1080 1502; x_wconf 87' lang='lat' dir='ltr'>loquar</span> <span class='ocrx_word' id='word_1_213' title='bbox 1111 1450 1406 1489; x_wconf 73' lang='lat' dir='ltr'>stercorandi?</span> <span class='ocrx_word' id='word_1_214' title='bbox 1466 1449 1561 1487; x_wconf 81' lang='lat' dir='ltr'>Dixi</span> <span class='ocrx_word' id='word_1_215' title='bbox 1596 1449 1637 1487; x_wconf 92' lang='lat' dir='ltr'>in</span> <span class='ocrx_word' id='word_1_216' title='bbox 1671 1462 1719 1487; x_wconf 86' lang='lat' dir='ltr'>eo</span> <span class='ocrx_word' id='word_1_217' title='bbox 1752 1446 1925 1494; x_wconf 68' lang='lat' dir='ltr'>libr0,90</span> 
     </span>
     <span class='ocr_line' id='line_1_25' title="bbox 104 1509 1875 1567; baseline -0.002 -15"><span class='ocrx_word' id='word_1_218' title='bbox 104 1526 226 1567; x_wconf 91' lang='lat' dir='ltr'>quem</span> <span class='ocrx_word' id='word_1_219' title='bbox 260 1512 311 1551; x_wconf 89' lang='lat' dir='ltr'>de</span> <span class='ocrx_word' id='word_1_220' title='bbox 343 1511 466 1551; x_wconf 91' lang='lat' dir='ltr'>rebus</span> <span class='ocrx_word' id='word_1_221' title='bbox 486 1510 665 1551; x_wconf 73' lang='lat' dir='ltr'>*rusticis</span> <span class='ocrx_word' id='word_1_222' title='bbox 698 1512 868 1563; x_wconf 86' lang='lat' dir='ltr'>scripsi,</span> <span class='ocrx_word' id='word_1_223' title='bbox 901 1512 950 1551; x_wconf 88' lang='lat' dir='ltr'>de</span> <span class='ocrx_word' id='word_1_224' title='bbox 985 1525 1064 1564; x_wconf 87' lang='lat' dir='ltr'>qua</span> <span class='ocrx_word' id='word_1_225' title='bbox 1097 1512 1244 1552; x_wconf 89' lang='lat' dir='ltr'>doctus</span> <span class='ocrx_word' id='word_1_226' title='bbox 1271 1511 1478 1551; x_wconf 82' lang='lat' dir='ltr'>Hesiodus</span> <span class='ocrx_word' id='word_1_227' title='bbox 1510 1525 1562 1550; x_wconf 79' lang='lat' dir='ltr'>ne</span> <span class='ocrx_word' id='word_1_228' title='bbox 1586 1509 1755 1549; x_wconf 83' lang='lat' dir='ltr'>verbum</span> <span class='ocrx_word' id='word_1_229' title='bbox 1781 1511 1875 1562; x_wconf 88' lang='lat' dir='ltr'>qui-</span> 
     </span>
     <span class='ocr_line' id='line_1_26' title="bbox 103 1574 1876 1625; baseline -0.002 -10"><span class='ocrx_word' id='word_1_230' title='bbox 103 1576 196 1615; x_wconf 89' lang='lat' dir='ltr'>dem</span> <span class='ocrx_word' id='word_1_231' title='bbox 229 1574 347 1620; x_wconf 89' lang='lat' dir='ltr'>fecit,</span> <span class='ocrx_word' id='word_1_232' title='bbox 389 1587 481 1613; x_wconf 89' lang='lat' dir='ltr'>cum</span> <span class='ocrx_word' id='word_1_233' title='bbox 514 1575 564 1612; x_wconf 90' lang='lat' dir='ltr'>de</span> <span class='ocrx_word' id='word_1_234' title='bbox 596 1574 757 1613; x_wconf 85' lang='lat' dir='ltr'>cultura</span> <span class='ocrx_word' id='word_1_235' title='bbox 790 1575 876 1625; x_wconf 89' lang='lat' dir='ltr'>agri</span> <span class='ocrx_word' id='word_1_236' title='bbox 910 1575 1124 1613; x_wconf 69' lang='lat' dir='ltr'>scriberet.</span> <span class='ocrx_word' id='word_1_237' title='bbox 1186 1576 1237 1613; x_wconf 79' lang='lat' dir='ltr'>At</span> <span class='ocrx_word' id='word_1_238' title='bbox 1269 1574 1496 1619; x_wconf 74' lang='lat' dir='ltr'>llomcrus,</span> <span class='ocrx_word' id='word_1_239' title='bbox 1530 1574 1598 1625; x_wconf 88' lang='lat' dir='ltr'>qui</span> <span class='ocrx_word' id='word_1_240' title='bbox 1632 1574 1797 1619; x_wconf 89' lang='lat' dir='ltr'>multis,</span> <span class='ocrx_word' id='word_1_241' title='bbox 1831 1577 1876 1611; x_wconf 89' lang='lat' dir='ltr'>ut</span> 
     </span>
     <span class='ocr_line' id='line_1_27' title="bbox 103 1635 1874 1689; baseline -0.002 -13"><span class='ocrx_word' id='word_1_242' title='bbox 103 1637 205 1677; x_wconf 87' lang='lat' dir='ltr'>mihi</span> <span class='ocrx_word' id='word_1_243' title='bbox 237 1636 424 1682; x_wconf 87' lang='lat' dir='ltr'>videtur,</span> <span class='ocrx_word' id='word_1_244' title='bbox 467 1641 561 1675; x_wconf 87' lang='lat' dir='ltr'>ante</span> <span class='ocrx_word' id='word_1_245' title='bbox 595 1637 774 1676; x_wconf 87' lang='lat' dir='ltr'>saeculis</span> <span class='ocrx_word' id='word_1_246' title='bbox 816 1637 918 1683; x_wconf 88' lang='lat' dir='ltr'>fuit,</span> <span class='ocrx_word' id='word_1_247' title='bbox 963 1638 1148 1677; x_wconf 71' lang='lat' dir='ltr'>Laertam</span> <span class='ocrx_word' id='word_1_248' title='bbox 1183 1637 1408 1676; x_wconf 72' lang='lat' dir='ltr'>lenientem</span> <span class='ocrx_word' id='word_1_249' title='bbox 1442 1635 1718 1683; x_wconf 79' lang='lat' dir='ltr'>desiderium,</span> <span class='ocrx_word' id='word_1_250' title='bbox 1761 1635 1874 1689; x_wconf 91' lang='lat' dir='ltr'>quod</span> 
     </span>
     <span class='ocr_line' id='line_1_28' title="bbox 104 1697 1873 1753; baseline -0.002 -14"><span class='ocrx_word' id='word_1_251' title='bbox 104 1699 295 1753; x_wconf 83' lang='lat' dir='ltr'>capiebat</span> <span class='ocrx_word' id='word_1_252' title='bbox 334 1713 355 1739; x_wconf 88' lang='lat' dir='ltr'>e</span> <span class='ocrx_word' id='word_1_253' title='bbox 395 1697 502 1744; x_wconf 85' lang='lat' dir='ltr'>lilio,</span> <span class='ocrx_word' id='word_1_254' title='bbox 545 1699 748 1738; x_wconf 90' lang='lat' dir='ltr'>colentem</span> <span class='ocrx_word' id='word_1_255' title='bbox 782 1712 925 1750; x_wconf 74' lang='lat' dir='ltr'>agrum</span> <span class='ocrx_word' id='word_1_256' title='bbox 960 1705 999 1739; x_wconf 86' lang='lat' dir='ltr'>et</span> <span class='ocrx_word' id='word_1_257' title='bbox 1032 1713 1126 1738; x_wconf 89' lang='lat' dir='ltr'>eum</span> <span class='ocrx_word' id='word_1_258' title='bbox 1160 1704 1456 1738; x_wconf 86' lang='lat' dir='ltr'>stercorantem</span> <span class='ocrx_word' id='word_1_259' title='bbox 1490 1698 1599 1737; x_wconf 85' lang='lat' dir='ltr'>facit.</span> <span class='ocrx_word' id='word_1_260' title='bbox 1661 1699 1745 1736; x_wconf 83' lang='lat' dir='ltr'>Nec</span> <span class='ocrx_word' id='word_1_261' title='bbox 1777 1710 1873 1736; x_wconf 89' lang='lat' dir='ltr'>vero</span> 
     </span>
     <span class='ocr_line' id='line_1_29' title="bbox 104 1761 1925 1814; baseline -0.002 -12"><span class='ocrx_word' id='word_1_262' title='bbox 104 1761 315 1814; x_wconf 87' lang='lat' dir='ltr'>segetibus</span> <span class='ocrx_word' id='word_1_263' title='bbox 348 1761 481 1801; x_wconf 89' lang='lat' dir='ltr'>solum</span> <span class='ocrx_word' id='word_1_264' title='bbox 520 1766 560 1800; x_wconf 86' lang='lat' dir='ltr'>et</span> <span class='ocrx_word' id='word_1_265' title='bbox 592 1762 720 1813; x_wconf 87' lang='lat' dir='ltr'>pratis</span> <span class='ocrx_word' id='word_1_266' title='bbox 761 1767 801 1800; x_wconf 88' lang='lat' dir='ltr'>et</span> <span class='ocrx_word' id='word_1_267' title='bbox 832 1762 966 1801; x_wconf 81' lang='lat' dir='ltr'>vineis</span> <span class='ocrx_word' id='word_1_268' title='bbox 1004 1768 1043 1801; x_wconf 88' lang='lat' dir='ltr'>et</span> <span class='ocrx_word' id='word_1_269' title='bbox 1074 1762 1256 1809; x_wconf 83' lang='lat' dir='ltr'>arbustis</span> <span class='ocrx_word' id='word_1_270' title='bbox 1288 1775 1353 1800; x_wconf 86' lang='lat' dir='ltr'>res</span> <span class='ocrx_word' id='word_1_271' title='bbox 1385 1762 1567 1800; x_wconf 88' lang='lat' dir='ltr'>rusticae</span> <span class='ocrx_word' id='word_1_272' title='bbox 1600 1761 1733 1800; x_wconf 87' lang='lat' dir='ltr'>laetae</span> <span class='ocrx_word' id='word_1_273' title='bbox 1765 1766 1874 1806; x_wconf 86' lang='lat' dir='ltr'>sunt,</span> <span class='ocrx_word' id='word_1_274' title='bbox 1889 1771 1925 1799; x_wconf 69' lang='lat'>25</span> 
     </span>
     <span class='ocr_line' id='line_1_30' title="bbox 103 1822 1874 1878; baseline -0.002 -15"><span class='ocrx_word' id='word_1_275' title='bbox 103 1825 175 1863; x_wconf 93' lang='lat' dir='ltr'>sed</span> <span class='ocrx_word' id='word_1_276' title='bbox 208 1824 340 1863; x_wconf 87' lang='lat' dir='ltr'>hortis</span> <span class='ocrx_word' id='word_1_277' title='bbox 372 1824 496 1863; x_wconf 89' lang='lat' dir='ltr'>etiam</span> <span class='ocrx_word' id='word_1_278' title='bbox 524 1830 577 1863; x_wconf 88' lang='lat' dir='ltr'>-et</span> <span class='ocrx_word' id='word_1_279' title='bbox 616 1825 837 1876; x_wconf 88' lang='lat' dir='ltr'>pomariis,</span> <span class='ocrx_word' id='word_1_280' title='bbox 879 1830 963 1863; x_wconf 91' lang='lat' dir='ltr'>tum</span> <span class='ocrx_word' id='word_1_281' title='bbox 997 1824 1202 1878; x_wconf 76' lang='lat' dir='ltr'>pecudum</span> <span class='ocrx_word' id='word_1_282' title='bbox 1236 1830 1381 1876; x_wconf 89' lang='lat' dir='ltr'>pastu,</span> <span class='ocrx_word' id='word_1_283' title='bbox 1424 1824 1564 1875; x_wconf 86' lang='lat' dir='ltr'>apium</span> <span class='ocrx_word' id='word_1_284' title='bbox 1598 1822 1874 1867; x_wconf 83' lang='lat' dir='ltr'>examinibus,</span> 
     </span>
     <span class='ocr_line' id='line_1_31' title="bbox 101 1884 1873 1932; baseline -0.002 -6"><span class='ocrx_word' id='word_1_285' title='bbox 101 1888 250 1927; x_wconf 86' lang='lat' dir='ltr'>florum</span> <span class='ocrx_word' id='word_1_286' title='bbox 282 1886 467 1925; x_wconf 90' lang='lat' dir='ltr'>omnium</span> <span class='ocrx_word' id='word_1_287' title='bbox 500 1886 710 1925; x_wconf 80' lang='lat' dir='ltr'>varietate.</span> <span class='ocrx_word' id='word_1_288' title='bbox 781 1888 865 1925; x_wconf 78' lang='lat' dir='ltr'>Nec</span> <span class='ocrx_word' id='word_1_289' title='bbox 903 1887 1159 1925; x_wconf 84' lang='lat' dir='ltr'>consitiones</span> <span class='ocrx_word' id='word_1_290' title='bbox 1198 1886 1321 1925; x_wconf 88' lang='lat' dir='ltr'>modo</span> <span class='ocrx_word' id='word_1_291' title='bbox 1363 1887 1592 1932; x_wconf 87' lang='lat' dir='ltr'>delectant,</span> <span class='ocrx_word' id='word_1_292' title='bbox 1633 1885 1704 1924; x_wconf 89' lang='lat' dir='ltr'>sed</span> <span class='ocrx_word' id='word_1_293' title='bbox 1749 1884 1873 1924; x_wconf 90' lang='lat' dir='ltr'>etiam</span> 
     </span>
     <span class='ocr_line' id='line_1_32' title="bbox 102 1948 1421 2001; baseline 0 -13"><span class='ocrx_word' id='word_1_294' title='bbox 102 1949 345 1995; x_wconf 84' lang='lat' dir='ltr'>insitiones,</span> <span class='ocrx_word' id='word_1_295' title='bbox 380 1949 533 2001; x_wconf 92' lang='lat' dir='ltr'>quibus</span> <span class='ocrx_word' id='word_1_296' title='bbox 566 1948 670 1987; x_wconf 92' lang='lat' dir='ltr'>nihil</span> <span class='ocrx_word' id='word_1_297' title='bbox 702 1948 860 1988; x_wconf 85' lang='lat' dir='ltr'>invenit</span> <span class='ocrx_word' id='word_1_298' title='bbox 891 1950 976 2001; x_wconf 89' lang='lat' dir='ltr'>agri</span> <span class='ocrx_word' id='word_1_299' title='bbox 1001 1949 1162 1988; x_wconf 87' lang='lat' dir='ltr'>cultura</span> <span class='ocrx_word' id='word_1_300' title='bbox 1194 1949 1421 1988; x_wconf 80' lang='lat' dir='ltr'>sollertius.</span> 
     </span>
    </p>

    <p class='ocr_par' dir='ltr' id='par_1_6' title="bbox 102 2010 1925 2377">
     <span class='ocr_line' id='line_1_33' title="bbox 215 2010 1873 2064; baseline -0.002 -14"><span class='ocrx_word' id='word_1_301' title='bbox 215 2012 322 2050; x_wconf 81' lang='lat' dir='ltr'>XVI.</span> <span class='ocrx_word' id='word_1_302' title='bbox 355 2010 419 2048; x_wconf 92' lang='grc'>55.</span> <span class='ocrx_word' id='word_1_303' title='bbox 453 2012 625 2051; x_wconf 88' lang='lat' dir='ltr'>Possum</span> <span class='ocrx_word' id='word_1_304' title='bbox 660 2012 856 2064; x_wconf 81' lang='lat' dir='ltr'>persequi</span> <span class='ocrx_word' id='word_1_305' title='bbox 881 2012 1086 2064; x_wconf 85' lang='lat' dir='ltr'>permulta</span> <span class='ocrx_word' id='word_1_306' title='bbox 1110 2012 1419 2050; x_wconf 88' lang='lat' dir='ltr'>oblectamenta</span> <span class='ocrx_word' id='word_1_307' title='bbox 1449 2024 1587 2050; x_wconf 88' lang='lat' dir='ltr'>rerum</span> <span class='ocrx_word' id='word_1_308' title='bbox 1612 2010 1873 2054; x_wconf 89' lang='lat' dir='ltr'>rusticarum,</span> 
     </span>
     <span class='ocr_line' id='line_1_34' title="bbox 102 2073 1925 2127; baseline -0.003 -12"><span class='ocrx_word' id='word_1_309' title='bbox 102 2075 175 2115; x_wconf 91' lang='lat' dir='ltr'>sed</span> <span class='ocrx_word' id='word_1_310' title='bbox 207 2088 254 2114; x_wconf 86' lang='lat' dir='ltr'>ea</span> <span class='ocrx_word' id='word_1_311' title='bbox 286 2074 397 2127; x_wconf 87' lang='lat' dir='ltr'>ipsa,</span> <span class='ocrx_word' id='word_1_312' title='bbox 430 2087 537 2126; x_wconf 88' lang='lat' dir='ltr'>quae</span> <span class='ocrx_word' id='word_1_313' title='bbox 570 2074 680 2119; x_wconf 83' lang='lat' dir='ltr'>dixi,</span> <span class='ocrx_word' id='word_1_314' title='bbox 713 2074 849 2113; x_wconf 83' lang='lat' dir='ltr'>sentio</span> <span class='ocrx_word' id='word_1_315' title='bbox 882 2074 1010 2113; x_wconf 85' lang='lat' dir='ltr'>fuisse</span> <span class='ocrx_word' id='word_1_316' title='bbox 1044 2074 1247 2126; x_wconf 86' lang='lat' dir='ltr'>longiora.</span> <span class='ocrx_word' id='word_1_317' title='bbox 1310 2073 1542 2125; x_wconf 83' lang='lat' dir='ltr'>Ignoscetis</span> <span class='ocrx_word' id='word_1_318' title='bbox 1575 2079 1737 2119; x_wconf 76' lang='lat' dir='ltr'>autem3</span> <span class='ocrx_word' id='word_1_319' title='bbox 1780 2086 1872 2111; x_wconf 85' lang='lat' dir='ltr'>nam</span> <span class='ocrx_word' id='word_1_320' title='bbox 1889 2081 1925 2110; x_wconf 92' lang='lat'>30</span> 
     </span>
     <span class='ocr_line' id='line_1_35' title="bbox 103 2135 1875 2190; baseline -0.002 -13"><span class='ocrx_word' id='word_1_321' title='bbox 103 2143 143 2177; x_wconf 84' lang='lat' dir='ltr'>et</span> <span class='ocrx_word' id='word_1_322' title='bbox 174 2136 314 2176; x_wconf 89' lang='lat' dir='ltr'>studio</span> <span class='ocrx_word' id='word_1_323' title='bbox 347 2150 485 2175; x_wconf 88' lang='lat' dir='ltr'>rerum</span> <span class='ocrx_word' id='word_1_324' title='bbox 523 2137 769 2176; x_wconf 87' lang='lat' dir='ltr'>rusticarum</span> <span class='ocrx_word' id='word_1_325' title='bbox 802 2143 1021 2190; x_wconf 86' lang='lat' dir='ltr'>provectus</span> <span class='ocrx_word' id='word_1_326' title='bbox 1053 2151 1141 2176; x_wconf 89' lang='lat' dir='ltr'>sum</span> <span class='ocrx_word' id='word_1_327' title='bbox 1176 2141 1216 2175; x_wconf 90' lang='lat' dir='ltr'>et</span> <span class='ocrx_word' id='word_1_328' title='bbox 1245 2142 1438 2175; x_wconf 83' lang='lat' dir='ltr'>senectus</span> <span class='ocrx_word' id='word_1_329' title='bbox 1467 2141 1528 2174; x_wconf 88' lang='lat' dir='ltr'>est</span> <span class='ocrx_word' id='word_1_330' title='bbox 1558 2142 1706 2174; x_wconf 87' lang='lat' dir='ltr'>natura</span> <span class='ocrx_word' id='word_1_331' title='bbox 1727 2135 1875 2188; x_wconf 82' lang='lat' dir='ltr'>loqua—</span> 
     </span>
     <span class='ocr_line' id='line_1_36' title="bbox 103 2197 1874 2250; baseline -0.001 -12"><span class='ocrx_word' id='word_1_332' title='bbox 103 2199 206 2243; x_wconf 84' lang='lat' dir='ltr'>cior,</span> <span class='ocrx_word' id='word_1_333' title='bbox 240 2212 292 2238; x_wconf 88' lang='lat' dir='ltr'>ne</span> <span class='ocrx_word' id='word_1_334' title='bbox 324 2198 375 2238; x_wconf 89' lang='lat' dir='ltr'>ab</span> <span class='ocrx_word' id='word_1_335' title='bbox 407 2199 601 2238; x_wconf 89' lang='lat' dir='ltr'>omnibus</span> <span class='ocrx_word' id='word_1_336' title='bbox 639 2212 729 2238; x_wconf 87' lang='lat' dir='ltr'>eam</span> <span class='ocrx_word' id='word_1_337' title='bbox 762 2199 875 2238; x_wconf 86' lang='lat' dir='ltr'>vitiis</span> <span class='ocrx_word' id='word_1_338' title='bbox 908 2200 1051 2238; x_wconf 85' lang='lat' dir='ltr'>videar</span> <span class='ocrx_word' id='word_1_339' title='bbox 1081 2198 1307 2238; x_wconf 81' lang='lat' dir='ltr'>vindicare.</span> <span class='ocrx_word' id='word_1_340' title='bbox 1371 2200 1479 2250; x_wconf 86' lang='lat' dir='ltr'>Ergo</span> <span class='ocrx_word' id='word_1_341' title='bbox 1512 2198 1552 2236; x_wconf 94' lang='lat' dir='ltr'>in</span> <span class='ocrx_word' id='word_1_342' title='bbox 1586 2197 1662 2237; x_wconf 85' lang='lat' dir='ltr'>hac</span> <span class='ocrx_word' id='word_1_343' title='bbox 1695 2198 1776 2236; x_wconf 86' lang='lat' dir='ltr'>vita</span> <span class='ocrx_word' id='word_1_344' title='bbox 1810 2197 1874 2236; x_wconf 85' lang='grc' dir='ltr'>Μ’.</span> 
     </span>
     <span class='ocr_line' id='line_1_37' title="bbox 104 2260 1874 2314; baseline -0.002 -13"><span class='ocrx_word' id='word_1_345' title='bbox 104 2261 270 2307; x_wconf 89' lang='lat' dir='ltr'>Curius,</span> <span class='ocrx_word' id='word_1_346' title='bbox 303 2274 395 2300; x_wconf 92' lang='lat' dir='ltr'>cum</span> <span class='ocrx_word' id='word_1_347' title='bbox 429 2261 479 2299; x_wconf 91' lang='lat' dir='ltr'>de</span> <span class='ocrx_word' id='word_1_348' title='bbox 512 2261 791 2308; x_wconf 86' lang='lat' dir='ltr'>Samnitibus,</span> <span class='ocrx_word' id='word_1_349' title='bbox 823 2260 873 2300; x_wconf 89' lang='lat' dir='ltr'>de</span> <span class='ocrx_word' id='word_1_350' title='bbox 907 2261 1084 2307; x_wconf 84' lang='lat' dir='ltr'>Sabinis,</span> <span class='ocrx_word' id='word_1_351' title='bbox 1117 2261 1167 2300; x_wconf 89' lang='lat' dir='ltr'>de</span> <span class='ocrx_word' id='word_1_352' title='bbox 1198 2260 1355 2314; x_wconf 77' lang='lat' dir='ltr'>Pyrrho</span> <span class='ocrx_word' id='word_1_353' title='bbox 1390 2261 1744 2313; x_wconf 84' lang='lat' dir='ltr'>triumphavisset,</span> <span class='ocrx_word' id='word_1_354' title='bbox 1777 2272 1874 2298; x_wconf 87' lang='lat' dir='ltr'>con-</span> 
     </span>
     <span class='ocr_line' id='line_1_38' title="bbox 103 2320 1874 2377; baseline -0.002 -14"><span class='ocrx_word' id='word_1_355' title='bbox 103 2323 284 2376; x_wconf 86' lang='lat' dir='ltr'>sumpsit</span> <span class='ocrx_word' id='word_1_356' title='bbox 314 2330 546 2363; x_wconf 80' lang='lat' dir='ltr'>extremum</span> <span class='ocrx_word' id='word_1_357' title='bbox 579 2329 741 2377; x_wconf 88' lang='lat' dir='ltr'>tempus</span> <span class='ocrx_word' id='word_1_358' title='bbox 773 2325 949 2364; x_wconf 87' lang='lat' dir='ltr'>aetatis:</span> <span class='ocrx_word' id='word_1_359' title='bbox 983 2324 1102 2363; x_wconf 87' lang='lat' dir='ltr'>cuius</span> <span class='ocrx_word' id='word_1_360' title='bbox 1126 2323 1297 2376; x_wconf 89' lang='lat' dir='ltr'>quidem</span> <span class='ocrx_word' id='word_1_361' title='bbox 1321 2336 1397 2375; x_wconf 89' lang='lat' dir='ltr'>ego</span> <span class='ocrx_word' id='word_1_362' title='bbox 1422 2322 1560 2361; x_wconf 89' lang='lat' dir='ltr'>villam</span> <span class='ocrx_word' id='word_1_363' title='bbox 1584 2320 1874 2373; x_wconf 85' lang='lat' dir='ltr'>contemplans</span> 
     </span>
    </p>
   </div>
   <div class='ocr_carea' id='block_1_6' title="bbox 99 2489 1878 3327">
    <p class='ocr_par' dir='ltr' id='par_1_7' title="bbox 99 2489 1878 3327">
     <span class='ocr_line' id='line_1_39' title="bbox 191 2489 1876 2531; baseline -0.002 -9"><span class='ocrx_word' id='word_1_364' title='bbox 191 2491 220 2522; x_wconf 79' lang='lat' dir='ltr'>l.</span> <span class='ocrx_word' id='word_1_365' title='bbox 248 2499 264 2522; x_wconf 85' lang='lat' dir='ltr'>e</span> <span class='ocrx_word' id='word_1_366' title='bbox 288 2499 358 2522; x_wconf 88' lang='lat' dir='ltr'>om.</span> <span class='ocrx_word' id='word_1_367' title='bbox 378 2492 401 2522; x_wconf 93' lang='lat' dir='ltr'>P</span> <span class='ocrx_word' id='word_1_368' title='bbox 436 2509 469 2513; x_wconf 92' lang='lat'><em>-</em></span> <span class='ocrx_word' id='word_1_369' title='bbox 507 2500 550 2521; x_wconf 72' lang='lat' dir='ltr'>ez:</span> <span class='ocrx_word' id='word_1_370' title='bbox 572 2491 626 2531; x_wconf 79' lang='lat' dir='ltr'>fici</span> <span class='ocrx_word' id='word_1_371' title='bbox 651 2491 784 2521; x_wconf 84' lang='lat' dir='ltr'>BIRS:</span> <span class='ocrx_word' id='word_1_372' title='bbox 819 2491 903 2531; x_wconf 79' lang='lat' dir='ltr'>effici</span> <span class='ocrx_word' id='word_1_373' title='bbox 929 2491 996 2527; x_wconf 67' lang='lat' dir='ltr'>Et),</span> <span class='ocrx_word' id='word_1_374' title='bbox 1036 2490 1144 2521; x_wconf 85' lang='lat' dir='ltr'>altera</span> <span class='ocrx_word' id='word_1_375' title='bbox 1171 2491 1398 2530; x_wconf 66' lang='lat' dir='ltr'>fpunctataz</span> <span class='ocrx_word' id='word_1_376' title='bbox 1438 2498 1522 2528; x_wconf 82' lang='lat' dir='ltr'>quae</span> <span class='ocrx_word' id='word_1_377' title='bbox 1547 2498 1588 2520; x_wconf 57' lang='lat' dir='ltr'>ea:</span> <span class='ocrx_word' id='word_1_378' title='bbox 1611 2490 1663 2528; x_wconf 75' lang='lat' dir='ltr'>fici</span> <span class='ocrx_word' id='word_1_379' title='bbox 1681 2506 1727 2511; x_wconf 88' lang='lat'>--</span> <span class='ocrx_word' id='word_1_380' title='bbox 1744 2489 1876 2519; x_wconf 72' lang='lat' dir='ltr'>vinacio</span> 
     </span>
     <span class='ocr_line' id='line_1_40' title="bbox 102 2538 1875 2580; baseline -0.002 -8"><span class='ocrx_word' id='word_1_381' title='bbox 102 2540 233 2572; x_wconf 86' lang='lat' dir='ltr'>Nonius</span> <span class='ocrx_word' id='word_1_382' title='bbox 258 2549 290 2580; x_wconf 90' lang='lat' dir='ltr'>p.</span> <span class='ocrx_word' id='word_1_383' title='bbox 308 2540 382 2577; x_wconf 49' lang='lat'>1193,</span> <span class='ocrx_word' id='word_1_384' title='bbox 404 2540 444 2572; x_wconf 71' lang='lat'>⁴4</span> <span class='ocrx_word' id='word_1_385' title='bbox 473 2559 504 2563; x_wconf 88' lang='lat'><em>-</em></span> <span class='ocrx_word' id='word_1_386' title='bbox 535 2542 563 2571; x_wconf 65' lang='lat'>³2.</span> <span class='ocrx_word' id='word_1_387' title='bbox 584 2540 671 2571; x_wconf 77' lang='lat' dir='ltr'>acini</span> <span class='ocrx_word' id='word_1_388' title='bbox 698 2542 720 2571; x_wconf 88' lang='lat' dir='ltr'>P</span> <span class='ocrx_word' id='word_1_389' title='bbox 746 2542 779 2571; x_wconf 89' lang='lat' dir='ltr'>et</span> <span class='ocrx_word' id='word_1_390' title='bbox 796 2541 950 2571; x_wconf 80' lang='lat' dir='ltr'>Nonius:</span> <span class='ocrx_word' id='word_1_391' title='bbox 978 2541 1075 2571; x_wconf 75' lang='lat' dir='ltr'>acino</span> <span class='ocrx_word' id='word_1_392' title='bbox 1101 2541 1177 2571; x_wconf 58' lang='lat'>1315}</span> <span class='ocrx_word' id='word_1_393' title='bbox 1193 2542 1279 2571; x_wconf 77' lang='lat' dir='ltr'>RSO</span> <span class='ocrx_word' id='word_1_394' title='bbox 1307 2541 1456 2574; x_wconf 66' lang='lat' dir='ltr'>(vinaceo</span> <span class='ocrx_word' id='word_1_395' title='bbox 1476 2540 1572 2569; x_wconf 65' lang='lat' dir='ltr'>acino</span> <span class='ocrx_word' id='word_1_396' title='bbox 1592 2539 1612 2577; x_wconf 85' lang='lat' dir='ltr'>l)</span> <span class='ocrx_word' id='word_1_397' title='bbox 1631 2549 1637 2573; x_wconf 85' lang='lat'><em>;</em></span> <span class='ocrx_word' id='word_1_398' title='bbox 1666 2538 1708 2569; x_wconf 80' lang='lat' dir='ltr'>cs.</span> <span class='ocrx_word' id='word_1_399' title='bbox 1730 2539 1875 2571; x_wconf 78' lang='lat' dir='ltr'>Gesneri</span> 
     </span>
     <span class='ocr_line' id='line_1_41' title="bbox 104 2588 1874 2630; baseline -0.001 -10"><span class='ocrx_word' id='word_1_400' title='bbox 104 2591 183 2621; x_wconf 82' lang='lat' dir='ltr'>Lex.</span> <span class='ocrx_word' id='word_1_401' title='bbox 211 2591 381 2621; x_wconf 86' lang='lat' dir='ltr'>rusticum</span> <span class='ocrx_word' id='word_1_402' title='bbox 406 2598 433 2621; x_wconf 90' lang='lat' dir='ltr'>s.</span> <span class='ocrx_word' id='word_1_403' title='bbox 460 2599 492 2620; x_wconf 69' lang='lat' dir='ltr'>v.</span> <span class='ocrx_word' id='word_1_404' title='bbox 521 2591 657 2620; x_wconf 68' lang='lat' dir='ltr'>vinacea</span> <span class='ocrx_word' id='word_1_405' title='bbox 684 2599 715 2630; x_wconf 89' lang='lat' dir='ltr'>p.</span> <span class='ocrx_word' id='word_1_406' title='bbox 738 2591 796 2621; x_wconf 45' lang='lat'>1158</span> <span class='ocrx_word' id='word_1_407' title='bbox 825 2607 857 2611; x_wconf 92' lang='lat'>—-</span> <span class='ocrx_word' id='word_1_408' title='bbox 893 2594 951 2620; x_wconf 79' lang='lat' dir='ltr'>ant</span> <span class='ocrx_word' id='word_1_409' title='bbox 975 2591 1129 2629; x_wconf 75' lang='lat' dir='ltr'>stirpium</span> <span class='ocrx_word' id='word_1_410' title='bbox 1155 2592 1198 2620; x_wconf 68' lang='grc' dir='ltr'>(Ξῖ</span> <span class='ocrx_word' id='word_1_411' title='bbox 1232 2599 1272 2620; x_wconf 74' lang='grc' dir='ltr'>αι·</span> <span class='ocrx_word' id='word_1_412' title='bbox 1293 2593 1329 2621; x_wconf 84' lang='lat' dir='ltr'>st.</span> <span class='ocrx_word' id='word_1_413' title='bbox 1356 2592 1379 2619; x_wconf 82' lang='grc' dir='ltr'>Ο</span> <span class='ocrx_word' id='word_1_414' title='bbox 1409 2607 1441 2611; x_wconf 39' lang='grc' dir='ltr'>ψ-</span> <span class='ocrx_word' id='word_1_415' title='bbox 1471 2589 1500 2618; x_wconf 84' lang='grc'>3.</span> <span class='ocrx_word' id='word_1_416' title='bbox 1526 2592 1675 2627; x_wconf 75' lang='lat' dir='ltr'>procreet</span> <span class='ocrx_word' id='word_1_417' title='bbox 1699 2588 1723 2618; x_wconf 90' lang='lat' dir='ltr'>C</span> <span class='ocrx_word' id='word_1_418' title='bbox 1751 2588 1824 2624; x_wconf 87' lang='lat' dir='ltr'>(sed</span> <span class='ocrx_word' id='word_1_419' title='bbox 1852 2588 1874 2619; x_wconf 84' lang='lat' dir='ltr'>E</span> 
     </span>
     <span class='ocr_line' id='line_1_42' title="bbox 99 2638 1873 2679; baseline -0.001 -11"><span class='ocrx_word' id='word_1_420' title='bbox 99 2640 306 2679; x_wconf 79' lang='lat' dir='ltr'>procreent):</span> <span class='ocrx_word' id='word_1_421' title='bbox 330 2643 485 2678; x_wconf 80' lang='lat' dir='ltr'>procreat</span> <span class='ocrx_word' id='word_1_422' title='bbox 511 2640 535 2670; x_wconf 96' lang='lat' dir='ltr'>O</span> <span class='ocrx_word' id='word_1_423' title='bbox 562 2657 596 2661; x_wconf 82' lang='lat'>—</span> <span class='ocrx_word' id='word_1_424' title='bbox 638 2639 668 2671; x_wconf 75' lang='lat'>4.</span> <span class='ocrx_word' id='word_1_425' title='bbox 696 2640 777 2670; x_wconf 74' lang='lat' dir='ltr'>uites</span> <span class='ocrx_word' id='word_1_426' title='bbox 801 2641 930 2670; x_wconf 78' lang='lat' dir='ltr'>radices</span> <span class='ocrx_word' id='word_1_427' title='bbox 956 2642 979 2670; x_wconf 78' lang='lat' dir='ltr'>t:</span> <span class='ocrx_word' id='word_1_428' title='bbox 1008 2657 1041 2661; x_wconf 92' lang='lat'><em>—</em></span> <span class='ocrx_word' id='word_1_429' title='bbox 1082 2650 1145 2670; x_wconf 68' lang='lat' dir='ltr'>nun.</span> <span class='ocrx_word' id='word_1_430' title='bbox 1169 2650 1207 2670; x_wconf 78' lang='lat' dir='ltr'>ea</span> <span class='ocrx_word' id='word_1_431' title='bbox 1235 2642 1256 2670; x_wconf 77' lang='lat' dir='ltr'>R</span> <span class='ocrx_word' id='word_1_432' title='bbox 1287 2658 1315 2661; x_wconf 80' lang='lat'>—</span> <span class='ocrx_word' id='word_1_433' title='bbox 1348 2641 1378 2670; x_wconf 81' lang='lat'>5.</span> <span class='ocrx_word' id='word_1_434' title='bbox 1407 2640 1565 2670; x_wconf 72' lang='lat' dir='ltr'>delectant</span> <span class='ocrx_word' id='word_1_435' title='bbox 1592 2639 1600 2668; x_wconf 90' lang='lat' dir='ltr'>l</span> <span class='ocrx_word' id='word_1_436' title='bbox 1634 2655 1665 2659; x_wconf 96' lang='lat'>—</span> <span class='ocrx_word' id='word_1_437' title='bbox 1695 2638 1725 2667; x_wconf 89' lang='lat'>6.</span> <span class='ocrx_word' id='word_1_438' title='bbox 1749 2640 1778 2668; x_wconf 82' lang='lat' dir='ltr'>ct</span> <span class='ocrx_word' id='word_1_439' title='bbox 1803 2646 1873 2668; x_wconf 88' lang='lat' dir='ltr'>om.</span> 
     </span>
     <span class='ocr_line' id='line_1_43' title="bbox 103 2687 1873 2729; baseline -0.001 -10"><span class='ocrx_word' id='word_1_440' title='bbox 103 2689 129 2720; x_wconf 86' lang='lat' dir='ltr'>R</span> <span class='ocrx_word' id='word_1_441' title='bbox 155 2706 187 2711; x_wconf 90' lang='lat'>—</span> <span class='ocrx_word' id='word_1_442' title='bbox 220 2690 305 2728; x_wconf 81' lang='lat' dir='ltr'>fulta</span> <span class='ocrx_word' id='word_1_443' title='bbox 330 2692 375 2720; x_wconf 82' lang='lat' dir='ltr'>est</span> <span class='ocrx_word' id='word_1_444' title='bbox 400 2691 446 2720; x_wconf 66' lang='lat' dir='ltr'>tl:</span> <span class='ocrx_word' id='word_1_445' title='bbox 473 2690 559 2728; x_wconf 59' lang='lat' dir='ltr'>fulta</span> <span class='ocrx_word' id='word_1_446' title='bbox 582 2691 623 2720; x_wconf 79' lang='lat' dir='ltr'>sit</span> <span class='ocrx_word' id='word_1_447' title='bbox 648 2690 672 2721; x_wconf 95' lang='lat' dir='ltr'>O</span> <span class='ocrx_word' id='word_1_448' title='bbox 701 2707 734 2711; x_wconf 81' lang='lat'>—</span> <span class='ocrx_word' id='word_1_449' title='bbox 774 2692 882 2729; x_wconf 62' lang='lat' dir='ltr'>erigat</span> <span class='ocrx_word' id='word_1_450' title='bbox 905 2698 936 2720; x_wconf 89' lang='lat' dir='ltr'>se</span> <span class='ocrx_word' id='word_1_451' title='bbox 961 2691 981 2719; x_wconf 81' lang='lat' dir='ltr'>S</span> <span class='ocrx_word' id='word_1_452' title='bbox 1019 2707 1052 2711; x_wconf 77' lang='lat'>—</span> <span class='ocrx_word' id='word_1_453' title='bbox 1092 2690 1121 2720; x_wconf 79' lang='lat'>7.</span> <span class='ocrx_word' id='word_1_454' title='bbox 1150 2690 1307 2729; x_wconf 61' lang='lat' dir='ltr'>qua-quid</span> <span class='ocrx_word' id='word_1_455' title='bbox 1333 2690 1356 2720; x_wconf 89' lang='lat' dir='ltr'>C</span> <span class='ocrx_word' id='word_1_456' title='bbox 1401 2707 1431 2711; x_wconf 96' lang='lat'><strong>—</strong></span> <span class='ocrx_word' id='word_1_457' title='bbox 1471 2690 1502 2720; x_wconf 77' lang='grc' dir='ltr'>ὃ.</span> <span class='ocrx_word' id='word_1_458' title='bbox 1529 2689 1676 2718; x_wconf 77' lang='lat' dir='ltr'>cohercet</span> <span class='ocrx_word' id='word_1_459' title='bbox 1700 2688 1749 2718; x_wconf 68' lang='lat'>113</span> <span class='ocrx_word' id='word_1_460' title='bbox 1776 2705 1818 2709; x_wconf 97' lang='lat'><strong>—</strong></span> <span class='ocrx_word' id='word_1_461' title='bbox 1842 2687 1873 2718; x_wconf 80' lang='lat'>9.</span> 
     </span>
     <span class='ocr_line' id='line_1_44' title="bbox 102 2737 1875 2778; baseline -0.002 -8"><span class='ocrx_word' id='word_1_462' title='bbox 102 2739 239 2770; x_wconf 80' lang='lat' dir='ltr'>minima</span> <span class='ocrx_word' id='word_1_463' title='bbox 261 2740 448 2778; x_wconf 77' lang='lat' dir='ltr'>funduntur</span> <span class='ocrx_word' id='word_1_464' title='bbox 471 2740 494 2770; x_wconf 88' lang='lat' dir='ltr'>E</span> <span class='ocrx_word' id='word_1_465' title='bbox 522 2756 556 2761; x_wconf 89' lang='lat'>—</span> <span class='ocrx_word' id='word_1_466' title='bbox 586 2741 638 2770; x_wconf 59' lang='lat'>210.</span> <span class='ocrx_word' id='word_1_467' title='bbox 665 2740 697 2769; x_wconf 79' lang='lat' dir='ltr'>in</span> <span class='ocrx_word' id='word_1_468' title='bbox 722 2739 770 2769; x_wconf 79' lang='lat' dir='ltr'>his</span> <span class='ocrx_word' id='word_1_469' title='bbox 797 2740 877 2770; x_wconf 80' lang='lat' dir='ltr'>BIR</span> <span class='ocrx_word' id='word_1_470' title='bbox 907 2757 939 2760; x_wconf 81' lang='lat'>—</span> <span class='ocrx_word' id='word_1_471' title='bbox 977 2740 1023 2769; x_wconf 85' lang='lat' dir='ltr'>tt.</span> <span class='ocrx_word' id='word_1_472' title='bbox 1051 2740 1174 2769; x_wconf 71' lang='lat' dir='ltr'>dicitur</span> <span class='ocrx_word' id='word_1_473' title='bbox 1197 2748 1326 2778; x_wconf 69' lang='lat' dir='ltr'>yemma</span> <span class='ocrx_word' id='word_1_474' title='bbox 1354 2739 1364 2769; x_wconf 94' lang='lat'>1</span> <span class='ocrx_word' id='word_1_475' title='bbox 1393 2755 1426 2759; x_wconf 86' lang='lat'>-—</span> <span class='ocrx_word' id='word_1_476' title='bbox 1456 2746 1522 2768; x_wconf 72' lang='lat' dir='ltr'>sese</span> <span class='ocrx_word' id='word_1_477' title='bbox 1548 2737 1640 2767; x_wconf 80' lang='lat' dir='ltr'>ERO</span> <span class='ocrx_word' id='word_1_478' title='bbox 1670 2754 1702 2758; x_wconf 87' lang='lat'><strong>—</strong></span> <span class='ocrx_word' id='word_1_479' title='bbox 1729 2745 1825 2767; x_wconf 82' lang='lat' dir='ltr'>succo</span> <span class='ocrx_word' id='word_1_480' title='bbox 1851 2737 1875 2767; x_wconf 95' lang='lat' dir='ltr'>O</span> 
     </span>
     <span class='ocr_line' id='line_1_45' title="bbox 105 2787 1877 2826; baseline -0.002 -7"><span class='ocrx_word' id='word_1_481' title='bbox 105 2805 139 2810; x_wconf 88' lang='lat'><em>-</em></span> <span class='ocrx_word' id='word_1_482' title='bbox 168 2789 220 2820; x_wconf 72' lang='lat'>⁴2.</span> <span class='ocrx_word' id='word_1_483' title='bbox 246 2790 319 2820; x_wconf 79' lang='lat' dir='ltr'>dein</span> <span class='ocrx_word' id='word_1_484' title='bbox 346 2789 390 2820; x_wconf 84' lang='lat' dir='ltr'>Bt</span> <span class='ocrx_word' id='word_1_485' title='bbox 411 2790 489 2826; x_wconf 73' lang='grc' dir='ltr'>ΡΞ,</span> <span class='ocrx_word' id='word_1_486' title='bbox 528 2792 561 2820; x_wconf 91' lang='lat' dir='ltr'>et</span> <span class='ocrx_word' id='word_1_487' title='bbox 587 2790 632 2823; x_wconf 76' lang='lat' dir='ltr'>R.</span> <span class='ocrx_word' id='word_1_488' title='bbox 659 2789 720 2820; x_wconf 86' lang='lat' dir='ltr'>sed</span> <span class='ocrx_word' id='word_1_489' title='bbox 747 2790 803 2820; x_wconf 85' lang='lat' dir='ltr'>hic</span> <span class='ocrx_word' id='word_1_490' title='bbox 828 2790 860 2820; x_wconf 88' lang='lat' dir='ltr'>in</span> <span class='ocrx_word' id='word_1_491' title='bbox 886 2798 942 2821; x_wconf 86' lang='lat' dir='ltr'>ras</span> <span class='ocrx_word' id='word_1_492' title='bbox 983 2798 1027 2820; x_wconf 89' lang='lat' dir='ltr'>m.</span> <span class='ocrx_word' id='word_1_493' title='bbox 1049 2790 1067 2819; x_wconf 70' lang='lat'>‘2</span> <span class='ocrx_word' id='word_1_494' title='bbox 1095 2789 1224 2820; x_wconf 46' lang='lat' dir='ltr'>{deinde</span> <span class='ocrx_word' id='word_1_495' title='bbox 1250 2788 1357 2819; x_wconf 80' lang='lat' dir='ltr'>habet</span> <span class='ocrx_word' id='word_1_496' title='bbox 1381 2798 1422 2819; x_wconf 77' lang='lat' dir='ltr'>cx</span> <span class='ocrx_word' id='word_1_497' title='bbox 1449 2789 1537 2819; x_wconf 77' lang='lat' dir='ltr'>meis</span> <span class='ocrx_word' id='word_1_498' title='bbox 1563 2787 1667 2818; x_wconf 83' lang='lat' dir='ltr'>etiam</span> <span class='ocrx_word' id='word_1_499' title='bbox 1694 2787 1813 2818; x_wconf 88' lang='lat' dir='ltr'>Duisb.</span> <span class='ocrx_word' id='word_1_500' title='bbox 1842 2788 1877 2816; x_wconf 89' lang='lat' dir='ltr'>et</span> 
     </span>
     <span class='ocr_line' id='line_1_46' title="bbox 104 2837 1876 2879; baseline -0.001 -10"><span class='ocrx_word' id='word_1_501' title='bbox 104 2837 213 2876; x_wconf 87' lang='lat' dir='ltr'>Oehl.)</span> <span class='ocrx_word' id='word_1_502' title='bbox 242 2857 275 2861; x_wconf 86' lang='lat'>—</span> <span class='ocrx_word' id='word_1_503' title='bbox 315 2838 366 2869; x_wconf 75' lang='lat'>43.</span> <span class='ocrx_word' id='word_1_504' title='bbox 395 2842 538 2878; x_wconf 80' lang='lat' dir='ltr'>tempore</span> <span class='ocrx_word' id='word_1_505' title='bbox 563 2839 685 2876; x_wconf 77' lang='lat' dir='ltr'>EPR,</span> <span class='ocrx_word' id='word_1_506' title='bbox 724 2839 787 2869; x_wconf 86' lang='lat' dir='ltr'>sed</span> <span class='ocrx_word' id='word_1_507' title='bbox 813 2839 844 2869; x_wconf 91' lang='lat' dir='ltr'>in</span> <span class='ocrx_word' id='word_1_508' title='bbox 873 2839 930 2869; x_wconf 81' lang='grc' dir='ltr'>ΕΙ)</span> <span class='ocrx_word' id='word_1_509' title='bbox 960 2848 992 2869; x_wconf 84' lang='lat' dir='ltr'>m</span> <span class='ocrx_word' id='word_1_510' title='bbox 1024 2840 1188 2879; x_wconf 84' lang='lat' dir='ltr'>punctata</span> <span class='ocrx_word' id='word_1_511' title='bbox 1230 2856 1264 2859; x_wconf 74' lang='lat'><em>-</em></span> <span class='ocrx_word' id='word_1_512' title='bbox 1306 2838 1355 2868; x_wconf 63' lang='lat'>44.</span> <span class='ocrx_word' id='word_1_513' title='bbox 1384 2841 1453 2868; x_wconf 77' lang='lat' dir='ltr'>tum</span> <span class='ocrx_word' id='word_1_514' title='bbox 1475 2838 1588 2878; x_wconf 71' lang='lat' dir='ltr'>fructa</span> <span class='ocrx_word' id='word_1_515' title='bbox 1612 2838 1636 2868; x_wconf 95' lang='lat' dir='ltr'>O</span> <span class='ocrx_word' id='word_1_516' title='bbox 1662 2840 1696 2867; x_wconf 87' lang='lat' dir='ltr'>et</span> <span class='ocrx_word' id='word_1_517' title='bbox 1721 2845 1760 2867; x_wconf 80' lang='lat' dir='ltr'>ex</span> <span class='ocrx_word' id='word_1_518' title='bbox 1789 2837 1876 2867; x_wconf 87' lang='lat' dir='ltr'>meis</span> 
     </span>
     <span class='ocr_line' id='line_1_47' title="bbox 105 2887 1878 2928; baseline -0.001 -10"><span class='ocrx_word' id='word_1_519' title='bbox 105 2887 191 2919; x_wconf 91' lang='lat' dir='ltr'>Gud.</span> <span class='ocrx_word' id='word_1_520' title='bbox 218 2890 252 2919; x_wconf 83' lang='lat' dir='ltr'>et</span> <span class='ocrx_word' id='word_1_521' title='bbox 275 2887 371 2919; x_wconf 84' lang='lat' dir='ltr'>Oehl.</span> <span class='ocrx_word' id='word_1_522' title='bbox 399 2905 434 2910; x_wconf 92' lang='lat'>—</span> <span class='ocrx_word' id='word_1_523' title='bbox 474 2889 524 2919; x_wconf 81' lang='grc'>46.</span> <span class='ocrx_word' id='word_1_524' title='bbox 554 2889 625 2927; x_wconf 74' lang='lat' dir='ltr'>ipsa</span> <span class='ocrx_word' id='word_1_525' title='bbox 650 2891 774 2919; x_wconf 77' lang='lat' dir='ltr'>natura</span> <span class='ocrx_word' id='word_1_526' title='bbox 799 2888 860 2919; x_wconf 85' lang='grc' dir='ltr'>ΒΟ</span> <span class='ocrx_word' id='word_1_527' title='bbox 888 2906 921 2910; x_wconf 92' lang='grc'><strong>-</strong></span> <span class='ocrx_word' id='word_1_528' title='bbox 962 2890 1012 2919; x_wconf 74' lang='grc'>17.</span> <span class='ocrx_word' id='word_1_529' title='bbox 1039 2890 1230 2928; x_wconf 68' lang='lat' dir='ltr'>eoniuyatio</span> <span class='ocrx_word' id='word_1_530' title='bbox 1255 2890 1278 2919; x_wconf 64' lang='lat' dir='ltr'>lt</span> <span class='ocrx_word' id='word_1_531' title='bbox 1302 2904 1346 2910; x_wconf 95' lang='lat'>—</span> <span class='ocrx_word' id='word_1_532' title='bbox 1380 2892 1625 2919; x_wconf 76' lang='lat' dir='ltr'>sarmentormn</span> <span class='ocrx_word' id='word_1_533' title='bbox 1651 2888 1698 2918; x_wconf 89' lang='lat' dir='ltr'>C:</span> <span class='ocrx_word' id='word_1_534' title='bbox 1725 2895 1878 2917; x_wconf 78' lang='lat' dir='ltr'>sarmen—</span> 
     </span>
     <span class='ocr_line' id='line_1_48' title="bbox 104 2938 1872 2979; baseline -0.001 -10"><span class='ocrx_word' id='word_1_535' title='bbox 104 2941 275 2979; x_wconf 73' lang='lat' dir='ltr'>torumque</span> <span class='ocrx_word' id='word_1_536' title='bbox 299 2939 323 2969; x_wconf 94' lang='grc' dir='ltr'>Ο</span> <span class='ocrx_word' id='word_1_537' title='bbox 351 2955 385 2960; x_wconf 85' lang='grc'><strong>-</strong></span> <span class='ocrx_word' id='word_1_538' title='bbox 423 2947 463 2969; x_wconf 86' lang='lat' dir='ltr'>ea</span> <span class='ocrx_word' id='word_1_539' title='bbox 487 2947 573 2976; x_wconf 82' lang='lat' dir='ltr'>quae</span> <span class='ocrx_word' id='word_1_540' title='bbox 598 2939 621 2969; x_wconf 79' lang='lat' dir='ltr'>E</span> <span class='ocrx_word' id='word_1_541' title='bbox 649 2956 682 2960; x_wconf 80' lang='lat'>—-</span> <span class='ocrx_word' id='word_1_542' title='bbox 723 2938 774 2969; x_wconf 77' lang='lat'>48.</span> <span class='ocrx_word' id='word_1_543' title='bbox 803 2939 882 2976; x_wconf 81' lang='lat' dir='ltr'>quid</span> <span class='ocrx_word' id='word_1_544' title='bbox 907 2947 985 2977; x_wconf 74' lang='lat' dir='ltr'>eryo</span> <span class='ocrx_word' id='word_1_545' title='bbox 1011 2938 1099 2969; x_wconf 77' lang='lat' dir='ltr'>RES</span> <span class='ocrx_word' id='word_1_546' title='bbox 1132 2955 1160 2959; x_wconf 40' lang='grc' dir='ltr'><strong><em>ω</em></strong></span> <span class='ocrx_word' id='word_1_547' title='bbox 1205 2938 1255 2968; x_wconf 27' lang='grc'>119.</span> <span class='ocrx_word' id='word_1_548' title='bbox 1282 2938 1386 2968; x_wconf 77' lang='lat' dir='ltr'>mulla</span> <span class='ocrx_word' id='word_1_549' title='bbox 1412 2938 1468 2967; x_wconf 79' lang='lat' dir='ltr'>Bs</span> <span class='ocrx_word' id='word_1_550' title='bbox 1496 2955 1530 2959; x_wconf 94' lang='lat'>—</span> <span class='ocrx_word' id='word_1_551' title='bbox 1567 2938 1762 2976; x_wconf 71' lang='lat' dir='ltr'>foecundior</span> <span class='ocrx_word' id='word_1_552' title='bbox 1788 2939 1809 2968; x_wconf 89' lang='lat' dir='ltr'>P</span> <span class='ocrx_word' id='word_1_553' title='bbox 1839 2953 1872 2958; x_wconf 95' lang='lat'><em>-</em></span> 
     </span>
     <span class='ocr_line' id='line_1_49' title="bbox 104 2986 1873 3023; baseline -0.001 -5"><span class='ocrx_word' id='word_1_554' title='bbox 104 2988 155 3018; x_wconf 68' lang='grc' dir='ltr'>Ἥ.</span> <span class='ocrx_word' id='word_1_555' title='bbox 184 2988 310 3018; x_wconf 69' lang='lat' dir='ltr'>esiodus</span> <span class='ocrx_word' id='word_1_556' title='bbox 333 2990 355 3019; x_wconf 90' lang='lat' dir='ltr'>P</span> <span class='ocrx_word' id='word_1_557' title='bbox 381 3005 416 3009; x_wconf 97' lang='lat'><strong>—</strong></span> <span class='ocrx_word' id='word_1_558' title='bbox 446 2988 495 3019; x_wconf 63' lang='grc' dir='ltr'>ΕΞ.</span> <span class='ocrx_word' id='word_1_559' title='bbox 515 2988 627 3018; x_wconf 72' lang='lat' dir='ltr'>multis</span> <span class='ocrx_word' id='word_1_560' title='bbox 650 2991 678 3019; x_wconf 76' lang='lat' dir='ltr'>et</span> <span class='ocrx_word' id='word_1_561' title='bbox 701 2988 779 3018; x_wconf 77' lang='lat' dir='ltr'>mihi</span> <span class='ocrx_word' id='word_1_562' title='bbox 806 2986 841 3018; x_wconf 80' lang='lat' dir='ltr'>P¹</span> <span class='ocrx_word' id='word_1_563' title='bbox 860 3005 894 3009; x_wconf 89' lang='lat'><strong>—</strong></span> <span class='ocrx_word' id='word_1_564' title='bbox 924 2988 963 3018; x_wconf 59' lang='lat'>223</span> <span class='ocrx_word' id='word_1_565' title='bbox 995 2988 1152 3018; x_wconf 77' lang='lat' dir='ltr'>Laertam</span> <span class='ocrx_word' id='word_1_566' title='bbox 1178 2987 1258 3018; x_wconf 76' lang='lat' dir='ltr'>EP:</span> <span class='ocrx_word' id='word_1_567' title='bbox 1287 2987 1404 3017; x_wconf 75' lang='lat' dir='ltr'>terta-m</span> <span class='ocrx_word' id='word_1_568' title='bbox 1429 2987 1550 3023; x_wconf 69' lang='lat' dir='ltr'>Bias,</span> <span class='ocrx_word' id='word_1_569' title='bbox 1576 2988 1727 3019; x_wconf 78' lang='lat' dir='ltr'>Laertem</span> <span class='ocrx_word' id='word_1_570' title='bbox 1753 2987 1873 3018; x_wconf 87' lang='lat' dir='ltr'>Duisb.</span> 
     </span>
     <span class='ocr_line' id='line_1_50' title="bbox 106 3035 1877 3076; baseline -0.001 -9"><span class='ocrx_word' id='word_1_571' title='bbox 106 3035 200 3067; x_wconf 87' lang='lat' dir='ltr'>Oehl.</span> <span class='ocrx_word' id='word_1_572' title='bbox 221 3039 255 3068; x_wconf 87' lang='lat' dir='ltr'>et</span> <span class='ocrx_word' id='word_1_573' title='bbox 273 3038 297 3068; x_wconf 95' lang='grc' dir='ltr'><strong>Ο</strong></span> <span class='ocrx_word' id='word_1_574' title='bbox 326 3055 360 3059; x_wconf 91' lang='grc'><strong>-</strong></span> <span class='ocrx_word' id='word_1_575' title='bbox 387 3037 438 3068; x_wconf 76' lang='lat'>⁵26.</span> <span class='ocrx_word' id='word_1_576' title='bbox 458 3038 561 3068; x_wconf 86' lang='lat' dir='ltr'>hortis</span> <span class='ocrx_word' id='word_1_577' title='bbox 583 3038 683 3068; x_wconf 82' lang='lat' dir='ltr'>etiam</span> <span class='ocrx_word' id='word_1_578' title='bbox 708 3039 731 3068; x_wconf 89' lang='lat' dir='ltr'>C</span> <span class='ocrx_word' id='word_1_579' title='bbox 760 3038 852 3076; x_wconf 77' lang='lat' dir='ltr'>(ortis</span> <span class='ocrx_word' id='word_1_580' title='bbox 877 3037 1025 3075; x_wconf 71' lang='lat' dir='ltr'>Elem:</span> <span class='ocrx_word' id='word_1_581' title='bbox 1054 3039 1153 3067; x_wconf 72' lang='lat' dir='ltr'>eliam</span> <span class='ocrx_word' id='word_1_582' title='bbox 1176 3037 1278 3067; x_wconf 72' lang='lat' dir='ltr'>hortis</span> <span class='ocrx_word' id='word_1_583' title='bbox 1302 3038 1326 3067; x_wconf 93' lang='lat' dir='ltr'><em>O</em></span> <span class='ocrx_word' id='word_1_584' title='bbox 1355 3054 1387 3058; x_wconf 97' lang='lat'><strong>—</strong></span> <span class='ocrx_word' id='word_1_585' title='bbox 1413 3037 1573 3075; x_wconf 71' lang='lat' dir='ltr'>per-ocium</span> <span class='ocrx_word' id='word_1_586' title='bbox 1598 3038 1620 3068; x_wconf 91' lang='lat' dir='ltr'>B</span> <span class='ocrx_word' id='word_1_587' title='bbox 1651 3055 1680 3059; x_wconf 90' lang='lat'><em>-</em></span> <span class='ocrx_word' id='word_1_588' title='bbox 1710 3040 1739 3068; x_wconf 85' lang='lat' dir='ltr'>et</span> <span class='ocrx_word' id='word_1_589' title='bbox 1763 3037 1877 3075; x_wconf 79' lang='lat' dir='ltr'>apium</span> 
     </span>
     <span class='ocr_line' id='line_1_51' title="bbox 105 3086 1873 3126; baseline 0 -10"><span class='ocrx_word' id='word_1_590' title='bbox 105 3086 247 3118; x_wconf 81' lang='lat' dir='ltr'>BEIPS</span> <span class='ocrx_word' id='word_1_591' title='bbox 275 3104 309 3109; x_wconf 95' lang='lat'>--</span> <span class='ocrx_word' id='word_1_592' title='bbox 346 3087 398 3117; x_wconf 64' lang='lat'>27.</span> <span class='ocrx_word' id='word_1_593' title='bbox 425 3088 632 3118; x_wconf 59' lang='lat' dir='ltr'>consutiones</span> <span class='ocrx_word' id='word_1_594' title='bbox 657 3087 728 3126; x_wconf 81' lang='lat' dir='ltr'>(sic)</span> <span class='ocrx_word' id='word_1_595' title='bbox 754 3088 850 3117; x_wconf 73' lang='lat' dir='ltr'>modo</span> <span class='ocrx_word' id='word_1_596' title='bbox 873 3088 1034 3118; x_wconf 78' lang='lat' dir='ltr'>delectant</span> <span class='ocrx_word' id='word_1_597' title='bbox 1057 3088 1111 3117; x_wconf 83' lang='lat' dir='ltr'>sed</span> <span class='ocrx_word' id='word_1_598' title='bbox 1134 3088 1233 3117; x_wconf 77' lang='lat' dir='ltr'>elium</span> <span class='ocrx_word' id='word_1_599' title='bbox 1260 3087 1439 3116; x_wconf 73' lang='lat' dir='ltr'>institiones</span> <span class='ocrx_word' id='word_1_600' title='bbox 1464 3087 1593 3117; x_wconf 83' lang='lat' dir='ltr'>Nonius</span> <span class='ocrx_word' id='word_1_601' title='bbox 1618 3095 1651 3126; x_wconf 80' lang='lat' dir='ltr'>p.</span> <span class='ocrx_word' id='word_1_602' title='bbox 1668 3086 1742 3121; x_wconf 75' lang='lat'>⁶273,</span> <span class='ocrx_word' id='word_1_603' title='bbox 1764 3086 1814 3116; x_wconf 72' lang='lat'>42.</span> <span class='ocrx_word' id='word_1_604' title='bbox 1840 3103 1873 3107; x_wconf 92' lang='lat'>—</span> 
     </span>
     <span class='ocr_line' id='line_1_52' title="bbox 105 3135 1876 3176; baseline -0.001 -11"><span class='ocrx_word' id='word_1_605' title='bbox 105 3135 158 3166; x_wconf 69' lang='lat'>29.</span> <span class='ocrx_word' id='word_1_606' title='bbox 183 3137 348 3174; x_wconf 75' lang='lat' dir='ltr'>permulta</span> <span class='ocrx_word' id='word_1_607' title='bbox 373 3137 420 3168; x_wconf 87' lang='lat' dir='ltr'>C:</span> <span class='ocrx_word' id='word_1_608' title='bbox 452 3137 558 3167; x_wconf 71' lang='lat' dir='ltr'>matta</span> <span class='ocrx_word' id='word_1_609' title='bbox 582 3137 606 3167; x_wconf 93' lang='lat' dir='ltr'>O</span> <span class='ocrx_word' id='word_1_610' title='bbox 647 3155 678 3158; x_wconf 95' lang='lat'><strong>—</strong></span> <span class='ocrx_word' id='word_1_611' title='bbox 719 3137 770 3167; x_wconf 87' lang='lat'>30.</span> <span class='ocrx_word' id='word_1_612' title='bbox 796 3137 896 3175; x_wconf 77' lang='lat' dir='ltr'>fuisse</span> <span class='ocrx_word' id='word_1_613' title='bbox 920 3140 1021 3168; x_wconf 73' lang='lat' dir='ltr'>sentio</span> <span class='ocrx_word' id='word_1_614' title='bbox 1046 3138 1090 3173; x_wconf 88' lang='lat' dir='ltr'>O,</span> <span class='ocrx_word' id='word_1_615' title='bbox 1123 3137 1222 3176; x_wconf 76' lang='lat' dir='ltr'>fuisse</span> <span class='ocrx_word' id='word_1_616' title='bbox 1247 3144 1314 3166; x_wconf 76' lang='lat'>«¹111.</span> <span class='ocrx_word' id='word_1_617' title='bbox 1337 3136 1360 3166; x_wconf 84' lang='grc' dir='ltr'><strong><em>Β</em></strong></span> <span class='ocrx_word' id='word_1_618' title='bbox 1401 3153 1435 3157; x_wconf 88' lang='lat'>—</span> <span class='ocrx_word' id='word_1_619' title='bbox 1473 3145 1553 3166; x_wconf 74' lang='lat' dir='ltr'>nam</span> <span class='ocrx_word' id='word_1_620' title='bbox 1576 3140 1604 3167; x_wconf 82' lang='lat' dir='ltr'>et</span> <span class='ocrx_word' id='word_1_621' title='bbox 1631 3137 1653 3167; x_wconf 81' lang='lat' dir='ltr'>E</span> <span class='ocrx_word' id='word_1_622' title='bbox 1669 3138 1712 3167; x_wconf 79' lang='lat' dir='ltr'>P:</span> <span class='ocrx_word' id='word_1_623' title='bbox 1751 3145 1830 3165; x_wconf 81' lang='lat' dir='ltr'>nam</span> <span class='ocrx_word' id='word_1_624' title='bbox 1854 3144 1876 3165; x_wconf 86' lang='lat' dir='ltr'>a</span> 
     </span>
     <span class='ocr_line' id='line_1_53' title="bbox 107 3184 1877 3217; baseline 0 -2"><span class='ocrx_word' id='word_1_625' title='bbox 107 3184 218 3215; x_wconf 74' lang='lat' dir='ltr'>Bias</span> <span class='ocrx_word' id='word_1_626' title='bbox 247 3202 277 3207; x_wconf 93' lang='lat'>—</span> <span class='ocrx_word' id='word_1_627' title='bbox 315 3185 366 3216; x_wconf 76' lang='grc'>31.</span> <span class='ocrx_word' id='word_1_628' title='bbox 393 3187 595 3217; x_wconf 78' lang='lat' dir='ltr'>rusticarum</span> <span class='ocrx_word' id='word_1_629' title='bbox 620 3196 732 3217; x_wconf 79' lang='lat' dir='ltr'>rerum</span> <span class='ocrx_word' id='word_1_630' title='bbox 756 3187 839 3217; x_wconf 85' lang='lat' dir='ltr'>EIR</span> <span class='ocrx_word' id='word_1_631' title='bbox 867 3205 902 3208; x_wconf 97' lang='lat'><strong>—</strong></span> <span class='ocrx_word' id='word_1_632' title='bbox 929 3196 1001 3217; x_wconf 81' lang='lat' dir='ltr'>sum</span> <span class='ocrx_word' id='word_1_633' title='bbox 1027 3188 1057 3217; x_wconf 87' lang='lat' dir='ltr'>in</span> <span class='ocrx_word' id='word_1_634' title='bbox 1085 3189 1106 3217; x_wconf 82' lang='grc' dir='ltr'>Ρ</span> <span class='ocrx_word' id='word_1_635' title='bbox 1131 3186 1211 3217; x_wconf 78' lang='lat' dir='ltr'>add.</span> <span class='ocrx_word' id='word_1_636' title='bbox 1238 3194 1282 3216; x_wconf 88' lang='lat' dir='ltr'>m.</span> <span class='ocrx_word' id='word_1_637' title='bbox 1312 3186 1329 3216; x_wconf 76' lang='lat'>2</span> <span class='ocrx_word' id='word_1_638' title='bbox 1357 3203 1389 3207; x_wconf 92' lang='lat'><strong>—</strong></span> <span class='ocrx_word' id='word_1_639' title='bbox 1429 3189 1458 3216; x_wconf 75' lang='lat' dir='ltr'>et</span> <span class='ocrx_word' id='word_1_640' title='bbox 1481 3189 1686 3217; x_wconf 58' lang='lat' dir='ltr'>senectus„</span> <span class='ocrx_word' id='word_1_641' title='bbox 1704 3186 1877 3216; x_wconf 78' lang='lat' dir='ltr'>uindicare</span> 
     </span>
     <span class='ocr_line' id='line_1_54' title="bbox 106 3233 1871 3276; baseline 0 -12"><span class='ocrx_word' id='word_1_642' title='bbox 106 3233 236 3265; x_wconf 87' lang='lat' dir='ltr'>Nonius</span> <span class='ocrx_word' id='word_1_643' title='bbox 262 3242 293 3274; x_wconf 89' lang='lat' dir='ltr'>p.</span> <span class='ocrx_word' id='word_1_644' title='bbox 310 3234 384 3272; x_wconf 71' lang='grc'>419,</span> <span class='ocrx_word' id='word_1_645' title='bbox 403 3236 421 3266; x_wconf 82' lang='lat'>7</span> <span class='ocrx_word' id='word_1_646' title='bbox 450 3251 484 3258; x_wconf 90' lang='lat'>-</span> <span class='ocrx_word' id='word_1_647' title='bbox 512 3241 637 3266; x_wconf 75' lang='lat' dir='ltr'>natura</span> <span class='ocrx_word' id='word_1_648' title='bbox 662 3237 693 3267; x_wconf 93' lang='lat' dir='ltr'>in</span> <span class='ocrx_word' id='word_1_649' title='bbox 715 3238 736 3267; x_wconf 88' lang='grc' dir='ltr'><em>Ρ</em></span> <span class='ocrx_word' id='word_1_650' title='bbox 754 3244 830 3276; x_wconf 85' lang='lat' dir='ltr'>sup.</span> <span class='ocrx_word' id='word_1_651' title='bbox 850 3235 907 3267; x_wconf 79' lang='lat' dir='ltr'>lin.</span> <span class='ocrx_word' id='word_1_652' title='bbox 930 3246 974 3268; x_wconf 85' lang='lat' dir='ltr'>m.</span> <span class='ocrx_word' id='word_1_653' title='bbox 996 3238 1014 3267; x_wconf 63' lang='grc' dir='ltr'>Ξ).</span> <span class='ocrx_word' id='word_1_654' title='bbox 1041 3254 1074 3258; x_wconf 95' lang='grc'><strong>-</strong></span> <span class='ocrx_word' id='word_1_655' title='bbox 1104 3236 1156 3267; x_wconf 73' lang='lat'>32.</span> <span class='ocrx_word' id='word_1_656' title='bbox 1184 3238 1216 3266; x_wconf 80' lang='lat' dir='ltr'>in</span> <span class='ocrx_word' id='word_1_657' title='bbox 1240 3236 1324 3266; x_wconf 75' lang='lat' dir='ltr'>hanc</span> <span class='ocrx_word' id='word_1_658' title='bbox 1349 3236 1452 3265; x_wconf 76' lang='lat' dir='ltr'>uitam</span> <span class='ocrx_word' id='word_1_659' title='bbox 1478 3237 1501 3267; x_wconf 89' lang='lat' dir='ltr'>P</span> <span class='ocrx_word' id='word_1_660' title='bbox 1531 3254 1561 3258; x_wconf 97' lang='lat'><strong>—</strong></span> <span class='ocrx_word' id='word_1_661' title='bbox 1591 3245 1632 3266; x_wconf 85' lang='lat' dir='ltr'>m.</span> <span class='ocrx_word' id='word_1_662' title='bbox 1654 3236 1767 3265; x_wconf 79' lang='lat' dir='ltr'>curius</span> <span class='ocrx_word' id='word_1_663' title='bbox 1791 3235 1815 3265; x_wconf 92' lang='lat' dir='ltr'>C</span> <span class='ocrx_word' id='word_1_664' title='bbox 1838 3251 1871 3255; x_wconf 92' lang='lat'><strong>—</strong></span> 
     </span>
     <span class='ocr_line' id='line_1_55' title="bbox 106 3282 1871 3327; baseline 0.001 -13"><span class='ocrx_word' id='word_1_665' title='bbox 106 3282 157 3315; x_wconf 86' lang='lat'>33.</span> <span class='ocrx_word' id='word_1_666' title='bbox 176 3285 442 3324; x_wconf 80' lang='lat' dir='ltr'>triumphauisset</span> <span class='ocrx_word' id='word_1_667' title='bbox 466 3286 535 3318; x_wconf 87' lang='lat' dir='ltr'>PS:</span> <span class='ocrx_word' id='word_1_668' title='bbox 563 3286 795 3326; x_wconf 79' lang='lat' dir='ltr'>triumphasset</span> <span class='ocrx_word' id='word_1_669' title='bbox 817 3286 968 3319; x_wconf 85' lang='lat' dir='ltr'><strong>BEIRO</strong></span> <span class='ocrx_word' id='word_1_670' title='bbox 988 3304 1022 3308; x_wconf 97' lang='lat'><strong>—</strong></span> <span class='ocrx_word' id='word_1_671' title='bbox 1051 3286 1103 3318; x_wconf 74' lang='lat'>34.</span> <span class='ocrx_word' id='word_1_672' title='bbox 1123 3295 1181 3326; x_wconf 69' lang='lat' dir='ltr'>eqo</span> <span class='ocrx_word' id='word_1_673' title='bbox 1206 3286 1335 3325; x_wconf 82' lang='lat' dir='ltr'>quidem</span> <span class='ocrx_word' id='word_1_674' title='bbox 1360 3285 1444 3318; x_wconf 86' lang='lat' dir='ltr'>dett.</span> <span class='ocrx_word' id='word_1_675' title='bbox 1463 3286 1579 3327; x_wconf 83' lang='lat' dir='ltr'>pauci,</span> <span class='ocrx_word' id='word_1_676' title='bbox 1600 3286 1729 3326; x_wconf 79' lang='lat' dir='ltr'>quidem</span> <span class='ocrx_word' id='word_1_677' title='bbox 1746 3293 1816 3317; x_wconf 90' lang='lat' dir='ltr'>om.</span> <span class='ocrx_word' id='word_1_678' title='bbox 1833 3284 1871 3316; x_wconf 83' lang='lat' dir='ltr'>E.</span> 
     </span>
    </p>
   </div>
  </div>
 </body>
</html>
