2249 3624
235 128 317 171 476
840 128 909 168 DE
943 127 1165 168 DEORUM
1194 127 1409 168 NATURA

234 234 361 276 tenda
392 239 467 275 est.
518 235 794 289 Inproborum
826 234 951 287 igitur
982 233 1280 286 prosperitates
1311 233 1606 286 secundaeque
1643 247 1709 274 res
1741 235 2010 288 redarguunt,

234 303 280 339 ut
305 298 515 350 Diogenes
538 298 722 344 dicebat,
755 297 838 336 vim
862 310 1026 335 omnem
1050 295 1223 335 deorum
1247 309 1294 335 ac
1320 300 1582 347 potestatem.
1632 296 1846 337 XXXVII.
1868 296 1935 336 89.
1960 300 2012 339 At

236 373 552 413 nonnumquam
583 361 716 399 bonos
749 359 885 398 exitus
916 358 1071 397 habent
1102 358 1214 396 boni.
1264 358 1346 396 Eos
1371 357 1539 410 quidem
1573 358 1794 411 arripimus
1822 360 2011 400 attribui-

235 436 415 476 musque
448 424 536 462 sine
570 423 654 462 ulla
685 422 844 461 ratione
878 420 941 459 dis
973 420 1280 459 inmortalibus.
1330 420 1383 458 At
1414 420 1614 472 Diagoras
1647 434 1740 460 cum
1773 422 2011 462 Samothra-

203 491 324 523 5cam
369 485 571 532 venisset,
613 484 759 523 atheus
796 483 866 522 ille
908 483 980 535 qui
1015 483 1187 529 dicitur,
1239 487 1366 534 atque
1399 481 1435 520 ei
1472 481 1641 534 quidam
1676 480 1865 537 [amicus]
1909 485 2011 532 «Tu,

237 547 306 601 qui
330 546 432 586 deos
454 553 574 599 putas
597 547 779 585 bumana
801 544 1044 596 neglegere,
1076 557 1216 584 nonne
1239 544 1534 584 animadvertis
1559 559 1609 584 ex
1633 550 1694 585 tot
1715 546 1867 586 tabulis
1890 547 2013 600 pictis

240 623 364 663 quam
408 609 525 648 multi
568 609 672 648 votis
704 608 787 646 vim
830 607 1089 659 tempestatis
1122 607 1345 659 effugerint
1374 608 1416 646 in
1448 612 1699 661 portumque
1732 609 1834 648 salvi
1869 623 2014 663 perve-

236 672 440 711 nerint‘?›)
476 671 532 710 ita
564 668 626 717 sit,
658 670 819 722 inquit;
856 670 916 708 illi
939 669 1048 708 enim
1072 683 1279 722 nusquam
1304 669 1398 724 picti
1421 676 1537 716 sunt,
1571 671 1640 722 qui
1665 670 1883 723 naufragia
1904 670 2015 710 fece·-

236 740 334 774 runt
365 735 406 773 in
438 735 626 786 marique
658 733 884 786 perierunt.
933 732 1148 784 Idemque,
1182 746 1273 771 cum
1307 733 1342 772 ei
1375 732 1587 784 naviganti
1621 738 1807 772 vectores
1839 734 2015 773 adversa

187 801 483 848 totempestate
524 795 660 835 timidi
706 801 746 834 et
786 794 995 848 perterriti
1040 794 1226 834 dicerent
1258 809 1339 834 non
1382 795 1534 833 iniuria
1566 795 1644 833 sibi
1676 795 1778 834 illud
1811 795 2014 843 accidere,

240 859 311 912 qui
355 859 473 897 illum
516 859 558 898 in
603 857 777 898 eandem
818 870 966 897 navem
1008 857 1288 909 recepissent,
1330 856 1517 895 ostendit
1549 857 1606 895 eis
1639 858 1677 895 in
1711 857 1858 896 eodem
1890 871 2015 897 cursu

236 922 386 961 multas
418 921 519 960 alias
552 921 776 960 laborantis
811 920 1126 974 quaesivitque,
1160 933 1256 958 num
1291 919 1414 957 etiam
1447 918 1489 956 in
1521 919 1572 957 iis
1596 919 1770 958 navibus
1793 920 2015 973 Diagoram

236 983 330 1022 vehi
372 983 603 1022 crederent.
656 983 723 1023 Sic
759 983 871 1023 enim
912 996 977 1022 res
1019 996 1062 1021 se
1102 980 1248 1027 habet,
1295 986 1339 1019 ut
1377 980 1427 1019 ad
1470 994 1711 1034 prosperam
1742 982 2014 1022 adversamve

236 1045 444 1086 fortunam
477 1047 611 1100 qualis
643 1046 698 1086 sis
731 1052 801 1086 aut
833 1059 957 1099 quem
984 1045 1033 1083 ad
1061 1044 1229 1083 modum
1262 1043 1416 1082 vixeris
1448 1043 1552 1082 nibil
1585 1043 1763 1082 intersit.
1823 1041 1889 1083 90.
1922 1046 2014 1083 Non

188 1109 596 1155 t5animadvertunt,
635 1108 792 1161 inquit,
834 1107 971 1147 omnia
1004 1106 1064 1153 di,
1106 1120 1156 1144 ne
1188 1118 1307 1158 reges
1339 1104 1522 1157 quidem.
1589 1105 1699 1153 Quid
1742 1112 1806 1145 est
1845 1106 2015 1146 simile?

236 1175 369 1223 Reges
402 1172 511 1211 enim
544 1172 576 1210 si
610 1171 788 1211 scientes
819 1169 1176 1223 praetermittunt,
1219 1181 1367 1220 magna
1409 1168 1532 1220 culpa
1564 1173 1638 1207 est.
1700 1168 1934 1207 XXXVIII.
1965 1170 2017 1209 At

237 1235 316 1274 deo
350 1247 401 1273 ne
434 1235 648 1273 excusatio
681 1234 851 1286 quidem
885 1236 946 1271 est
977 1231 1245 1270 inscientiae:
1279 1243 1402 1283 quem
1434 1244 1506 1269 vos
1539 1231 1748 1284 praeclare
1773 1230 2015 1278 defenditis,

237 1311 329 1337 cum
363 1297 500 1336 dicitis
533 1310 622 1335 eam
655 1297 737 1336 vim
770 1295 945 1334 deorum
979 1307 1090 1340 esse,
1124 1300 1188 1341 nt,
1221 1293 1344 1333 etiam
1379 1293 1411 1332 si
1445 1293 1539 1346 quis
1572 1298 1702 1333 morte
1734 1306 1891 1346 poenas
1929 1306 2017 1332 sce-

237 1359 335 1399 leris
368 1358 578 1412 effugerit,
613 1365 862 1412 expetantur
894 1369 966 1396 eae
1000 1370 1160 1409 poenae
1193 1370 1215 1395 a
1249 1355 1414 1403 liberis,
1446 1369 1468 1395 a
1497 1356 1737 1408 nepotibus,
1769 1369 1791 1395 a
1823 1355 2015 1409 posteris.

187 1421 272 1462 200
305 1423 450 1462 miram
483 1422 736 1475 aequitatem
769 1420 972 1460 deorum!
1019 1421 1217 1458 Ferretne
1251 1420 1394 1458 civitas
1427 1419 1511 1458 ulla
1545 1420 1719 1459 latorem
1750 1419 1871 1458 istius
1905 1419 2018 1458 modi

238 1485 363 1538 legis,
404 1490 450 1524 ut
481 1485 830 1524 condemnaretur
861 1480 965 1522 filius
997 1487 1068 1521 aut
1099 1495 1248 1535 nepos,
1292 1481 1323 1520 si
1357 1487 1473 1534 pater
1504 1487 1576 1521 aut
1606 1495 1708 1521 avus
1741 1480 2017 1533 deliquisset?

411 1547 634 1595 Quinam
668 1545 1085 1586 Tantalidarum
1118 1545 1476 1584 internicioni
1510 1544 1695 1585 modus

406 1611 658 1649 Paretur?
691 1615 776 1648 aut
808 1621 1063 1661 quaenam
1100 1620 1337 1660 umquam
1371 1607 1432 1645 ob
1466 1612 1683 1646 mortem
1718 1606 1923 1660 Myrtili

406 1673 596 1712 Poenis
629 1671 850 1711 luendis
884 1670 1105 1710 dabitur
1136 1670 1300 1709 satias
1334 1669 1600 1722 supplici?

188 1733 307 1775 259l.
343 1736 486 1776 Utrum
520 1740 667 1786 poetae
701 1734 866 1772 Stoicos
898 1732 1163 1785 depravarint
1197 1745 1249 1771 an
1283 1731 1412 1770 Stoici
1444 1732 1579 1784 poetis
1612 1732 1806 1772 dederint
1838 1732 2018 1772 auctori-

240 1804 379 1845 tatem,
413 1812 494 1837 non
525 1796 648 1836 facile
681 1796 883 1843 dixerim3
919 1801 1110 1848 portenta
1145 1795 1253 1833 enim
1278 1794 1329 1832 ab
1353 1794 1544 1847 utrisque
1569 1800 1607 1833 et
1633 1795 1786 1847 flagitia
1810 1795 2016 1835 dicuntur.

236 1863 383 1914 Neque
414 1861 544 1906 enim,
580 1873 705 1912 quem
739 1859 1015 1910 Hipponactis
1047 1857 1207 1896 iambus
1241 1857 1418 1895 laeserat
1449 1862 1520 1895 aut
1553 1857 1623 1910 qui
1658 1864 1747 1896 erat
1775 1857 2015 1898 Archilochi

237 1937 358 1964 versu
401 1923 660 1968 volneratus,
702 1935 725 1961 a
764 1921 843 1960 deo
884 1921 1102 1959 inmissum
1144 1919 1353 1965 dolorem,
1392 1932 1477 1958 non
1510 1926 1761 1972 conceptum
1792 1934 1814 1960 a
1847 1934 1890 1960 se
1922 1920 2017 1972 ipso

239 1985 497 2031 continebat,
530 1998 623 2030 nec,
657 1997 749 2023 cum
781 1983 968 2036 Aegisthi
1002 1981 1218 2020 libidinem
1251 1987 1323 2020 aut
1344 1994 1436 2020 cum
1461 1981 1620 2021 Paridis
1643 1982 1856 2030 videmus,
1890 1996 1913 2023 a
1937 1984 2016 2022 deo

189 2056 408 2089 30causam
440 2047 710 2100 requirimus,
745 2060 837 2084 cum
869 2046 1018 2097 culpae
1051 2057 1182 2097 paene
1216 2058 1357 2083 vocem
1391 2044 1631 2089 audiamus,
1662 2059 1739 2084 nec
1762 2058 1839 2097 ego
1864 2045 2017 2085 multo-

239 2126 329 2151 rum
371 2123 591 2162 aegrorum
632 2109 807 2148 salutem
850 2122 931 2147 non
975 2108 1025 2146 ab
1064 2106 1321 2158 Hippocrate
1353 2107 1492 2159 potius
1527 2120 1650 2159 quam
1684 2107 1733 2146 ab
1766 2107 2014 2159 Aesculapio

241 2174 377 2212 datam
411 2172 570 2218 iudico,
603 2186 678 2210 nec
701 2170 1128 2210 Lacedaemoniornm
1155 2169 1418 2221 disciplinam
1443 2168 1575 2207 dicam
1601 2183 1798 2222 umquam
1822 2170 1873 2208 ab
1897 2169 2018 2222 Apol-

241 2237 323 2275 line
357 2235 492 2288 potius
526 2236 697 2286 Spartae
730 2247 854 2286 quam
887 2247 910 2271 a
942 2233 1131 2283 Lycurgo
1166 2232 1317 2270 datam.
1371 2231 1596 2278 Critolaus,
1638 2232 1829 2285 inquam,
1871 2231 2020 2270 evertit

243 2298 509 2343 Corinthum,
542 2297 839 2347 Karthaginem
864 2295 1115 2334 Hasdrubal.
1170 2295 1219 2333 Hi
1253 2294 1335 2332 duo
1368 2294 1465 2332 illos
1488 2294 1629 2333 oculos
1653 2307 1749 2333 orae
1774 2294 2019 2333 maritumae

192 2360 493 2405 35effoderunt,
538 2373 620 2398 non
653 2360 782 2398 iratus
814 2358 970 2411 aliqui,
1015 2371 1139 2411 quem
1173 2357 1343 2396 omnino
1377 2357 1497 2396 irasci
1532 2370 1654 2409 posse
1687 2357 1870 2409 negatis,
1904 2355 2020 2394 deus.

243 2423 442 2463 XXXIX.
474 2419 539 2460 9³2.
572 2422 624 2461 At
655 2421 875 2461 subvenire
907 2426 1017 2460 certe
1059 2420 1194 2472 potuit
1226 2426 1265 2459 et
1297 2432 1545 2458 conservare
1578 2419 1692 2458 urbis
1725 2424 1859 2458 tantas
1893 2422 2020 2471 atque

332 2616 361 2646 3.
390 2615 572 2653 arripimus
597 2623 686 2645 corr.
715 2622 760 2644 111.
789 2622 859 2644 sec.
888 2614 918 2643 in
946 2612 1140 2643 ascribimus
1165 2614 1189 2642 A
1204 2612 1232 2640 V
1260 2630 1293 2633 —
1330 2611 1638 2652 adhibuimus-quae
1662 2612 1685 2642 A
1716 2630 1748 2633 —
1777 2610 1806 2641 l.
1833 2610 2023 2641 samothra-

245 2675 319 2696 cam
344 2667 367 2696 A
385 2666 406 2695 B
424 2665 446 2695 C
464 2666 501 2694 Vl
517 2674 521 2693 :
550 2665 793 2694 samotlvracmn
813 2664 853 2694 P:
881 2663 1114 2693 Sonwlrnclwn
1134 2662 1155 2692 li
1174 2671 1179 2692 z
1206 2663 1465 2691 sanmtlnucmm
1484 2660 1524 2690 5'2
1539 2664 1562 2692 O
1580 2678 1621 2683 ’-
1639 2662 1668 2691 5.
1690 2661 1803 2691 allieas
1827 2659 1855 2692 Ἡ
1872 2669 1876 2689 2
1906 2655 2022 2698 ἄθεος

248 2716 440 2747 Manutius:
474 2715 588 2745 Atheos
612 2714 648 2744 O.
685 2714 732 2744 tls.
763 2715 771 2743 I
807 2713 824 2752 g
851 2713 902 2743 63.
933 2729 966 2733 —
1004 2713 1137 2750 quidam
1170 2720 1259 2741 corr.
1287 2712 1319 2741 in
1345 2712 1474 2748 quidem
1500 2711 1521 2740 I}
1552 2727 1582 2732 -
1618 2712 1746 2741 amicus
1769 2718 1838 2741 om.
1867 2708 1924 2747 A1,
1957 2717 2021 2748 ego

247 2765 383 2796 seclusi.
412 2782 443 2785 —
481 2765 510 2795 6.
538 2765 700 2804 nerleqere
724 2766 749 2794 A
766 2763 802 2794 31
832 2781 861 2785 —
893 2772 974 2793 none
999 2762 1025 2790 Υ
1054 2779 1086 2782 -
1120 2762 1149 2792 7.
1176 2762 1285 2791 munis
1311 2763 1334 2791 (Σ
1353 2763 1374 2791 P
1389 2760 1427 2789 W
1456 2779 1490 2782 —
1524 2761 1575 2791 40.
1604 2761 1675 2790 illut
1700 2759 1738 2791 Α1
1766 2777 1800 2782 -—
1829 2761 1880 2791 Μ.
1907 2761 2022 2790 nanim

248 2816 271 2845 P
300 2831 333 2836 -
367 2815 401 2844 12
441 2815 480 2843 iis
504 2823 593 2845 corr.
615 2824 653 2844 ex
680 2815 742 2844 ln'is
767 2814 804 2851 V,
832 2814 859 2843 is
882 2815 927 2849 A,
954 2813 1001 2842 his
1025 2813 1048 2843 B
1066 2814 1087 2842 P
1116 2829 1147 2833 ——
1183 2812 1228 2842 ΗΞ.
1249 2815 1282 2842 a(
1309 2814 1329 2850 i!
1356 2811 1386 2840 in
1413 2811 1494 2849 ras)
1513 2812 1539 2841 A
1561 2828 1595 2832 —
1630 2811 1675 2841 19.
1695 2813 1913 2850 expectantur
1929 2818 2020 2841 corr.

248 2865 280 2895 in
306 2867 516 2903 espa-temno·
542 2865 566 2892 V
589 2883 621 2886 —
650 2865 709 2895 liae
737 2866 758 2895 P
787 2881 819 2884 ——
849 2872 888 2893 cz(-
913 2863 1079 2901 nepnse'bns
1105 2865 1125 2893 A
1145 2864 1166 2892 Β
1184 2864 1205 2891 (ἶ
1237 2880 1268 2882 —
1298 2872 1316 2891 ιι
1339 2862 1478 2900 poneris
1504 2870 1591 2891 corr.
1623 2862 1653 2891 in
1680 2871 1719 2891 ac
1741 2861 1878 2899 posteris
1902 2861 1924 2891 Β
1940 2860 1967 2889 V
1983 2875 2018 2881 -

248 2914 301 2945 ⁶20.
327 2914 393 2943 ulla.
419 2915 536 2944 civilas
560 2915 583 2945 O
614 2933 645 2936 —
684 2915 732 2944 21.
761 2914 839 2953 [φὶς
863 2922 953 2943 corr.
982 2922 1023 2942 cx
1049 2913 1131 2951 [egles
1156 2915 1181 2942 A
1211 2929 1243 2932 -
1278 2912 1576 2950 condempnaretur
1602 2909 1637 2941 V*
1674 2929 1706 2933 —
1741 2911 1792 2942 022.
1822 2910 1871 2942 Cf.
1900 2910 2022 2941 Chari-

250 2965 339 2995 sium
366 2964 375 2993 I
403 2972 433 3002 p.
454 2964 505 2993 70.
535 2982 568 2986 -
598 2965 803 2995 internicionz'
827 2965 870 2994 A:
898 2962 1113 2992 inter-lectioni
1140 2968 1327 3002 :superscin
1356 2963 1490 3000 notioni)
1519 2964 1561 2997 (ρς
1590 2962 1801 2992 internecioni
1825 2961 1848 2991 B
1866 2958 2019 2990 Epvo.

250 3013 336 3044 Vide
363 3013 404 3043 ad
430 3014 534 3044 Tacit.
562 3016 647 3044 Ann.
677 3015 715 3050 li,
742 3015 793 3044 2t.
827 3031 859 3035 -—
886 3012 938 3043 ⁶253.
964 3015 1060 3051 paret
1086 3021 1174 3041 corr.
1202 3013 1234 3041 in
1256 3017 1441 3051 pararetur
1467 3013 1488 3043 Β
1519 3029 1551 3034 -—
1580 3012 1632 3043 ⁶24.
1659 3013 1762 3042 satias
1787 3014 1808 3041 Α
1826 3011 1848 3041 Β
1865 3010 1890 3039 V
1915 3011 2018 3047 (corr.

251 3065 283 3095 in
309 3065 442 3094 satietas·
465 3066 489 3094 A
508 3064 563 3102 Vl:
589 3064 722 3093 sanetas
747 3065 770 3094 (j
788 3063 810 3093 E
834 3081 863 3084 —
885 3062 1026 3101 supplici
1051 3062 1074 3092 B
1090 3063 1113 3091 C
1132 3070 1137 3090 :
1164 3062 1310 3100 supplicii
1330 3065 1365 3100 A,
1392 3063 1540 3101 supplicis
1560 3063 1602 3099 E,
1629 3061 1779 3100 supplicii
1796 3060 1823 3090 V
1842 3076 1875 3080 —
1898 3058 1950 3089 26.
1969 3057 2022 3087 di-

250 3118 370 3144 cuntur
394 3122 462 3143 oin⁴
491 3115 513 3144 P
542 3132 575 3135 —
613 3114 649 3144 ’29
689 3114 830 3153 aeyestlii
854 3111 893 3141 Y¹
922 3131 955 3135 —
989 3113 1132 3151 patriciis·
1157 3112 1196 3141 W
1224 3130 1256 3133 —
1287 3112 1337 3143 530.
1361 3121 1464 3151 paene
1488 3112 1530 3149 133
1560 3120 1629 3142 oni.
1657 3112 1680 3142 C
1710 3128 1743 3131 —
1772 3110 1823 3140 31.
1850 3109 2020 3147 ippocmte

251 3165 275 3194 Α
292 3164 314 3194 Β
334 3163 374 3197 V,
407 3167 562 3201 ypocrate.
592 3164 615 3194 C
633 3165 655 3194 ti
682 3181 716 3185 ——
751 3164 803 3194 32.
831 3163 950 3193 iudicio
977 3162 1049 3193 ΡΨ
1078 3179 1112 3184 -
1148 3163 1200 3193 33.
1227 3164 1409 3193 critolauus
1433 3163 1458 3193 A
1474 3161 1512 3191 V¹
1539 3179 1572 3183 —
1602 3161 1653 3192 34.
1680 3161 1864 3191 corlzintum
1887 3157 1954 3190 AV
1981 3173 2015 3178 —

251 3213 477 3253 carihayinem
502 3215 525 3244 A
542 3214 563 3243 B
582 3213 621 3246 V.
656 3214 872 3254 Ka›·!u9inem
898 3214 920 3244 E
952 3231 984 3236 ——
1016 3212 1174 3243 asdrubal
1198 3211 1225 3244 ¹21
1262 3229 1295 3234 —
1331 3214 1394 3243 (luo
1419 3216 1609 3252 (superscr.
1636 3212 1725 3249 duos)
1751 3210 1778 3240 V
1805 3226 1840 3232 —
1874 3208 1926 3239 35.
1953 3206 2020 3239 ali-

253 3264 306 3294 cui
330 3263 407 3294 PV²
435 3281 466 3286 -—
495 3264 570 3294 deus
595 3263 782 3295 Lambinus
808 3266 841 3295 et
866 3263 930 3295 cod
971 3263 1096 3303 Regius
1121 3263 1269 3293 Davisii:
1298 3263 1392 3294 deum
1416 3260 1456 3295 ³21.
