2249 3624
466 172 554 212 Lm.
585 171 635 211 V.
674 169 771 211 CAr.
801 168 1173 210 XXX—XXXII.
1210 166 1271 221 ὃς
1301 163 1496 206 84-89,
1793 164 1876 206 355

111 277 385 332 Calliphontis
423 276 502 317 erit
544 275 804 329 Diodorique
836 276 1064 322 sententia,
1105 288 1285 328 quorum
1316 279 1492 326 uterque
1522 272 1787 313 honestatem
1818 274 1878 313 sic

109 340 410 396 complectitur,
442 344 487 379 ut
518 338 676 385 omnia,
710 351 818 390 quae
850 338 939 377 sine
971 351 1019 377 ea
1051 338 1150 383 sint,
1183 337 1306 389 longe
1339 341 1448 376 retro
1480 335 1675 389 ponenda
1696 341 1879 376 censeat.

107 404 271 458 Reliqui
300 402 456 442 habere
488 415 531 441 se
564 401 761 440 videntur
792 401 1030 453 angustius,
1063 405 1233 439 enatant
1264 406 1427 439 tamen:
1468 398 1694 451 Epicurus,
1732 399 1884 439 Hiero-

107 480 254 522 nymus
285 470 325 505 et
357 464 390 504 si
423 464 493 519 qui
525 469 641 510 sunt,
674 463 746 516 qui
780 463 992 502 desertum
1024 463 1127 502 illud
1153 462 1437 502 Carneadeum
1471 467 1617 502 curent
1642 461 1882 501 defendere.

106 531 236 570 Nemo
269 533 332 568 est
363 528 474 566 enim
505 540 649 566 eorum
682 526 784 579 quin
814 526 1021 565 bonorum
1053 526 1238 565 animum
1279 530 1397 578 putet
1428 538 1520 564 esse
1551 524 1734 565 iudicem
1766 534 1912 564 eum-5

106 605 185 647 que
217 589 550 637 condocefaciat,
588 594 635 628 ut
673 601 744 636 ea,
788 602 896 641 quae
927 588 1038 627 bona
1070 588 1230 627 malave
1262 587 1505 635 videantur,
1536 587 1669 641 possit
1700 593 1884 628 contem-

104 668 217 696 nere.
266 651 333 692 88.
364 653 467 692 Nam
500 664 609 706 quae
640 650 715 690 tibi
746 651 916 704 Epicuri
949 650 1128 697 videtur,
1162 650 1308 690 cadem
1340 651 1419 690 erit
1449 650 1695 704 Hieronymi
1725 656 1766 691 et
1788 652 1885 692 Car-

105 715 250 758 neadis
280 728 406 755 causa
438 719 480 755 et
507 714 677 755 hercule
700 714 887 753 omnium
909 713 1183 766 reliquorum.
1227 712 1332 761 Quis
1354 713 1465 753 enim
1488 725 1632 766 parum
1655 719 1718 755 est
1738 720 1885 755 contra

105 784 280 821 mortem
312 783 385 818 aut
416 777 606 818 dolorem
637 777 840 830 paratus?

217 841 441 882 Ordiamur
471 841 522 880 ab
554 853 625 888 eo,
657 839 691 879 si
724 839 884 892 placet,
924 852 1048 893 quem
1081 838 1271 886 mollem,
1313 852 1439 892 quem
1473 839 1752 893 voluptarium
1783 841 1931 881 dici-⁴0

105 919 210 946 mus.
271 903 414 953 Quid?
461 904 494 943 is
535 904 611 943 tihi
653 908 885 942 mortemne
926 901 1090 942 videtur
1131 906 1203 941 aut
1239 901 1429 942 dolorem
1461 903 1637 942 timere?
1683 904 1756 957 qui
1788 918 1884 944 eum

105 969 237 1015 diem,
268 980 353 1021 quo
385 967 573 1013 moritur,
605 965 773 1005 beatum
806 964 1011 1018 appellat,
1044 964 1336 1017 maxumisque
1365 964 1580 1005 doloribus
1601 965 1790 1007 adfectus
1813 980 1884 1008 eos

104 1033 217 1086 ipsos
260 1031 525 1070 inventorum
567 1042 736 1068 suorum
779 1027 982 1068 memoria
1024 1032 1065 1067 et
1100 1027 1388 1067 recordatione
1421 1027 1630 1076 confutat,
1673 1042 1749 1069 nec
1779 1029 1885 1070 haec

105 1094 163 1135 sic
202 1094 307 1147 agit,
355 1098 399 1131 ut
438 1105 491 1131 ex
531 1097 720 1144 tempore
762 1090 881 1144 quasi
923 1091 1088 1130 effutire
1128 1089 1332 1130 videatur.
1392 1091 1453 1130 De
1502 1097 1635 1132 morte
1676 1092 1786 1133 enim
1827 1094 1886 1134 ita

104 1157 246 1204 sentit,
278 1161 323 1195 ut
352 1154 560 1194 dissoluto
592 1154 804 1194 animante
836 1167 1008 1193 sensum
1035 1152 1268 1193 extinctum
1290 1158 1430 1206 putet,
1462 1155 1574 1207 quod
1596 1161 1735 1196 autem
1758 1162 1935 1196 sensutb

105 1223 261 1262 careat,
302 1217 406 1257 nihil
448 1217 500 1256 ad
541 1230 618 1256 nos
661 1216 703 1255 id
743 1214 903 1256 iudicet
939 1216 1164 1268 pertinere.
1216 1216 1318 1256 Item
1355 1217 1407 1256 de
1439 1216 1584 1258 dolore
1616 1225 1727 1259 certa
1757 1220 1888 1260 habet

105 1294 212 1335 quae
247 1284 461 1333 sequatur,
493 1280 614 1319 cuius
647 1278 980 1331 magnitudinem
1010 1278 1215 1318 brevitate
1246 1279 1501 1327 consolatur,
1532 1279 1887 1334 longinquitatem

106 1343 287 1383 levitate.
347 1340 413 1380 89.
447 1341 528 1389 Qui
560 1342 728 1381 tandem
761 1342 828 1381 isti
861 1341 1127 1394 grandiloqui
1151 1346 1294 1382 contra
1314 1342 1419 1382 haec
1442 1342 1540 1391 duo,
1572 1357 1681 1397 quae
1704 1345 1887 1386 maxime

104 1410 282 1458 angunt,
316 1404 466 1444 melius
499 1418 542 1444 se
574 1404 731 1444 habent
763 1417 890 1457 quam
922 1405 1158 1457 Epicurus?
1191 1418 1242 1444 an
1273 1405 1325 1444 ad
1357 1410 1514 1453 cetera,
1546 1420 1656 1460 quae
1681 1408 1789 1447 mala
1812 1421 1888 1461 pu-

106 1474 261 1515 tantur,
292 1481 377 1507 non
409 1473 449 1507 et
481 1467 686 1520 Epicurus
719 1473 759 1506 et
789 1466 943 1520 reliqui
976 1466 1219 1520 philosophi
1242 1468 1340 1508 satis
1363 1469 1498 1521 parati
1518 1468 1744 1510 videntur?
1781 1470 1935 1519 Quis20

106 1544 189 1571 non
220 1535 512 1584 paupertatem
544 1530 809 1569 extimescit?
856 1542 994 1581 neque
1026 1534 1165 1569 tamen
1198 1531 1422 1585 quisquam
1452 1530 1821 1586 philosophorum.

219 1593 399 1632 XXXII.
444 1592 522 1632 llic
562 1605 660 1632 vero
693 1592 784 1645 ipse
817 1605 942 1646 quam
974 1605 1104 1645 parvo
1137 1597 1201 1632 est
1231 1595 1479 1634 contentus!
1520 1595 1652 1635 Nemo
1685 1595 1737 1635 de
1769 1596 1886 1636 tenui

107 1656 218 1697 victu
260 1655 378 1710 plura
419 1655 538 1695 dixit.
593 1655 762 1695 Etenim
795 1668 902 1709 quae
934 1668 1000 1695 res
1040 1655 1248 1708 pecuniae
1279 1656 1553 1710 cupiditatem
1584 1658 1801 1708 adferunt,
1842 1665 1888 1701 ut

107 1808 158 1837 est
186 1803 332 1837 Bentleii
364 1805 590 1836 coniectura:
628 1804 727 1835 minis
758 1804 860 1844 (conf.
892 1804 935 1835 de
968 1805 1034 1835 lioc
1067 1805 1197 1836 erroris
1229 1813 1360 1845 genere
1387 1805 1431 1837 ad
1455 1807 1468 1838 Ι
1494 1806 1512 1847 g
1537 1807 1589 1847 35)
1626 1811 1686 1839 aut
1710 1808 1768 1848 (an
1791 1809 1887 1850 nec‘?)

105 1854 332 1886 blandimentis
366 1858 526 1894 corrupta
561 1855 682 1886 deseret
718 1855 738 1885 i.
772 1863 801 1886 e.
839 1863 904 1886 nec
941 1854 1042 1885 beata
1074 1855 1143 1885 vita
1182 1855 1282 1887 »minis
1318 1855 1443 1887 doloris
1479 1858 1513 1896 (a
1546 1866 1584 1889 se
1620 1858 1887 1903 repellentibus)

105 1905 221 1936 territa
252 1912 319 1935 nec
347 1904 525 1944 voluptatis
558 1903 787 1935 blandimentis
824 1904 881 1944 (ad
911 1913 949 1935 se
984 1904 1252 1942 r(·vocantibus;
1287 1904 1329 1936 cs.
1357 1906 1375 1946 g
1401 1905 1441 1937 44
1466 1907 1501 1937 et
1524 1906 1568 1939 de
1593 1908 1751 1941 Senecae
1777 1919 1886 1943 uxore

105 1955 183 1987 Tac.
210 1957 298 1986 Ann.
326 1955 396 1994 XV,
424 1954 464 1986 64
495 1953 726 1985 blandimentis
756 1955 845 1985 vilae
868 1955 1009 1986 evictam
1032 1963 1081 1986 sc.
1110 1957 1145 1986 ut
1172 1955 1260 1986 mori
1284 1954 1401 1996 nollet)
1427 1961 1590 1997 corrupta
1614 1958 1668 1997 (cs.
1697 1960 1767 1992 Fin.
1792 1962 1818 2000 Ι,
1845 1962 1887 1994 33

105 2004 269 2036 blanditiis
288 2005 515 2044 praesentium
537 2004 749 2044 voluptatum
773 2005 904 2036 deleniti
928 2008 1026 2044 atque
1050 2007 1213 2044 corrupti.
1240 2006 1349 2037 Acad.
1375 2007 1416 2045 ll,
1441 2006 1514 2040 439.
1541 2008 1642 2040 Tuso.
1662 2010 1758 2052 Disp.
1777 2012 1833 2055 LV,
1853 2013 1885 2045 6.

105 2064 138 2096 p.
159 2054 274 2088 Caelio
299 2054 318 2096 g
343 2053 394 2094 44)
420 2055 587 2086 virtutem
611 2054 654 2085 ad
673 2053 885 2095 supplicium
903 2056 1190 2096 proficiscentem
1208 2055 1361 2088 deseret.
1389 2057 1439 2089 De
1457 2066 1527 2098 quo
1543 2061 1736 2099 zeugmatis
1753 2070 1886 2102 genere

106 2104 147 2137 ct.
174 2104 311 2145 Madvig
336 2104 377 2135 ad
404 2105 475 2136 Isin.
503 2105 549 2143 ΙΙ,
577 2104 630 2136 88.
658 2105 812 2136 Gratum.
840 2104 857 2144 S
883 2106 946 2138 478
971 2115 1004 2137 n.
1032 2106 1062 2138 4.
1099 2104 1197 2138 Catil.
1225 2106 1264 2144 11,
1292 2106 1332 2137 ⁵28
1356 2109 1393 2137 ut
1416 2109 1729 2142 res——sedetur.
1763 2113 1818 2151 111,
1844 2113 1886 2146 24

107 2157 209 2188 omnis
236 2156 287 2187 hie
318 2156 406 2187 locus
437 2157 606 2187 acervis
636 2165 816 2195 corporum
846 2159 876 2187 et
906 2156 1029 2187 civium
1060 2156 1223 2196 sanquine
1251 2156 1519 2188 redundavit.
1568 2158 1686 2191 Famil.
1712 2161 1784 2201 XV,
1809 2163 1841 2202 5,
1866 2163 1886 2195 2

107 2215 172 2246 qua
199 2207 233 2238 in
264 2215 300 2237 re
328 2206 411 2238 nihil
438 2206 623 2246 fortuito
651 2206 814 2245 (factum)
849 2206 902 2236 sed
934 2205 1033 2244 (nihil
1060 2206 1145 2245 non)
1183 2213 1313 2236 summa
1344 2208 1403 2237 tua
1433 2208 1689 2241 ratione—-rei
1715 2220 1751 2250 p.
1781 2222 1888 2252 pro-

107 2256 237 2288 visum
264 2260 321 2288 est.
355 2257 494 2288 Terent.
521 2256 629 2288 Andr.
657 2258 712 2294 111,
740 2257 771 2294 ὅ,
799 2256 851 2287 48.
893 2256 980 2287 Cum
1012 2256 1111 2286 minis
1140 2254 1252 2286 semel
1277 2257 1484 2297 corruptum
1509 2260 1620 2297 esset,
1647 2268 1718 2292 non
1742 2263 1885 2304 mirum,

108 2308 135 2339 si
164 2311 222 2338 aut
251 2307 422 2339 omissum
449 2308 514 2338 est.
556 2308 673 2338 Potest
704 2308 824 2337 tamen
854 2304 952 2343 fieri,
984 2307 1022 2336 ut
1052 2304 1151 2346 plura
1177 2305 1251 2345 (aut
1273 2306 1393 2337 territa
1415 2306 1470 2338 vel
1495 2310 1668 2348 commota)
1693 2311 1768 2343 sive
1791 2314 1889 2345 exci—

109 2356 222 2389 derint
245 2358 320 2389 sive
346 2355 490 2397 expulsa
515 2357 601 2392 sint;
635 2365 744 2397 quare
770 2364 833 2396 ego
860 2355 909 2387 sic
935 2354 1070 2387 scribo:
1136 2356 1283 2387 minimis
1306 2355 1547 2389 blandimentis.
1579 2359 1668 2391 Nam
1688 2362 1888 2401 asyndeton

109 2406 218 2447 (minis
241 2406 504 2445 blandimentis),
531 2406 626 2447 quod
644 2405 795 2437 klotzius
822 2405 996 2445 probavit,
1024 2406 1140 2437 minus
1159 2406 1402 2445 commodum,
1430 2409 1640 2448 praesertim
1657 2410 1691 2442 in
1707 2411 1763 2443 illo
1780 2422 1888 2454 zeug-

109 2459 214 2495 mate,
241 2456 325 2488 mihi
350 2455 522 2487 videtur.»
548 2457 603 2487 W.
634 2474 667 2478 —
696 2457 726 2487 4.
754 2456 964 2495 diodorisque
987 2457 1051 2487 GR
1080 2473 1114 2476 —
1142 2457 1172 2487 ⁶2.
1199 2456 1293 2496 lonqe
1316 2459 1405 2487 retro
1430 2457 1493 2488 W:
1523 2457 1618 2499 lonye
1640 2464 1671 2492 et
1693 2465 1783 2495 retro
1807 2464 1888 2506 Co,

110 2506 207 2538 «sine
233 2506 423 2542 sententia3
452 2504 535 2546 quid
561 2506 655 2537 enim
682 2507 735 2537 est
758 2505 853 2545 longe
874 2506 1019 2544 ponere?
1051 2505 1161 2545 Lon-qe
1183 2514 1350 2537 removere
1374 2514 1491 2545 neque
1516 2507 1566 2539 sio
1591 2507 1658 2541 dici
1683 2513 1799 2551 potest
1822 2523 1889 2546 uec

109 2557 225 2588 tamen
254 2556 375 2595 aptum
407 2556 512 2586 esset.
546 2556 732 2586 Kahnerus
758 2554 853 2595 quod
877 2555 923 2585 ait
948 2562 1026 2586 esse
1053 2554 1147 2587 idem
1172 2564 1213 2586 ac
1236 2555 1330 2596 longe
1355 2555 1596 2597 posthabenda,
1624 2567 1770 2600 quaero,
1801 2571 1887 2595 num

109 2613 170 2646 pro
195 2613 249 2644 eo,
275 2603 370 2645 quod
395 2606 450 2636 est
474 2605 515 2636 111
541 2604 559 2645 S
585 2605 626 2636 29
651 2605 744 2646 longe
771 2607 847 2636 ante
869 2604 1010 2643 videris,
1045 2605 1151 2637 etiam
1175 2606 1270 2646 longe
1293 2608 1322 2637 et
1346 2608 1424 2637 ante
1444 2606 1568 2638 videris
1590 2607 1709 2641 dicere
1736 2610 1885 2646 licuerit.

109 2654 304 2687 Delendum
328 2656 382 2686 est
405 2657 453 2691 et;
488 2653 530 2685 cf.
557 2654 575 2694 g
601 2654 619 2685 6
645 2658 714 2686 tam
743 2655 839 2695 lonqe
870 2658 959 2686 retro
982 2656 1160 2694 respicere,
1191 2653 1308 2695 Virgil.
1334 2655 1422 2686 Aen.
1449 2654 1489 2694 V,
1515 2654 1578 2687 428
1600 2657 1777 2693 Abduaeere
1797 2666 1889 2694 retro

110 2703 201 2745 longe
223 2704 354 2744 capita,
387 2705 467 2735 nota
493 2701 549 2734 illa
574 2704 668 2744 longe
686 2707 906 2744 postponere,
941 2708 1016 2736 onte
1034 2714 1159 2745 ponere
1183 2705 1201 2745 S
1227 2706 1267 2736 42
1293 2706 1360 2736 cet.
1394 2704 1454 2742 Et,
1486 2706 1525 2736 ut
1548 2714 1618 2738 non
1642 2717 1734 2750 raro,
1761 2719 1805 2743 ex
1831 2721 1889 2745 —e

110 2756 227 2787 natum
252 2756 339 2787 est.»
363 2754 421 2785 W.
449 2770 483 2775 —-
513 2752 543 2785 4.
571 2754 729 2785 disertum
753 2755 777 2785 B
805 2772 840 2777 —
868 2755 951 2786 illud
976 2755 1205 2786 Carneadeum
1228 2755 1320 2786 Bake
1347 2753 1377 2794 (Ι.
1404 2753 1426 2785 l.
1453 2762 1487 2794 p.
1507 2755 1598 2795 44Ξ);
1623 2757 1720 2791 illum
1743 2770 1887 2794 carnea-

112 2803 203 2835 deum
227 2805 251 2836 G
266 2805 310 2843 R3
344 2804 438 2834 illum
470 2803 675 2835 Carneadem
704 2804 727 2834 B
743 2804 768 2835 O
795 2820 829 2825 -—
863 2804 894 2835 5.
920 2813 1015 2836 nemo
1044 2808 1089 2837 est
1116 2806 1203 2836 enim
1226 2805 1283 2844 qui
1305 2812 1422 2836 eorum
1443 2812 1602 2836 sonorum
1617 2823 1667 2832 --
1682 2813 1887 2845 contemnere

112 2852 240 2885 Nonius
271 2861 305 2894 p.
331 2853 384 2884 82.
414 2870 449 2874 -
487 2853 573 2883 enim
603 2861 717 2884 eorum
747 2853 826 2892 quin
855 2853 1054 2885 Ernestius:
1092 2855 1180 2886 enim
1209 2855 1267 2893 qui
1296 2862 1411 2886 eorum
1435 2853 1479 2890 C;
1517 2856 1605 2886 enim
1626 2858 1707 2897 quin
1729 2869 1887 2895 verorum

113 2901 275 2943 Bentley;
301 2903 387 2934 enim
412 2903 493 2941 quin
518 2902 652 2943 [eorum]
678 2902 896 2943 Tregderus;
932 2911 1070 2934 «eorum
1094 2904 1115 2935 i.
1136 2913 1166 2934 e.
1187 2903 1416 2944 reliquorum,
1443 2903 1601 2945 Epicuri,
1628 2907 1834 2950 Hieronymi
1857 2915 1889 2944 et

114 2951 140 2982 si
160 2952 216 2991 qui
231 2968 278 2975 --
294 2952 474 2992 defendere.
508 2952 675 2992 Tregderi
701 2954 904 2984 coniectura
928 2951 1096 2984 audacior
1120 2955 1190 2992 est,
1217 2955 1251 2985 et
1267 2954 1312 2984 ita
1328 2961 1366 2985 se
1383 2952 1504 2992 habet,
1530 2955 1631 2994 quasi
1647 2957 1682 2989 h.
1701 2957 1722 2990 l.
1741 2962 1889 2993 omnium

116 3001 252 3033 omnino
277 3010 382 3033 nemo
407 3001 513 3033 fuisse
539 3002 688 3040 dicatur,
715 3003 799 3042 quin
824 3003 869 3034 ita
894 3004 1067 3043 putaret.»
1094 3004 1149 3035 W.
1180 3022 1213 3027 —
1241 3004 1272 3035 6.
1299 3004 1383 3035 bona
1406 3012 1477 3036 om.
1504 3002 1544 3035 G¹
1570 3023 1607 3030 —
1633 3008 1664 3039 7.
1688 3009 1779 3042 Nam
1802 3013 1890 3051 quoa

116 3049 170 3080 tibi
191 3051 343 3091 epicurus
367 3051 391 3083 C
419 3068 454 3072 -—
487 3051 519 3082 9.
545 3055 683 3083 mortem
706 3056 735 3083 et
759 3052 904 3083 dolorem
927 3053 951 3083 B
981 3070 1015 3074 —
1048 3053 1099 3084 40.
1126 3053 1325 3084 ordinamur
1349 3054 1414 3085 GR
1441 3068 1476 3075 —
1504 3062 1600 3093 quem
1631 3058 1722 3097 (ante
1746 3061 1886 3102 mollem)

117 3106 204 3131 corr.
231 3100 307 3132 ead.
335 3109 382 3132 m.
403 3108 445 3131 ex
470 3109 571 3140 quam
596 3102 620 3132 R
642 3118 675 3123 —-
704 3101 755 3132 44.
782 3104 842 3132 aut
865 3102 1010 3134 dolorem
1034 3103 1112 3134 cod.
1132 3103 1436 3135 Vindobonensis:
1463 3112 1507 3135 an
1530 3105 1675 3138 dolorem
1699 3109 1723 3140 C
1739 3109 1777 3140 O.
1808 3111 1888 3143 Dis-

118 3147 280 3180 iunctioni
304 3149 360 3180 hic
383 3148 500 3181 locum
525 3158 594 3181 non
620 3159 698 3182 esse
723 3151 857 3191 primus
880 3152 966 3183 vidit
982 3153 1180 3185 Tisclicrus.
1202 3168 1237 3175 —-
1266 3153 1317 3184 43.
1337 3162 1395 3184 nec
1420 3153 1500 3186 haec
1516 3155 1733 3188 —-videatur
1755 3159 1887 3192 Nonius

117 3203 150 3235 p.
176 3197 248 3229 403.
277 3214 312 3220 -
340 3198 393 3230 44.
419 3199 560 3239 effuttire
585 3200 647 3231 GR
676 3218 711 3223 —
736 3201 785 3231 ita
809 3209 930 3242 margo
955 3202 997 3233 B:
1023 3203 1086 3234 ista
1112 3204 1136 3234 C
1166 3221 1200 3225 —
1228 3202 1282 3238 46.
1307 3203 1346 3234 de
1370 3211 1440 3234 om.
1468 3203 1493 3235 C
1521 3221 1556 3226 -
1584 3206 1636 3237 47.
1662 3206 1758 3239 cuius
1780 3208 1888 3241 Bent-

117 3241 190 3284 ley:
222 3252 363 3287 quorum
387 3248 411 3279 C
439 3264 473 3270 —
508 3249 560 3281 48.
587 3249 720 3281 lenitate
751 3250 834 3291 GB,
868 3250 1025 3285 laenitate
1048 3253 1085 3284 R.
1124 3252 1174 3284 Cf.
1200 3261 1235 3293 p.
1261 3251 1316 3292 86,
1343 3252 1396 3285 35.
1422 3252 1498 3294 403,
1524 3254 1555 3286 Ξ.
1583 3255 1658 3296 423,
1683 3256 1739 3290 29.
1766 3273 1802 3281 -
1829 3258 1887 3298 qui

119 3294 245 3327 tandem
259 3312 307 3319 --
323 3300 450 3338 angunt
470 3298 602 3331 Nonius
626 3307 660 3340 p.
680 3299 754 3332 445.
