2249 3624
289 254 369 296 944
1024 249 1306 292 CICERONIS

389 359 500 397 Hanc
527 362 571 396 tu
597 355 726 395 habes
754 353 1012 405 dignitatem,
1049 364 1130 404 qua
1164 353 1292 390 fretus
1328 362 1393 389 me
1428 350 1653 389 contemnis
1682 354 1723 388 et
1750 349 1948 402 despicis:
1993 363 2044 390 an

291 434 395 471 eam,
425 433 547 472 quam
574 418 731 470 reliqua
759 419 838 457 vita
868 429 912 456 es
942 416 1217 455 consecutus?
1245 426 1337 453 cum
1364 414 1417 452 ita
1437 413 1584 462 vixisti,
1613 418 1658 452 ut
1683 425 1763 451 non
1792 418 1904 451 esset
1930 411 2044 451 locus

289 490 371 524 tam
400 488 588 532 sanctus,
631 494 711 533 quo
746 493 827 519 non
868 478 1067 519 adventus
1107 484 1225 526 tuus,
1268 478 1388 515 etiam
1426 488 1518 514 cum
1552 475 1671 527 culpa
1698 474 1808 514 nulla
1836 474 2042 524 subesset,

291 547 443 586 crimen
471 546 644 585 aflerret.

258 622 277 650 5
390 611 523 656 Fabia,
554 613 656 655 virqo
688 608 852 648 Vestalis,
896 618 1043 643 causam
1081 607 1206 642 incesti
1240 607 1397 645 dixerat,
1441 615 1520 640 cum
1564 605 1597 639 ei
1641 602 1798 639 Catilina
1830 602 2042 644 obiceretur,

291 680 436 720 eratque
466 674 647 709 absoluta.
701 671 801 707 Haec
832 671 949 705 Fabia
975 671 1063 715 quia
1089 680 1193 703 soror
1220 674 1297 703 erat
1320 668 1504 702 Terentiae
1525 666 1714 707 Ciceronis,
1742 667 1822 701 ideo
1849 667 1900 701 sic
1927 666 2044 700 dimit.-

292 736 412 775 etiam
441 735 472 773 si
501 733 618 785 culpa
646 732 755 771 nulla
784 732 991 771 subesset.
1046 732 1104 768 Ιια
1121 738 1151 767 et
1169 733 1243 768 suis
1260 733 1415 778 pepercit
1435 736 1466 766 et
1484 731 1599 765 nihilo
1618 731 1729 765 levius
1748 730 1897 764 inimico
1916 729 2048 763 summi

292 801 479 847 opprobrii
505 800 763 844 turpitudinem
791 798 930 833 obiecit.

393 861 494 900 Cum
523 857 889 910 deprehendebare
908 858 948 894 in
969 855 1200 904 adulteriis;
1232 867 1323 893 cum
1343 852 1687 905 deprehendebas
1708 851 1916 891 adulteros
1936 852 2046 903 ipse;

244 934 384 964 1ocum
414 936 464 961 ex
492 921 635 961 eodem
665 927 805 972 stupro
834 920 904 958 tibi
935 924 973 957 et
1001 931 1170 958 uxorem
1200 924 1239 956 et
1265 917 1386 956 filiam
1413 917 1616 956 invenisti.

392 989 549 1028 Dicitur,
583 986 779 1022 Catilinam
806 986 1024 1020 adulterium
1052 985 1269 1019 commisisse
1295 994 1373 1018 cum
1402 994 1458 1026 ea,
1493 993 1584 1027 quae
1610 981 1642 1016 ei
1667 985 1790 1026 postea
1815 991 1936 1015 socrus
1963 980 2045 1023 suit,

293 1057 325 1088 et
350 1063 394 1088 ea:
420 1062 458 1087 eo
485 1056 608 1096 stupro
636 1051 780 1085 dumisse
806 1059 974 1087 umorem,
1010 1058 1089 1082 cum
1116 1047 1194 1091 filia
1221 1047 1295 1081 eius
1322 1050 1418 1080 esset.
1488 1044 1587 1079 Haec
1613 1043 1781 1079 Lucceius
1815 1054 1954 1088 quoque
1983 1041 2050 1078 Ca-

295 1118 421 1151 tilinae
453 1115 561 1150 obicit
597 1115 635 1148 in
663 1112 902 1153 orationibus,
933 1121 1023 1156 quas
1050 1111 1089 1144 in
1116 1121 1194 1144 eum
1220 1110 1386 1154 scripsit.-
1414 1109 1565 1142 nomina
1591 1107 1723 1142 harum
1749 1106 1942 1142 mulierum
1959 1116 2050 1141 non-

294 1180 379 1214 dum
405 1178 539 1214 inveni.

245 1247 281 1276 ⁴5
394 1237 499 1286 Quid
519 1249 607 1288 ego,
638 1241 681 1275 ut
698 1234 942 1274 involaveris
961 1232 1226 1284 provinciam,
1255 1229 1505 1282 praedicem,
1536 1235 1680 1268 cuncto
1701 1227 1851 1280 populo
1871 1229 2049 1267 Romano

296 1302 495 1341 clamante
524 1312 570 1339 ac
597 1299 829 1337 resistente.
885 1297 985 1335 Nam
1014 1301 1057 1334 ut
1085 1301 1123 1333 te
1151 1294 1230 1332 illic
1257 1293 1456 1344 gesseris,
1491 1304 1572 1330 non
1601 1290 1732 1331 audeo
1761 1290 1913 1342 dicere,
1944 1303 2050 1342 quo-

295 1366 404 1404 niam
431 1362 644 1403 absolutus
673 1373 732 1399 es.

395 1430 539 1466 Dictum
566 1432 614 1463 est
641 1429 717 1462 iam
743 1426 898 1471 saepius,
932 1422 1126 1460 Catilinam
1149 1433 1193 1457 ω]
1218 1426 1392 1467 praetura
1409 1419 1572 1465 Africam
1599 1420 1794 1455 obtinuisse
1812 1425 1843 1455 et
1862 1424 2052 1455 accusante

296 1506 375 1530 eum
402 1493 679 1539 repetundarum
708 1490 746 1525 P.
772 1489 894 1524 Clodio
917 1487 1120 1522 absolutum
1147 1497 1231 1521 esse.

246 1559 283 1590 20
398 1557 613 1594 Praetereo
640 1549 751 1588 illum
779 1548 976 1587 nefarium
1006 1552 1194 1585 conatum
1223 1551 1335 1583 tuum
1365 1550 1405 1582 et
1431 1555 1563 1595 paene
1600 1542 1795 1582 acerbum
1824 1547 1864 1580 et
1890 1541 2052 1580 luctuo-

298 1630 387 1657 sum
415 1615 566 1669 populo
594 1615 773 1652 Romano
801 1611 931 1660 diem,
961 1622 1053 1648 cum
1082 1610 1155 1649 Cn.
1186 1609 1329 1647 Pisone
1358 1608 1467 1646 socio
1494 1618 1630 1658 neque
1659 1605 1735 1645 alio
1764 1606 1926 1644 nemine
1955 1617 2053 1644 cae-

298 1680 392 1720 dem
419 1679 656 1731 optimatum
683 1675 817 1713 faeere
844 1672 1021 1711 voluisti.

400 1743 497 1788 Quos
521 1743 697 1781 nominat,
728 1739 939 1784 intelliyitis.
994 1738 1078 1773 Fuit
1106 1738 1200 1772 enim
1227 1736 1364 1782 opinio,
1396 1734 1591 1770 Catilinam
1619 1739 1649 1769 et
1679 1732 1738 1769 Cn.
1760 1733 1936 1773 Pisonem,
1965 1733 2054 1767 ado-

298 1809 480 1845 lescentem
511 1806 711 1852 perditum,
746 1803 950 1838 coniurasse
988 1802 1037 1836 ad
1069 1802 1210 1836 caedem
1245 1804 1387 1834 senatus
1419 1799 1627 1842 faciendam
1663 1801 1744 1832 ante
1781 1807 1916 1831 annum
1943 1806 2053 1841 quam

248 1872 285 1903 25
299 1873 385 1907 haec
412 1872 509 1905 dicta
533 1873 627 1907 sunt,
661 1866 761 1902 Cotta
780 1870 810 1899 et
833 1864 1013 1909 Torquato
1042 1863 1257 1902 consulibus,
1290 1872 1437 1906 eamque
1456 1862 1597 1896 caedem
1621 1861 1700 1894 ideo
1718 1870 1789 1894 non
1809 1870 1880 1894 esse
1899 1860 2050 1903 factam,

299 1936 394 1982 quod
420 1934 534 1979 prius,
565 1941 675 1977 quam
700 1930 825 1974 parati
852 1932 975 1971 essent,
1005 1927 1204 1962 coniuratis
1231 1926 1374 1971 siqnum
1401 1925 1551 1959 dedisset
1580 1922 1751 1958 Catilina.
1807 1921 1890 1957 Piso
1917 1926 2049 1962 autem,

300 2009 379 2035 cum
416 1997 501 2031 haec
528 1995 745 2032 dicerentur,
783 1991 954 2036 perierat.
1027 1988 1071 2023 ln
1100 1988 1320 2033 Hispaniam
1354 1988 1482 2021 missus
1509 1997 1532 2020 a
1558 1990 1682 2020 senatu
1716 1996 1779 2030 per
1808 1985 1977 2019 honorem
2005 1984 2054 2019 le-

300 2061 480 2107 yationis,
512 2056 539 2105 †
569 2061 607 2092 ut
636 2067 723 2090 acus
754 2065 836 2089 suus
865 2054 1110 2098 ableyaretur‚
1141 2053 1278 2096 ibique,
1318 2052 1401 2084 dum
1438 2050 1597 2084 iniurias
1629 2048 1916 2094 provincialibus
1947 2048 2050 2092 facit,

302 2125 436 2160 occisus
463 2126 555 2164 crat,
585 2124 623 2154 ut
651 2119 800 2164 quidam
830 2116 1030 2156 credebant,
1061 2126 1083 2149 a
1116 2114 1173 2150 Cn.
1203 2114 1365 2158 Pompeii
1392 2113 1597 2159 clientibus,
1630 2112 1797 2156 Pompeio
1824 2121 1896 2145 non
1925 2111 2053 2145 invito.

249 2193 288 2224 3ο
400 2186 463 2223 An
489 2181 639 2221 oblitus
667 2192 731 2228 eS,
758 2185 797 2217 te
827 2190 877 2215 ex
903 2188 990 2226 me,
1020 2188 1111 2214 cum
1147 2180 1380 2227 praeturam
1417 2179 1672 2224 peteremus,
1702 2172 1882 2222 petisse,
1913 2175 1955 2208 ut
1982 2169 2054 2208 tibi

301 2247 476 2301 primum
504 2244 635 2282 locum
665 2239 964 2280 concederem?
1017 2236 1132 2285 Quod
1168 2250 1259 2275 cum
1288 2236 1452 2287 saepius
1488 2247 1632 2286 ageres
1661 2240 1700 2273 et
1725 2231 2003 2284 impudentius
2032 2243 2055 2271 a

301 2323 368 2349 me
396 2305 686 2354 contendereS‚
717 2301 933 2341 meministi
961 2313 1024 2339 me
1053 2300 1124 2338 tibi
1152 2297 1425 2350 respondere,
1455 2297 1716 2349 impudenter
1742 2302 1781 2335 te
1808 2297 1957 2344 facere,
1987 2295 2056 2347 qui

303 2372 344 2411 id
370 2386 391 2412 a
419 2383 483 2409 me
506 2375 685 2422 peteres,
716 2365 826 2417 quod
851 2378 872 2404 a
899 2371 938 2403 te
961 2362 1136 2402 Boculus
1166 2374 1389 2413 numquam
1416 2362 1692 2412 impetrasset.

402 2437 574 2473 Diximus
600 2435 676 2469 iam
703 2442 828 2477 supra,
857 2429 979 2465 Sullae
1007 2429 1113 2467 ludis,
1145 2438 1231 2472 quos
1259 2428 1316 2461 hic
1341 2431 1487 2471 propter
1522 2427 1713 2460 victoriam
1739 2425 1873 2468 fecerit,
1905 2423 2057 2469 quadri-

254 2506 369 2547 359as
399 2499 432 2535 C.
461 2498 656 2534 Antonium
683 2499 714 2530 et
742 2494 833 2528 alios
860 2492 1034 2537 quosdam
1070 2490 1207 2524 nobiles
1240 2490 1398 2524 homines
1430 2489 1598 2534 agitasse.
1662 2487 1853 2522 Praeterea
1880 2485 2056 2521 Antonius

304 2564 503 2608 redemptas
531 2560 683 2595 habebat
711 2558 757 2592 ab
786 2557 930 2591 aerario
950 2554 1137 2598 vectiqales
1157 2553 1370 2598 quadriqas‚
1391 2562 1500 2596 quam
1519 2551 1795 2595 redemptionem
1814 2549 1972 2584 senatori
1989 2548 2057 2583 ha-

307 2627 385 2662 bere
412 2626 491 2660 licet
507 2635 570 2669 per
590 2623 711 2667 legem.
752 2619 836 2654 Fuit
863 2623 981 2653 autem
1007 2617 1212 2651 notissimus
1240 2615 1277 2649 in
1303 2616 1398 2650 circo
1422 2614 1688 2660 quadriqarum
1707 2614 1866 2658 ayitator
1885 2611 2053 2647 Boculus.

405 2688 504 2723 Dicit
531 2688 573 2721 de
598 2685 706 2720 malis
733 2683 890 2719 civibus:

408 2748 482 2795 Qui
510 2752 779 2798 posteaquam
806 2742 872 2780 illo
900 2740 1031 2779 conati
1061 2743 1176 2778 erant
1210 2737 1465 2789 Hispaniensi
1501 2734 1749 2787 pugiunculo
1777 2745 1926 2772 nervos
1953 2732 2058 2771 inci-

256 2811 407 2850 *odere
439 2809 584 2848 civium
619 2810 889 2847 Romanorum
924 2815 1005 2842 non
1036 2806 1278 2853 potuerunt,
1320 2799 1422 2839 duas
1456 2811 1535 2838 uno
1566 2804 1752 2848 tempore
1792 2800 1991 2834 conantur
2016 2794 2058 2833 in

309 2886 395 2913 rem
421 2871 627 2924 publicam
656 2870 761 2907 sicas
789 2866 1058 2916 destringere.

307 2936 1085 2953 --—--————————-—————

397 2981 448 3010 tl.
483 2978 612 3009 Dicitur
629 2973 816 3014 Catilinam]
843 2973 892 3004 sic
907 2972 1039 3008 Prine.;
1067 2969 1121 3000 alii
1141 2970 1219 3000 dicit
1236 2969 1423 3005 Catilinam,
1449 2966 1504 2999 alii
1528 2966 1648 2998 dicitur
1665 2963 1820 2996 Catilina.
1850 2981 1884 2986 —
1911 2962 1965 2994 ⁶28.
1991 2960 2059 2993 Ab·

311 3029 455 3063 surdum
481 3028 558 3059 hoc.
578 3029 704 3065 popina
730 3023 888 3055 volebat:
915 3025 950 3052 ut
974 3021 1104 3052 avidius
1127 3019 1336 3059 ablegaretur
1359 3026 1471 3058 aeque
1497 3018 1624 3057 inepte.
1674 3013 1786 3053 Quid‘?
1810 3015 1836 3045 si
1862 3012 1938 3044 fuit:
1965 3015 2002 3043 ut
2017 3011 2059 3042 ab

310 3079 390 3111 urbe
412 3078 531 3108 scilieet
555 3076 774 3115 ablegaretur.
800 3073 918 3103 scilicet
941 3080 1004 3111 per
1020 3069 1268 3110 compendium
1287 3068 1454 3107 scriptum
1475 3065 1600 3098 multos
1619 3066 1685 3096 iam
1703 3063 1837 3104 peperit
1856 3069 2006 3093 errores.
2020 3074 2054 3082 -

313 3130 365 3161 33.
399 3127 483 3167 quod
506 3135 527 3156 a
551 3129 579 3156 le
606 3123 754 3163 Boculus]
781 3124 835 3153 Sic
859 3121 902 3153 de
928 3121 1120 3153 certissime
1151 3121 1188 3150 Α.
1215 3117 1394 3158 Augustini
1425 3118 1513 3147 coni.
1541 3115 1714 3146 dederunt
1744 3112 1870 3152 Sigonii
1904 3110 2057 3142 editores

313 3175 603 3211 Mediolanenses.
653 3175 840 3204 Possumus
865 3172 968 3203 etiam
991 3170 1114 3201 missas
1140 3168 1254 3200 facere
1280 3165 1421 3198 voculas
1447 3175 1468 3196 a
1490 3169 1530 3196 te.
1560 3181 1592 3187 -—
1621 3164 1706 3204 quod
1729 3162 1911 3194 avunculus
1936 3159 2057 3191 ceteri.

313 3228 400 3267 quod
428 3235 450 3257 a
479 3224 598 3255 Boculo
634 3223 711 3253 Sch.
749 3230 843 3262 susp.
899 3221 965 3252 Sed
995 3220 1045 3251 sic
1076 3216 1218 3249 ridicule
1251 3217 1374 3248 Cicero
1409 3217 1523 3246 semet
1556 3215 1670 3254 ipsum
1707 3211 1943 3243 committeret
1976 3216 2056 3239 cum

315 3278 493 3316 agitatore.
537 3275 651 3312 Longe
675 3271 798 3303 salsius
823 3270 982 3302 alterum.
1010 3286 1046 3292 —
1071 3268 1125 3300 40.
1157 3269 1191 3299 in
1213 3275 1283 3298 rem
1303 3275 1338 3305 p.
1363 3274 1389 3296 s,
1415 3265 1526 3303 destr.]
1552 3264 1606 3294 Sic
1630 3272 1648 3294 e
1668 3261 1788 3293 Patrio.
1816 3260 1904 3291 coni.
1933 3257 2052 3290 Lamb.

314 3326 357 3362 cs.
384 3327 423 3364 Q.
444 3325 512 3357 Cic.
539 3324 604 3355 Pet.
630 3322 722 3353 Cons.
749 3322 786 3352 C.
813 3321 844 3351 3.
870 3320 970 3352 Beier
994 3319 1084 3360 Offic.
1110 3318 1147 3350 T.
1172 3318 1203 3348 2.
1231 3325 1266 3358 p.
1291 3317 1345 3348 5⁴.
1370 3316 1404 3346 in
1426 3323 1462 3346 re
1482 3313 1614 3355 publica
1636 3322 1661 3344 s.
1687 3311 1879 3354 distringere
1902 3308 2022 3343 ceteri.
