2249 3624
551 153 638 192 Lm.
669 152 715 191 v.
758 151 855 191 CAP.
886 151 1246 191 xxm—xxw.
1286 149 1346 204 §§
1377 148 1568 190 64—69.
1866 146 1947 187 349

180 263 219 302 in
252 274 299 301 ea
331 260 452 300 situm
485 272 577 298 esse
609 272 779 298 necesse
812 264 874 298 est
906 258 1032 305 illud,
1074 258 1188 311 quod
1221 259 1410 311 quaeris,
1452 264 1684 311 optumum.
1741 259 1853 307 Quid
1885 267 1947 301 est

179 330 313 363 autem
346 323 387 362 in
418 322 587 361 homine
620 322 756 373 sagaci
788 334 834 360 ae
867 321 974 360 bona
1007 326 1144 360 mente
1177 321 1323 360 melius
1338 323 1355 359 ‘2
1387 322 1486 360 Eius
1508 322 1618 361 bono
1640 321 1862 362 fruendum
1886 330 1949 363 est

178 385 327 437 igitur,
358 385 392 423 si
424 384 531 423 beati
565 397 655 423 esse
688 384 902 429 volumus;
935 384 1087 422 bonum
1120 390 1257 422 autem
1290 384 1439 423 inentis
1472 390 1533 424 est
1556 386 1706 424 virtus:
1738 398 1838 436 ergo
1869 386 1947 425 hae

178 448 338 488 beatam
370 446 494 485 vitani
527 446 731 486 contineri
765 460 933 485 necesse
965 452 1040 485 est.
1081 447 1185 485 lline
1206 446 1363 492 omnia,
1395 460 1502 499 quae
1535 448 1725 499 pulchra,
1756 447 1948 496 honesta,

178 510 387 563 praeclara
427 514 541 554 sunt,
583 514 626 547 ut
667 521 790 561 supra
833 509 938 553 dixi,
981 508 1054 547 sed
1087 509 1309 547 dii-endum
1344 508 1455 548 idem
1486 509 1588 548 illud
1622 510 1746 562 paulo
1778 510 1980 550 uberiuszs

178 572 358 618 videtur,
398 571 521 623 plena
561 571 810 623 gaudiorum
853 578 959 610 sunt.
1015 572 1073 610 Ex
1112 571 1326 623 perpetuis
1356 576 1493 610 autem
1533 572 1754 624 plenisque
1786 574 1948 625 gaudiis

176 649 267 675 cum
309 633 576 686 perspicuum
619 634 673 673 sit
714 633 838 673 vitam
882 631 1043 672 beatam
1086 633 1288 679 existere,
1335 633 1525 685 sequitur
1558 640 1601 674 ut
1632 648 1681 675 ea
1713 636 1866 677 existat
1896 650 1949 676 ex

177 696 405 737 honestate.

289 760 438 799 XXIV.
472 758 538 797 68.
572 758 652 797 Sed
685 772 735 797 ne
768 758 903 797 verbis
935 758 1070 797 solum
1093 758 1344 809 attingamus
1366 772 1428 805 ea,
1460 772 1569 812 quae
1593 760 1785 801 volumus
1810 768 1950 803 osten-

174 822 291 868 dere,
336 820 611 874 proponenda
654 819 859 873 quaedam
901 819 1019 872 quasi
1065 820 1274 859 moventia
1316 826 1430 867 sunt,
1477 836 1584 874 quae
1627 836 1703 862 nos
1736 826 1866 877 magis
1896 826 2000 865 adio

174 884 453 937 cognitionem
497 882 914 935 intellegentiamque
953 887 1207 921 convertant.
1255 882 1451 922 Sumatur
1481 885 1593 924 enim
1625 886 1746 925 nobis
1777 887 1950 940 quidam

176 952 390 999 praestans
409 946 471 984 vir
487 945 668 999 optumis
691 944 851 984 artibus
875 946 996 998 isque
1019 944 1158 984 animo
1180 958 1406 997 parumper
1427 952 1466 985 et
1487 948 1740 998 cogitatione
1756 948 1949 1002 fingatur.

176 1009 356 1048 Primum
389 1008 557 1061 ingenio
591 1007 745 1046 eximio
777 1007 830 1046 sit
861 1020 1030 1046 necesse
1063 1012 1146 1053 est;
1180 1006 1308 1045 tardis
1340 1008 1449 1046 enim
1482 1009 1690 1049 mentibus
1713 1012 1844 1052 virtus
1865 1026 1951 1053 non

174 1071 296 1111 facile
328 1071 577 1115 comitatum
612 1069 764 1108 deinde
797 1068 848 1108 ad
881 1069 1216 1121 investigandam
1249 1070 1466 1110 veritatem
1497 1072 1638 1111 studio
1671 1074 1856 1116 incitato.
1887 1077 1951 1116 Ex

175 1148 258 1187 quo
292 1133 444 1186 triplex
475 1132 545 1171 ille
578 1132 705 1171 animi
738 1131 848 1171 fetus
881 1131 1053 1171 existet:
1085 1144 1193 1170 unus
1226 1131 1268 1170 in
1291 1132 1528 1183 cognitione
1560 1147 1697 1174 rerum
1728 1138 1888 1189 positus
1911 1142 2003 1178 etis

174 1198 214 1236 in
236 1195 516 1249 explicatione
540 1200 726 1240 naturae,
758 1194 863 1233 alter
890 1194 930 1233 in
959 1193 1232 1247 discriptione
1256 1196 1585 1246 expetendarum
1608 1196 1952 1249 fugiendarumve

175 1272 311 1298 reruni
341 1264 374 1297 et
408 1259 447 1296 in
478 1259 638 1296 ratione
670 1256 862 1303 vivendi,
895 1257 1040 1296 tertius
1074 1257 1117 1296 in
1145 1257 1372 1297 iudicando
1394 1258 1497 1311 quid
1519 1260 1674 1313 cuique
1696 1261 1756 1300 rei
1779 1262 1832 1302 sit
1853 1276 1954 1302 con-

174 1333 375 1374 sequens,
418 1319 517 1374 quid
550 1332 812 1372 repugnans,
854 1320 895 1358 in
927 1332 1011 1372 quo
1050 1319 1157 1359 inest
1187 1320 1322 1360 omnis
1353 1334 1447 1359 cum
1479 1321 1688 1362 subtilitas
1720 1323 1952 1365 disserendi

175 1390 261 1423 tum
295 1382 450 1422 veritas
482 1382 711 1421 iudicandi.
761 1380 828 1420 65).
861 1381 955 1429 Quo
989 1382 1155 1421 tandem
1190 1382 1315 1435 igitur
1345 1383 1500 1435 gaudio
1532 1382 1653 1424 adlici
1685 1399 1860 1426 necesse
1891 1392 1954 1427 est

175 1445 375 1498 sapientis
416 1444 600 1484 animum
644 1457 734 1483 cum
777 1443 842 1483 his
878 1444 1138 1484 habitantem
1170 1451 1573 1500 pernoctantemque
1604 1448 1738 1488 curis!
1782 1453 1828 1489 ut
1859 1464 1951 1490 cum
1967 1460 2004 1488 20

174 1508 298 1548 totius
332 1508 473 1546 mundi
507 1513 641 1546 motus
674 1506 1058 1560 conversionesque
1102 1508 1362 1560 perspexerit
1393 1508 1617 1562 sideraque
1648 1510 1801 1551 viderit
1830 1512 1954 1552 innu-

177 1569 394 1610 merabilia
426 1569 541 1609 caelo
574 1569 837 1609 inhaerentia
868 1583 961 1608 cum
996 1571 1083 1609 eius
1115 1570 1249 1622 ipsius
1281 1576 1395 1610 motu
1417 1583 1648 1624 congruere
1671 1574 1794 1614 certis
1825 1572 1954 1614 infixa

175 1633 368 1678 sedibus,
406 1636 567 1684 septem
608 1632 688 1672 alia
729 1645 828 1671 suos
872 1645 1067 1685 quaeque
1110 1638 1251 1672 tenere
1283 1645 1430 1672 cursus
1462 1634 1639 1674 multum
1670 1636 1778 1676 inter
1807 1650 1852 1677 se
1883 1641 1955 1676 aut

174 1695 394 1735 altitudine
434 1699 506 1734 aut
546 1694 781 1734 humilitate
824 1694 1039 1741 distantia,
1083 1708 1262 1748 quorum
1304 1696 1399 1747 vagi
1440 1702 1578 1736 motus
1617 1703 1706 1738 rata
1743 1704 1881 1738 tamen
1913 1704 1954 1739 et

264 1883 294 1913 9.
322 1891 424 1921 caque
447 1882 599 1913 uolumus
623 1882 648 1913 R
676 1899 709 1902 ——
740 1882 789 1912 45.
815 1881 923 1921 foelus
947 1882 970 1911 G
997 1899 1038 1903 —
1064 1881 1115 1912 46.
1142 1881 1351 1920 discriptione
1375 1883 1455 1913 GR:
1482 1883 1699 1923 descriptione
1723 1886 1765 1917 Ο.
1798 1887 1883 1919 Vide
1909 1887 1954 1920 ad

178 1942 198 1973 p
237 1932 312 1971 303.
339 1934 369 1964 5.
400 1951 435 1956 —
460 1933 736 1972 fugiendarumve
759 1940 871 1962 rerum
894 1934 923 1963 ct
947 1932 980 1961 in
1004 1932 1134 1962 racione
1156 1931 1288 1963 vivendi
1306 1933 1368 1963 W:
1392 1933 1694 1976 fuyiendarumque
1715 1945 1756 1967 ue
1778 1946 1893 1969 rerum
1915 1948 1956 1970 ne

175 1983 308 2013 uiuendi
334 1984 358 2013 G
385 1984 416 2014 et
445 1983 564 2022 (erasis
588 1991 629 2012 ue
654 1984 688 2013 et
712 1991 750 2013 ne
772 1983 916 2019 uiuendi)
945 1983 984 2017 n;
1010 1981 1311 2021 fugiendarumque
1334 1990 1447 2013 rerum
1470 1983 1512 2019 B;
1544 1984 1821 2024 fuyiendarumve
1842 1997 1956 2020 rerum

176 2034 220 2068 0;
245 2033 522 2072 fuyiendarumre
544 2041 658 2063 reru-m
675 2035 810 2071 arteque
827 2032 903 2062 bene
918 2032 1049 2063 vivendi
1068 2032 1175 2062 lleine
1195 2040 1227 2072 p.
1246 2033 1276 2062 5.
1306 2032 1400 2069 «Hic,
1420 2032 1492 2071 uhi,
1512 2035 1547 2064 ut
1565 2034 1671 2065 Aead.
1688 2036 1727 2073 ΙΙ,
1748 2037 1821 2069 444.
1850 2039 1953 2079 Legg,

178 2083 200 2120 1,
229 2082 369 2113 60—62.
404 2082 448 2113 de
475 2083 621 2113 Divinat.
651 2083 688 2117 ΙΙ,
717 2083 858 2119 40-11,
892 2082 1107 2121 significatur
1137 2082 1307 2122 tripertita
1340 2081 1392 2113 illa
1423 2082 1665 2125 philosophiae
1697 2086 1819 2118 divisio
1843 2089 1954 2123 Acad.

176 2133 205 2169 1,
236 2132 285 2163 19.
313 2132 356 2165 ΙΙ,
385 2132 458 2163 116.
489 2132 558 2163 l·'in.
587 2132 641 2169 ΙΥ,
668 2131 698 2163 4.
727 2131 766 2168 V,
794 2131 825 2162 9.
853 2131 896 2162 de
922 2132 1013 2162 Orat.
1041 2132 1070 2169 Ι,
1099 2132 1139 2163 68
1164 2132 1295 2163 diserte
1322 2135 1620 2172 commemorata,
1647 2134 1691 2166 de
1717 2136 1832 2168 ethica
1851 2137 1954 2178 vulgo

177 2182 262 2213 haec.
288 2183 421 2213 tantum
447 2180 627 2221 leguntur:
663 2181 747 2212 alter
777 2182 812 2212 in
837 2182 1053 2220 descriptione
1079 2183 1342 2220 expetendarum
1363 2183 1640 2224 f119iendarumve
1662 2194 1793 2223 rerum,
1825 2187 1954 2228 quibus

175 2231 370 2272 dogmatica
396 2231 529 2262 ethicae
556 2240 636 2271 pars
661 2231 837 2266 delinitur,
864 2229 935 2261 scil.
957 2230 999 2261 de
1026 2230 1154 2262 tinibus
1180 2231 1355 2264 bonorum
1382 2235 1416 2263 et
1440 2232 1626 2265 malorum.
1665 2236 1735 2275 Ego
1761 2246 1800 2268 cx
1820 2239 1954 2269 Arche—

176 2285 258 2322 typo
283 2281 400 2312 scribo
424 2290 538 2312 rerum
563 2283 584 2320 ἦ
608 2289 648 2312 ne
671 2284 701 2312 et
724 2282 864 2312 vivendi.
903 2282 957 2312 Sic
983 2282 1078 2312 enim
1104 2280 1225 2321 [immo
1250 2291 1364 2313 rerum
1387 2292 1427 2314 ne
1443 2284 1587 2324 uiuendi]
1606 2283 1656 2323 R¹,
1683 2285 1749 2318 alii.
1778 2288 1872 2319 Ilaec
1889 2297 1969 2319 aii--

176 2335 245 2363 tem
271 2333 435 2372 quoniam
462 2333 495 2362 in
520 2331 720 2372 Archetypo
748 2340 862 2371 neque
889 2340 1009 2362 errore
1035 2330 1103 2362 ullo
1128 2340 1245 2371 neque
1271 2332 1539 2373 interpolatione
1557 2334 1637 2365 addi
1662 2338 1863 2376 potuerunt,
1890 2347 1955 2370 ne-

176 2391 276 2414 cesse
303 2385 355 2413 est
386 2383 419 2413 in
444 2382 638 2421 antiquiore
665 2380 780 2421 aliquo
806 2381 927 2411 codice
954 2381 1073 2419 fuisse,
1101 2390 1208 2421 quae,
1243 2385 1279 2414 ut
1303 2385 1440 2424 opinor,
1467 2383 1558 2415 lectu
1584 2384 1734 2416 difficilia
1760 2388 1954 2420 omittendo

177 2433 209 2462 et
235 2431 498 2472 transponendo
525 2433 574 2462 sic
600 2432 889 2472 depravarentur.
923 2431 1077 2468 Scilicet,
1106 2440 1323 2472 quamquam
1350 2434 1556 2472 quaestione
1583 2432 1635 2464 illa
1661 2434 1705 2465 de
1724 2434 1851 2467 tinibus
1868 2436 1890 2467 b
1921 2439 1956 2468 et

177 2489 222 2511 m.
251 2482 348 2520 quasi
375 2481 602 2512 fundamento
628 2480 781 2519 quodam
809 2483 876 2512 tota
903 2481 1015 2512 ethica
1043 2482 1161 2512 nititur
1188 2482 1240 2522 (cf.
1270 2483 1338 2513 fin.
1360 2483 1415 2521 IV,
1438 2484 1469 2514 5.
1497 2483 1548 2515 44.
1576 2484 1615 2522 V.
1637 2485 1687 2516 45.
1716 2485 1827 2517 Divin.
1848 2487 1888 2524 ΙΙ,
1907 2487 1952 2527 ⁶2),

177 2533 292 2562 tamen
319 2540 444 2572 parum
469 2533 548 2572 apte
574 2530 798 2562 ll.l.Otl]lSS}1
825 2534 918 2562 esset
944 2532 1166 2572 paraenetica
1194 2533 1268 2563 eius
1294 2541 1386 2572 pars.
1414 2542 1505 2573 quae
1531 2535 1585 2565 est
1601 2534 1645 2565 de
1663 2534 1784 2566 officiis
1801 2544 1830 2567 s,
1849 2544 1955 2577 prae-

177 2581 304 2621 ceptis,
330 2580 459 2621 quibus
485 2582 518 2612 in
544 2589 668 2612 omnes
695 2583 812 2621 partes
838 2590 923 2613 usus
946 2583 1034 2612 ritae
1058 2581 1271 2612 conformari
1296 2583 1406 2622 possit
1432 2582 1539 2622 (Offic.
1560 2584 1583 2621 Ι,
1603 2584 1645 2622 7).
1674 2583 1723 2616 Cf.
1745 2585 1891 2617 Divinat.
1913 2587 1953 2625 11,

177 2630 195 2670 S
222 2631 281 2662 lO:
311 2631 389 2670 quid
413 2631 532 2662 bonum
555 2632 612 2669 sit,
639 2632 718 2669 quid
743 2631 885 2670 malma,
915 2632 994 2671 quid
1018 2634 1183 2662 neutrum.
1222 2632 1240 2671 g
1268 2633 1300 2662 Μ
1320 2642 1325 2661 :
1358 2633 1395 2663 de
1419 2633 1553 2673 officiis,
1572 2650 1620 2655 ——
1636 2641 1732 2672 quem
1755 2634 1800 2665 ad
1822 2636 1955 2666 modum

178 2681 219 2712 sit
241 2682 428 2713 vivendum.
466 2680 573 2712 Acad.
601 2681 626 2711 ΙΙ
654 2680 671 2720 ἕ
691 2680 772 2712 414ῑ
797 2685 833 2712 ul
850 2699 899 2704 --
917 2690 1022 2712 mores
1044 2683 1152 2722 fingas
1170 2682 1223 2721 (cf.
1244 2682 1313 2712 Fin.
1336 2682 1388 2717 lv,
1408 2683 1457 2720 5),
1482 2684 1563 2722 fines
1585 2682 1746 2714 bonorum
1768 2685 1955 2716 malorum-

178 2739 237 2769 que
261 2732 459 2769 constituas,
486 2731 596 2771 officia
620 2730 802 2769 describas,
830 2740 930 2770 quam
954 2733 1059 2763 vitam
1082 2732 1258 2772 ingrediar
1281 2733 1429 2772 definias.
1465 2733 1559 2764 Brut.
1587 2732 1605 2773 g
1631 2733 1665 2764 34
1685 2743 1690 2764 z
1723 2734 1802 2765 haec
1825 2734 1955 2775 (philo-

178 2782 328 2821 sophia).
356 2783 389 2812 in
414 2790 481 2820 qua
507 2782 544 2811 dc
567 2780 658 2811 bonis
682 2780 777 2811 rebus
800 2784 829 2811 et
853 2783 950 2812 malis
975 2783 1075 2820 deque
1098 2783 1267 2814 hominum
1290 2783 1361 2813 vita
1385 2785 1414 2812 el
1437 2782 1583 2813 «moribus
1598 2783 1800 2821 disputatur.
1827 2785 1896 2816 Fin.
1913 2785 1954 2825 V,

178 2831 315 2862 44—42.
344 2831 482 2862 45—16.
504 2832 606 2871 Legg.
628 2832 651 2869 Ι,
671 2831 722 2861 60.
753 2831 791 2861 Et
809 2830 951 2871 quidem
975 2835 1043 2863 tota
1063 2833 1177 2864 ethica
1197 2834 1266 2864 Fin.
1288 2833 1327 2870 V,
1348 2834 1366 2863 9
1386 2832 1516 2863 vivendi
1535 2841 1618 2871 pars
1635 2832 1773 2871 dicitur,
1800 2834 1907 2865 Acad.
1929 2836 1953 2873 Ι,

180 2880 218 2910 49
242 2881 280 2911 de
302 2882 371 2912 vita
394 2884 423 2912 et
446 2880 593 2911 moribus
617 2882 651 2910 et
672 2888 754 2919 pars
778 2880 854 2911 bene
876 2883 1024 2915 vit-endi.
1052 2883 1096 2913 de
1122 2883 1215 2914 Orat.
1237 2883 1261 2919 Ι,
1281 2882 1321 2913 69
1346 2882 1435 2913 locus
1453 2882 1574 2913 devita
1589 2886 1619 2913 et
1635 2882 1798 2919 moribus;
1825 2883 1955 2923 quibus

179 2928 262 2961 locis
294 2932 365 2962 tres
398 2929 473 2961 illae
505 2933 622 2970 partes
655 2929 797 2962 brevius
829 2930 1061 2968 detiniuntur;
1100 2932 1166 2962 hoc
1196 2933 1314 2962 auten}
1341 2930 1429 2967 loco,
1461 2930 1504 2962 de
1530 2940 1599 2972 quo
1625 2933 1749 2972 agitur,
1776 2932 1955 2973 aliquanto

180 2979 320 3010 uberior
344 2982 543 3012 ceterarum
570 2980 720 3010 duarum
745 2982 951 3020 significatio
977 2984 1040 3013 est.
1078 2981 1224 3013 Accedit
1247 2981 1342 3022 quod
1367 2984 1384 3021 ᾗ
1409 2982 1463 3019 Ἡ,
1493 2980 1553 3012 ubi
1577 2982 1693 3014 ethica
1719 2984 1869 3023 cognitio
1894 2993 1956 3016 ac-

180 3030 331 3061 curatius
363 3028 573 3070 explicatur,
607 3029 649 3060 de
677 3033 824 3070 utraque
850 3032 923 3062 eius
954 3033 1052 3072 parte
1078 3032 1273 3072 exponitur.
1313 3033 1408 3069 Quae
1434 3039 1516 3062 cum
1542 3032 1586 3062 ita
1611 3033 1680 3063 sint
1704 3040 1769 3072 ego
1794 3033 1956 3074 suspicor

182 3078 213 3109 in
238 3077 301 3110 illis
326 3079 444 3110 verbis
467 3078 521 3119 (ne
543 3079 690 3119 uiuendi)
715 3078 825 3111 latere
849 3085 878 3112 ec
901 3082 936 3112 ιἰι
959 3082 1090 3112 vivendi
1112 3082 1243 3112 ratione
1267 3084 1326 3112 aut
1348 3084 1377 3112 ec
1401 3081 1433 3111 in
1458 3081 1587 3112 ratione
1608 3081 1738 3112 vivendi
1763 3081 1818 3120 (cs.
1844 3082 1952 3114 Acad.

183 3127 228 3164 ΙΙ,
255 3127 315 3159 ⁴32
348 3129 452 3160 omnis
483 3130 571 3159 ratio
595 3129 682 3160 vilae
706 3132 773 3161 cet.
809 3131 878 3162 Fin.
907 3131 946 3169 V,
975 3132 1025 3162 Μ.
1054 3132 1105 3162 45.
1134 3132 1185 3162 46.
1213 3132 1257 3162 de
1282 3131 1375 3162 Orat.
1404 3131 1443 3169 ll,
1468 3130 1563 3170 2¹2lt
1598 3130 1675 3162 bene
1698 3130 1779 3161 addi
1805 3140 1954 3164 necesse

184 3184 250 3207 non
277 3177 347 3209 snit.
385 3179 420 3209 ln
445 3179 469 3209 R
496 3186 636 3209 erasum
662 3187 701 3210 ne
724 3180 858 3211 uiuendi
884 3189 980 3218 esse,
1008 3180 1101 3220 quod
1127 3180 1267 3220 intelligi
1294 3190 1362 3211 non
1380 3181 1512 3220 posset,
1539 3189 1609 3212 non
1626 3181 1735 3220 magis
1754 3181 1953 3213 mirandum

184 3227 236 3256 est
259 3234 365 3265 quani
390 3228 445 3265 ΙΙΙ,
471 3227 512 3259 24
537 3229 570 3259 in
597 3228 675 3260 cod.
696 3230 896 3270 Gryphiano
915 3232 1084 3262 omissum
1111 3230 1192 3261 illud
1210 3230 1403 3270 Archetypi
1418 3230 1469 3261 vel
1485 3231 1650 3270 cupiditas
1665 3246 1715 3254 ··-
1730 3230 1794 3262 dici
1813 3235 1952 3270 potest.»

184 3274 239 3306 W.
269 3293 302 3298 —
330 3277 381 3307 217.
408 3277 586 3309 iudicando
609 3287 649 3311 ne
672 3279 750 3319 quid
775 3281 799 3311 R
826 3296 860 3301 —
890 3281 942 3312 48.
967 3289 1042 3312 cum
1067 3281 1150 3313 GR:
1178 3283 1246 3312 lum
1268 3280 1332 3311 ΒΟ
1360 3296 1394 3302 -
1422 3280 1476 3312 49.
1500 3279 1558 3322 est]
1583 3283 1663 3313 esset
1685 3280 1730 3313 C.
