2249 3624
893 214 1231 256 FRAGMENTA.
1855 210 1936 253 985

283 319 345 358 65.
384 316 617 356 Imbecillus
659 323 793 357 autem
833 323 896 356 est
935 316 1105 370 pudoris
1148 319 1340 367 magister
1381 318 1517 369 timor,
1564 320 1652 370 qui,
1696 321 1728 357 si
1773 318 1936 370 quando

183 380 390 434 paululum
431 380 657 426 aberravit,
697 382 831 420 statim
871 393 945 432 spe
984 381 1232 433 impunitatis
1275 381 1464 421 exsultat.
1521 382 1676 430 (Idem
1713 395 1748 420 ν.
1788 380 1937 420 Exsul—

183 450 267 484 tare
297 456 335 495 p.
367 444 439 482 300
475 445 560 493 sq.)

281 506 340 544 66.
389 506 584 555 [Ciceronis
606 512 674 549 est,
706 512 860 542 tractum
888 508 929 541 de
954 508 1199 553 philosophis,
1229 510 1292 554 qui
1319 510 1458 549 dicunt,
1492 506 1678 545 sufficere
1699 505 1750 545 ad
1769 505 1934 556 gloriam

182 569 289 609 bene
317 569 407 607 facti
436 568 741 606 conscientiam.
799 567 1042 614 (Servius
1071 568 1121 606 ad
1151 570 1250 607 Aen.
1284 568 1309 606 l.
1339 570 1408 607 IX.
1434 582 1470 607 v.
1500 569 1586 608 254.
1618 582 1656 620 p.
1684 570 1810 618 stim]
1949 565 1968 593 5

281 634 339 672 67.
376 632 476 670 Tum
512 629 736 679 intelligas,
770 642 891 680 quam
926 629 1023 668 illud
1052 643 1131 669 non
1162 632 1212 669 sit
1241 633 1544 676 necessarium,
1575 630 1684 683 quod
1719 630 1933 670 redundat.

182 694 396 738 (Nonius
424 706 461 731 v.
491 691 738 731 Redundarc
766 703 806 742 p.
838 693 946 739 384.)

281 757 341 795 68.
375 754 439 794 Ad
464 755 682 794 iuvenilem
711 754 919 794 libidinem
948 755 1063 807 copia
1093 755 1343 807 voluptatum
1379 756 1511 806 gliscit
1537 757 1615 805 ita,
1647 761 1689 795 ut
1707 757 1809 806 ignis
1835 756 1937 795 oleo.

180 818 341 869 (Idem
368 831 406 857 v.
438 817 578 857 Gliseit
608 831 648 870 p.
687 817 770 867 22.)

279 884 340 922 69.
375 882 419 920 Hi
461 881 587 920 nostri
626 880 742 919 amici
771 879 1127 929 verecundantur,
1163 881 1267 932 capti
1305 879 1524 932 splendore
1558 881 1728 920 virtutis.
1783 881 1987 929 (menno

181 958 218 983 v.
249 942 562 983 Verecundatur
586 955 625 995 p.
658 944 766 991 480.)

278 1009 340 1046 70.
381 1009 578 1055 Fingamus
619 1008 778 1053 aliquem
821 1007 950 1051 talem,
993 1007 1135 1052 qualem
1180 1007 1317 1042 Tullius
1355 1009 1464 1051 fuisse
1500 1010 1587 1044 dicit
1616 1008 1783 1044 Oratam.
1839 1006 1937 1053 Quis

181 1070 286 1109 enim
315 1068 431 1109 facile
461 1069 570 1108 dicat
598 1069 765 1108 Oratam
795 1074 979 1119 egestate
1007 1068 1244 1114 laborasse,
1278 1068 1479 1107 hominem
1501 1069 1765 1119 ditissimum,
1796 1081 1937 1108 amoe-

180 1133 417 1181 nissimum,
446 1131 824 1180 deliciosissimum,
855 1132 917 1170 cui
946 1143 1082 1183 neque
1117 1130 1168 1170 ad
1198 1131 1448 1183 voluptatem
1483 1133 1700 1184 quicquam
1722 1131 1937 1170 defuitne-

181 1208 260 1247 que
285 1194 337 1234 ad
365 1195 534 1246 gratiam
566 1206 701 1246 neque
731 1194 781 1233 ad
805 1194 952 1233 bonam
968 1194 1250 1245 integramque
1269 1194 1558 1233 valetudinem.
1591 1197 1687 1233 Nam
1705 1193 1987 1246 etpraediis⁴5

181 1258 557 1310 quaestuosissimis
598 1264 638 1296 et
679 1258 818 1297 amicis
847 1257 1152 1296 iucundissimis
1177 1263 1372 1308 quantum
1401 1257 1517 1296 libuit
1543 1258 1765 1296 abundavit
1794 1262 1833 1295 et
1860 1256 1936 1294 illis

180 1320 370 1360 omnibus
397 1321 608 1372 aptissime
640 1320 690 1359 ad
726 1319 898 1360 salutem
944 1321 1126 1371 eorporis
1170 1332 1269 1358 usus
1311 1325 1396 1368 est,
1441 1321 1631 1371 eiusque,
1674 1326 1716 1358 ut
1758 1320 1937 1358 breviter

182 1389 309 1422 totum
343 1382 572 1434 explicem,
603 1395 722 1421 omne
759 1383 985 1421 institutum
1019 1382 1351 1433 voluntatemque
1394 1395 1552 1420 omnem
1590 1382 1795 1421 successio
1839 1394 1935 1433 pro—

179 1458 301 1496 spera
339 1451 560 1485 consecuta
606 1452 681 1484 est.
737 1446 1085 1496 (Augustinus
1126 1445 1176 1484 de
1212 1446 1290 1484 vita
1323 1446 1438 1485 beata
1466 1458 1501 1484 c.
1530 1447 1590 1485 26.
1621 1447 1727 1497 Opp.
1757 1446 1867 1483 Tom.
1903 1448 1932 1481 Ι.

180 1520 220 1559 p.
250 1508 337 1548 507.
369 1521 409 1560 p.
441 1509 526 1547 308.
558 1508 734 1555 Bened.)
1950 1510 1984 1538 ΞΟ

275 1571 338 1610 71.
374 1571 531 1610 Primus
562 1570 750 1610 balneola
780 1570 1018 1622 suspendit,
1048 1569 1211 1608 inclusit
1238 1570 1387 1621 pisces.
1443 1571 1660 1619 (Nonius
1692 1583 1727 1609 v.
1760 1570 1934 1609 Balneac

179 1646 217 1685 p.
257 1635 362 1678 194.)

275 1697 336 1735 72.
381 1719 422 1724 <—
465 1702 506 1736 et
552 1697 797 1736 amoenitate
828 1708 985 1735 summa
1017 1697 1247 1747 perfructus
1287 1702 1360 1735 est.
1418 1697 1732 1740 (Priscianus
1762 1696 1785 1735 l.
1819 1698 1864 1734 X.
1897 1709 1930 1735 c.

177 1759 214 1798 2.
243 1760 277 1809 ξ.
305 1760 386 1808 13.)

275 1823 336 1861 73.
375 1844 421 1851 —-
460 1820 765 1872 sollertiamque
806 1833 921 1869 eam,
963 1835 1053 1868 quae
1093 1827 1236 1872 posset
1276 1821 1338 1859 vel
1381 1822 1419 1859 in
1461 1821 1607 1871 tegulis
1652 1821 1982 1871 proseminare25

177 1889 349 1924 ostreas.
405 1884 632 1932 (Nonius
656 1897 692 1922 V.
730 1884 873 1922 Ostrea
909 1896 948 1934 p.
982 1884 1091 1931 216.)

274 1948 335 1985 74.
377 1947 483 1986 Vixit
525 1947 578 1985 ad
621 1959 819 1986 summam
865 1952 1119 1985 senectutem
1166 1952 1331 1998 optuma
1378 1945 1624 1985 valetudine.
1686 1946 1850 1994 (Idem
1895 1960 1929 1985 V.

178 2010 390 2048 Summum
424 2023 463 2061 p.
500 2011 608 2057 401.)

274 2074 335 2111 75.
379 2071 616 2123 Voluptates
659 2078 794 2110 autem
838 2071 945 2110 nulla
987 2071 1037 2110 ad
1081 2084 1146 2110 res
1176 2072 1433 2110 necessarias
1463 2072 1723 2110 invitamenta
1762 2072 1934 2111 ass'erunt

178 2134 360 2174 senibus.
416 2135 570 2183 (Idem
599 2148 635 2173 v.
665 2136 842 2174 invitare
872 2149 910 2186 p.
953 2137 1059 2182 321.)
1947 2139 1982 2167 30

274 2198 337 2236 76.
379 2199 570 2245 Vide-quid
596 2202 633 2235 in
664 2200 848 2235 Hortensii
875 2201 1021 2246 defaloyo
1049 2202 1146 2235 dicat
1175 2199 1333 2241 Tullius,
1365 2210 1456 2244 quae
1485 2200 1599 2243 maqis
1626 2199 1734 2233 verba
1773 2204 1803 2232 le
1840 2199 1933 2233 dele-

177 2267 273 2298 ctare
300 2264 495 2298 debuerant
532 2275 641 2309 quam
671 2262 779 2298 Balbi
799 2262 1001 2298 Stoicorum
1026 2268 1145 2308 parles
1173 2264 1321 2307 (tyensis.
1381 2260 1481 2304 Quae
1510 2262 1587 2296 licet
1616 2272 1716 2301 vera,
1748 2266 1865 2296 [anien
1892 2263 1933 2296 de

176 2331 279 2371 parte
317 2326 474 2360 hominis
516 2327 698 2369 inferiore,
743 2327 774 2360 h.
814 2338 841 2360 e.
870 2327 910 2360 de
937 2337 1085 2370 corpore
1109 2327 1253 2368 suerunt
1282 2330 1312 2358 et
1341 2329 1371 2358 le
1397 2325 1490 2358 nihil
1517 2325 1692 2358 adiurare
1725 2329 1928 2368 potueruut.

183 2387 266 2423 Vide
293 2390 381 2433 quid
407 2390 471 2422 iste
497 2399 564 2433 pro
592 2389 784 2423 vivacitate
813 2390 938 2423 mentis
967 2393 1091 2422 contra
1120 2388 1335 2431 voluptatem
1363 2388 1524 2431 corporis
1558 2388 1652 2421 dicat
1722 2385 1781 2422 An
1821 2396 1929 2428 vero,

177 2451 313 2495 inquit,
360 2447 591 2498 voluptates
634 2448 815 2498 eorporis
857 2447 1135 2499 expetendae,
1175 2459 1279 2497 quae
1322 2458 1418 2484 vere
1449 2453 1487 2484 et
1519 2446 1694 2495 graviter
1723 2459 1743 2484 a
1769 2445 1981 2484 Platone35

178 2509 310 2548 dictae
349 2516 444 2548 sunt
486 2509 705 2548 illecebrae
746 2523 839 2549 esse
883 2516 1005 2561 atque
1035 2523 1154 2548 escae.
1186 2509 1408 2547 malorum?
1451 2511 1563 2556 Quae
1599 2509 1704 2546 enim
1733 2508 1930 2546 confectio

179 2578 265 2620 est,
303 2576 441 2620 inquit,
479 2571 741 2617 valetudinis,
777 2585 882 2623 quae
912 2572 1150 2610 deformatio
1180 2571 1325 2610 coloris
1355 2576 1394 2608 et
1422 2571 1627 2620 eorporis,
1667 2570 1776 2621 quod
1815 2577 1930 2621 turpe

179 2633 395 2680 damnum,
438 2634 546 2685 quod
587 2633 791 2675 dedecus,
836 2634 944 2685 quod
990 2647 1069 2672 non
1105 2639 1298 2672 evocetur
1330 2639 1451 2682 atque
1485 2632 1666 2670 eliciatur
1696 2632 1931 2683 voluptate?

179 2696 294 2735 cuius
334 2702 467 2734 motus
509 2702 551 2735 ut
579 2697 753 2747 quisque
784 2703 846 2734 est
873 2698 1094 2743 maximus,
1126 2698 1176 2735 ita
1206 2702 1267 2733 est
1299 2695 1598 2732 inimicissimus
1637 2694 1926 2745 philosophiae.

179 2758 413 2808 Congruere
454 2760 559 2797 enim
595 2771 686 2796 eum
726 2760 966 2808 cogitatione
1009 2772 1151 2808 magna
1197 2758 1384 2808 voluptas
1427 2757 1607 2807 corporis
1657 2769 1734 2794 non
1780 2763 1927 2807 potest.
1944 2771 1980 2800 40

178 2820 277 2866 Quis
304 2822 432 2868 enim,
464 2833 553 2859 cum
583 2826 720 2859 utatur
745 2819 951 2871 voluptate
986 2833 1056 2865 ea,
1087 2833 1165 2871 qua
1196 2820 1304 2858 nulla
1336 2820 1463 2870 possit
1493 2820 1618 2856 maior
1647 2832 1761 2867 esse,
1794 2826 1929 2858 atten—

179 2880 276 2919 dere
313 2882 509 2931 animum,
550 2883 652 2920 inire
694 2882 891 2926 rationes,
930 2883 1107 2932 cogitare
1157 2882 1317 2919 omnino
1361 2882 1578 2930 quicquam
1621 2882 1780 2931 potest?
1833 2882 1930 2927 Quis

179 2948 312 2981 autem
342 2949 474 2982 tantus
505 2950 566 2982 est
593 2956 764 2993 gurges,
796 2944 861 2993 qui
888 2943 974 2982 (lies
1005 2951 1044 2982 et
1068 2950 1208 2982 noctes
1242 2943 1327 2980 sine
1361 2942 1438 2980 ulla
1465 2943 1614 2980 minimi
1645 2944 1837 2994 temporis
1867 2944 1929 2981 in-

179 3005 434 3044 termissione
459 3006 554 3043 velit
580 3006 631 3043 ita
659 3005 809 3043 moveri
841 3017 937 3043 suos
971 3018 1143 3052 sensus,
1175 3012 1215 3042 ut
1244 3017 1326 3042 mox
1339 3011 1456 3042 entur
1483 3005 1520 3041 in
1550 3007 1716 3042 summis
1744 3005 1930 3054 volupta-

178 3065 318 3104 tibus?
371 3068 469 3114 Quis
498 3072 631 3105 autem
662 3066 766 3105 bona
798 3073 932 3105 mente
963 3066 1170 3118 praeditus
1200 3079 1279 3104 non
1309 3066 1445 3103 mallet
1473 3066 1604 3105 nullas
1631 3068 1792 3105 omnino
1813 3067 1929 3105 nobis
1943 3079 1978 3109 45

180 3275 206 3306 C
266 3227 297 3259 8.
337 3227 396 3269 ita]
432 3227 569 3260 Bardili.
606 3228 664 3259 illa
701 3227 786 3259 Edd.
824 3228 934 3260 Nonii.
974 3245 1008 3251 —
1047 3227 1098 3260 42.
1134 3227 1222 3267 Quis]
1248 3225 1396 3258 Nizolius
1421 3228 1468 3266 (in
1495 3236 1526 3258 v.
1561 3229 1696 3269 (ἕω-985)
1728 3230 1761 3259 et
1791 3227 1926 3259 Bardili.

204 3277 278 3308 aius
314 3278 399 3318 Aug.
