2249 3624
289 116 370 158 604
1003 118 1142 159 CATO
1174 119 1347 159 MAIOR

287 225 413 265 huius
445 230 631 265 extrema
662 230 775 265 aetas
806 225 887 264 hoc
917 224 1078 264 beatior
1109 237 1230 276 quam
1264 224 1414 271 media,
1449 224 1558 278 quod
1591 225 1847 266 auctoritatis
1879 226 2055 269 hahebat

287 287 402 341 plus,
433 287 589 327 laboris
621 288 787 335 minus3
830 300 937 340 apex
969 292 1032 326 est
1062 292 1200 325 autem
1233 287 1459 326 senectutis
1492 288 1732 327 auctoritas.
1793 285 1858 328 61.
1891 289 2056 337 Quanta

286 348 367 389 fuit
404 349 446 388 in
487 350 530 389 L.
565 350 746 390 Caecilio
779 349 974 388 Metello!
1025 354 1182 401 quanta
1212 349 1255 387 in
1288 349 1414 388 Atilio
1449 349 1659 389 Calatino!
1707 349 1749 389 in
1790 364 1915 404 quem
1952 352 2055 393 illud

286 410 497 463 elogium:
547 413 696 452 Hunc
742 424 898 450 unum
941 411 1202 463 plurimae
1243 412 1586 451 consentiunt
1628 417 1815 463 gentes
1862 414 2055 468 populi

251 473 585 525 5primarium
627 474 797 513 fuisse
838 473 952 512 viru
968 487 1018 512 m.
1078 474 1230 512 Notum
1265 478 1328 513 est
1360 487 1528 513 carmen
1560 474 1737 513 incisum
1770 475 1813 514 in
1846 476 2054 527 sepulcro.

281 534 376 574 Iure
406 535 534 587 igitur
564 536 721 589 gravis,
765 535 884 574 cuius
929 535 980 574 de
1028 533 1222 574 laudibus
1267 537 1455 576 omnium
1488 542 1599 576 esset
1628 535 1738 575 fama
1772 537 2052 578 consentiens.

282 596 417 644 Quem
449 599 582 638 virum
614 611 750 650 nuper
781 598 822 636 P.
856 597 1075 643 Crassum,
1108 596 1348 650 pontificem
1382 599 1636 645 maximum,
1669 612 1791 651 quem
1825 604 1971 651 postea
2002 601 2055 639 M.

279 659 505 712 Lepidum,
549 661 697 700 eodem
739 659 971 699 sacerdotio
1011 661 1271 711 praeditum,
1314 661 1525 700 vidimus!
1590 661 1701 709 Quid
1745 661 1795 699 de
1828 661 1955 700 Paulo
1986 667 2057 701 aut

278 721 475 763 Africano
508 723 657 776 loquar
687 728 770 768 aut,
800 727 846 761 ut
876 722 958 760 iam
989 726 1103 768 ante,
1138 722 1189 761 de
1213 723 1431 763 Maximo?
1465 735 1644 776 quorum
1678 723 1825 762 nonin
1849 724 2055 763 sententia

229 794 265 823 4ο
279 785 429 832 solum,
461 786 535 826 sed
568 785 693 825 etiam
725 784 768 823 in
801 789 903 823 nutu
936 783 1147 824 residebat
1177 786 1417 825 auctoritas.
1467 785 1606 824 Habet
1637 792 1831 824 senectus
1855 785 2056 826 honorata

278 849 523 900 praesertim
555 852 711 888 tantam
745 847 1049 894 auctoritatem,
1081 852 1126 886 ut
1158 860 1206 886 ea
1237 848 1367 900 pluris
1400 845 1453 886 sit
1484 860 1609 899 quam
1642 860 1788 887 omnes
1810 846 2056 887 adulescen-

279 910 360 949 tiae
392 910 640 963 voluptates

390 973 539 1012 XVIII.
582 970 647 1011 δί).
691 971 772 1011 Sed
809 971 852 1011 in
894 973 1004 1012 omni
1041 972 1228 1012 oratione
1273 977 1528 1012 mementote
1570 985 1658 1012 eam
1701 985 1766 1012 me
1798 977 2055 1013 senectutem

278 1033 465 1081 laudare,
496 1049 603 1087 quae
634 1034 920 1074 fundamentis
952 1035 1266 1074 adulescentiae
1300 1036 1528 1075 constituta
1559 1035 1623 1074 sit.
1674 1036 1738 1074 Ex
1770 1048 1854 1088 quo
1879 1033 2058 1075 efficitur

229 1097 336 1143 wid,
369 1097 482 1150 quod
515 1110 592 1150 ego
627 1111 775 1150 magno
809 1097 1020 1150 quondam
1054 1111 1145 1137 cum
1179 1110 1354 1136 assensu
1387 1098 1572 1137 omnium
1605 1097 1715 1136 dixi:
1748 1098 1942 1137 miseram
1965 1110 2056 1137 esse

280 1166 563 1207 senectutem,
603 1174 710 1213 quae
742 1173 786 1200 se
819 1160 1009 1200 oratione
1043 1159 1299 1199 defenderet.
1368 1161 1458 1200 Non
1493 1161 1584 1199 cani
1616 1173 1692 1199 nec
1724 1173 1852 1212 rugae
1883 1165 2057 1212 repente

278 1223 564 1263 auctoritatem
604 1223 788 1276 arripere
828 1228 1027 1275 possunt,
1069 1223 1141 1262 sed
1184 1222 1359 1262 honeste
1401 1229 1492 1262 acta
1524 1222 1716 1275 superior
1746 1228 1861 1263 aetas
1892 1223 2053 1263 fructus

279 1285 391 1339 capit
421 1285 682 1325 auctoritatis
715 1291 939 1325 extremos.
1001 1282 1066 1323 63.
1101 1285 1213 1324 Haec
1246 1285 1357 1324 enim
1391 1287 1483 1338 ipsa
1515 1291 1612 1324 sunt
1639 1285 1914 1331 honorabilia,
1948 1298 2055 1338 quae

277 1348 473 1388 videntur
502 1348 610 1387 levia
642 1353 767 1401 atque
801 1347 1054 1392 communia,
1088 1347 1280 1393 salutari,
1304 1347 1463 1399 adpeti,
1487 1346 1656 1393 decedi,
1678 1347 1867 1400 adsurgi,
1891 1348 2056 1394 deduci,

228 1410 447 1457 20reduci‚
489 1410 682 1449 consuli:
725 1423 832 1463 quae
865 1415 906 1448 et
937 1408 1048 1461 apud
1090 1422 1166 1448 nos
1207 1415 1248 1448 et
1280 1409 1322 1448 in
1354 1409 1448 1448 aliis
1480 1409 1740 1456 civitatibus,
1779 1416 1825 1449 ut
1856 1423 2054 1464 quaeque

278 1473 434 1526 optime
466 1478 627 1512 morata
658 1478 733 1519 est,
766 1472 821 1511 ita
855 1471 1175 1523 diligentissime
1209 1472 1496 1510 observantur.
1557 1472 1818 1524 Lysandrum
1853 1473 2058 1512 Lacedae-

278 1535 489 1582 monium,
522 1535 639 1574 cuius
672 1533 794 1573 modo
824 1533 903 1572 feci
937 1534 1220 1580 mentionem,
1262 1534 1400 1572 dicere
1432 1534 1549 1573 aiunt
1581 1534 1749 1573 solitum
1778 1535 2058 1574 Lacedaemo-

279 1610 374 1637 nem
415 1610 506 1636 esse
545 1597 889 1636 honestissimum
932 1596 1187 1635 domicilium
1223 1596 1472 1635 senectutis:
1515 1609 1721 1648 nusquam
1754 1597 1864 1636 enim
1897 1601 2057 1635 tantum

279 1660 475 1699 tribuitur
507 1659 646 1704 aetati,
681 1671 885 1711 nusquam
919 1664 981 1697 est
1013 1665 1206 1697 senectus
1239 1659 1498 1697 honoratior.
1552 1658 1660 1705 Quin
1686 1659 1809 1698 etiam
1832 1658 2057 1698 memoriae

230 1732 266 1761 25
282 1722 493 1775 proditum
527 1727 610 1768 est,
653 1735 746 1760 cum
779 1721 955 1760 Athenis
996 1720 1105 1760 ludis
1138 1720 1307 1773 quidam
1339 1721 1380 1759 in
1414 1721 1621 1760 theatrum
1655 1721 1824 1773 grandis
1856 1726 1955 1760 natu
1987 1734 2057 1761 ve-

280 1785 432 1831 nisset,
475 1797 627 1836 magno
659 1796 858 1823 consessu
892 1784 1026 1822 locum
1061 1796 1268 1835 nusquam
1309 1784 1347 1822 ei
1379 1783 1520 1823 datum
1553 1797 1575 1822 a
1607 1784 1695 1822 suis
1728 1783 1918 1823 civibus:
1962 1796 2054 1822 cum

280 1853 417 1886 autem
462 1847 512 1886 ad
553 1846 910 1885 Lacedaemonios
949 1846 1217 1896 accessisset,
1259 1846 1328 1898 qui
1370 1846 1494 1898 legati
1536 1860 1626 1886 cum
1668 1852 1828 1891 essent,
1870 1850 1982 1885 certo
2015 1845 2058 1885 in

279 1909 372 1948 loco
413 1908 710 1954 consederant,
755 1909 1072 1947 consurrexisse
1117 1921 1261 1947 omnes
1304 1908 1363 1947 illi
1405 1908 1602 1947 dicuntur
1641 1914 1680 1947 et
1720 1922 1860 1947 senem
1894 1921 2053 1947 sessum

278 1972 504 2024 recepisse.
565 1968 631 2010 64.
672 1970 836 2019 Quibus
877 1984 969 2009 cum
1010 1983 1032 2009 a
1072 1976 1222 2010 cuncto
1255 1984 1455 2017 consessu
1488 1971 1659 2024 plausus
1693 1976 1803 2010 esset
1834 1970 2057 2022 multiplex

230 2043 266 2073 30
281 2033 414 2080 datus,
446 2033 605 2073 dixisse
638 2047 689 2072 ex
723 2033 773 2072 iis
806 2034 1045 2086 quendam:
1077 2033 1354 2073 Athenienses
1387 2033 1494 2072 scire
1527 2046 1633 2085 quae
1666 2038 1776 2071 recta
1803 2038 1959 2079 essent,
1983 2031 2055 2071 sed

278 2095 417 2135 facere
449 2095 575 2135 nolle.
635 2096 767 2136 Multa
798 2096 838 2135 in
871 2102 1014 2135 nostro
1048 2096 1227 2149 collegio
1260 2096 1497 2149 praeclara,
1530 2096 1602 2135 sed
1636 2096 1738 2142 hoc,
1772 2096 1821 2134 de
1854 2107 1938 2147 quo
1970 2094 2057 2146 agi-

280 2172 392 2206 mus,
425 2158 469 2197 in
499 2159 667 2212 primis,
700 2158 834 2211 quod,
868 2163 913 2197 ut
945 2159 1127 2212 quisque
1159 2165 1294 2198 aetate
1326 2159 1554 2205 antecedit,
1588 2159 1644 2198 ita
1677 2157 1908 2198 sententiae
1940 2156 2054 2209 prin-

370 2352 398 2382 4.
425 2351 523 2382 huius
547 2351 589 2382 C:
621 2351 690 2382 eius
714 2351 738 2381 O
766 2367 799 2372 -
839 2350 956 2381 habeat
980 2351 1054 2386 RS.
1082 2351 1175 2382 habel
1200 2351 1224 2382 E
1258 2369 1292 2373 —
1332 2351 1362 2381 2.
1390 2354 1500 2381 autem
1525 2358 1594 2381 om.
1615 2350 1640 2381 R
1679 2367 1713 2371 -
1753 2349 1784 2380 3.
1810 2351 1845 2380 in
1870 2350 1962 2390 (post
1982 2350 2055 2390 fuit)

281 2402 394 2434 om.B
423 2418 457 2423 -
485 2402 591 2432 attilio
616 2401 646 2438 Ι,
673 2401 770 2431 acilio
796 2400 820 2431 E
849 2418 881 2422 -
915 2400 946 2431 4.
975 2400 1140 2439 eulogium
1164 2401 1211 2431 BI
1240 2418 1274 2422 —
1308 2400 1393 2430 hunc
1416 2408 1520 2429 vnum·
1546 2398 1682 2437 Madvig
1706 2399 1739 2429 in
1767 2398 1884 2430 adnot.
1912 2399 1955 2430 ad
1983 2400 2053 2431 Cic.

281 2451 325 2483 de
351 2451 434 2482 finn.
461 2460 495 2491 p.
511 2450 584 2485 337,
618 2450 701 2481 item
729 2450 838 2489 Bergk
865 2450 996 2480 Comic.
1025 2450 1136 2489 p.*23:
1173 2459 1273 2480 unum
1297 2450 1381 2480 hunc
1406 2448 1508 2480 Orelli
1533 2450 1565 2479 in
1591 2448 1729 2484 adnot..
1765 2449 1899 2479 unicum
1925 2449 1972 2480 C:
2012 2448 2054 2480 cf.

281 2510 386 2541 supra
413 2500 455 2531 ad
481 2509 515 2541 p.
534 2500 663 2537 '12932
691 2518 725 2522 —
764 2501 794 2530 5.
821 2500 945 2529 uirium
973 2501 995 2529 P
1024 2517 1054 2521 —
1096 2503 1210 2530 nolum
1235 2505 1278 2530 est
1302 2503 1405 2530 totum
1429 2508 1561 2529 cannen
1589 2499 1664 2534 ΕΡ,
1696 2502 1808 2528 nolum
1834 2501 1937 2529 lotum
1960 2501 2005 2528 est
2027 2507 2054 2529 c.

280 2551 382 2585 BRS.
409 2554 522 2580 notum
545 2553 649 2580 lotum
672 2559 698 2580 c.
726 2553 770 2579 est
794 2550 806 2580 l
833 2566 867 2570 —
895 2549 1041 2587 sepulcro
1067 2547 1127 2579 11³2
1155 2566 1187 2570 —
1216 2550 1246 2579 7.
1273 2550 1317 2580 Μ.
1339 2558 1408 2580 om.
1429 2550 1452 2580 P
1481 2566 1515 2570 —-
1542 2549 1573 2580 8.
1601 2549 1711 2579 eodem
1735 2548 1758 2578 E
1786 2557 1874 2579 corr.
1896 2556 1935 2577 ex
1960 2548 1995 2578 in
2019 2556 2054 2578 eo

284 2617 318 2622 ——
346 2600 376 2630 9.
402 2604 438 2630 ul
462 2601 496 2630 1:
524 2608 594 2630 om.
614 2600 762 2632 EPRS:
789 2603 825 2629 ut
848 2600 919 2629 iam
944 2607 1015 2629 om.
1037 2599 1059 2628 B
1089 2615 1121 2620 -
1151 2599 1182 2629 in
1210 2600 1311 2629 tentia
1338 2597 1372 2630 Ρ1
1400 2615 1433 2620 -
1463 2598 1515 2629 40.
1542 2597 1644 2628 Habet
1667 2597 1761 2628 habet
1785 2598 1807 2628 R
1836 2614 1870 2617 —
1898 2597 2058 2628 honerala

281 2649 317 2680 Ρ1
345 2667 379 2671 -
414 2650 464 2680 43,
490 2653 683 2680 seneclutem
706 2658 755 2679 me
780 2649 804 2680 R
833 2666 867 2670 —
905 2648 955 2679 44.
984 2649 1016 2678 id
1040 2648 1181 2687 efficitur
1206 2648 1229 2678 R
1258 2666 1292 2670 —-
1329 2649 1380 2679 45.
1408 2657 1466 2687 eqo
1491 2656 1566 2687 sup.
1588 2647 1644 2678 lin.
1672 2648 1697 2678 R
1726 2664 1759 2668 —
1790 2647 1841 2677 46.
1869 2655 1955 2686 quae
1977 2655 2009 2677 se
2032 2648 2056 2678 P

283 2707 372 2730 corr.
400 2708 441 2730 ex
467 2708 589 2738 quaeso
617 2717 650 2721 —
677 2708 735 2729 nec
761 2699 809 2730 C:
836 2707 898 2728 non
926 2699 950 2728 O
977 2715 1012 2719 —
1050 2698 1098 2728 18.
1127 2701 1254 2727 auctor.
1283 2699 1371 2737 capi!
1396 2698 1420 2728 E
1449 2716 1483 2720 —
1518 2706 1688 2736 supremos
1712 2698 1742 2735 1,
1769 2695 1832 2727 sed
1859 2705 1949 2727 corr.
1976 2695 2053 2727 ead.

281 2757 328 2779 m.
354 2752 520 2780 eoelremos
544 2766 578 2770 —
616 2749 690 2787 ipsa
714 2750 736 2780 Ρ
763 2749 795 2779 in
821 2756 930 2787 marg.
958 2746 1084 2783 habet,
1112 2746 1174 2778 sed
1201 2756 1251 2787 pr.
1280 2756 1326 2778 m.
1356 2764 1391 2768 —
1427 2748 1477 2778 49.
1506 2747 1614 2777 decedi
1638 2747 1746 2785 appeti
1772 2746 1795 2776 R
1823 2762 1858 2767 -—
1893 2745 1947 2776 20.
1974 2754 2058 2785 quae

280 2799 368 2837 apud
393 2799 416 2829 B
444 2815 478 2820 —
516 2799 569 2829 2⁴.
597 2801 727 2837 optume
755 2799 827 2833 ΒΞ,
854 2798 998 2836 optimae
1021 2798 1057 2832 Ρ,
1085 2805 1154 2827 om.
1175 2798 1199 2828 E
1227 2815 1260 2819 —
1300 2802 1344 2828 est
1368 2798 1505 2828 BIRS:
1532 2801 1606 2828 sun!
1631 2798 1688 2828 ΕΡ
1714 2799 1771 2834 (ex
1790 2797 1988 2834 moratam),
2013 2799 2058 2827 est

281 2855 351 2878 om.
371 2847 396 2877 O
434 2864 469 2869 —
507 2848 555 2878 ita
578 2849 613 2879 in
639 2850 661 2879 P
687 2857 732 2879 m,
762 2848 779 2878 2
805 2846 873 2879 del.
917 2864 951 2869 —·
991 2851 1173 2877 seruantur
1197 2848 1221 2878 R
1261 2864 1296 2869 —
1334 2848 1385 2877 ¹222.
1414 2847 1502 2877 modi
1526 2845 1563 2878 P²
1590 2864 1625 2868 —
1663 2847 1859 2877 mentionem
1881 2845 1942 2884 feci
1967 2846 1991 2876 Ο
2015 2863 2058 2868 -

281 2897 392 2927 decere
415 2896 452 2928 1³¹
478 2914 511 2918 —
551 2898 819 2929 lacedaemonum
844 2899 880 2933 Ρ,
915 2896 1048 2936 syllaba
1082 2905 1138 2926 um
1171 2897 1201 2927 in
1229 2905 1275 2927 em
1308 2905 1354 2927 m.
1382 2897 1400 2926 ‘³2
1427 2905 1538 2927 corr.:
1573 2896 1854 2926 lacaedemonium
1878 2896 1920 2933 Β,
1953 2896 2057 2926 Lace-

281 2947 438 2978 daemone
462 2947 571 2977 EIRS
609 2964 643 2968 —
682 2947 736 2978 23.
764 2946 923 2978 tribuitur·
947 2949 1075 2976 lantum
1102 2946 1146 2979 ss;
1186 2950 1313 2976 lantum
1339 2955 1407 2976 om,
1429 2947 1439 2977 1
1468 2963 1502 2967 —
1542 2947 1594 2977 ⁹25.
1619 2946 1817 2985 productum
1841 2945 1865 2976 E
1895 2963 1927 2967 -
1965 2945 2057 2976 ludos

283 2995 331 3033 1³¹,
358 2996 390 3026 in
414 2997 498 3026 ludis
523 2998 566 3033 R,
599 2996 707 3026 laudis
731 2997 755 3027 E
791 3013 825 3018 —-
864 2996 917 3027 26.
945 3004 1067 3035 magno
1094 2996 1140 3026 C:
1176 2997 1207 3025 2¹:⁷2
1234 3005 1356 3034 maana
1382 2996 1406 3026 O
1442 3013 1476 3017 —
1516 3005 1672 3026 consensu
1698 2994 1733 3026 P¹
1771 3012 1799 3017 —
1841 3004 2005 3034 nusquam
2028 2995 2056 3025 ei

282 3045 380 3076 EIP:
409 3046 437 3075 ei
461 3054 623 3084 nusquam
649 3046 737 3076 BRS
762 3063 804 3068 -
836 3046 889 3077 ⁶27.
916 3046 1054 3076 uenisse(
1079 3045 1103 3075 R
1133 3062 1163 3065 —
1193 3054 1266 3075 cum
1290 3046 1390 3085 legati
1414 3046 1438 3075 R
1467 3063 1500 3067 -—
1528 3049 1613 3076 cerle
1638 3044 1674 3076 Ρι
1700 3062 1735 3067 -
1769 3045 1822 3076 28.
1849 3045 2056 3076 considerant

283 3096 306 3126 P
332 3103 422 3126 corr.
450 3095 482 3125 in
507 3096 720 3125 consederant
746 3104 791 3126 m.
812 3104 883 3127 rec.
914 3112 947 3116 —
983 3095 1031 3125 illi
1054 3103 1162 3125 omnes
1189 3096 1234 3128 R:
1270 3095 1315 3124 illi
1340 3096 1496 3125 dicuntur
1519 3104 1591 3126 om.
1611 3096 1635 3125 Ο
1661 3097 1782 3125 contra
1807 3102 1931 3125 omnes
1956 3102 2055 3125 meos

286 3160 322 3166 —
348 3152 455 3175 senem
479 3145 526 3175 C:
558 3153 665 3175 senem
690 3145 781 3175 illum
806 3145 830 3175 O
860 3162 893 3166 -
929 3144 981 3175 29.
1009 3152 1163 3175 consensu
1189 3146 1212 3175 P
1246 3161 1278 3166 —
1316 3145 1489 3183 mullipleae
1510 3146 1649 3184 plausus
1671 3145 1768 3175 datus
1790 3147 1869 3174 esset,
1893 3144 1905 3174 I
1928 3159 1972 3166 —
2001 3143 2052 3174 30.

284 3202 326 3225 ea:
348 3193 397 3223 his
421 3194 467 3230 C,
500 3194 662 3233 quendam
685 3203 726 3225 ee
750 3194 799 3225 his
823 3195 846 3225 R
885 3210 922 3216 —
960 3193 1012 3225 34.
1038 3194 1072 3224 in
1097 3197 1208 3223 nostro
1233 3193 1309 3223 BS:
1346 3195 1380 3224 in
1407 3193 1469 3224 aro
1496 3194 1608 3225 EIPR
1648 3211 1681 3216 —
1720 3193 1772 3224 32.
1791 3193 1840 3224 uti
1864 3193 1884 3224 S
1917 3209 1952 3215 -
1981 3201 2055 3225 sen-

284 3244 387 3275 tentia
412 3243 436 3274 1.
