2249 3624
266 172 348 216 740
983 171 1053 211 DE
1085 169 1310 211 OFFICIIS

266 290 311 324 ut
341 283 515 328 dicitur,
558 282 592 320 si
621 280 883 319 honestatem
915 278 1024 317 tueri
1063 290 1110 316 ac
1149 275 1330 315 retinere
1361 273 1571 314 sententia
1602 277 1686 321 est,
1727 273 2022 314 decertandum

267 353 341 387 est.
411 342 503 384 1117.
544 344 644 382 Nam
685 342 718 381 si
757 354 842 380 non
882 340 1007 379 modo
1048 338 1228 384 utilitas,
1269 336 1342 377 sed
1383 336 1470 376 vita
1507 335 1641 376 omnis
1679 336 1801 376 beata
1837 336 2022 390 corporis

265 407 382 448 firma
412 405 708 447 constitutione
740 404 914 456 eiusque
947 400 1259 442 constitutionis
1292 412 1364 453 spe
1395 398 1624 452 explorata,
1654 404 1700 438 ut
1730 411 1754 438 a
1783 397 2024 439 Metrodoro

267 472 462 523 scriptum
504 472 587 513 est,
629 466 889 512 continetur,
929 470 1039 504 certe
1080 465 1182 503 haec
1223 462 1380 502 utilitas
1420 466 1461 501 et
1490 460 1661 515 quidem
1692 474 1853 502 summa
1881 484 1935 490 —
1966 462 2024 501 sic

235 534 375 573 5enim
407 534 579 572 censent
608 550 661 558 —
693 541 785 567 cum
815 527 1036 567 honestate
1067 525 1279 579 pugnabit.
1330 525 1433 564 Nam
1465 523 1536 563 ubi
1567 523 1745 576 primum
1776 524 2024 578 prudentiae

264 596 380 635 locus
412 593 605 633 dabitur?
636 604 702 638 an,
733 595 779 630 ut
809 591 1030 644 conquirat
1058 587 1246 641 undique
1271 587 1522 627 suavitates?
1555 586 1690 634 Quam
1713 588 1839 627 miser
1858 587 2025 628 virtutis

263 657 485 697 famulatus
516 654 734 694 servientis
766 652 994 705 voluptatil
1028 651 1152 700 Quod
1174 656 1313 690 autem
1335 663 1485 689 munus
1508 648 1781 702 prudentiae?
1813 662 1865 689 an
1887 650 2025 702 legere

263 719 555 771 intellegenter
597 716 860 769 voluptates?
919 715 999 754 Fac
1039 713 1145 753 nihil
1186 713 1267 752 isto
1308 725 1399 752 esse
1431 711 1676 759 iucundius,
1719 711 1820 765 quid
1853 711 2026 765 cogitari

264 787 404 835 potest
433 779 622 833 turpius?
683 779 791 825 Iam,
825 776 898 830 qui
929 777 1116 817 dolorem
1148 788 1354 816 summum
1385 774 1540 814 malum
1571 774 1748 822 iudicat,
1788 774 1899 828 apud
1931 787 2027 813 eum

216 853 249 880 ⁴0
266 857 387 898 quem
419 842 544 882 habet
574 841 710 881 locum
739 839 956 887 fortitudo,
988 852 1095 892 quae
1126 844 1189 878 est
1219 837 1408 878 dolorum
1439 837 1713 891 laborumque
1745 836 2027 891 contemptio?

266 905 466 956 Quamvis
498 904 609 944 enim
641 903 781 943 multis
813 902 916 942 locis
948 902 1060 942 dicat
1088 902 1317 955 Epicurus,
1349 900 1474 940 sicuti
1505 900 1618 947 dicit,
1651 900 1750 940 satis
1781 899 1945 939 fortiter
1975 897 2027 939 de

264 970 428 1016 dolore,
459 973 597 1007 tamen
628 979 713 1005 non
745 965 786 1005 id
817 965 1089 1018 spectandum
1123 969 1210 1011 est,
1243 963 1342 1016 quid
1375 963 1509 1011 dicat,
1542 963 1639 1010 sed,
1672 961 1775 1016 quid
1807 967 2028 1002 consenta-

261 1045 387 1072 neum
429 1031 482 1071 sit
512 1029 549 1070 ei
582 1029 742 1075 dicere,
784 1029 857 1081 qui
887 1028 998 1067 bona
1028 1027 1243 1078 voluptate
1274 1026 1582 1074 terminaverit,
1623 1025 1730 1065 mala
1761 1023 1928 1064 dolore:
1969 1028 2028 1072 ut,

263 1094 297 1134 si
329 1094 447 1133 illum
478 1092 645 1132 audiam
678 1091 729 1131 de
760 1091 1017 1131 continentia
1047 1095 1088 1129 et
1118 1089 1414 1142 temperantia,
1454 1088 1555 1128 dicit
1594 1088 1664 1128 ille
1696 1086 1865 1141 quidem
1897 1086 2029 1126 multa

215 1165 248 1192 45
263 1156 401 1196 multis
433 1155 557 1202 locis,
589 1154 662 1194 sed
693 1167 804 1207 aqua
834 1153 998 1200 haeret,
1042 1157 1087 1192 ut
1116 1152 1244 1191 aiunt.
1302 1152 1404 1191 Nam
1436 1151 1511 1204 qui
1541 1155 1681 1204 potest
1710 1150 2027 1203 temperantiam

262 1218 432 1258 laudare
465 1218 522 1265 is,
566 1217 639 1270 qui
680 1221 808 1269 ponat
847 1229 1052 1256 summum
1085 1212 1239 1254 bonum
1271 1214 1313 1253 in
1345 1213 1590 1266 voluptate?
1637 1218 1698 1253 est
1729 1212 1840 1253 enim
1871 1217 2029 1265 tempe-

262 1281 396 1320 rantia
449 1279 673 1320 libidinum
718 1279 915 1326 inimica,
966 1277 1162 1317 libidines
1213 1282 1352 1316 autem
1405 1275 1732 1316 consectatrices
1782 1274 2025 1329 voluptatis.

263 1341 355 1382 4¹8.
387 1344 522 1396 Atque
554 1342 597 1381 in
627 1342 693 1381 his
725 1347 864 1381 tamen
895 1341 1026 1380 tribus
1059 1340 1305 1394 generibus,
1345 1351 1516 1392 quoquo
1549 1338 1670 1378 modo
1701 1343 1902 1391 possunt,
1942 1350 2028 1377 non

261 1407 457 1447 incallide
489 1406 824 1458 tergiversantur.
883 1404 1153 1444 Prudentiam
1192 1401 1466 1442 introducunt
1502 1401 1717 1441 scientiam
1758 1399 2030 1454 suppeditan-

214 1477 248 1506 ΞΟ
263 1475 345 1509 tem
376 1469 626 1521 voluptates,
658 1468 935 1521 depellentem
969 1466 1150 1506 dolores.
1196 1464 1498 1505 Fortitudinem
1531 1476 1701 1517 quoque
1733 1463 1877 1516 aliquo
1900 1461 2026 1502 modo

263 1532 514 1585 expediunt,
547 1545 637 1570 cum
669 1529 837 1570 tradunt
866 1529 1072 1570 rationem
1103 1527 1390 1581 neglegendae
1422 1525 1581 1573 mortis,
1611 1524 1878 1579 perpetiendi
1910 1523 2028 1563 dolo-

262 1596 332 1634 ris.
381 1595 516 1633 Etiam
550 1592 867 1646 temperantiam
899 1592 1104 1632 inducunt
1133 1604 1216 1630 non
1247 1589 1444 1629 facillime
1476 1588 1537 1627 illi
1569 1588 1753 1641 quidem,
1786 1587 1857 1628 sed
1889 1592 2029 1627 tamen

265 1670 435 1710 quoquo
476 1655 600 1695 modo
644 1660 831 1708 possunt.
900 1654 1054 1693 Dicunt
1094 1654 1201 1692 enim
1243 1651 1469 1705 voluptatis
1509 1649 1840 1703 magnitudinem
1872 1648 2028 1689 doloris

264 1718 521 1759 detractione
551 1718 676 1757 finiri.
736 1718 897 1757 Iustitia
929 1716 1095 1756 vacillat
1125 1716 1189 1756 vel
1220 1715 1327 1755 iacet
1357 1715 1497 1768 potius
1529 1726 1762 1766 omnesque
1794 1725 1866 1753 eae
1898 1712 2027 1752 virtu-

212 1792 247 1819 25
263 1787 348 1828 tes,
395 1794 502 1834 quae
543 1781 587 1819 in
626 1780 923 1820 communitate
965 1784 1195 1818 cernuntur
1233 1784 1273 1818 et
1312 1777 1355 1816 in
1396 1776 1594 1816 societate
1633 1775 1800 1828 generis
1839 1773 2027 1814 humani.

262 1845 405 1898 Neque
446 1843 556 1882 enim
594 1839 760 1882 bonitas
801 1855 878 1882 nec
915 1841 1142 1881 liberalitas
1174 1854 1251 1880 nec
1283 1839 1456 1879 comitas
1489 1851 1581 1878 esse
1613 1843 1773 1891 potest,
1816 1849 1901 1876 non
1933 1836 2028 1889 plus

263 1921 387 1961 quam
420 1905 621 1952 amicitia,
653 1905 687 1944 si
718 1904 820 1944 haec
850 1917 935 1943 non
966 1916 1042 1957 per
1071 1916 1114 1942 se
1147 1906 1411 1954 expetantur,
1443 1899 1516 1940 sed
1548 1898 1598 1939 ad
1631 1899 1886 1953 voluptatem
1917 1899 2029 1939 utili-

262 1976 441 2010 tatemve
477 1968 722 2008 referantur.
784 1967 1055 2007 Conferamus
1093 1966 1223 2018 igitur
1261 1965 1302 2004 in
1341 1976 1486 2016 pauca.
1558 1959 1651 2001 4¹19.
1693 1963 1795 2001 Nam
1833 1967 1880 2001 ut
1918 1961 2030 2001 utili—

262 2038 386 2072 tatem
417 2031 573 2071 nullam
605 2044 695 2070 esse
727 2029 960 2076 docuimus,
994 2041 1100 2081 quae
1131 2026 1342 2067 honestati
1373 2030 1484 2066 esset
1513 2024 1740 2071 contraria,
1773 2024 1831 2063 sic
1863 2036 2029 2064 omnem

211 2102 248 2132 30
262 2094 516 2147 voluptatem
539 2093 714 2133 dicimus
736 2092 944 2132 honestati
967 2105 1059 2131 esse
1083 2090 1344 2130 contrariam.
1391 2088 1484 2136 Quo
1508 2087 1638 2140 magis
1660 2085 2030 2139 reprehendendos

263 2157 568 2209 Calliphontem
600 2161 639 2195 et
668 2155 974 2195 Dinomachum
1006 2154 1168 2201 iudico,
1201 2153 1273 2206 qui
1306 2164 1349 2191 se
1382 2150 1666 2203 dirempturos
1698 2148 2024 2189 controversiam

260 2225 532 2274 putaverunt,
564 2218 596 2258 si
629 2232 723 2258 cum
753 2218 973 2257 honestate
1004 2216 1262 2268 voluptatem
1282 2220 1494 2267 tamquam
1518 2227 1611 2252 cum
1631 2212 1802 2252 homine
1824 2209 2028 2264 pecudem

262 2282 585 2334 copulavissent.
654 2282 747 2320 Non
789 2280 939 2332 recipit
978 2279 1097 2318 istam
1139 2276 1475 2317 coniunctionem
1505 2275 1726 2322 honestas,
1768 2278 2029 2326 aspernatur,

260 2345 436 2398 repellit.
496 2346 580 2384 Nec
613 2357 709 2383 vero
741 2340 833 2382 finis
864 2342 1069 2381 honorum
1104 2337 1160 2394 [et
1190 2335 1425 2391 malorum]‚
1458 2338 1531 2391 qui
1562 2337 1739 2391 simplex
1770 2349 1862 2376 esse
1893 2335 2029 2383 debet,

211 2418 247 2446 35
263 2421 315 2447 ex
346 2406 632 2447 dissimillimis
664 2406 788 2445 rebus
820 2404 984 2444 misceri
1015 2408 1056 2442 et
1077 2401 1300 2455 temperari
1323 2405 1477 2454 potest.
1524 2399 1605 2439 Sed
1628 2400 1679 2439 de
1701 2398 1782 2439 hoc
1802 2420 1856 2428 —
1880 2410 2029 2451 magna

263 2470 372 2509 enim
404 2483 469 2509 res
501 2474 564 2509 est
603 2491 656 2498 —
693 2468 774 2507 alio
815 2467 908 2506 loco
949 2462 1161 2518 pluribus:
1202 2476 1313 2502 nunc
1344 2462 1395 2502 ad
1428 2462 1702 2515 propositum.
1762 2457 1856 2500 420.
1888 2459 2023 2508 Quem

264 2532 314 2571 ad
346 2531 512 2572 modum
544 2531 688 2584 igitur,
720 2530 754 2569 si
782 2527 949 2583 quando
972 2539 1037 2574 ea,
1060 2539 1167 2579 quae
1189 2524 1354 2565 videtur
1375 2524 1550 2572 utilitas,
1573 2522 1782 2563 honestati
1804 2526 2025 2576 repugnat,

353 2706 382 2735 ⁴.
409 2704 543 2736 retineri
565 2704 685 2734 sentias
711 2703 900 2743 (superscr.
919 2700 1078 2732 sententia
1093 2701 1148 2738 est)
1174 2707 1192 2729 c
1221 2716 1255 2721 -—
1283 2700 1313 2730 5.
1332 2701 1436 2730 censet
1461 2705 1478 2728 c
1507 2715 1541 2719 —
1564 2695 1737 2737 puqnabat
1761 2695 1788 2727 H
1816 2713 1851 2717 —
1878 2695 1908 2727 6.
1929 2703 2029 2735 quam

263 2755 348 2785 hiser
370 2755 484 2785 uttutis
505 2754 687 2793 famulatus
710 2756 738 2783 et
761 2752 929 2783 servientis
950 2750 1112 2781 voluntati
1136 2749 1268 2780 Nonius
1294 2757 1328 2789 p.
1346 2748 1419 2779 409.
1449 2764 1483 2769 —
1516 2747 1548 2777 7.
1575 2754 1638 2784 quo
1663 2748 1772 2776 autem
1795 2746 1816 2777 b
1848 2762 1883 2767 —
1917 2745 1949 2777 8.
1973 2745 2030 2776 in-

264 2803 425 2843 tellegitur
450 2804 495 2839 H;
522 2804 745 2843 intelligentur
770 2810 787 2833 c
814 2819 848 2823 —
876 2800 1050 2832 iocundius
1074 2806 1126 2830 ac
1153 2816 1186 2820 —-
1215 2798 1244 2829 9.
1267 2799 1392 2829 malum
1407 2798 1534 2829 iudicat
1557 2795 1764 2827 Lambinus:
1791 2795 1916 2826 malum
1939 2795 2029 2826 dieat

265 2854 288 2883 C
304 2860 322 2882 0
351 2869 384 2874 —
414 2853 464 2883 40.
491 2853 595 2892 milia,
613 2861 698 2891 quae
721 2855 767 2883 est
790 2851 952 2888 dolorum,
978 2849 1130 2880 laborum
1153 2849 1372 2887 contemptio?
1396 2847 1527 2878 Nonius
1552 2854 1585 2886 p.
1602 2845 1677 2876 204.
1707 2862 1742 2868 —
1770 2845 1822 2875 Η.
1840 2844 1935 2876 sicuti
1951 2844 2029 2875 dicit

264 2910 299 2932 c:
327 2902 411 2932 sicut
434 2903 466 2932 id
489 2903 567 2933 dicit
589 2903 763 2933 ABHab
803 2919 836 2923 -—
875 2901 913 2931 de
942 2908 1011 2930 om.
1039 2899 1066 2930 H
1106 2915 1140 2920 -
1182 2898 1233 2928 42.
1260 2898 1293 2928 id
1317 2896 1559 2936 expectandum
1582 2895 1642 2926 Ab
1683 2911 1718 2916 —
1757 2893 1808 2925 48.
1835 2894 1869 2925 in
1892 2894 1933 2925 iis
1955 2892 2024 2931 Ab,

264 2953 295 2982 in
321 2951 380 2989 hiJ's
405 2959 421 2981 c
450 2969 482 2972 —
510 2952 614 2982 tribus
637 2951 819 2992 generibus,
847 2959 909 2989 quo
932 2949 1027 2980 modo
1049 2951 1196 2988 possunt,
1223 2957 1288 2978 non
1312 2947 1465 2978 incallide
1482 2946 1744 2986 tergiversantur
1767 2944 1898 2975 Nonius
1922 2951 1955 2984 p.
1970 2942 2025 2974 44.

266 3018 300 3022 —
328 3010 390 3040 quo
414 3002 572 3039 quomodo
598 3003 662 3032 ΒΗ
701 3019 734 3022 -
774 3001 827 3031 ⁵20.
854 3000 966 3038 aliquo
991 3007 1054 3038 quo
1077 2998 1171 3028 modo
1196 3007 1216 3028 a
1242 3014 1276 3019 -
1309 2998 1362 3028 Ἥ.
1389 2996 1516 3028 dolores
1539 2996 1562 3027 B
1591 3013 1625 3017 —
1652 2995 1704 3026 22.
1731 2994 1878 3024 indicunt
1901 2992 1961 3024 Ab
1987 3007 2024 3014 -

264 3051 316 3083 23.
344 3060 406 3090 quo
431 3053 588 3089 quomodo
614 3053 636 3083 Β
674 3069 708 3073 -
747 3050 799 3082 24.
826 3050 1028 3082 detractione
1050 3049 1140 3088 finiri
1171 3056 1240 3087 cp:
1282 3048 1516 3078 detractionem
1537 3045 1611 3085 fieri
1639 3044 1723 3080 BH;
1760 3042 2026 3074 detrectationem

262 3101 334 3140 fieri
358 3109 396 3136 a;
430 3101 660 3132 detrectatione
682 3102 754 3140 fieri
778 3101 834 3132 Ab
862 3118 896 3122 —-
923 3099 1079 3130 vaccillat
1102 3100 1126 3129 A
1142 3098 1162 3128 b
1199 3115 1233 3120 —
1271 3105 1413 3136 omnesq.
1430 3105 1494 3127 aae
1518 3104 1557 3133 a,
1584 3101 1756 3132 omnesque
1778 3093 1833 3124 hee
1856 3100 1874 3123 c
1901 3108 1936 3113 —
1969 3090 2022 3122 27.

264 3153 481 3189 espectantur
505 3153 527 3181 Α
545 3151 568 3180 Η
584 3152 602 3181 b
631 3151 701 3182 (scd
721 3152 754 3182 in
772 3153 798 3182 Α
824 3150 888 3181 litt.
905 3159 922 3180 c
945 3150 1117 3189 expuncta
1143 3149 1218 3186 est),
1244 3150 1478 3186 exspectantur
1501 3153 1519 3176 c
1547 3162 1582 3167 -
1607 3144 1672 3184 sed]
1691 3144 1718 3174 si
1742 3141 1828 3174 Bab
1851 3158 1895 3163 —
1917 3139 1970 3171 28.
1988 3142 2023 3170 ut

265 3209 334 3231 om.
354 3201 406 3231 Ab
436 3217 468 3220 —
495 3199 547 3230 30.
573 3202 777 3231 contrariam
801 3209 865 3231 esse
889 3200 912 3231 B
941 3216 975 3221 —
1003 3199 1055 3230 31.
1075 3198 1289 3236 calliphonem
1314 3198 1351 3228 C.
1387 3195 1484 3228 Conf.
1511 3204 1543 3236 p.
1560 3195 1634 3232 407,
1651 3193 1703 3225 43.
1730 3192 1803 3229 ⁴82,
1820 3191 1871 3222 Η.
1898 3188 2020 3227 547,9.

268 3268 302 3271 —-
329 3250 381 3281 33.
407 3249 512 3289 istam]
541 3251 566 3280 is
590 3251 644 3280 Ab
673 3267 705 3271 —
734 3249 786 3281 34.
813 3254 841 3281 et
865 3250 1031 3280 malorum
1054 3247 1121 3279 del.
1141 3248 1295 3279 Muretus
1320 3246 1412 3285 (Var.
1434 3247 1528 3277 Lect.
1546 3243 1633 3283 XIV,
1648 3243 1692 3286 3).
1718 3259 1760 3265 —-
1783 3241 1836 3273 35.
1854 3237 2020 3271 dissimili-

266 3300 322 3330 bus
345 3296 385 3330 B¹
411 3316 444 3321 -—
473 3299 524 3329 37.
550 3298 681 3330 uidetur
705 3307 740 3329 c:
768 3300 935 3332 uideretur
958 3299 982 3330 B
998 3298 1112 3336 Hab;
1138 3297 1330 3328 uiderentur
1353 3298 1391 3328 Α.
