2249 3624
678 161 773 201 CAP.
805 161 1067 200 x11—xni.
1105 159 1164 213 §§
1196 158 1384 199 lio-48.
1837 158 1917 200 625

267 268 379 307 xm.
421 264 487 306 44.
527 266 638 306 Haec
678 268 802 319 igitur
838 268 970 321 prima
1010 268 1077 306 lex
1110 267 1317 307 amicitiae
1351 266 1577 313 sanciatur,
1619 273 1661 307 ut
1693 267 1742 306 ab
1774 269 1918 308 amicis

152 332 327 373 honesta
368 336 584 383 petamus,
633 331 862 369 amicorum
906 344 1031 369 causa
1070 331 1245 369 honesta
1287 329 1516 376 faciamus,
1563 344 1613 368 nc
1652 336 1919 383 expectemus

154 393 335 448 quidem,
368 392 464 431 dum
497 406 703 443 rogemur.
737 393 919 432 studium
953 406 1119 446 semper
1149 394 1270 438 adsit,
1303 392 1512 431 cunctatio
1536 392 1663 438 absit,
1696 394 1918 433 consilium

152 470 252 497 vero
284 456 382 495 dare
413 455 644 494 audeamus
677 455 819 494 libere.
887 456 1112 494 Plurimum
1146 457 1185 494 in
1218 455 1398 494 amicitia
1430 454 1656 493 amicorum
1689 455 1795 495 bene
1827 469 1919 496 sua-

153 519 339 560 dentium
373 518 507 557 valeat
538 518 774 563 auctoritas,
809 532 942 571 eaque
976 526 1014 557 et
1047 518 1297 557 adhibeatur
1329 517 1380 556 ad
1414 517 1665 556 monendum
1691 532 1771 557 non
1795 522 1951 558 modo5

152 587 313 635 aperte,
353 580 424 620 sed
460 581 583 620 etiam
615 581 790 627 acriter,
829 581 861 620 si
896 595 959 622 res
993 583 1240 635 postulabit,
1274 588 1314 621 et
1345 581 1553 622 adhibitae
1587 586 1792 635 pareatur.
1854 579 1921 622 45.

152 644 254 683 Nam
296 642 570 696 quibusdam,
611 656 718 695 quos
759 644 885 682 audio
928 646 1139 697 sapientes
1182 642 1345 683 habitos
1384 645 1426 683 in
1469 644 1665 691 Graecia,
1712 644 1921 697 placuisse

153 706 305 759 opinor
336 705 542 744 mirabilia
575 706 781 758 quaedam
816 728 868 733 —
900 707 970 746 sed
1005 707 1107 746 nihil
1143 713 1223 753 est,
1265 706 1378 760 quod
1410 706 1470 746 illi
1503 722 1583 747 non
1617 713 1924 760 persequantur

152 768 326 821 argutiis
348 781 424 805 -ε
459 768 607 819 partim
641 766 857 820 fugiendas
890 782 980 809 esse
1013 770 1163 809 nimias
1195 769 1412 815 amicitias,
1444 782 1496 808 ne
1528 782 1699 808 necesse
1722 770 1773 809 sit
1794 783 1921 809 unum

153 830 376 871 sollicitum
418 843 509 869 esse
550 844 625 882 pro
665 830 881 882 pluribus:
931 833 1031 871 satis
1071 845 1282 884 superque
1323 844 1413 870 esse
1452 831 1531 870 sibi
1572 845 1737 871 suarum
1770 833 1973 886 cuiquem

151 906 303 937 rerum,
336 893 482 932 alienis
515 893 638 932 nimis
661 893 865 946 implicari
889 895 1109 934 molestum
1133 907 1246 934 esse:
1278 894 1661 934 commodissimum
1686 908 1776 935 esse
1799 909 1922 948 quam

152 955 388 995 laxissimas
427 955 613 996 habenas
651 956 807 995 habere
851 956 1080 1004 amicitiae,
1123 970 1224 1009 quas
1268 957 1329 996 vel
1371 956 1554 996 adducas
1593 969 1684 996 cum
1724 957 1828 997 velis
1860 957 1924 997 vel

152 1019 366 1067 remittas;
399 1024 522 1070 caput
553 1019 663 1058 enim
697 1033 790 1058 csse
825 1019 875 1058 ad
908 1020 1028 1059 beate
1062 1019 1285 1059 vivendum
1320 1020 1601 1065 securitatem,
1634 1033 1715 1072 qua
1737 1019 1816 1059 frui
1839 1033 1924 1059 non

151 1082 287 1135 possit
317 1081 501 1127 animus,
534 1082 566 1121 si
600 1087 811 1134 tamqnam
835 1083 1035 1135 parturiat
1056 1096 1164 1122 unus
1186 1096 1262 1135 pro
1286 1082 1488 1136 pluribus.
1550 1080 1614 1120 46.
1649 1082 1763 1122 Alios
1786 1088 1923 1122 autem

152 1145 291 1184 dicere
333 1145 448 1183 aiunt
488 1144 615 1183 multo
662 1146 783 1184 etiam
826 1145 1096 1184 inhumanius
1140 1168 1195 1173 —
1241 1158 1365 1198 quem
1408 1145 1542 1184 locum
1583 1145 1762 1184 breviter
1802 1145 1976 1197 paulo¹5

152 1212 247 1246 ante
279 1207 503 1258 perstrinxi
535 1226 583 1233 —-
619 1207 815 1260 praesidii
840 1207 1155 1261 adiumentique
1179 1221 1316 1254 causa,
1342 1221 1423 1247 non
1446 1207 1764 1246 benevolentiae
1788 1220 1925 1260 neque

154 1268 336 1309 caritatis
369 1269 571 1309 amicitias
604 1283 695 1309 esse
727 1270 998 1323 expetendas.
1056 1271 1224 1323 Itaque,
1265 1276 1309 1310 nt
1340 1270 1520 1323 quisque
1552 1270 1767 1309 minimum
1801 1267 1927 1309 firmi—

152 1331 249 1371 tatis
291 1331 462 1371 haberet
502 1333 804 1386 minimumque
847 1333 1018 1380 virium,
1060 1333 1117 1371 ita
1155 1332 1359 1372 amicitias
1390 1332 1588 1384 adpetere
1621 1332 1827 1371 maxime:
1875 1345 1926 1371 ex

154 1406 204 1433 eo
237 1391 325 1432 lieri
358 1399 404 1433 ut
437 1394 707 1434 mulierculae
740 1395 871 1447 magis
903 1395 1178 1434 amicitiarum
1213 1393 1422 1448 praesidia
1454 1401 1660 1447 quaerant
1692 1408 1815 1448 quam
1850 1395 1925 1434 viri

154 1462 197 1496 et
241 1456 389 1509 inopes
432 1470 556 1508 quam
600 1457 783 1510 opulenti
826 1462 867 1496 et
909 1457 1139 1496 calamitosi
1181 1470 1305 1511 quam
1350 1457 1401 1503 ii,
1446 1457 1518 1509 qui
1560 1462 1759 1509 putantur
1799 1457 1978 1496 beati.20

154 1517 221 1559 47.
255 1519 288 1559 Ο
320 1520 577 1572 praeclaram
610 1520 878 1572 sapientiam!
921 1520 1061 1559 Solem
1093 1519 1204 1559 enim
1238 1532 1258 1558 e
1291 1518 1447 1558 mundo
1480 1518 1627 1558 tollere
1658 1521 1855 1560 videntur
1885 1520 1927 1567 ii,

155 1581 227 1635 qui
259 1582 483 1621 amicitiam
516 1595 537 1620 e
569 1583 653 1622 vita
683 1582 857 1629 tollunt,
897 1595 980 1636 qua
1012 1581 1115 1621 nihil
1147 1595 1167 1621 a
1203 1581 1265 1621 dis
1296 1580 1587 1621 inmortalibus
1620 1582 1770 1622 melius
1801 1583 1928 1622 habe-

154 1657 269 1692 mus,
309 1643 411 1684 nihil
442 1644 682 1685 iucundius.
753 1645 870 1693 Quae
917 1650 980 1684 est
1020 1644 1129 1684 enim
1169 1644 1249 1683 ista
1289 1644 1522 1683 securitas?
1569 1643 1711 1697 specie
1758 1645 1927 1698 quidem

152 1707 328 1754 blanda,
362 1707 435 1746 sed
464 1720 613 1760 reapse
644 1701 787 1747 multis
819 1707 922 1747 locis
955 1706 1227 1761 repudianda.
1289 1708 1437 1759 Neque
1470 1706 1580 1745 enim
1613 1711 1675 1746 est
1708 1713 1929 1747 consenta-

155 1783 281 1810 neum
313 1769 441 1809 ullam
472 1769 691 1810 honestam
724 1784 810 1810 rem
843 1770 1127 1817 actionemve‚
1158 1782 1211 1807 ne
1243 1768 1445 1808 sollicitus
1478 1768 1548 1815 sis,
1579 1774 1652 1808 aut
1681 1782 1766 1809 non
1798 1770 1978 1809 susci-25

154 1845 255 1885 pere
287 1838 358 1872 aut
388 1838 622 1885 susceptam
656 1832 882 1885 deponere.
945 1831 1068 1880 Quod
1101 1832 1136 1871 si
1167 1844 1308 1871 curam
1340 1830 1538 1883 fugimus,
1570 1831 1699 1871 virtus
1730 1832 1928 1885 fugienda

155 1900 242 1942 est,
281 1908 390 1948 quae
430 1908 603 1934 necesse
643 1900 705 1934 est
743 1908 835 1934 cum
876 1895 1017 1948 aliqua
1057 1907 1154 1933 cura
1192 1907 1258 1933 res
1296 1893 1376 1932 sibi
1414 1894 1642 1933 contrarias
1681 1900 1929 1948 aspernetur

156 1962 283 2010 atque
315 1957 473 2005 oderit,
504 1963 550 1997 ut
580 1957 743 1997 bonitas
775 1957 998 2005 malitiam,
1031 1956 1304 2009 temperantia
1336 1955 1576 2004 libidinem,
1608 1956 1814 2009 ignaviam
1845 1957 1929 1996 for-

154 2019 306 2059 titudo.
367 2020 512 2072 Itaque
552 2020 695 2060 videas
739 2020 863 2059 rebus
905 2019 1073 2059 iniustis
1114 2019 1246 2058 iustos
1285 2018 1466 2058 maxime
1499 2018 1663 2066 dolere,
1704 2020 1928 2060 inbellibus

155 2080 307 2129 fortes,
350 2082 568 2135 flagitiosis
600 2083 828 2122 modestos.
888 2084 997 2134 Ergo
1030 2082 1110 2121 hoc
1142 2082 1355 2135 proprium
1388 2085 1451 2120 est
1481 2082 1607 2120 animi
1638 2081 1744 2122 bene
1776 2082 1929 2122 consti-
1942 2092 1979 2122 3ο

155 2145 258 2192 tuti,
301 2150 341 2184 et
371 2144 515 2185 laetari
548 2145 668 2185 bonis
700 2145 823 2185 rebus
856 2151 896 2185 et
929 2145 1069 2184 dolere
1102 2145 1332 2185 contrariis.
1394 2141 1459 2182 48.
1493 2144 1626 2192 Quam
1660 2144 1712 2184 ob
1743 2156 1852 2190 rem,
1894 2143 1929 2183 si

157 2205 268 2246 cadit
298 2206 341 2245 in
373 2208 602 2260 sapientem
635 2208 763 2247 animi
796 2207 935 2254 dolor,
976 2208 1047 2261 qui
1081 2207 1270 2260 profecto
1303 2205 1430 2253 cadit,
1470 2207 1551 2245 nisi
1583 2220 1635 2245 ex
1667 2207 1757 2246 eius
1788 2207 1928 2245 animo

158 2269 403 2322 extirpatam
436 2269 737 2310 humanitatem
770 2270 1044 2317 arbitramur,
1088 2282 1196 2322 quae
1229 2282 1353 2308 causa
1385 2274 1446 2308 est
1478 2281 1552 2307 cur
1582 2269 1804 2308 amicitiam
1837 2268 1930 2307 fun-

157 2331 269 2370 ditus
301 2331 496 2371 tollamus
529 2347 550 2372 e
582 2333 685 2379 vita,
729 2346 780 2372 ne
822 2332 986 2385 aliquas
1028 2338 1199 2385 propter
1238 2344 1327 2370 eam
1369 2330 1646 2382 suscipiamus
1686 2330 1930 2370 molestias?

159 2391 270 2440 Quid
303 2394 413 2432 enim
447 2394 621 2434 interest
653 2401 764 2434 motu
798 2394 925 2434 animi
958 2394 1122 2434 sublato
1162 2407 1246 2433 non
1288 2393 1381 2432 dico
1415 2394 1522 2432 inter
1553 2392 1754 2446 pecudem
1788 2397 1827 2432 et
1855 2391 1980 2432 h0-35

158 2454 333 2503 minem,
371 2455 444 2495 sed
482 2457 591 2497 inter
628 2457 837 2497 hominem
880 2462 921 2497 et
959 2463 1152 2497 truncum
1186 2461 1258 2496 aut
1288 2469 1435 2496 saxum
1468 2461 1539 2495 aut
1570 2454 1734 2508 quidvis
1766 2455 1930 2507 generis

246 2598 277 2629 4.
302 2599 337 2629 in
361 2599 517 2630 amicicia
542 2600 568 2629 G
593 2598 686 2631 solus
711 2608 752 2630 ex
779 2600 869 2630 notis
898 2617 930 2620 —
967 2600 996 2630 Ξ.
1024 2607 1082 2629 nec
1105 2601 1311 2637 expectemus
1334 2598 1396 2628 BG
1423 2613 1458 2619 —
1491 2596 1522 2627 3.
1541 2595 1620 2626 desit
1646 2596 1669 2626 E
1697 2613 1732 2618 —
1759 2597 1930 2628 consilium

157 2654 276 2678 uerum
299 2648 380 2679 dare
402 2649 608 2689 gaudeamus
633 2650 656 2680 C
685 2648 767 2687 (scd
793 2649 817 2680 E
842 2658 939 2683 uero.
967 2651 1003 2680 ut
1028 2648 1184 2688 videtur)
1223 2665 1257 2670 —
1296 2647 1326 2679 4.
1354 2648 1385 2677 in
1412 2646 1561 2677 amicitia
1580 2645 1763 2685 plurimum
1787 2646 1831 2676 ad
1855 2645 1932 2678 bene

158 2696 361 2728 suadendum
385 2698 412 2728 D
453 2716 487 2721 -—
526 2700 557 2730 5.
584 2702 612 2730 et
638 2707 707 2729 om.
735 2699 809 2733 GS.
843 2699 906 2729 sed
933 2700 957 2730 G
984 2700 1016 2729 in
1042 2707 1163 2729 rasura
1202 2715 1236 2719 —
1281 2698 1312 2728 6.
1338 2699 1456 2736 aperta
1489 2695 1550 2726 BV
1587 2711 1622 2715 —
1664 2695 1717 2726 sed
1741 2695 1809 2726 iam
1839 2696 1860 2726 S
1891 2713 1927 2717 —-

159 2745 190 2776 9.
216 2748 358 2787 arqutiis
380 2749 423 2778 G:
458 2749 609 2789 argutius
632 2749 774 2783 ijsv,
809 2750 1013 2788 aryumentis
1038 2750 1086 2782 D.
1124 2750 1159 2778 ut
1186 2749 1238 2779 est
1263 2748 1295 2778 in
1322 2748 1346 2777 G
1372 2756 1447 2787 sup.
1467 2745 1545 2782 lin.v
1578 2745 1644 2775 suis
1668 2745 1810 2784 argutiis
1839 2745 1864 2776 Ο
1892 2764 1925 2768 -

157 2803 199 2826 ne
221 2804 290 2829 om.
310 2797 426 2828 BS¹V¹
446 2815 479 2819 —
509 2807 652 2829 neccesse
676 2800 715 2829 G¹
736 2816 766 2819 -
800 2799 849 2829 10.
877 2807 1040 2838 superesse
1064 2798 1090 2828 V
1117 2815 1151 2819 —
1180 2797 1240 2828 sibi
1264 2805 1402 2828 suarum
1427 2795 1608 2826 BDGSV:
1643 2803 1782 2825 suarum
1806 2794 1864 2826 EO
1893 2813 1926 2818 —-

158 2845 212 2876 42.
239 2846 418 2878 latissimas
442 2848 515 2879 DG¹
554 2867 589 2871 —
630 2849 802 2879 amiciciae
825 2848 944 2879 habere
974 2849 994 2879 S
1033 2865 1062 2870 —
1108 2848 1160 2878 45.
1187 2848 1293 2878 dicere
1317 2847 1359 2883 G,
1395 2844 1457 2876 sed
1483 2844 1635 2884 primum
1660 2843 1799 2876 videtur
1823 2845 1928 2877 tuisse

159 2894 293 2931 dixere,
325 2897 381 2927 cui
406 2905 485 2928 voc.
511 2906 689 2938 suprascr.
716 2898 766 2929 cel
790 2899 950 2929 diduxere
987 2914 1021 2918 —
1062 2897 1160 2928 etiam
1185 2904 1255 2927 om.
1276 2896 1370 2927 BSV
1405 2912 1438 2915 —
1479 2893 1567 2924 breu.
1584 2894 1687 2932 paulo
1711 2898 1788 2927 ante
1805 2899 1927 2935 μενεῖν.

159 2943 306 2976 EGSV:
330 2947 434 2985 paulo
458 2951 534 2978 ante
557 2947 646 2978 brea.
664 2952 781 2986 pet-ser.
804 2949 841 2986 B,
868 2948 958 2979 brea.
973 2951 1094 2987 perstr.
1112 2956 1146 2986 p.
1167 2955 1197 2977 a.
1221 2946 1283 2977 DO
1313 2963 1346 2967 —
1377 2945 1427 2975 Π.
1447 2944 1604 2975 karitatis
1619 2944 1646 2973 V
1666 2961 1701 2966 —
1729 2944 1779 2976 48.
1798 2944 1930 2976 haberet

161 2993 206 3024 C:
232 2994 349 3026 habeat
373 2996 398 3026 O
426 3013 459 3019 -
486 3000 516 3028 et
539 3006 581 3028 ea:
604 3006 640 3027 eo
665 2998 691 3028 D
719 3014 753 3019 —
787 2997 840 3028 20.
866 2997 897 3027 hi
924 2997 1047 3028 BGSV
1075 3014 1107 3018 —
1141 2998 1300 3035 putentur
1324 2995 1370 3028 D:
1406 2993 1590 3024 calamitosi
1614 3001 1715 3032 quam
1739 2993 1822 3025 beati
1847 2994 1925 3026 Car.

160 3043 277 3084 Lange
305 3059 339 3066 —
367 3045 421 3076 24.
447 3046 479 3076 hi
504 3047 558 3085 qui
582 3047 721 3078 BGSV.
750 3048 804 3085 qui
830 3047 931 3077 DEO
959 3063 991 3068 —
1022 3047 1072 3076 22.
1101 3055 1116 3077 e
1140 3054 1210 3076 om.
1229 3046 1252 3075 G
1282 3062 1314 3066 -
1343 3044 1421 3084 quia
1447 3044 1505 3074 DS
1533 3059 1566 3064 —-
1593 3043 1709 3074 melius
1726 3046 1808 3082 puto
1830 3042 1930 3074 habe-

159 3100 232 3124 mus
255 3094 281 3125 D
303 3111 338 3116 —
364 3094 519 3126 habemus
543 3096 658 3127 melius
682 3099 710 3126 et
736 3096 906 3126 iocundius
929 3097 949 3126 S
977 3114 1010 3118 —
1039 3095 1091 3126 23.
1111 3096 1195 3126 enim
1221 3102 1289 3124 om.
1311 3094 1334 3123 G
1363 3109 1398 3114 —
1426 3091 1477 3123 24.
1498 3099 1612 3131 reapse
1637 3092 1680 3123 E:
1708 3100 1743 3122 re
1767 3091 1807 3122 ab
1831 3100 1863 3123 se
1885 3092 1926 3130 D,

160 3150 197 3173 re
218 3143 291 3181 ipsa
314 3143 443 3175 BGSV
466 3163 508 3167 —
532 3145 643 3176 multis
667 3146 770 3175 modis
792 3146 818 3176 D
847 3161 881 3166 —
916 3153 1018 3183 neque
1042 3148 1085 3175 est
1110 3144 1162 3179 W,
1190 3151 1331 3181 namque
1356 3146 1400 3172 esc
1424 3142 1570 3181 stw)
1598 3159 1631 3163 —
1659 3142 1710 3173 25.
1737 3150 1806 3172 rem
1829 3141 1929 3172 hone-

161 3193 289 3224 stamD
316 3209 350 3215 —
379 3195 602 3234 actionemque
619 3196 639 3226 S
668 3213 700 3217 —
728 3194 776 3235 ne]
797 3195 858 3225 nisi
884 3195 940 3225 ΒΞ
967 3211 1003 3216 -
1030 3194 1245 3233 26.f119i1nus
1267 3200 1384 3223 curam
1411 3192 1436 3222 D
1465 3209 1495 3213 —
1525 3191 1579 3222 28.
1598 3194 1632 3222 ut
1649 3190 1776 3222 bonitas
1800 3192 1837 3228 G,
1864 3190 1926 3221 sed

162 3247 240 3281 sup.
259 3240 317 3273 lin.
343 3243 389 3273 sic
415 3259 449 3265 —
477 3244 652 3276 lubidinem
676 3244 739 3275 BV
767 3261 801 3266 —
829 3244 881 3275 29.
907 3244 1057 3275 maxime
1081 3252 1149 3274 om.
1171 3243 1196 3273 D
1226 3259 1260 3263 —
1299 3240 1507 3271 imbecillibus
1531 3240 1576 3277 D;
1609 3240 1672 3271 inb.
1689 3240 1790 3280 fortes
1813 3247 1881 3270 om.
1902 3239 1927 3270 E

164 3302 199 3310 -
227 3288 278 3322 30.
303 3293 539 3333 flagitiosisque
562 3295 583 3325 S
606 3311 650 3317 —
673 3293 726 3325 35.
752 3293 912 3325 hominem
935 3297 964 3325 et
985 3294 1141 3333 pecudem
1165 3292 1190 3323 Ο
1218 3308 1252 3314 -
1286 3289 1340 3322 36.
1366 3294 1395 3322 et
1417 3298 1539 3321 saxum
1562 3293 1620 3321 aut
1645 3293 1798 3321 truncum
1821 3289 1860 3320 O.

231 3355 348 3388 emano
374 3357 407 3387 T.
426 3358 476 3389 iv.
1614 3348 1667 3391 40
