2249 3624
253 190 336 232 848
922 190 992 230 DE
1023 190 1091 230 RE
1123 189 1349 230 PUBLICA

252 299 406 346 locum,
438 311 562 352 quem
595 296 712 336 vides
743 317 796 325 —
828 302 917 337 erat
947 301 1086 336 autem
1116 295 1152 335 is
1183 295 1524 349 splendidissimo
1556 296 1738 337 candore
1769 298 1879 339 inter
1910 300 2027 341 flam-

251 374 339 401 mas
371 361 506 401 circus
538 359 708 399 elucens
741 381 814 406 ——,
847 371 970 412 quem
1003 371 1091 406 VOS,
1123 363 1168 398 ut
1199 371 1222 398 a
1254 359 1372 398 Grais
1403 359 1637 411 accepistis,
1669 359 1814 400 orbem
1845 360 2025 403 lacteum

250 423 525 475 nuncupatis:
567 436 620 462 ex
652 434 735 475 quo
777 421 918 461 omnia
948 421 1049 460 mihi
1083 420 1382 474 contemplanti
1413 420 1629 473 praeclara
1660 428 1799 463 cetera
1830 429 1871 464 et
1902 425 2028 466 mira-

248 486 349 526 bilia
379 485 644 525 videbantur.
703 485 833 523 Erant
863 489 1004 523 autem
1037 496 1110 524 eae
1143 483 1306 530 stellae,
1339 496 1443 536 quas
1475 497 1705 537 numquam
1739 497 1793 524 ex
1822 486 1902 527 hoc
1931 487 2026 528 loco

221 549 453 596 svidimus,
493 553 533 588 et
574 560 647 587 eae
686 546 999 599 magnitudines
1040 546 1251 592 omnium,
1294 558 1396 598 quas
1436 558 1528 585 esse
1566 559 1793 600 numquam
1826 549 2028 602 suspicati

249 625 414 658 sumus,
456 624 508 650 ex
540 610 694 662 quibus
734 615 819 648 erat
858 622 904 648 ea
936 609 1128 655 minima,
1170 621 1277 660 quae
1308 607 1455 647 ultima
1487 620 1510 647 a
1541 608 1678 656 caelo,
1722 609 1861 649 citima
1891 612 2026 659 terris,

248 674 343 714 luce
382 673 547 713 lucebat
584 672 732 712 aliena.
802 671 1025 710 Stellarum
1057 676 1196 709 autem
1229 669 1341 722 globi
1373 675 1508 709 terrae
1540 671 1872 723 magnitudinem
1902 672 2026 714 facile

248 736 483 776 vincebant.
524 735 607 774 Iam
640 734 730 787 ipsa
761 738 872 773 terra
903 734 959 772 ita
991 732 1093 771 mihi
1127 745 1253 785 parva
1285 732 1375 771 visa
1407 738 1481 779 est,
1513 738 1560 771 ut
1590 745 1656 772 me
1688 733 1852 786 imperii
1878 736 2026 784 nostri,

250 812 332 852 quo
364 798 484 851 quasi
518 801 717 849 punctum
750 796 840 835 eius
873 795 1142 847 attingimus,
1175 795 1422 847 paeniteret.

203 871 234 899 ιο
361 861 491 900 XVII.
526 857 626 912 (IV.)
667 855 732 897 ³17.
766 858 900 906 Quam
936 871 1027 897 cum
1059 857 1191 910 magis
1222 858 1431 897 intuerer:
1477 856 1666 905 Quaeso,
1698 858 1838 912 inquit
1867 858 2028 900 Africa-

247 937 348 971 nus,
395 934 618 976 quousque
660 921 776 961 humi
817 918 954 960 defixa
994 925 1066 959 tua
1108 932 1225 959 mens
1266 920 1372 959 erit?
1441 921 1586 959 Nonne
1629 920 1783 973 aspicis
1830 935 1939 976 quae
1984 922 2028 962 111

247 985 405 1037 templa
441 983 641 1023 veneris?
711 984 871 1023 Novem
916 982 991 1022 tibi
1037 982 1208 1021 orbibus
1254 982 1322 1021 vel
1368 982 1511 1035 potius
1553 982 1688 1035 globis
1730 996 1892 1024 conexa
1931 989 2029 1025 sunt

247 1048 398 1094 omnia,
431 1059 610 1099 quorum
643 1059 752 1086 unus
785 1052 847 1086 est
878 1045 1085 1091 caelestis,
1119 1045 1314 1091 extimus,
1346 1045 1419 1096 qui
1452 1045 1637 1098 reliquos
1669 1059 1816 1088 omnes
1844 1048 2029 1101 comple-

248 1111 394 1156 ctitur,
427 1122 614 1148 summus
646 1109 735 1162 ipse
768 1108 893 1155 deus,
926 1121 1072 1148 arcens
1105 1114 1146 1148 et
1177 1109 1397 1148 continens
1430 1115 1614 1156 ceteros,
1647 1110 1689 1149 111
1720 1124 1804 1164 quo
1836 1115 1935 1150 sunt
1964 1110 2028 1150 in-

197 1183 233 1212 45
247 1171 319 1212 fixi
350 1171 432 1219 illi,
475 1171 546 1224 qui
577 1171 826 1218 volvuntur,
869 1170 1081 1210 stellarum
1126 1184 1272 1210 cursus
1305 1171 1578 1224 sempiterni:
1625 1172 1691 1212 cui
1723 1173 1899 1213 subiecti
1931 1177 2028 1214 sunt

247 1241 429 1289 septem,
472 1233 544 1288 qui
586 1239 806 1273 versantur
845 1239 957 1273 retro
989 1234 1200 1273 contrario
1233 1240 1349 1273 motu
1383 1240 1512 1287 atque
1543 1234 1720 1274 caelum.
1779 1236 1842 1274 Ex
1872 1236 2026 1288 quibus

245 1312 375 1339 unum
407 1298 576 1350 globum
609 1297 798 1349 possidet
828 1297 914 1343 illa,
948 1310 1074 1350 quam
1104 1298 1146 1336 in
1178 1297 1300 1337 terris
1324 1297 1561 1336 Saturniam
1583 1297 1814 1337 nominant.
1863 1298 2026 1337 Deinde

247 1367 310 1402 est
339 1361 556 1400 hominum
589 1361 732 1412 generi
763 1372 985 1413 prosperus
1019 1366 1059 1398 et
1089 1360 1284 1399 salutaris
1316 1359 1387 1398 ille
1416 1358 1577 1411 fulgor,
1611 1360 1681 1412 qui
1714 1360 1867 1400 dicitur
1896 1360 2026 1400 Iovis:

246 1430 335 1464 tum
373 1423 524 1462 rutilus
562 1422 859 1475 horribilisque
902 1422 1048 1468 terris,
1091 1436 1215 1476 quem
1248 1423 1444 1461 Martium
1486 1421 1646 1461 dicitis:
1694 1423 1846 1463 deinde
1886 1423 2028 1463 subter

196 1499 232 1527 20
246 1487 427 1526 mediam
458 1486 544 1525 1010
576 1486 790 1538 regionem
825 1485 894 1525 Sol
928 1485 1111 1537 optinet,
1145 1485 1230 1524 dux
1262 1490 1302 1524 et
1333 1484 1529 1537 princeps
1563 1489 1604 1523 et
1634 1485 1874 1525 moderator
1905 1485 2028 1525 lumi-

245 1563 346 1590 num
379 1549 654 1601 reliquorum,
687 1560 803 1586 mens
836 1548 980 1586 mundi
1013 1553 1053 1587 et
1082 1547 1344 1600 temperatio,
1376 1552 1492 1585 tanta
1523 1547 1828 1599 magnitudine,
1857 1553 1903 1588 ut
1925 1561 2026 1587 cun-

247 1618 311 1652 cta
342 1625 418 1651 sua
448 1611 541 1650 luce
574 1611 722 1650 lustret
754 1616 792 1649 et
824 1609 1043 1663 compleat.
1088 1609 1209 1649 Hunc
1238 1615 1286 1649 ut
1317 1608 1490 1648 comites
1513 1615 1830 1662 consequuntur
1850 1610 2027 1650 Veneris

246 1676 364 1721 alter,
397 1673 501 1713 alter
533 1673 730 1712 Mercurii
764 1686 924 1719 cursus,
956 1673 997 1711 in
1031 1670 1260 1725 infimoque
1293 1671 1392 1710 orbe
1416 1671 1535 1710 Luna
1565 1672 1694 1711 radiis
1727 1672 1827 1712 solis
1849 1685 2023 1713 accensa

247 1736 521 1777 convertitur.
583 1734 693 1774 lnfra
724 1741 863 1774 autem
896 1736 977 1774 iam
1010 1735 1113 1774 nihil
1147 1741 1209 1774 est
1240 1735 1321 1773 nisi
1353 1734 1528 1773 mortale
1561 1739 1601 1773 et
1633 1735 1833 1774 caducum
1861 1741 2027 1787 praeter

199 1801 407 1840 95animos
447 1811 620 1838 munere
660 1797 831 1836 deorum
862 1797 1082 1836 hominum
1115 1797 1257 1850 generi
1291 1796 1434 1843 datos,
1477 1809 1606 1848 supra
1636 1797 1797 1836 Lunam
1829 1803 1927 1837 sunt
1955 1810 2025 1837 ae-

244 1869 364 1902 terna
395 1862 554 1902 omnia:
598 1873 691 1899 nam
726 1872 794 1907 ea,
828 1873 935 1912 111130
969 1865 1032 1899 est
1062 1860 1198 1899 media
1231 1864 1271 1898 et
1303 1871 1433 1905 nona,
1467 1858 1631 1905 Tellus,
1664 1871 1802 1912 neque
1835 1864 2026 1899 movetur

246 1931 286 1965 et
317 1923 458 1965 infima
490 1930 552 1963 est
583 1929 625 1962 et
654 1923 697 1961 in
729 1935 819 1961 eam
850 1922 1044 1961 feruntur
1076 1923 1215 1962 omnia
1248 1927 1352 1961 nutu
1386 1933 1461 1960 suo
1492 1920 1696 1973 pondera.

359 1987 508 2026 XVIII.
556 1984 629 2037 (V.)
674 1982 739 2023 sl8.
782 1984 899 2032 Quae
941 1997 1033 2023 cum
1074 1985 1262 2024 intuerer
1293 1988 1489 2036 stupens,
1527 1988 1571 2022 ut
1602 1996 1667 2022 me
1697 1984 1863 2037 recepi:
1911 1984 2024 2032 Quid

245 2050 344 2090 hic‘?
391 2050 588 2102 inquam,
635 2047 730 2101 quis
774 2052 837 2086 est
878 2047 950 2099 qui
992 2047 1175 2100 complet
1212 2058 1336 2085 aures
1377 2057 1491 2084 meas
1531 2051 1671 2085 tantus
1704 2051 1857 2086 ettam
1891 2045 2024 2087 dulcis

195 2114 406 2153 3osonus‘?
466 2111 542 2150 Hic
575 2115 657 2157 est,
697 2110 857 2163 inquit,
897 2109 992 2156 ille,
1033 2110 1105 2162 qui
1137 2108 1368 2148 intervallis
1400 2108 1633 2148 disiunctus
1664 2108 1907 2161 inparibus,
1950 2108 2025 2148 sed

245 2182 384 2215 tamen
416 2188 492 2227 pro
524 2178 614 2213 rata
645 2178 761 2226 parte
792 2173 953 2212 ratione
986 2171 1195 2211 distinctis
1228 2171 1399 2224 inpulsu
1431 2176 1472 2210 et
1503 2176 1615 2210 motu
1647 2170 1834 2224 ipsorum
1858 2170 2022 2210 orbium

247 2235 426 2278 efficitur
458 2241 498 2276 et
529 2240 648 2275 acuta
679 2249 769 2275 cum
802 2232 1000 2287 gravibus
1032 2239 1269 2288 temperans
1310 2234 1448 2273 varios
1485 2232 1763 2286 aequabiliter
1794 2238 2025 2273 concentus

352 2381 381 2411 1.
408 2382 479 2410 erat
501 2396 518 2402 -
535 2394 549 2401 -
579 2377 775 2408 videbantur
805 2378 910 2408 Macr.
936 2378 970 2415 Ι,
998 2376 1035 2415 1,
1062 2378 1080 2408 5
1118 2394 1151 2399 -
1199 2377 1229 2407 ⁶2.
1257 2377 1365 2407 circus
1388 2375 1497 2407 lucens
1522 2377 1557 2413 P,
1596 2375 1741 2406 circulus
1763 2375 1890 2406 elucens
1919 2374 2022 2407 codd.

247 2429 404 2471 plerique
430 2430 551 2466 Maec,
577 2428 704 2459 elucens
727 2428 834 2458 circus
859 2427 882 2458 O
921 2444 955 2448 -
995 2428 1089 2467 grais
1115 2427 1157 2457 C:
1187 2427 1302 2458 Graiis
1326 2426 1350 2457 O
1390 2443 1424 2447 ——
1463 2425 1493 2457 3.
1519 2426 1736 2464 nuncupastis
1760 2422 1798 2455 R¹
1822 2442 1865 2448 —
1893 2433 1937 2456 ea:
1961 2434 2024 2464 quo

247 2496 264 2502 —
281 2497 299 2501 —
323 2478 498 2509 vincebant
523 2487 564 2517 μ’.
584 2478 613 2512 81
642 2479 746 2509 Macr.
788 2495 822 2499 —
861 2477 940 2508 mihi
964 2478 1076 2507 omnia
1102 2477 1206 2507 Macr.
1247 2493 1281 2498 —
1321 2480 1430 2507 celera
1455 2476 1479 2507 R
1504 2474 1663 2516 sup.1in.
1690 2491 1727 2497 —
1755 2478 1784 2506 et
1808 2475 1832 2505 T
1857 2483 1936 2516 sup.
1964 2473 2021 2507 lin.

249 2546 284 2551 —-
313 2528 342 2559 4.
371 2530 403 2558 et
429 2528 460 2558 5.
488 2536 544 2558 eae
569 2528 676 2558 FPR:
710 2527 789 2558 heae
813 2528 863 2565 M,
894 2526 955 2557 11110
980 2527 1039 2557 ET
1076 2543 1110 2548 —
1150 2526 1181 2557 6.
1208 2535 1251 2557 ea:
1276 2526 1392 2565 quibus
1417 2543 1468 2549 --
1492 2527 1604 2558 aliena
1634 2526 1744 2557 Prisc.
1771 2525 1832 2563 ΙΙΙ,
1858 2523 1890 2563 li,
1916 2525 1958 2555 22
1986 2542 2022 2547 —

245 2587 283 2609 ea
309 2579 330 2608 F
356 2586 382 2608 s.
402 2576 423 2608 l.
451 2586 495 2608 m.
518 2578 542 2615 1,
577 2587 616 2608 ea
639 2580 711 2608 erat
736 2579 758 2608 P
798 2594 832 2599 —
868 2578 1029 2616 proxima
1053 2577 1151 2607 terris
1174 2576 1198 2606 T
1235 2593 1268 2597 —
1308 2576 1338 2607 7.
1365 2576 1536 2607 stellarum
1560 2593 1578 2598 -
1595 2593 1612 2598 -
1636 2575 1810 2606 vincebant
1839 2582 1909 2605 om.
1934 2575 1958 2606 P
1987 2591 2022 2596 —

245 2627 277 2658 8.
303 2626 453 2658 uincebat
478 2627 501 2657 E
527 2645 568 2649 —-
592 2628 661 2658 iam
687 2636 763 2658 uero
790 2627 859 2666 ipsa
885 2631 975 2657 les-ra
1000 2627 1045 2657 ila
1065 2626 1142 2657 mihi
1161 2627 1235 2657 uisa
1249 2635 1363 2665 parua
1379 2630 1424 2657 est
1450 2627 1471 2657 F
1501 2644 1531 2648 —
1558 2634 1671 2666 parua
1687 2624 1856 2655 miliiuisa
1881 2623 1899 2654 3
1917 2622 2022 2655 codd.

244 2677 328 2708 lanii
366 2694 400 2698 —
441 2677 491 2708 ⁴0.
518 2677 626 2716 11111915
650 2685 722 2707 cum
747 2677 771 2707 T
800 2694 833 2698 —
874 2677 925 2707 11.
952 2684 1041 2707 mens
1065 2679 1122 2707 tua
1147 2676 1178 2706 M
1206 2693 1240 2698 —
1268 2686 1373 2708 nonne
1397 2677 1489 2708 uides
1515 2677 1553 2707 R¹
1583 2694 1613 2699 ——
1645 2684 1729 2715 quae
1752 2673 2026 2712 contemplaueris

245 2726 268 2757 F
294 2735 383 2758 corr.
411 2736 488 2767 sup.
515 2726 572 2757 lin.
600 2735 646 2757 111.
675 2726 886 2764 recentiore,
912 2726 945 2756 in
971 2734 1054 2765 quae
1079 2729 1099 2756 t.
1131 2734 1160 2756 ιι.
1188 2726 1212 2756 R
1243 2744 1275 2747 —
1306 2727 1357 2757 42.
1384 2727 1509 2757 Novem
1526 2726 1737 2764 --pondera
1762 2724 1890 2764 0:027.)
1915 2725 2022 2757 Macr.

245 2777 270 2814 I,
298 2777 349 2807 47.
376 2777 394 2807 2
420 2785 498 2816 sqq.
527 2793 560 2797 —
589 2784 741 2806 connexa
766 2776 790 2806 O
829 2793 864 2797 —
904 2775 954 2806 13.
981 2775 1128 2806 caelestis
1151 2779 1195 2805 est
1220 2775 1254 2813 F,
1282 2780 1326 2806 esc
1351 2785 1420 2807 om.
1441 2776 1465 2806 E
1494 2794 1526 2798 -
1554 2779 1709 2807 eoetwnus
1734 2775 1757 2805 E
1785 2792 1819 2797 —
1855 2773 1906 2806 44.
1932 2783 2025 2805 sum-

244 2835 318 2857 mus
342 2835 411 2857 0111.
432 2828 454 2857 P
493 2844 524 2849 —
565 2829 638 2856 sunt
664 2826 709 2856 illi
732 2826 790 2865 inf.
819 2827 856 2863 R,
884 2825 941 2864 inf.
967 2829 1041 2855 sunt
1067 2825 1113 2855 illi
1138 2825 1162 2855 O
1206 2842 1237 2846 —
1277 2826 1327 2856 45.
1355 2825 1419 2865 cui]
1445 2826 1520 2856 huic
1551 2827 1657 2857 Macr.
1697 2842 1731 2846 —
1769 2828 1844 2856 sunt
1867 2833 1942 2865 sup.
1963 2823 2021 2857 lin.

247 2875 270 2905 R
297 2876 331 2905 et
357 2875 375 2905 1³
404 2875 474 2913 {scd
501 2876 555 2906 liic
580 2884 632 2916 pr.
653 2876 772 2914 inan.],
801 2884 869 2906 om.
891 2875 1002 2911 MPT,
1039 2874 1100 2906 sed
1127 2874 1243 2905 firmat
1269 2875 1373 2906 etiam
1399 2875 1506 2905 Macr.
1543 2892 1586 2896 ——
1627 2875 1677 2905 16.
1704 2873 1805 2914 retro]
1830 2881 1911 2904 raro
1935 2874 1959 2905 P
1985 2890 2020 2895 —

247 2925 299 2956 47.
325 2929 444 2955 uocant
471 2925 491 2955 1³
523 2944 564 2948 ——
601 2926 714 2956 deinde
731 2925 950 2956 --salutaris
976 2925 1082 2955 Prisc.
1103 2924 1157 2961 VI,
1177 2924 1206 2961 7,
1227 2923 1267 2955 34
1306 2941 1341 2946 —
1380 2925 1433 2956 ΞΗ.
1461 2925 1619 2963 teperatio
1644 2925 1682 2962 R,
1708 2924 1910 2963 temporacio
1934 2924 1958 2955 T
1983 2940 2019 2946 -

245 2978 299 3008 ΞΡ..
326 2978 547 3015 consequntur
572 2976 644 3011 FT,
679 2978 918 3014 consequentur
942 2975 1026 3011 EM,
1063 2977 1293 3012 consequentes
1318 2975 1341 3004 P
1379 2990 1412 2995 —
1456 2975 1542 3005 aller
1563 2974 1693 3005 ueneris
1718 2974 1739 3004 F
1782 2990 1817 2994 —
1858 2972 1910 3003 23.
1937 2972 2024 3004 alter

248 3028 338 3063 (ante
356 3026 469 3063 Mero.)
496 3025 520 3055 T
546 3033 622 3064 sup.
642 3023 700 3055 lin.
730 3042 763 3046 -
792 3025 823 3054 in
850 3032 920 3055 om.
941 3024 977 3060 O,
1005 3022 1099 3063 quod
1126 3023 1232 3054 Mac-r.
1260 3031 1400 3062 quoque
1428 3022 1530 3054 codd.
1552 3022 1693 3053 firmant
1718 3041 1753 3045 —
1780 3022 1832 3054 24.
1852 3022 1930 3061 iam]
1949 3031 2023 3054 eam

246 3077 352 3107 Macr.
385 3091 416 3096 —-
445 3077 488 3103 est
514 3082 583 3104 0111.
604 3074 627 3104 E
664 3092 697 3096 —
735 3075 786 3105 ΞΟ.
815 3075 845 3105 in
872 3083 910 3104 ea
936 3075 959 3104 P
987 3091 1019 3094 —
1049 3074 1101 3103 ⁶27.
1128 3073 1319 3111 referuntur
1345 3072 1446 3103 codd.
1475 3071 1633 3112 plerique
1658 3073 1764 3103 Macr.
1794 3087 1827 3093 —
1856 3072 1909 3103 ⁶28.
1937 3073 2023 3112 Quid

246 3142 264 3147 —
281 3125 427 3155 -locum
454 3122 638 3162 (με-’1110)
665 3124 768 3155 Mac-r.
791 3125 829 3161 ll,
852 3124 935 3159 =1,2;
970 3123 1012 3153 cs.
1041 3123 1145 3153 etiam
1173 3123 1211 3158 ll,
1234 3123 1262 3158 2,
1284 3122 1317 3151 2¹
1342 3122 1422 3159 013,
1444 3122 1551 3162 3312.
1575 3122 1623 3153 16.
1659 3138 1694 3143 -
1729 3121 1808 3161 quid
1832 3121 2016 3153 EFMPT:

248 3175 320 3214 quis
345 3174 418 3210 ΒΟ,
447 3172 556 3210 Quid?
580 3173 650 3210 llic,
678 3175 815 3211 inquam
841 3173 898 3203 Ian
927 3190 961 3193 —
988 3172 1041 3203 ⁶29.
1069 3173 1142 3210 quis
1165 3179 1235 3201 om.
1257 3171 1280 3201 R
1310 3188 1344 3193 —-
1372 3176 1489 3203 cantus
1513 3173 1537 3203 T
1564 3190 1598 3194 —
1626 3171 1678 3202 30.
1705 3171 1886 3202 disiunctus
1909 3172 2016 3204 Macr.

250 3226 283 3254 et
309 3221 477 3253 Favonius
496 3221 656 3259 Eulogius
683 3221 806 3257 [schol.
828 3222 899 3253 Cic.
919 3223 942 3259 1,
963 3231 996 3262 p.
1013 3220 1104 3260 lim:
1131 3221 1324 3251 coniunctus
1349 3221 1450 3252 codd.
1473 3222 1602 3253 Somnii
1627 3221 1703 3253 010
1729 3238 1763 3242 —
1791 3221 1844 3252 34.
1866 3221 2018 3261 partium

248 3273 274 3304 E
286 3274 306 3303 F
332 3274 365 3303 et
390 3270 493 3302 codd.
523 3269 653 3310 aliquot
677 3272 781 3302 Δ111101.
809 3272 883 3310 (pro
908 3274 985 3302 rata
1006 3271 1085 3310 pari
1108 3270 1236 3300 ratione
1268 3269 1322 3300 cd.
1350 3271 1453 3309 lunt.,
1483 3279 1546 3310 pro
1568 3273 1647 3302 raca
1666 3269 1820 3310 portione
1843 3269 1899 3302 ed.
1923 3268 2013 3311 Ald.)

253 3339 288 3347 -
314 3321 455 3362 impulsu
477 3329 590 3355 eorum
613 3321 767 3352 ordinum
791 3320 954 3361 Eulogius
980 3337 1014 3343 —
1048 3320 1100 3352 32.
1127 3320 1299 3361 conficitur
1323 3319 1360 3351 O.
