2249 3624
515 151 603 192 Lm.
626 152 656 191 I.
701 152 798 192 Car.
821 153 980 193 XXXV
995 154 1253 195 —XXXVL
1295 150 1356 207 §§
1392 151 1534 193 0124-
1549 152 1643 194 43⁴2.
1880 153 1962 193 675

200 259 308 300 tiosa
340 257 542 305 dicamus,
574 257 643 297 illa
675 263 827 305 autem,
860 272 967 312 quae
1000 260 1132 312 turpia
1165 259 1270 307 sint,
1304 261 1544 300 nominibus
1577 260 1836 314 appellemus
1866 261 1965 300 suis.

200 320 478 366 Latrocinari,
510 319 727 368 fraudare,
759 320 994 361 adulterare
1026 335 1069 360 re
1103 327 1220 375 turpe
1254 330 1327 368 est,
1362 324 1432 362 sed
1466 324 1620 362 dicitur
1650 337 1732 363 non
1765 325 1966 371 obscene3

201 383 345 423 liberis
386 382 485 422 dare
526 396 696 435 operam
739 397 783 423 re
816 384 1037 424 honestum
1070 391 1150 431 est,
1193 386 1361 425 nomine
1394 386 1644 425 obscenum:
1691 386 1894 439 pluraque
1927 388 1968 426 iu

203 458 294 486 eam
325 445 575 485 sententiam
607 446 657 484 ab
691 444 849 486 eisdem
881 453 1027 487 contra
1058 448 1350 487 verecundiam
1383 449 1659 502 disputantur.
1720 451 1804 489 Nos
1829 456 1968 490 autem

203 513 394 548 naturam
426 520 651 560 sequamur
688 513 728 547 et
758 508 809 547 ab
841 508 977 555 omni,
1020 509 1132 562 quod
1164 509 1358 550 abhorret
1387 511 1438 550 ab
1471 511 1688 551 oculorum
1720 513 2000 565 auriumque-¹3

202 570 531 624 approbatione,
571 569 802 621 fugiamus:
844 575 977 610 status
1009 571 1220 619 incessus,
1253 573 1385 612 sessio
1417 574 1642 621 accubitio,
1675 575 1813 614 vultus
1846 574 1970 621 oculi,

203 645 399 673 manuum
441 637 575 672 motus
613 637 783 671 teneant
814 632 917 672 illud
950 632 1161 673 decorum.
1224 632 1316 674 1129.
1350 634 1510 683 Quibus
1542 636 1583 675 in
1616 636 1739 676 rebus
1771 638 1852 676 duo
1886 650 1970 676 ma-

202 695 314 734 xime
353 700 450 735 suut
487 694 708 747 fugienda:
749 708 801 734 ne
832 694 930 746 quid
962 696 1244 736 effeminatum
1276 703 1348 736 aut
1379 698 1503 737 molle
1535 703 1575 737 et
1605 712 1657 738 ne
1689 698 1790 752 quid
1822 699 1970 738 durum

201 761 274 796 aut
304 756 503 796 rusticum
535 757 599 796 sit.
660 758 743 796 Nec
773 770 871 797 vero
901 757 1177 798 histrionibus
1209 760 1535 813 oratoribusque
1567 762 1883 801 concedendum
1911 766 1972 801 est

202 824 249 859 ut
278 819 329 859 iis
361 817 463 859 haec
493 825 588 872 apta
619 819 715 865 sint,
747 819 867 859 nobis
899 819 1118 860 dissoluta.
1180 822 1472 863 Scaenicorum
1506 824 1674 876 quidem
1699 838 1787 864 mos
1815 830 1970 864 tantam
1986 832 2021 859 40

201 881 328 921 habet
367 886 507 921 vetere
550 882 770 934 disciplina
812 884 1133 931 verecundiam,
1177 890 1221 924 ut
1261 885 1301 924 in
1346 899 1538 926 scaenam
1581 887 1671 926 sine
1711 885 1970 940 subligaculo

201 943 376 998 prodeat
406 957 555 993 nemo;
589 950 789 984 verentur
819 946 929 984 enim
961 959 1026 993 ne,
1060 946 1093 986 si
1128 960 1212 1000 quo
1244 960 1341 987 casu
1374 950 1561 988 evenerit
1590 955 1635 988 ut
1665 950 1852 1002 corporis
1880 962 1972 1001 par-

202 1012 264 1046 tes
304 1006 509 1060 quaedam
545 1008 803 1061 aperiantur,
846 1008 1103 1061 aspiciantur
1132 1023 1215 1049 non
1247 1010 1412 1051 decore.
1472 1013 1623 1050 Nostro
1657 1012 1826 1065 quidem
1859 1025 1973 1051 more

203 1083 297 1109 cum
339 1069 584 1122 parentibus
624 1070 803 1123 puberes
844 1068 938 1118 filii,
978 1084 1072 1111 cum
1113 1074 1268 1112 soceris
1308 1074 1449 1125 generi
1482 1087 1567 1113 non
1599 1075 1803 1115 lavantur.
1863 1076 1974 1115 Reti-

203 1131 344 1172 nenda
380 1132 508 1185 igitur
545 1138 608 1172 est
637 1133 763 1173 huius
795 1134 960 1185 generis
991 1135 1268 1183 verecundia,
1306 1137 1551 1189 praesertim
1589 1145 1737 1177 natura
1766 1139 1857 1191 ipsa
1888 1143 2022 1178 rna-¹15

204 1194 333 1248 gistra
372 1200 413 1235 et
453 1195 572 1235 duce.
646 1196 839 1235 XXXVI.
887 1193 980 1235 ll30.
1024 1196 1125 1237 Cum
1166 1203 1305 1238 autem
1336 1199 1660 1253 pulchritudinis
1701 1200 1783 1240 duo
1822 1213 1974 1252 genera

204 1257 309 1304 sint,
341 1270 522 1311 quorum
552 1258 596 1297 in
626 1258 758 1298 altero
789 1264 989 1299 venustas
1021 1260 1093 1306 sit,
1124 1261 1166 1300 in
1198 1261 1331 1301 altero
1364 1261 1558 1314 dignitas,
1592 1268 1852 1302 venustatem
1885 1277 1973 1302 mu-

203 1318 377 1359 liebrem
419 1319 573 1360 ducere
614 1319 840 1368 debemus,
883 1320 1128 1373 dignitatem
1167 1323 1344 1363 virilem.
1411 1325 1520 1376 Ergo
1552 1329 1593 1363 et
1623 1337 1644 1364 a
1675 1324 1808 1364 forma
1839 1338 1975 1365 remo-

203 1388 351 1423 veatur
389 1382 523 1423 omnis
563 1383 652 1422 viro
692 1396 776 1422 non
817 1382 967 1436 dignus
999 1390 1195 1433 ornatus,
1235 1391 1276 1425 et
1306 1385 1404 1425 huic
1435 1385 1571 1425 simile
1602 1386 1748 1426 vitium
1780 1386 1822 1425 in
1854 1391 1974 1439 gestu

204 1450 406 1499 motuque
448 1450 656 1485 caveatur.
727 1446 830 1485 Nam
863 1451 904 1485 et
934 1446 1173 1498 palaestrici
1207 1454 1346 1488 motus
1378 1453 1474 1487 sunt
1513 1461 1638 1502 saepe
1670 1447 1902 1489 odiosiores
1934 1454 1974 1488 et
1987 1456 2024 1485 20

203 1507 452 1547 histrionum
493 1521 577 1547 non
618 1507 723 1547 nulli
762 1514 904 1561 gestus
935 1509 1103 1562 ineptiis
1134 1524 1218 1550 non
1249 1515 1422 1558 vacant,
1465 1515 1505 1551 et
1534 1512 1577 1551 in
1611 1517 1789 1564 utroque
1821 1525 1973 1564 genere

205 1582 314 1623 quae
345 1575 442 1610 sunt
470 1575 583 1609 recta
625 1575 666 1610 et
696 1570 904 1624 simplicia
933 1571 1169 1613 laudantur.
1230 1573 1406 1613 Formae
1437 1579 1576 1614 autem
1609 1573 1790 1626 dignitas
1823 1575 1973 1614 coloris

204 1632 396 1672 bonitate
437 1632 593 1672 tuenda
631 1638 715 1681 est,
755 1633 873 1673 color
909 1633 1282 1675 exercitationibus
1314 1636 1515 1689 corporis.
1574 1636 1824 1676 Adhibenda
1855 1650 1975 1689 prae-

205 1699 317 1734 terea
350 1693 556 1735 munditia
588 1700 649 1735 est
679 1709 765 1735 non
798 1696 945 1736 odiosa
976 1711 1114 1750 neque
1147 1698 1357 1751 exquisita
1387 1699 1535 1746 nimis,
1575 1703 1733 1738 tantum
1773 1712 1880 1751 quae
1911 1698 1975 1738 fu-

206 1755 293 1809 giat
333 1762 539 1808 agrestem
580 1763 621 1798 et
660 1758 931 1798 inhumanam
973 1760 1292 1813 neglegentiam.
1360 1761 1518 1800 Eadem
1549 1762 1655 1801 ratio
1689 1767 1752 1801 est
1781 1761 2024 1801 habendam

206 1818 401 1866 vestitus,
433 1819 476 1859 in
507 1834 613 1873 quo,
645 1821 754 1860 sicut
783 1822 826 1860 in
857 1821 1072 1876 plerisque
1102 1823 1242 1870 rebus,
1274 1823 1541 1863 mediocritas
1565 1825 1721 1876 optima
1744 1830 1819 1863 est.
1879 1821 1973 1863 1131.

209 1880 448 1921 Cavendum
479 1887 618 1922 autem
650 1887 713 1922 est
743 1897 795 1923 ne
827 1889 899 1923 aut
929 1884 1190 1924 tarditatibus
1223 1889 1389 1924 utamur
1418 1886 1461 1925 in
1482 1886 1673 1938 ingressu
1697 1886 1974 1933 mollioribus,

207 1948 254 1983 ut
281 1956 529 1997 pomparum
559 1944 729 1985 ferculis
761 1946 917 1986 similes
950 1960 1041 1986 esse
1073 1947 1313 1995 videamur,
1353 1953 1423 1988 aut
1460 1949 1504 1988 in
1533 1948 1874 1988 festinationibus
1907 1963 1976 1988 su-

206 2007 433 2059 scipiamus
464 2007 615 2047 nimias
647 2007 893 2056 celeritates,
927 2022 1035 2062 quae
1068 2024 1160 2049 cum
1191 2008 1307 2058 fiunt,
1338 2011 1550 2051 anhelitus
1582 2017 1814 2058 moventur,
1837 2012 1974 2051 vultus

207 2074 444 2117 mutantur,
484 2082 556 2109 ora
596 2075 868 2123 torquentur:
911 2084 965 2111 ex
996 2073 1148 2125 quibus
1181 2086 1330 2125 magna
1362 2071 1607 2126 significatio
1639 2072 1684 2113 lit
1714 2087 1797 2113 non
1829 2073 1974 2113 adesse
1990 2078 2025 2107 30

207 2131 504 2171 constantiam.
567 2132 649 2172 Sed
680 2133 810 2172 multo
843 2133 967 2173 etiam
997 2135 1129 2187 magis
1161 2135 1461 2176 elaborandum
1493 2142 1556 2176 est
1594 2150 1647 2176 ne
1679 2136 1804 2176 animi
1838 2141 1974 2175 motus

206 2205 232 2232 a
260 2198 407 2233 natura
437 2194 657 2234 recedant:
691 2195 802 2248 quod
835 2209 1121 2249 assequemur,
1153 2199 1187 2237 si
1218 2199 1457 2238 cavebimus
1490 2212 1541 2238 ne
1573 2201 1614 2238 in
1643 2198 1974 2252 perturbationes

207 2260 334 2308 atque
366 2256 701 2296 exanimationes
732 2258 967 2298 incidamus
999 2265 1040 2299 et
1070 2260 1104 2299 si
1136 2265 1316 2300 attentos
1348 2262 1507 2301 animos
1539 2261 1591 2300 ad
1624 2260 1786 2300 decoris
1809 2273 1976 2299 conser-

207 2317 417 2358 vationem
450 2318 697 2359 tenebimus.
758 2317 852 2362 432.
884 2322 1023 2361 Motus
1054 2327 1195 2362 autem
1226 2322 1460 2363 animorum
1491 2323 1680 2375 duplices
1703 2327 1822 2362 sunt:
1853 2322 1973 2362 alteri

209 2379 492 2432 cogitationis,
537 2381 658 2421 alteri
702 2383 926 2435 appetitus.
1001 2384 1207 2437 Cogitatio
1252 2385 1295 2423 in
1337 2398 1435 2424 vero
1476 2382 1739 2438 exquirendo
1780 2389 2025 2424 maxume-⁹35

209 2446 421 2491 versatur,
460 2444 673 2497 appetitus
710 2444 875 2499 inpellit
913 2445 966 2486 ad
1007 2447 1232 2500 agendum.
1302 2447 1540 2488 Curandum
1572 2453 1635 2488 est
1664 2447 1791 2500 igitur
1828 2452 1875 2487 ut
1905 2460 1975 2488 co-

300 2635 331 2668 ⁴.
356 2635 506 2667 dicamus
528 2636 667 2668 ABab:
696 2636 856 2668 ducamus
880 2645 960 2677 opo
993 2656 1035 2660 —
1071 2646 1133 2678 que
1153 2647 1190 2670 re
1211 2639 1326 2678 turpia
1350 2647 1368 2670 c
1404 2655 1438 2661 —-
1473 2642 1549 2670 sunt
1572 2639 1736 2676 Bilacm
1764 2648 1832 2672 om.
1854 2641 1910 2672 Ab
1936 2657 1970 2661 —

211 2683 244 2715 2.
269 2693 304 2716 re
329 2693 400 2716 om.
424 2686 538 2726 Abcp
576 2703 611 2707 —
650 2685 680 2717 3.
702 2686 870 2726 pluraque
893 2687 934 2718 ab
956 2688 1075 2719 eisdem
1099 2688 1132 2719 in
1156 2689 1292 2720 eandem
1315 2690 1506 2720 sententiam
1530 2696 1548 2719 c
1586 2706 1621 2711 -
1665 2690 1696 2720 5.
1723 2692 1751 2720 et
1774 2698 1867 2721 omne
1890 2690 1977 2730 quod

212 2740 231 2764 e
269 2751 303 2756 —
340 2734 381 2766 ab
407 2736 504 2776 (post
520 2734 690 2774 abhorret)
716 2744 786 2767 om.
806 2745 826 2775 p
866 2753 901 2759 —
941 2737 971 2769 6.
998 2738 1170 2769 accubatio
1192 2739 1330 2770 Aabc.
1374 2739 1423 2770 Cf.
1450 2747 1483 2778 p.
1503 2738 1576 2777 394,
1598 2739 1649 2770 40.
1682 2738 1758 2777 598,
1776 2738 1828 2771 30.
1868 2756 1903 2761 -
1942 2740 1973 2770 7.

211 2786 317 2815 teneat
340 2785 365 2816 C
406 2801 441 2807 —
475 2785 625 2816 mamime
647 2786 710 2816 duo
741 2786 825 2825 (sed
850 2787 957 2826 signis
981 2789 1260 2829 transpositionis
1284 2788 1424 2827 additis)
1457 2796 1474 2818 c
1513 2805 1547 2809 —
1585 2787 1614 2818 9.
1641 2788 1871 2819 oratoribusue
1893 2797 1911 2819 ο
1937 2805 1972 2810 —-

212 2833 266 2864 40.
290 2834 339 2865 his
363 2834 387 2866 C
414 2834 485 2873 (hijs
501 2834 531 2873 c)
558 2851 593 2856 —-
627 2836 854 2867 scaenicorum
869 2854 918 2860 --
935 2836 1116 2878 subliqaclo
1136 2839 1278 2877 prodeat
1302 2847 1395 2870 nemo
1419 2838 1550 2869 Nonius
1575 2846 1608 2878 1).
1624 2837 1677 2868 ¹29.
1708 2855 1740 2860 -—
1774 2839 1977 2869 scenicorum

212 2883 236 2913 B
251 2891 301 2915 co
341 2900 376 2906 —
417 2892 487 2915 mos
509 2887 632 2916 statum
655 2886 749 2917 habet
771 2890 807 2917 ut
830 2887 1005 2926 disciplina
1027 2889 1229 2920 uerecundia
1259 2889 1279 2920 b
1319 2905 1353 2910 —-
1397 2891 1524 2919 tantum
1555 2887 1578 2918 B
1595 2887 1621 2918 11
1663 2904 1697 2908 —
1740 2888 1791 2918 Μ.
1817 2887 1911 2918 habet
1934 2896 1978 2919 ea:

214 2930 403 2973 (superscr.
422 2934 540 2973 uetere)
565 2935 739 2974 disciplina
762 2936 789 2967 A
814 2935 870 2976 (ex
886 2940 995 2969 uetere
1019 2946 1066 2969 m.
1087 2938 1174 2977 sec.)
1214 2955 1248 2959 —
1284 2941 1387 2969 ueteri
1420 2945 1437 2967 c
1476 2954 1509 2958 —
1547 2944 1678 2967 scenam
1702 2937 1765 2967 AB
1781 2937 1841 2968 Hb
1856 2945 1873 2968 c
1888 2945 1906 2968 o
1939 2954 1973 2958 -

214 2983 266 3014 47.
292 2982 344 3023 sit]
361 2985 406 3014 est
430 2981 596 3017 Halmius.
623 3000 657 3006 —-
689 2987 892 3017 venustatem
908 3004 956 3010 —-
972 2988 1101 3018 virilem
1124 2988 1257 3019 Nemus
1282 2996 1315 3027 p.
1331 2986 1404 3018 435.
1433 3003 1467 3007 —
1503 2986 1553 3017 48.
1581 2985 1730 3017 debemus
1752 2986 1869 3017 ducere
1893 2994 1911 3017 ο
1940 3003 1974 3007 -

213 3030 268 3061 20.
294 3039 366 3070 sepe
387 3035 463 3062 sunt
492 3039 511 3062 e
551 3050 584 3055 —
625 3034 678 3065 211.
704 3037 812 3073 ⁸qeslus
833 3044 899 3066 non
922 3037 1005 3067 nulli
1035 3045 1053 3067 e
1091 3054 1125 3058 —
1166 3038 1267 3076 inepti
1291 3046 1357 3067 non
1379 3038 1500 3066 uacant
1524 3035 1699 3074 ofsensione
1720 3039 1750 3066 ec
1779 3043 1831 3075 cp
1869 3053 1903 3057 —
1944 3036 1978 3066 in

215 3087 392 3120 superscr.
410 3081 431 3112 b
456 3097 492 3103 —-
518 3081 570 3113 23.
596 3083 761 3114 munditia
781 3088 956 3122 praeterea
980 3094 998 3116 c
1023 3103 1058 3107 —
1086 3085 1139 3118 ⁶24.
1159 3090 1203 3116 est
1227 3094 1297 3116 om.
1319 3093 1336 3116 c
1363 3102 1396 3106 —-
1424 3093 1481 3115 nec
1505 3092 1523 3115 c
1547 3103 1588 3107 —
1613 3089 1805 3124 tantumque
1825 3086 1935 3126 βαρέα(
1953 3087 1976 3116 C

218 3143 254 3149 —
273 3128 327 3159 25.
347 3129 459 3160 eadem
473 3131 561 3162 ratio
578 3134 622 3163 es!
638 3131 787 3164 habenda
804 3150 820 3156 -
833 3151 850 3156 -
867 3135 992 3173 optima
1009 3138 1053 3166 est
1077 3136 1208 3166 Nonius
1227 3144 1259 3175 p.
1275 3135 1327 3165 ΞΕ).
1351 3151 1385 3156 -
1412 3137 1457 3165 es!
1472 3133 1619 3165 habenda
1636 3135 1801 3166 ABHab:
1832 3135 1979 3166 habenda

217 3179 263 3208 est
286 3184 324 3214 o;
352 3175 418 3218 [est]
442 3178 591 3211 habenda
615 3189 634 3212 o
661 3198 696 3204 -—
725 3182 777 3212 26.
797 3185 844 3214 est
860 3191 930 3214 om.
950 3191 968 3214 c
994 3201 1028 3206 —
1056 3185 1108 3216 27.
1128 3188 1174 3216 esc
1189 3187 1298 3215 autem
1323 3191 1341 3214 o
1369 3200 1403 3204 —
1430 3183 1465 3214 in
1489 3192 1558 3215 om.
1579 3184 1603 3215 C
1632 3201 1667 3206 —
1692 3184 1921 3215 mollitiei-ibus
1940 3192 1977 3219 ος

219 3233 290 3257 om.
309 3234 330 3266 p
355 3242 390 3249 —
417 3227 471 3259 29.
495 3233 648 3261 ‘mouetur
671 3238 720 3270 op
755 3248 790 3252 —
830 3231 881 3263 34.
908 3233 1010 3264 eliam
1034 3242 1103 3265 om.
1123 3242 1141 3265 a
1176 3251 1208 3255 -
1247 3241 1305 3263 nec
1327 3233 1431 3264 animi
1455 3241 1475 3264 a
1512 3248 1547 3254 —
1585 3233 1638 3264 32.
1665 3235 1874 3273 assequimur
1897 3242 1914 3264 c
1942 3249 1977 3255 —

221 3273 274 3306 33.
300 3278 400 3316 atque
421 3278 682 3313 exanimatioms
704 3280 739 3312 in
762 3280 787 3312 B
811 3280 974 3324 suppleta
997 3285 1079 3316 sunt
1101 3291 1149 3315 m.
1169 3282 1382 3315 recentiore.
1412 3300 1445 3305 —
1472 3283 1737 3315 examinationes
1759 3283 1828 3315 Hb.
