2249 3624
244 161 326 203 784
915 164 985 203 DE
1016 163 1085 202 RE
1115 163 1339 204 PUBLICA

244 272 287 313 id
331 284 488 313 nomen
532 271 724 312 moribus
769 270 959 312 dandum
999 273 1096 327 est,
1141 284 1229 312 non
1267 271 1457 327 linguis,
1502 284 1591 312 non
1632 273 1831 315 Graecos
1871 274 2012 315 minus

244 336 415 392 p.453.]
445 336 450 390 Ι
478 340 691 381 barbaros
729 352 854 393 quam
892 338 1119 380 Romanos
1161 341 1281 392 puto.
1339 339 1398 380 Et
1429 336 1606 393 Scipio:
1645 340 1794 395 Adqui
1826 341 1883 383 ad
1912 341 2011 399 hoc,

245 410 299 452 de
331 422 415 464 quo
446 409 613 464 agitur,
652 420 740 448 non
773 409 1022 461 quaerimus
1051 410 1254 465 gentem,
1284 408 1465 464 ingenia
1496 411 1758 463 quaerimus.
1818 407 1869 451 Si
1899 411 2011 451 enim

244 482 287 521 et
320 477 563 533 prudentes
593 476 793 517 homiues
830 480 874 516 et
915 489 1004 517 non
1042 480 1222 517 veteres
1251 488 1386 530 reges
1416 475 1581 519 habere
1612 478 1874 531 voluerunt,
1913 481 2014 520 utor

211 560 388 604 sueque
419 545 693 601 perantiquis
725 556 866 598 neque
898 543 1143 585 inhumanis
1173 557 1227 586 ac
1259 545 1366 586 feris
1399 546 1603 588 testibus.

353 615 620 658 XXXVIII.
653 611 735 656 59.
765 614 873 655 Tum
904 614 1107 655 Laelius:
1137 614 1281 656 Video
1312 617 1377 668 te,
1409 612 1576 671 Scipio,
1609 616 1874 657 testimoniis
1903 616 2015 656 satis

242 688 530 737 instructum,
575 685 644 724 set
684 685 791 736 aput
833 695 900 723 me
942 685 990 723 ut
1036 685 1143 737 aput
1185 684 1343 725 bonum
1387 683 1570 726 iudicem
1612 686 1874 741 argumenta
1915 684 2014 738 plus

241 768 281 807 p.
305 749 415 800 1154]
459 764 583 802 quam
616 753 756 793 testes
788 751 953 791 valent.
987 746 994 800 Ι
1036 750 1144 792 Tum
1175 748 1352 804 Scipio:
1400 750 1539 793 Utere
1570 753 1707 808 igitur
1737 755 2014 810 argumento,

242 824 379 878 Laeli,
408 823 502 862 tute
534 820 629 872 ipse
660 830 818 858 sensus
851 818 925 856 tui.
976 814 1124 869 Cuius,
1155 817 1295 871 inquit
1328 817 1414 874 ille,
1446 812 1643 859 sensus?
1693 831 1727 859 s.
1757 816 1809 861 Si
1837 817 2012 873 quando

193 893 295 939 io[si
321 890 452 936 forte]
486 889 564 930 tibi
595 889 720 928 visus
751 898 800 927 es
833 887 962 927 irasci
994 886 1138 928 alicui.
1201 900 1242 927 L.
1270 885 1370 943 Ego
1402 899 1510 927 vero
1544 887 1723 940 saepius
1755 899 1879 941 quam
1910 887 2014 928 vel-

240 963 336 1003 lem.
395 973 427 1001 s.
461 952 610 1010 Quid?
642 958 745 1007 tum,
776 967 872 996 cum
905 958 951 995 tu
983 967 1031 996 es
1062 956 1215 1008 iratus,
1248 956 1464 1008 permittis
1496 956 1555 996 illi
1587 955 1842 997 iracundiae
1870 955 2013 996 domi-

241 1033 389 1072 natum
420 1029 550 1069 animi
582 1019 682 1066 tui?
742 1038 781 1065 L.
813 1023 934 1074 ¹Non,
965 1022 1256 1074 mehercule,
1288 1024 1448 1078 inquit,
1480 1022 1559 1065 sed
1591 1025 1734 1065 imitor
1763 1023 2019 1076 Archytam

240 1100 358 1139 illum
390 1096 697 1146 Tarentinum,
729 1094 800 1148 qui
832 1105 926 1135 cum
958 1093 1014 1134 ad
1046 1094 1195 1134 villam
1226 1094 1424 1134 venisset
1457 1096 1501 1135 et
1535 1095 1677 1134 omnia
1709 1094 1838 1135 aliter
1869 1093 2014 1135 offen-

240 1179 282 1219 p.
303 1162 415 1213 ⁶265]
459 1165 597 1206 disset
637 1176 689 1205 ac
731 1164 946 1218 iusserat,
995 1161 1064 1203 «A
1095 1164 1140 1202 te
1173 1162 1424 1203 infelicem»
1468 1157 1615 1216 inlquit
1647 1163 1804 1215 vilico,
1852 1174 1871 1197 «
1887 1174 2013 1216 quem

193 1248 470 1281 l5llecassenl
510 1235 592 1275 iam
634 1233 923 1283 verberibus,
969 1231 1051 1271 nisi
1083 1231 1223 1272 iratus
1254 1242 1435 1272 essem.»
1513 1227 1594 1271 60.
1642 1230 1839 1285 Optime,
1875 1232 2014 1285 inquit

241 1305 409 1360 Scipio.
467 1304 591 1361 Ergo
622 1301 853 1357 Archytas
895 1299 1163 1343 iracundiam
1204 1300 1414 1342 videlicet
1455 1299 1739 1342 dissidentem
1780 1314 1806 1341 a
1840 1301 2014 1341 ratione

242 1376 502 1417 seditionem
543 1370 757 1427 quandam
800 1370 855 1411 ab
897 1371 1039 1410 animo
1078 1369 1403 1410 removendam
1434 1368 1637 1411 ducebat.
1700 1368 1830 1410 Adde
1861 1370 2015 1410 avari-

242 1447 367 1500 tiam,
399 1442 512 1484 adde
544 1440 726 1495 imperii,
758 1437 872 1479 adde
903 1438 1075 1494 gloriae
1108 1436 1407 1492 cupiditatem,
1439 1436 1553 1479 adde
1585 1437 1800 1491 libidines,
1832 1441 1875 1479 et
1907 1436 2014 1478 illud

240 1512 381 1564 vides,
413 1513 448 1552 si
480 1512 524 1551 in
555 1510 709 1551 animis
739 1507 955 1548 hominum
986 1508 1140 1564 regale
1173 1508 1395 1561 imperium
1426 1508 1497 1561 sit,
1527 1508 1656 1548 unius
1689 1507 1784 1548 fore
1811 1506 2013 1548 domina-

191 1598 226 1627 ρο
241 1594 281 1633 p.
303 1577 417 1627 266]
460 1583 570 1635 tum,
608 1578 777 1620 consilii
810 1577 981 1618 scilicet
1021 1597 1070 1603 —-
1111 1588 1164 1617 ea
1195 1579 1263 1617 est
1296 1577 1407 1617 enim
1438 1577 1568 1616 animi
1603 1590 1704 1630 pars
1736 1572 1906 1631 opitima
1936 1601 2012 1631 —-,

241 1651 425 1694 consilio
456 1652 601 1690 autem
633 1646 884 1687 dominante
911 1646 1075 1686 nullum
1101 1657 1199 1686 esse
1221 1644 1484 1699 libidinibus,
1516 1646 1677 1686 nullum
1711 1647 1816 1700 irae,
1846 1645 2008 1685 nullum

240 1719 479 1763 temeritati
510 1718 665 1759 locum.
734 1729 773 1756 L.
813 1712 914 1767 Sic,
944 1714 1107 1770 inquit,
1139 1716 1220 1755 est.
1279 1727 1314 1755 s.
1361 1713 1533 1755 Probas
1564 1715 1701 1771 igitur
1731 1715 1918 1754 animum
1949 1715 2012 1754 ita

241 1781 501 1831 adfectum?
562 1800 601 1827 L.
634 1784 753 1827 Nihil
785 1797 917 1839 vero,
949 1784 1113 1838 inquit,
1145 1784 1299 1840 magis.
1359 1796 1392 1824 s.
1430 1783 1554 1839 Ergo
1587 1797 1675 1824 non
1709 1783 1944 1838 probares,
1975 1783 2012 1823 si

243 1858 427 1900 consilio
460 1855 586 1910 pulso
618 1853 842 1904 libidines,
875 1864 986 1907 quae
1018 1855 1120 1892 sunt
1153 1852 1505 1908 innumerabiles,
1539 1851 1850 1893 iracundiaeve
1881 1855 2013 1892 tene-

190 1944 228 1972 -25
242 1929 341 1968 rent
374 1926 534 1966 omnia.
595 1937 634 1964 L.
666 1922 765 1979 Ego
796 1934 905 1962 vero
937 1920 1044 1961 nihil
1075 1922 1160 1960 isto
1192 1921 1356 1975 animo,
1387 1919 1494 1960 nihil
1526 1920 1585 1960 ita
1617 1922 1808 1960 animato
1840 1919 2013 1960 homine

243 2008 284 2048 p.
305 1991 418 2042 262]
455 1992 687 2043 lmiserius
726 1990 944 2033 ducerem.
1017 2003 1050 2030 s.
1096 1987 1191 2031 Sub
1231 2001 1372 2046 regno
1416 1990 1552 2045 igitur
1597 1989 1674 2031 tibi
1721 2001 1818 2030 esse
1865 1989 2013 2042 placet

244 2066 384 2107 omnis
426 2064 554 2104 animi
596 2064 748 2116 partes
788 2063 831 2100 et
873 2072 949 2100 eas
979 2059 1076 2116 regi
1108 2053 1330 2100 consilio?
1390 2072 1430 2099 L.
1465 2058 1578 2099 Mihi
1610 2071 1718 2099 vero
1751 2059 1815 2100 sic
1847 2058 2010 2112 placet.

243 2148 276 2177 s.
318 2134 406 2176 Cur
447 2134 584 2190 igitur
626 2129 802 2171 dubitas
842 2127 946 2183 quid
985 2128 1039 2169 de
1078 2140 1126 2169 re
1165 2128 1342 2182 publica
1382 2121 1591 2169 sentias?
1649 2128 1693 2168 in
1732 2139 1840 2181 qua,
1891 2127 1928 2167 si
1969 2127 2013 2167 in

329 2326 361 2357 2.
387 2331 520 2356 nomm
546 2319 583 2353 C¹
621 2338 656 2343 —-
694 2319 725 2351 3.
751 2328 807 2350 vv,
833 2321 959 2359 gentem
982 2317 1113 2358 iayenio
1138 2317 1329 2356 quaerimus
1352 2317 1386 2347 in
1412 2316 1435 2348 C
1462 2315 1516 2347 bis
1541 2317 1669 2357 scripta
1695 2319 1787 2357 sunt,
1813 2317 1878 2349 sed
1902 2316 2011 2349 altero

241 2376 318 2408 loco
343 2375 480 2417 punctis
505 2370 746 2412 superpositis.
784 2386 819 2390 —
859 2368 912 2399 40.
938 2367 964 2398 si
986 2367 1072 2407 forte
1095 2365 1286 2398 delendum
1311 2374 1390 2398 esse
1416 2366 1619 2397 Steinacker
1641 2366 1739 2399 vidit.
1774 2384 1808 2389 —
1848 2368 1899 2399 Μ.
1927 2367 2013 2407 Quid

242 2424 497 2458 tum--animi
522 2423 569 2453 tui
592 2421 724 2453 Nonius
749 2417 873 2460 p.203.
913 2433 948 2439 —
987 2421 1023 2448 tu
1046 2426 1116 2448 om.
1136 2418 1268 2449 Nonius
1311 2432 1344 2438 —
1389 2417 1577 2447 dominatus
1607 2416 1710 2448 codd.
1738 2417 1837 2449 Nonii
1881 2435 1914 2439 —
1957 2418 2009 2448 ⁴2.

241 2479 295 2509 sed
317 2477 462 2509 imitor-
479 2474 655 2504 -iusserat
678 2470 809 2502 Nonius
834 2477 867 2509 p.
884 2468 958 2499 359.
984 2485 1027 2490 —
1063 2467 1114 2499 1¹3.
1142 2475 1338 2498 OFFENDISSE
1364 2465 1403 2497 C¹
1440 2483 1475 2488 —
1515 2466 1567 2498 44.
1592 2475 1653 2497 Ατε
1679 2466 1734 2498 C¹:
1761 2470 1791 2499 te
1815 2471 1845 2499 te
1867 2467 1891 2499 C
1917 2475 2010 2499 corr.

244 2530 279 2560 et
302 2529 350 2566 O,
387 2536 404 2558 0
430 2529 458 2557 te
483 2523 644 2561 Lehner,
682 2520 724 2551 ah
747 2523 776 2551 te
807 2517 878 2555 alii,
916 2521 975 2550 tete
1005 2516 1171 2549 Heinrich
1203 2517 1237 2547 et
1268 2517 1384 2549 Moser
1424 2533 1459 2538 —
1502 2516 1554 2549 47.
1580 2516 1622 2548 ab
1644 2517 1758 2548 animo
1780 2517 2013 2549 removendam

716 2585 724 2593 0
743 2587 747 2591 .
813 2574 851 2589 Mi
865 2573 897 2589 ΠΕ

244 2608 381 2640 ducebat
403 2603 673 2638 Weissenborn:
710 2598 1055 2635 ,xssAxinonssloccrssAr
1081 2598 1104 2629 C
1132 2598 1295 2637 (correxit
1320 2597 1422 2637 igitur
1445 2598 1464 2628 2
1488 2606 1633 2629 manus:
1668 2598 1772 2629 animi
1794 2607 1927 2630 mouere
1949 2599 2013 2630 du—

241 2658 356 2696 cebat),
382 2657 484 2688 animi
510 2662 583 2686 vere
606 2653 679 2683 due.
706 2650 831 2689 Reisig,
859 2648 963 2679 animi
987 2649 1060 2679 duc.
1088 2647 1265 2685 Heinrich,
1291 2647 1395 2678 animi
1412 2655 1478 2678 esse
1495 2648 1567 2678 duc.
1589 2646 1684 2678 Klotz
1711 2665 1746 2670 -—
1772 2650 1853 2689 post
1875 2648 2014 2680 ducebat

245 2710 297 2739 est
322 2709 353 2738 in
379 2707 478 2738 editt.
505 2713 577 2736 eam
601 2701 734 2734 consilio
757 2700 869 2731 sedari
891 2698 1032 2737 uolebat,
1060 2707 1149 2738 quae
1167 2696 1287 2735 verba,
1314 2699 1351 2728 ut
1372 2696 1472 2728 nobis
1490 2695 1668 2729 Detlessen
1686 2698 1904 2737 significavit,
1923 2698 2013 2728 inter

245 2758 394 2797 primam
420 2758 451 2787 et
476 2753 670 2787 secundam
695 2750 822 2782 lineam
849 2748 990 2780 alterius
1016 2747 1200 2779 columnae
1226 2756 1258 2788 p.
1275 2747 1337 2777 265
1355 2754 1461 2777 manu
1479 2746 1634 2778 secunda
1652 2746 1788 2777 adiecta
1806 2747 1898 2784 sunt,
1917 2746 2010 2787 quod

245 2805 344 2837 colon
369 2805 538 2837 insulsum
564 2803 808 2844 expunximus.
847 2818 881 2822 —
917 2799 969 2830 48.
998 2807 1158 2830 mmmxfs
1185 2798 1223 2829 C¹
1250 2816 1284 2820 -
1313 2796 1364 2827 119.
1390 2796 1480 2827 vides
1495 2797 1521 2827 si
1538 2797 1571 2827 in
1596 2805 1676 2827 nos:
1704 2805 1846 2827 mansus
1871 2796 1895 2827 C
1921 2798 2010 2828 teste

244 2857 296 2887 Du
312 2857 394 2887 Rieu
421 2856 567 2889 (uidestin
593 2854 657 2885 Mai
682 2851 840 2891 legerat);
866 2849 966 2886 vides,
985 2849 1019 2879 in
1043 2848 1068 2878 O
1095 2864 1129 2868 —-
1157 2855 1299 2877 armins
1325 2846 1362 2884 C,
1388 2845 1500 2886 regale
1521 2847 1548 2877 si
1573 2846 1610 2884 O,
1637 2847 1674 2876 ut
1690 2846 1755 2877 Mai
1781 2846 1814 2876 in
1832 2845 1910 2877 cod.
1930 2854 2009 2877 esse

245 2906 404 2936 testatur.
433 2923 467 2926 —
494 2905 546 2936 20.
573 2912 649 2934 mas
674 2903 698 2933 C
725 2909 815 2933 corr.
836 2909 877 2931 ex
902 2907 977 2929 raas
1004 2914 1038 2919 -
1065 2897 1118 2928 21.
1146 2904 1341 2926 Lirimxissrs
1368 2896 1405 2926 (2¹
1432 2911 1468 2916 —
1494 2896 1675 2927 22.1a1rua
1694 2896 1751 2927 C‘2:
1779 2904 1888 2931 1NQL⁷1T
1914 2894 1952 2926 C¹
1972 2912 2007 2917 —-

1164 2958 1170 2963 -
1187 2961 1191 2965 .
1206 2950 1234 2966 .0
1251 2958 1549 2967 ................
1838 2956 1844 2963 ·

244 2986 296 3017 23.
316 2994 484 3016 aarrcrrn
512 2986 549 3022 C,
573 2982 686 3014 deleta
705 2992 724 3015 1)
753 2999 787 3003 -—
815 2985 1551 3012 namsnnaoxownwamruxnnmsssaoimmr
1575 2983 2009 3007 artoisraooxoaaraonaasss

246 3038 290 3073 C;
319 3037 485 3076 apparent
511 3033 715 3064 lineolarum
740 3032 896 3071 vestigia,
923 3028 1051 3069 quibus
1076 3026 1234 3058 deleatur
1258 3027 1353 3066 prius
1374 3024 1456 3056 illud
1481 3035 1665 3058 MAtiiSERGO
1691 3043 1726 3049 -
1753 3026 1844 3066 Ergo
1860 3042 1908 3048 --
1924 3027 2009 3056 tene-

244 3090 315 3118 rent
339 3086 450 3117 onmia
474 3085 603 3116 Nonius
628 3092 660 3124 p.
677 3082 739 3114 233
777 3099 810 3103 ——
848 3090 913 3111 aon
935 3078 1096 3119 probares
1119 3077 1251 3113 Osann,
1286 3078 1322 3107 ut
1353 3077 1406 3107 est
1437 3075 1529 3117 apud
1554 3077 1703 3108 Nonium
1727 3077 1762 3107 et
1786 3083 1875 3106 corr.
1902 3075 1936 3105 in
1960 3074 2004 3106 C:

988 3134 1002 3149 Β
1165 3132 1181 3146 Δ
1268 3142 1272 3146 .

244 3177 309 3199 non
330 3166 475 3206 profecto
496 3164 654 3203 probares
679 3163 759 3195 edd.
800 3179 834 3184 -
872 3160 925 3193 24.
953 3166 1488 3194 Lirimaeso[izsuxixunnnfflnnsss
1513 3157 1538 3188 C
1565 3173 1599 3178 —
1633 3155 1792 3187 lubidines
1814 3155 1944 3187 Nonius
1969 3170 2004 3176 -·

244 3216 440 3248 iracundiae
463 3222 547 3253 quae
571 3214 674 3245 codd.
701 3213 799 3244 Nonii
838 3229 872 3233 —
910 3218 1076 3241 rssxssifflar
1102 3208 1158 3239 C21
1192 3216 1315 3238 rizans-r
1341 3206 1379 3239 C¹
1419 3225 1455 3230 —
1496 3206 1550 3237 25.
1576 3205 1699 3247 animo]
1725 3211 2007 3237 ΑΜΜοΝιΗιιιΊ-Αο

1564 3262 1603 3277 ΙΗΙ

246 3304 371 3329 Minoa
395 3296 441 3337 C,
477 3294 541 3327 sed
567 3292 702 3326 deletae
727 3293 860 3325 litterae
886 3300 1010 3324 omnes
1033 3291 1113 3332 post
1136 3290 1233 3331 prius
1257 3297 1360 3322 Ammo
1386 3306 1422 3312 —
1448 3288 1502 3321 27.
1530 3296 1597 3320 MEO
1622 3287 1661 3320 C.
