2249 3624
346 155 427 197 3⁶20
815 158 1244 199 TUSCULANARUM
1272 157 1714 201 DISPUTATIONUM

347 263 488 316 Scipio
527 263 696 317 quidem
733 262 823 311 ille,
861 264 1050 317 pontifex
1080 278 1317 312 maxumus,
1360 265 1431 318 qui
1461 264 1542 304 hoc
1574 264 1810 305 Stoicorum
1839 278 1983 305 verum
2015 279 2105 306 esse

345 324 592 372 declaravit,
623 338 851 378 numquam
881 326 1086 380 privatum
1117 340 1208 367 esse
1239 326 1495 380 sapientem,
1526 326 1659 366 iratus
1690 326 1854 367 videtur
1883 326 2012 367 fuisse
2047 328 2110 367 Ti.

345 387 530 427 Graccho
562 393 666 434 tum,
699 401 791 427 cum
824 389 1036 428 consulem
1069 390 1335 442 languentem
1366 388 1538 442 reliquit
1557 394 1684 442 atque
1715 390 1805 442 ipse
1835 389 2035 442 privatus,
2066 394 2113 429 ut

345 450 379 489 si
411 449 556 489 consul
588 455 717 497 esset,
759 451 832 504 qui
863 464 950 491 rem
980 451 1188 505 publicam
1220 451 1375 491 salvam
1407 464 1500 490 esse
1532 450 1706 499 vellent,
1745 464 1788 490 se
1820 451 1937 506 sequi
1978 452 2112 492 iussit.

313 510 410 554 55⁶2.
441 513 589 551 Nescio
622 512 771 566 ecquid
802 513 881 566 ipsi
912 527 988 553 nos
1018 511 1180 553 fortiter
1209 513 1252 552 in
1284 526 1327 552 re
1359 512 1525 566 publica
1553 510 1799 552 fecerimus:
1832 514 1867 553 si
1889 513 1988 566 quid
2010 513 2111 554 feci-

344 586 453 620 mus,
495 578 604 613 certe
643 574 736 613 irati
768 588 850 615 non
880 574 1064 615 fecimus.
1110 576 1173 614 An
1205 581 1266 615 est
1296 575 1523 628 quicquam
1555 574 1730 615 similius
1762 575 1956 615 insaniae
1986 589 2111 629 quam

343 636 431 674 ira‘?
463 649 586 689 quam
610 636 715 675 bene
735 637 895 677 Ennius
916 638 1079 678 initium
1101 637 1206 677 dixit
1226 637 1427 677 insaniae.
1469 636 1606 685 Color,
1639 650 1735 685 VOX,
1767 637 1893 685 oculi,
1926 637 2112 691 spiritus,

343 697 575 749 inpotentia
613 698 818 738 dictorum
858 712 906 739 ac
943 699 1147 740 factorum
1190 712 1314 753 quam
1356 704 1514 752 partem
1547 699 1705 739 habent
1735 699 1954 740 sanitatis?
2000 698 2112 748 Quid

341 759 501 799 Achille
538 760 762 800 Homerico
799 761 987 810 foedius,
1029 762 1131 816 quid
1170 762 1482 814 Agamemnone
1522 762 1565 801 in
1606 761 1776 815 iurgio?
1816 773 1912 801 nam
1943 762 2111 801 Aiacem

294 821 512 876 mquidem
541 822 601 861 ira
632 823 683 862 ad
712 822 896 863 furorem
928 829 1189 877 mortemque
1220 823 1428 876 perduxit.
1475 824 1568 863 Non
1600 823 1729 876 igitur
1758 823 1969 863 desiderat
1998 823 2113 863 forti-

344 884 442 924 tudo
475 883 718 925 advocatam
748 885 1030 926 iracundiam:
1062 886 1162 926 satis
1193 891 1256 926 est
1284 886 1506 933 instructa,
1538 891 1702 939 parata,
1734 890 1889 926 armata
1912 898 1985 939 per
2007 898 2112 925 sese.

341 949 444 986 Nam
475 947 554 987 isto
586 947 757 1001 quidem
788 948 914 988 modo
945 949 1043 988 licet
1072 947 1208 988 dicere
1244 948 1388 987 utilem
1419 947 1691 987 vinolentiam
1722 947 1774 987 ad
1805 947 2112 995 fortitudinem,

342 1009 485 1049 utilem
528 1010 651 1049 etiam
691 1009 962 1059 dementiam,
1005 1010 1119 1064 quod
1160 1014 1201 1050 et
1238 1010 1374 1049 insani
1415 1015 1454 1049 et
1494 1009 1598 1050 ebrii
1641 1009 1771 1049 multa
1800 1009 1958 1049 faciunt
1988 1021 2112 1063 saepe

342 1072 644 1112 vehementius.
693 1072 865 1125 Semper
894 1074 999 1113 Aiax
1030 1070 1166 1120 fortis,
1198 1071 1449 1112 fortissimus
1482 1077 1622 1112 tamen
1654 1071 1697 1111 in
1727 1071 1898 1121 furore3
1932 1085 2027 1112 nam

294 1151 328 1178 ⁴5
455 1157 508 1161 -
538 1133 755 1174 facinus
786 1134 915 1175 fecit
945 1134 1244 1182 maximum,
1276 1147 1386 1174 cum
1418 1135 1610 1174 Danais
1641 1133 2048 1174 inclinantibus

455 1196 699 1236 Summam
730 1210 835 1237 rem
867 1196 1120 1250 perfecit,
1161 1210 1305 1237 manu
1337 1210 1430 1237 sua
1459 1196 1715 1237 restituit
1744 1196 2008 1250 proelium

454 1258 746 1299 Insaniens.

453 1320 604 1359 XXIV.
637 1318 702 1360 53.
734 1321 928 1361 Dicamus
959 1321 1084 1374 igitur
1113 1321 1259 1361 utilem
1290 1321 1526 1362 insaniam?
1558 1323 1706 1362 Tracta
1735 1319 1998 1361 definitiones
2029 1320 2113 1361 for-

340 1383 553 1423 titudinis:
586 1382 803 1436 intelleges
836 1397 926 1423 eam
957 1384 1169 1424 stomacho
1202 1397 1286 1423 non
1318 1397 1454 1436 egere.
1501 1383 1718 1424 Fortitudo
1751 1388 1813 1424 est
1842 1384 1968 1436 igitur
1998 1383 2112 1424 adfe-

342 1446 423 1485 ctio
455 1445 582 1485 animi
613 1445 694 1498 legi
727 1459 913 1486 summae
950 1446 991 1485 in
1033 1445 1314 1499 perpetiendis
1346 1446 1470 1486 rebus
1502 1446 1816 1499 obtemperans,
1848 1446 1913 1486 vel
1945 1459 2111 1486 conser-

289 1520 326 1548 20
340 1507 450 1548 vatio
482 1507 641 1547 stabilis
672 1508 815 1548 iudicii
845 1509 888 1548 in
920 1508 980 1548 eis
1010 1508 1157 1556 rebus,
1190 1521 1297 1562 quae
1324 1507 1623 1548 formidolosae
1645 1507 1852 1556 videntur,
1883 1507 2110 1548 subeundis

341 1575 382 1610 et
419 1568 689 1623 repellendis,
728 1571 795 1610 vel
834 1571 1008 1611 scientia
1038 1584 1176 1611 rerum
1218 1570 1586 1611 formidolosarum
1618 1570 2008 1623 contrariarumque
2039 1574 2111 1609 aut

339 1633 508 1672 omnino
549 1631 923 1684 neglegendarum,
966 1645 1218 1672 conservans
1256 1645 1397 1673 earum
1437 1646 1575 1672 rerum
1611 1633 1757 1673 stabile
1788 1632 2011 1680 iudicium,
2042 1631 2109 1671 vel

339 1694 528 1741 brevius,
572 1700 616 1733 ut
657 1694 913 1747 Chrysippus
944 1717 998 1722 —
1033 1708 1129 1734 nam
1169 1696 1408 1749 superiores
1453 1695 1718 1734 definitiones
1759 1700 1877 1735 erant
1919 1695 2108 1747 Sphaeri,

339 1757 518 1796 hominis
551 1757 592 1795 in
624 1756 767 1809 primis
798 1756 902 1796 bene
936 1754 1194 1805 definientis,
1225 1763 1269 1797 ut
1300 1762 1448 1811 putant
1479 1757 1631 1805 Stoici3
1666 1762 1762 1797 sunt
1792 1758 1903 1797 enim
1935 1757 2106 1797 omnino

288 1832 324 1861 25
339 1833 482 1860 omnes
512 1818 599 1858 fere
631 1819 808 1867 similes,
839 1819 912 1859 sed
944 1819 1155 1859 declarant
1187 1820 1418 1860 communis
1448 1820 1661 1867 notiones,
1693 1819 1775 1860 alia
1799 1819 1929 1873 magis
1951 1819 2032 1860 alia
2053 1841 2108 1847 —

426 2038 455 2068 4.
479 2036 641 2076 pontufex
666 2037 689 2066 G
705 2036 729 2067 R
755 2054 796 2058 —-
820 2035 1028 2067 stoicicorum
1053 2036 1077 2066 G
1092 2037 1134 2073 Β,
1160 2037 1252 2067 stoici
1276 2044 1417 2076 quorum
1443 2035 1632 2076 (superscr.
1653 2033 1730 2066 ead.
1749 2043 1797 2066 m.
1816 2034 2002 2074 stoicorum)
2027 2035 2052 2067 B
2071 2052 2105 2058 -

338 2087 368 2118 3.
394 2087 518 2128 gracho
544 2087 567 2116 C
595 2103 628 2107 -—
658 2085 687 2117 4.
714 2086 810 2116 salua
835 2086 897 2117 GR
926 2104 959 2107 —
987 2086 1081 2117 uellet
1105 2085 1129 2116 C
1145 2086 1188 2125 Ο,
1217 2087 1336 2126 «quasi
1363 2094 1445 2117 vero
1470 2093 1578 2117 unum
1597 2083 1750 2124 aliquem
1767 2093 1805 2116 se
1829 2085 1930 2125 sequi
1947 2083 2107 2125 voluerit,

338 2145 378 2167 ac
403 2145 471 2167 non
497 2144 639 2171 omnes,
675 2136 889 2175 quicumque
915 2144 991 2166 reni
1023 2144 1056 2175 p.
1084 2133 1217 2166 salvam
1242 2134 1381 2167 vellent.
1419 2136 1489 2176 Ego
1519 2134 1634 2167 scribo
1659 2135 1796 2173 vellent,
1829 2136 1867 2166 ut
1890 2143 2033 2176 semper
2056 2134 2111 2166 est

337 2188 369 2217 in
394 2185 553 2218 sollemni
579 2186 644 2215 hac
670 2186 837 2216 «extremi
862 2193 903 2215 ac
927 2184 1117 2216 difficillimi
1142 2186 1331 2226 temporis»
1350 2195 1450 2223 voce,
1477 2194 1546 2226 qua
1571 2186 1666 2217 cives
1691 2185 1734 2216 ad
1759 2193 1835 2216 rem
1859 2193 1893 2225 p.
1913 2184 2110 2216 defenden-

336 2235 417 2266 dam
448 2234 675 2265 vocabantur.
714 2234 763 2266 Cf.
790 2234 834 2265 (le
866 2234 992 2265 eadem
1025 2243 1060 2265 re
1086 2236 1231 2275 Appian.
1268 2237 1302 2266 Β.
1330 2237 1402 2267 Civ.
1430 2236 1460 2274 Ι,
1488 2235 1550 2266 46ῑ
1590 2229 1928 2272 ἐβόα--ἕπεσθαί
1959 2233 1998 2265 οἱ
2019 2231 2110 2274 τοὺς

334 2284 536 2325 ἐθέλοντας
561 2282 751 2324 σώζεσθαι
776 2282 843 2326 τήν
868 2283 1039 2330 πατρίδα.
1072 2284 1159 2317 Plut.
1186 2286 1233 2317 Ti.
1261 2285 1409 2317 Gracch.
1439 2285 1496 2317 49:
1533 2284 1572 2315 οἱ
1601 2282 1835 2326 βουλόμενοι
1866 2286 1946 2324 τοῖς
1975 2281 2110 2326 νόμοις

333 2334 493 2376 βοηθεῖν
525 2331 782 2365 ἀκολουθεῖτε.
821 2332 939 2365 Vellei.
966 2336 1101 2365 Patere.
1129 2335 1174 2372 ΙΙ,
1202 2335 1242 2365 2:
1277 2335 1428 2367 hortatus
1450 2338 1516 2374 est,
1543 2335 1599 2375 qui
1622 2335 1750 2366 salvam
1772 2335 1889 2366 vellent
1912 2343 1982 2366 rem
2002 2344 2052 2374 p.,
2078 2343 2111 2366 se

334 2389 556 2425 sequerentur.
583 2383 696 2415 Valer.
717 2384 805 2415 Max.
826 2384 881 2421 ΙΙΙ,
900 2385 932 2421 ⁶2,
953 2385 1009 2414 47:
1039 2384 1100 2423 Qui
1124 2392 1192 2415 rem
1214 2393 1247 2423 p.
1266 2385 1394 2416 salvam
1417 2393 1482 2417 esse
1504 2385 1633 2423 volunt,
1660 2394 1711 2417 me
1733 2386 1924 2424 sequantur.
1951 2383 1994 2415 de
2011 2383 2110 2415 simi·

336 2435 423 2466 {ibus
450 2434 555 2466 rebus
581 2435 651 2465 Cic.
678 2442 712 2474 p.
740 2433 777 2464 C.
804 2432 941 2463 Rabirio
966 2434 986 2472 ᾖ
1011 2434 1069 2464 20:
1109 2434 1164 2472 qui
1187 2442 1257 2465 rem
1277 2443 1311 2473 p.
1337 2435 1467 2466 salva-m
1490 2443 1555 2466 esse
1579 2435 1716 2473 vellent,
1743 2451 1792 2457 --
1808 2443 1840 2466 se
1862 2434 1954 2473 sequi
1985 2432 2105 2465 iubent.

336 2486 468 2524 fragm.
496 2483 633 2516 Cornel.
661 2493 695 2524 p.
721 2484 761 2514 75
786 2482 841 2514 ed.
869 2483 946 2514 Or.:
981 2484 1037 2522 qui
1060 2491 1129 2514 rem
1157 2492 1191 2522 p.
1218 2484 1347 2515 salvam
1375 2493 1440 2516 esse
1460 2484 1594 2523 vellent,
1621 2487 1657 2515 ut
1673 2501 1724 2507 —-
1741 2484 1899 2515 adessent.
1934 2491 1967 2523 p.
1993 2482 2105 2514 Sestio

334 2535 352 2575 ἕ,
371 2535 443 2565 1228.
472 2535 583 2565 Pison.
605 2533 622 2573 g
641 2532 693 2565 34.
720 2542 754 2574 p.
774 2532 874 2563 redit.
894 2533 926 2563 in
951 2534 1075 2564 senatu
1093 2533 1111 2573 ἓ
1130 2532 1182 2564 24.
1211 2534 1281 2564 Liv.
1301 2533 1356 2571 IV,
1375 2534 1426 2571 38,
1446 2535 1499 2566 2.»
1519 2535 1573 2566 W.
1593 2551 1634 2557 —
1659 2534 1690 2565 6.
1714 2534 1848 2565 insania
1871 2533 1896 2563 G
1912 2532 1936 2563 R
1957 2549 1992 2554 —
2015 2531 2046 2563 8.
2066 2540 2107 2562 ac

335 2586 380 2615 C:
407 2588 503 2624 atquc
521 2585 545 2615 O
565 2601 599 2605 -
629 2585 679 2615 ⁴2.
704 2584 800 2614 modo
817 2583 947 2623 quidem
964 2583 987 2613 C
1000 2583 1037 2614 O.
1066 2583 1211 2614 «Cicero
1236 2583 1373 2623 scripsit
1398 2583 1473 2614 sine
1491 2582 1598 2614 dubio
1617 2583 1747 2622 quidem
1763 2583 1879 2619 modo;
1906 2580 1948 2613 cf.
1968 2580 2105 2621 Madvig

334 2634 376 2664 ad
396 2635 464 2665 Fin.
484 2635 525 2665 IV
545 2634 562 2674 g
581 2635 633 2665 77.
661 2633 736 2665 Vid.
755 2642 827 2664 var.
848 2631 926 2664 lect.
953 2632 996 2663 ad
1015 2633 1054 2671 II,
1075 2632 1104 2662 i.
1124 2632 1176 2663 ⁴9.
1204 2631 1243 2669 V,
1266 2633 1318 2663 Μ.
1348 2631 1449 2670 Quod
1473 2631 1598 2672 legitur
1615 2632 1658 2664 de
1678 2633 1748 2664 Fin.
1768 2633 1793 2672 1,
1813 2631 1854 2664 64
1877 2639 1917 2662 ne
1940 2630 1973 2661 id
1996 2631 2105 2670 ipsum

334 2684 462 2722 quidem
486 2684 640 2723 eaepeciire
658 2687 793 2723 possunt
816 2683 903 2723 quod
927 2682 1087 2713 disserunt
1111 2682 1159 2720 (2
1183 2690 1225 2713 ne
1251 2681 1285 2713 id
1310 2683 1437 2722 ipsum.
1465 2682 1560 2723 quod
1584 2682 1779 2719 disserunt,
1811 2680 1967 2721 quidem,
1995 2679 2036 2711 cf.
2065 2681 2102 2711 T.

335 2734 372 2763 D.
400 2734 454 2771 ΙΙΙ,
486 2733 532 2764 19.
559 2742 593 2773 p.
622 2734 724 2764 Caec.
752 2732 770 2772 g
795 2732 846 2763 63.
874 2740 907 2772 p.
934 2731 1019 2762 Mur.
1048 2730 1066 2770 g
1090 2730 1162 2769 36),
1189 2730 1222 2761 id
1248 2729 1334 2762 alius
1360 2733 1497 2771 generis
1522 2733 1594 2770 est,
1623 2731 1666 2763 de
1693 2740 1762 2772 quo
1787 2730 1830 2763 cf.
1856 2733 1894 2763 A.
1913 2729 2103 2761 Grotefend

335 2784 359 2813 ΙΙ
386 2792 418 2823 p.
439 2782 500 2813 '166
518 2784 608 2813 cet.»
636 2783 688 2813 W.
717 2782 766 2814 Cf.
787 2781 814 2811 V
833 2780 850 2821 g
869 2780 921 2812 40.
944 2798 978 2803 —
1004 2780 1223 2811 uinulentiam
1248 2780 1271 2811 C
1294 2797 1329 2800 —
1357 2780 1408 2812 ⁴4.
1435 2790 1514 2812 nam
1540 2782 1663 2822 poetae
1688 2780 1809 2812 tribuit
1833 2780 1858 2811 Ο
1885 2796 1920 2801 -
1948 2778 1999 2810 46.
2024 2787 2107 2818 per-

331 2832 423 2872 fecit,
456 2840 558 2862 manu
585 2840 647 2862 sua
677 2831 818 2863 restituit
841 2829 1006 2870 proelium
1028 2829 1197 2860 Insaniens
1221 2827 1306 2860 God.
1334 2829 1556 2861 Hermannus
1584 2831 1721 2871 (Opusc.
1749 2830 1825 2867 VII,
1853 2828 1946 2867 385):
1977 2828 2107 2869 perficit

332 2889 450 2911 manus
476 2880 638 2919 proelium
669 2881 809 2912 restituit
839 2879 1005 2911 insaniens
1029 2879 1053 2909 C
1082 2878 1158 2918 (nisi
1184 2877 1278 2919 quod
1305 2879 1328 2909 R
1351 2878 1458 2910 habet
1481 2880 1672 2921 insaniem);
1703 2879 1838 2920 perfecit
1859 2885 1980 2916 manu,
2006 2877 2105 2908 resti-

332 2931 394 2961 luit
414 2929 575 2969 proelium
599 2930 763 2960 insaniens
787 2929 811 2960 O
841 2946 875 2951 —
901 2929 954 2960 21.
972 2928 1298 2966 contrariarumque,
1319 2929 1596 2969 perferendarum
1613 2933 1670 2961 aut
1693 2930 1719 2962 Ο
1739 2947 1773 2952 -
1798 2928 1852 2960 23.
1877 2927 1986 2968 spheri
2010 2927 2035 2959 C
2064 2943 2099 2950 --

332 2981 385 3011 Ι25.
415 2980 588 3010 «declarat
617 2979 815 3019 Tregderus
840 2987 882 3010 ex
906 2978 1108 3010 coniectura
1130 2976 1286 3008 Lambini
1312 2985 1381 3009 non
1407 2978 1513 3010 modo
1538 2978 1664 3018 inutili,
1691 2978 1755 3011 sed
1778 2985 1897 3019 prava.
1933 2976 2103 3014 Quoniam

334 3038 396 3071 per
419 3030 551 3059 omnino
568 3046 585 3051 -
600 3030 654 3060 sed
678 3029 747 3060 duo
772 3027 839 3065 illa,
866 3036 956 3068 quae
981 3027 1025 3059 de
1050 3027 1196 3068 Sphaeri
1220 3026 1481 3060 definitionibus
1506 3030 1733 3060 enuntiantur
1757 3030 1841 3068 (sunt
1859 3025 2003 3066 quidem
2028 3025 2101 3058 sere

333 3077 483 3116 similes,
510 3077 572 3109 sed
598 3086 804 3109 communes
829 3078 988 3108 notiones
1013 3085 1081 3108 non
1106 3085 1219 3117 aeque
1245 3075 1336 3107 bene
1361 3077 1561 3118 declarant),
1593 3079 1683 3110 inter
1705 3086 1743 3110 se
1767 3077 2012 3119 opponuntur,
2039 3084 2103 3107 ne-

333 3136 433 3159 cesse
465 3129 532 3163 est=
569 3129 606 3157 ut
636 3136 744 3158 omncs
774 3127 946 3167 appositio
970 3127 1024 3158 est
1047 3125 1195 3157 subiecti
1220 3126 1252 3156 in
1276 3128 1352 3156 sunt
1374 3125 1530 3165 latentis,
1565 3127 1615 3158 sic
1639 3127 1709 3158 alia
1734 3135 1802 3158 non
1827 3133 1892 3166 per
1918 3133 1956 3157 se
1987 3125 2102 3166 ipsum

333 3175 531 3208 subiectum
557 3175 696 3207 alterius
720 3175 820 3207 verbi
844 3183 940 3213 esse,
967 3175 1031 3207 sed
1048 3175 1245 3206 communis
1261 3174 1409 3206 subiecti
1427 3177 1681 3217 appositionem
1700 3175 1752 3216 (cs.
1772 3174 1909 3215 Madvig
1926 3176 1980 3206 Gr.
2002 3174 2020 3214 5
2036 3174 2099 3205 ΞΠ

333 3235 366 3257 n.
388 3227 430 3264 i).
463 3224 562 3263 Quod
586 3226 614 3256 si
639 3226 683 3255 ita
709 3226 777 3262 est,
804 3225 951 3256 declarat
974 3226 1048 3256 tum
1066 3224 1211 3256 demum
1228 3223 1414 3256 ferendum
1433 3227 1526 3264 erat,
1553 3226 1581 3257 si
1599 3224 1685 3257 ordo
1703 3224 1896 3257 verborum
1912 3222 1967 3255 ille
1985 3223 2098 3255 esset:

332 3276 386 3308 sed
409 3283 593 3307 communes
616 3275 763 3307 nationes
786 3274 855 3307 alia
876 3275 984 3316 mayis
1006 3274 1077 3306 alia
1100 3273 1264 3313 declarat,
1291 3272 1334 3305 de
1361 3280 1430 3314 quo
1454 3274 1651 3307 structurae
1675 3281 1805 3314 genere
1831 3272 1873 3306 ci.
1892 3271 2031 3313 Madvig
2055 3270 2100 3303 ad

2228 3242 2243 3624 *Vq—h*
2228 3362 2229 3365 Α
2230 3331 2231 3335 ⁴
2230 3300 2231 3309 ⁴
2232 2981 2245 3239 -un-——w—-r
2234 3082 2235 3086 Α
2234 3059 2235 3065 ⁴
2234 2844 2247 2980 a-›-;-2·
2244 2814 2247 2824 e
2238 2756 2239 2764 ⁴
