2249 3624
234 221 342 265 4054
971 226 1253 269 CICERONIS

230 329 569 384 Languificosque
595 330 675 368 Leo
704 330 849 382 proflat
876 330 985 368 serus
1014 342 1084 369 ore
1112 330 1283 370 calores.

230 392 326 430 Post
351 391 554 430 modicum
584 392 771 443 quatiens
799 393 920 443 Virgo
947 392 1057 442 fugat
1084 398 1170 433 orta
1203 406 1410 444 vaporem.

230 454 422 492 Autumni
449 460 607 494 reserat
633 461 772 506 portas
801 461 1035 506 aequatque
1063 454 1208 496 diurna

230 517 429 567 Tempora
455 518 663 556 nocturnis
692 516 888 568 dispenso
917 517 1052 556 sidere
1083 517 1217 568 Libra,

229 579 278 616 Et
303 579 405 617 fetos
434 591 569 618 ramos
597 578 780 618 denudat
806 579 967 618 flamma
996 581 1136 631 Nepa‘i'.
1946 587 1991 625 10

228 641 343 691 Pigra
373 641 664 692 Sagittipotens
692 640 890 680 iaculatur
919 642 1063 692 frigora
1098 644 1232 681 terris.

227 703 373 741 Bruma
402 702 495 753 gelu
522 703 702 753 glacians
728 703 871 742 iubare
901 705 1030 755 spirat
1058 705 1317 757 Capricorni:

228 766 357 811 Quam
386 766 571 816 sequitur
599 765 771 804 nebulas
800 779 942 805 rorans
971 766 1104 817 liquor
1131 767 1236 806 altus
1264 769 1440 818 Aquari:

227 828 354 866 Tanta
383 839 506 878 supra
535 828 725 878 circaque
755 829 781 877 -Ι-
809 829 946 878 vigent
973 828 1043 867 ubi
1071 829 1250 868 flumina.
1306 830 1440 868 Mundi

227 892 277 928 At
308 888 450 928 dextra
478 889 677 941 laevaque
707 891 785 928 ciet
813 896 899 929 rota
928 891 1078 942 fulgida
1107 892 1212 931 Solis
1945 895 1989 935 15

227 952 372 991 Mobile
401 952 661 1002 curriculum,
692 959 731 991 et
756 955 893 993 Lunae
921 954 1137 994 simulacra
1171 956 1367 995 seruntur.

229 1016 408 1066 Squama
435 1015 512 1054 sub
543 1021 710 1055 aeterno
739 1022 963 1067 conspectu
992 1023 1096 1056 torta
1129 1018 1324 1057 Draconis

226 1077 405 1116 Eminet:
436 1078 539 1117 hanc
566 1079 671 1116 inter
698 1078 918 1129 fulgentem
948 1078 1083 1118 sidera
1115 1085 1275 1131 septem

226 1140 369 1191 Magna
397 1142 525 1192 quatit
551 1141 741 1191 stellans⁷
772 1154 894 1192 quam
924 1154 1094 1181 servans
1124 1155 1241 1181 serus
1269 1143 1309 1181 in
1345 1142 1423 1182 alta

228 1202 426 1242 Conditur
455 1204 607 1242 Oceani
635 1204 721 1255 ripa
751 1216 841 1242 cum
870 1203 961 1242 luce
988 1206 1150 1243 Bootes.
1937 1208 1985 1246 20

327 1267 619 1315 (Burmanni
648 1266 806 1305 Anthol.
837 1268 921 1306 Lat.
953 1266 978 1305 l.
1009 1268 1054 1307 V.
1086 1268 1160 1319 Ep.
1191 1269 1252 1307 41.
1282 1268 1326 1307 Τ.
1357 1268 1392 1307 2.
1422 1280 1462 1319 p.
1494 1267 1595 1317 318.)

508 1392 647 1434 XVIII.
708 1393 937 1435 EIUSDEM
969 1393 1068 1436 AUT
1100 1393 1250 1436 ALIUS
1285 1393 1659 1436 EPIGRAMMATA

783 1487 852 1528 DE
883 1486 1066 1530 AMORE
1099 1485 1412 1530 FEMlNARUM.

1088 1579 1122 1617 1.

225 1654 357 1696 Crede
384 1660 513 1695 ratem
541 1655 688 1705 ventis,
717 1655 894 1694 animum
922 1666 975 1692 ne
1003 1653 1127 1692 crede
1163 1653 1336 1705 puellis:

324 1719 508 1769 Namque
537 1723 600 1757 est
626 1717 799 1757 feminea
828 1719 948 1756 tutior
975 1715 1084 1756 unda
1113 1715 1207 1755 fide.

1089 1805 1125 1844 2.

224 1880 388 1919 Femina
414 1879 524 1919 nulla
551 1879 658 1918 bona
688 1884 750 1918 est
776 1884 829 1929 et,
862 1879 893 1917 si
922 1878 1028 1917 bona
1059 1879 1226 1929 contigit
1252 1877 1354 1928 ulla,

324 1944 471 1981 Nescio
500 1955 580 1994 quo
609 1943 687 1981 fato
717 1954 783 1980 res
812 1941 915 1981 mala
945 1943 1047 1981 facta
1083 1942 1204 1981 bona.

226 2005 374 2054 (Ibid.
413 2004 438 2044 l.
480 2007 547 2043 111.
587 2005 662 2056 Ep.
702 2007 762 2045 88.
798 2005 840 2043 T.
883 2006 915 2043 1.
947 2017 986 2055 p.
1016 2004 1102 2044 541.
1133 2010 1351 2054 utrumque
1378 2003 1564 2053 iungens.
1593 2002 1734 2041 Divisit
1760 2003 1981 2052 Lemaire.)

669 2394 744 2455 H.
822 2391 1545 2450 FRAGMENTA

714 2542 1036 2585 LIBRORUM
1068 2541 1487 2584 INCERTORUM.

742 2785 771 2828 I.
813 2785 843 2828 E
889 2784 1056 2828 LIBRIS
1107 2784 1438 2827 RHETORICIS.

327 2895 359 2933 1.
415 2892 575 2931 Meliora
604 2896 811 2943 unguenta
840 2895 953 2939 sunt,
984 2900 1090 2940 quae
1118 2893 1296 2936 terram,
1326 2901 1447 2940 quam
1477 2899 1582 2939 quae
1611 2899 1773 2926 crocum
1803 2887 1979 2939 sapiunt.

229 2955 450 3004 (Plinius
490 2956 535 2994 H.
573 2955 619 2993 N.
658 2953 684 2993 l.
725 2954 832 2992 XIII.
873 2965 906 2991 c.
946 2952 981 2990 4.
1023 2952 1101 3000 (3.)
1129 2950 1154 2990 l.
1185 2951 1304 2990 XVII.
1336 2963 1369 2989 c.
1399 2951 1435 2989 5.
1467 2950 1515 2988 cf.
1547 2950 1642 2989 Cic.
1675 2948 1726 2988 de
1755 2949 1824 2988 Or.
1854 2949 1880 2987 l.
1909 2951 1978 2989 111.

228 3031 263 3057 c.
293 3018 353 3057 25.
385 3018 420 3067 ἓ.
451 3019 534 3064 99.)

327 3081 362 3118 2.
418 3080 467 3118 Et
510 3080 652 3118 Cicero
695 3078 860 3130 quidem
911 3079 952 3117 in
1008 3077 1232 3117 Rhetoricis
1282 3076 1476 3115 iudicium
1527 3075 1702 3115 subiecit
1743 3074 1979 3115 inventioni.

197 3107 608 3191 5(Quintilianus
636 3143 672 3192 3,
702 3143 738 3191 3,
768 3143 803 3180 6.
835 3142 883 3180 cs.
914 3140 965 3179 de
994 3139 1109 3178 libris
1136 3139 1360 3178 Rhetoricis
1389 3138 1609 3187 Quintil.
1640 3139 1676 3185 3,
1706 3139 1742 3187 6,
1771 3137 1853 3188 64.)

315 3305 346 3336 5.
370 3303 538 3336 subiunxit
560 3302 747 3344 Spaldingii
769 3312 866 3345 susp.
