2249 3624
548 154 635 194 Lm.
667 154 718 194 ΙΙ.
760 153 855 195 ΟΑΡ.
887 154 1149 195 LIV—LVI.
1188 152 1247 206 §§
1281 150 1526 195 ll33—‘l-4O.
1839 153 1911 195 441

156 262 327 306 terendo
359 266 400 302 et
430 266 644 314 praeterea
674 261 821 313 spiritu
852 261 991 300 omnia
1022 266 1138 300 cocta
1170 266 1296 314 atque
1319 262 1508 301 confecta
1537 262 1576 302 in
1600 262 1808 315 reliquum
1832 276 1922 301 cor-

156 339 234 380 pus
265 324 514 364 dividantur.
574 323 656 363 LV.
691 324 733 362 ln
766 323 1036 375 pulmonibus
1068 330 1205 363 autem
1238 325 1345 364 inest
1377 326 1522 364 raritas
1555 325 1759 378 quaedam
1788 331 1828 363 et
1849 324 1922 363 ad-

156 387 303 430 similis
343 386 530 439 spongiis
573 385 793 426 mollitudo
834 385 884 424 ad
918 385 1191 426 hauriendum
1228 388 1421 439 spiritum
1453 388 1688 441 aptissima,
1731 387 1802 440 qui
1836 393 1920 425 tum

156 465 200 491 se
239 449 489 489 contrahunt
525 448 808 500 adspirantes,
851 454 934 486 tum
977 448 1156 487 intrante
1188 450 1335 502 spiritu
1370 450 1563 496 dilatant,
1608 456 1651 489 ut
1682 450 1923 502 frequenter

155 513 330 553 ducatur
361 511 477 550 cibus
509 510 721 556 animalis,
761 523 843 562 quo
877 511 1055 549 maxime
1088 511 1258 551 aluntur
1289 513 1534 551 animantes.
1598 510 1689 551 137.
1723 513 1784 550 Ex
1818 512 1951 549 inte-5

154 576 273 617 stinis
305 580 441 614 autem
475 580 660 613 secretus
691 587 714 612 a
747 573 908 624 reliquo
941 572 1029 610 cibo
1062 586 1185 611 surus
1219 575 1272 619 is,
1307 589 1390 627 quo
1423 576 1593 622 alimur,
1628 580 1843 627 permanat
1871 572 1921 611 ad

153 638 266 678 iecur
297 651 370 689 per
402 636 603 690 quasdam
635 649 656 674 a
690 636 828 675 medio
862 634 1060 673 intestino
1093 649 1224 688 usque
1248 636 1297 675 ad
1326 644 1464 688 portas
1487 639 1633 676 iecoris
1656 661 1706 666 —
1732 637 1790 675 sir
1812 638 1922 675 enim

152 700 415 754 appellantur
444 721 497 727 —
529 698 674 737 ductas
715 703 755 736 et
793 697 972 735 directas
1011 697 1120 743 vias,
1163 713 1269 750 quae
1309 701 1517 751 pertinent
1558 701 1608 739 ad
1651 701 1765 739 ieeur
1801 700 1923 750 eique

152 762 392 803 adhaerent.
443 764 579 814 Atque
622 760 718 800 inde
760 760 866 798 aliae
907 763 915 771 “
945 762 952 777 ’
989 760 1244 811 pertinentes
1277 769 1395 807 sunt,
1429 777 1502 814 per
1533 776 1634 816 quas
1667 763 1776 802 radit
1807 762 1922 800 ribus

151 838 176 865 a
205 825 343 864 iecore
376 824 577 876 dilapsus.
629 823 689 861 Ab
723 836 770 861 eo
803 822 894 861 cibo
928 836 1018 860 rum
1052 829 1110 861 est
1152 830 1309 862 secreta
1342 824 1436 862 bilis
1469 826 1591 877 eique
1625 839 1808 870 umores,
1853 823 1973 876 quito

153 901 174 928 e
206 886 373 926 renibus
405 885 738 939 profunduntur,
771 884 932 937 reliqua
964 898 1007 923 se
1040 885 1081 923 in
1115 886 1359 936 sanguinem
1393 894 1557 926 vertunt
1588 889 1636 926 ad
1671 888 1923 939 easdemque

150 955 289 1003 portas
330 948 480 988 iecoris
519 948 760 993 confluunt,
803 948 853 986 ad
887 959 990 999 quas
1023 960 1167 985 omnes
1200 948 1291 986 eius
1325 949 1412 987 viae
1445 950 1673 1001 pertinent,
1717 963 1789 1001 per
1820 962 1923 1000 quas

151 1012 290 1064 lapsus
323 1011 438 1051 cibus
470 1010 510 1049 in
544 1010 623 1049 hoc
655 1010 747 1061 ipso
779 1009 871 1048 loco
904 1009 945 1047 in
981 1023 1070 1048 eam
1095 1023 1259 1056 venam,
1293 1025 1399 1063 qum·
1423 1025 1522 1050 cava
1545 1012 1795 1063 appellatur,
1827 1024 1924 1048 con-

149 1073 341 1115 funditur
372 1085 529 1126 perque
561 1086 649 1112 eam
682 1072 731 1111 ad
765 1085 835 1111 cor
867 1071 1080 1111 consectus
1112 1072 1192 1111 iam
1217 1079 1443 1125 coctusque
1469 1075 1716 1126 perlabitur,
1751 1087 1771 1111 a
1797 1072 1923 1111 corde

149 1142 287 1178 autem
319 1136 358 1175 in
392 1142 525 1175 totum
559 1148 711 1187 corpus
744 1134 1007 1174 distribuitur
1038 1148 1112 1186 per
1142 1148 1268 1173 venas
1291 1135 1516 1175 admodum
1542 1136 1691 1175 multas
1716 1137 1974 1174 1110111110515

149 1205 288 1253 partes
322 1199 508 1251 corporis
541 1198 813 1250 pertinentes.
883 1194 969 1235 138.
1004 1197 1138 1244 Quem
1171 1196 1222 1235 ad
1255 1198 1425 1237 modum
1456 1205 1592 1237 autem
1616 1199 1818 1251 reliquiae
1842 1198 1923 1236 cibi

149 1261 414 1314 depellantur
444 1267 529 1300 tum
562 1259 888 1311 astringentibus
911 1273 955 1298 se
977 1259 1210 1305 intestinis,
1244 1265 1328 1299 tum
1353 1260 1659 1307 relaxantibus,
1691 1260 1800 1300 haud
1825 1274 1924 1299 sane

149 1324 320 1364 difficile
361 1325 472 1363 dictu
515 1327 598 1370 est,
641 1322 714 1361 sed
747 1328 883 1362 tamen
916 1322 1267 1374 praetereundum
1300 1329 1384 1369 est,
1417 1337 1468 1361 ne
1501 1325 1601 1375 quid
1634 1324 1784 1363 habeat
1816 1323 1924 1361 iniu-

150 1387 372 1428 cunditatis
404 1385 554 1425 oratio.
606 1385 681 1424 llla
713 1385 851 1438 potius
884 1384 1119 1437 explicetur
1141 1385 1399 1424 incredibilis
1427 1385 1579 1425 fabrica
1601 1392 1795 1426 naturae:
1830 1400 1922 1425 nam

149 1462 257 1503 quae
299 1448 448 1502 spiritu
489 1448 530 1486 in
572 1448 794 1500 pulmones
835 1448 972 1486 anima
1012 1446 1199 1495 ducitur,
1243 1460 1290 1486 ea
1330 1448 1499 1487 calescit
1539 1449 1716 1501 primum
1750 1450 1841 1501 ipso
1873 1449 1974 1488 ab2o

147 1512 318 1565 spiritu,
351 1510 503 1550 deinde
533 1510 784 1561 contagione
809 1510 1074 1562 pulmonum,
1107 1523 1160 1548 ex
1182 1523 1314 1562 eaque
1339 1524 1432 1562 pars
1455 1511 1643 1550 redditur
1664 1512 1923 1563 respirando,

147 1587 244 1628 pars
277 1573 507 1625 concipitur
538 1572 673 1612 cordis
706 1578 821 1624 parte
854 1572 1053 1625 quadam,
1087 1586 1210 1625 quem
1234 1573 1512 1612 ventriculum
1536 1574 1673 1612 cordis
1696 1574 1924 1626 appellant,

148 1637 216 1678 cui
247 1635 395 1676 similis
427 1635 531 1674 alter
562 1634 781 1674 adiunctus
805 1641 892 1681 est,
925 1635 966 1674 in
990 1649 1114 1687 quem
1138 1637 1307 1686 sanguis
1329 1649 1351 1674 a
1383 1636 1521 1675 iecore
1544 1650 1618 1688 per
1641 1650 1785 1676 venam
1810 1637 1923 1675 illam

148 1712 289 1739 cavam
321 1698 470 1737 influit.
521 1698 666 1750 quue
699 1697 824 1736 modo
857 1710 908 1736 ex
939 1696 1003 1736 his
1028 1698 1214 1749 partibus
1238 1704 1277 1737 et
1299 1699 1468 1750 sanguis
1492 1712 1565 1751 per
1587 1712 1710 1739 venas
1736 1700 1777 1739 in
1801 1712 1922 1738 omne

149 1774 302 1813 corpus
335 1759 585 1799 diffunditur
616 1766 655 1799 et
688 1760 859 1813 spiritus
891 1774 966 1812 per
996 1760 1179 1799 arterias.
1233 1761 1441 1813 Utraeque
1465 1766 1603 1800 autem
1628 1762 1796 1801 crebrae
1819 1762 1921 1800 mul·
1937 1773 1973 1802 25

147 1829 299 1877 taeque
332 1828 417 1862 toto
451 1836 625 1875 corpore
657 1823 841 1861 intextae
875 1823 957 1861 vim
990 1823 1196 1874 quandam
1230 1823 1520 1862 incredibilem
1552 1822 1760 1863 artificiosi
1784 1824 1922 1876 operis

148 1885 366 1938 divinique
398 1891 615 1925 testantur.
678 1882 761 1925 139.
797 1885 907 1932 Quid
940 1885 1073 1924 dicam
1107 1885 1157 1923 de
1188 1886 1377 1932 ossibus,
1410 1899 1518 1939 quae
1549 1887 1737 1926 subiecta
1759 1887 1923 1939 corpori

147 1948 356 1988 mirabiles
389 1948 682 1987 commissuras
714 1948 869 1987 habent
901 1953 941 1987 et
972 1947 1024 1986 ad
1057 1948 1324 1987 stabilitatem
1357 1955 1473 2001 aptas
1506 1955 1546 1989 et
1567 1949 1616 1988 ad
1642 1955 1754 1988 artus
1776 1949 1924 1988 tinien-

147 2010 221 2050 dos
252 2010 593 2050 adcommodatas
626 2016 667 2050 et
699 2011 749 2050 ad
783 2016 939 2049 motum
973 2016 1013 2049 et
1043 2010 1094 2048 ad
1128 2024 1294 2050 omnem
1328 2012 1516 2064 corporis
1548 2012 1790 2051 actionem?
1833 2012 1923 2050 lluc

146 2072 254 2112 adde
286 2086 457 2119 nervos,
497 2086 518 2111 a
551 2072 702 2125 quibus
746 2078 859 2112 artus
892 2073 1177 2120 continentur,
1222 2087 1455 2127 eorumque
1487 2075 1800 2126 inplicationem
1833 2086 1922 2112 cor·
1936 2086 1972 2116 30

146 2148 248 2188 pore
280 2141 367 2175 toto
398 2135 698 2188 pertinentem,
731 2135 805 2187 qui
836 2135 942 2173 sicut
973 2148 1103 2174 venae
1144 2141 1183 2175 et
1215 2137 1391 2176 arteriae
1421 2150 1444 2175 a
1477 2136 1601 2176 corde
1627 2138 1742 2176 tracti
1765 2142 1805 2175 et
1829 2149 1922 2188 pro-

146 2197 243 2237 fecti
277 2198 319 2237 in
354 2210 506 2249 corpus
538 2210 660 2237 Omne
684 2196 905 2235 ducuntur.
953 2197 1056 2236 LVI.
1089 2194 1174 2238 itt).
1208 2199 1266 2237 Ad
1292 2199 1397 2238 hanc
1420 2199 1727 2252 providentiam
1750 2204 1922 2238 naturae

147 2265 230 2300 tam
262 2259 501 2312 diligentem
536 2265 704 2312 tamque
737 2259 951 2298 sollertem
983 2259 1152 2312 adiungi
1186 2262 1313 2300 multa
1344 2267 1542 2314 possunt,
1575 2262 1770 2315 equibus
1800 2260 1922 2300 intel-

233 2485 263 2515 A.
290 2487 320 2515 et
351 2484 481 2514 terendo
513 2483 669 2522 Madvig:
705 2486 732 2514 et
762 2484 895 2514 ferendo
927 2484 1104 2523 (merendo,
1133 2484 1196 2514 sed
1223 2487 1269 2514 ele
1295 2484 1325 2514 in
1353 2493 1494 2520 rasura.
1524 2486 1557 2523 ssgv
1583 2486 1652 2515 cibo
1677 2484 1723 2517 ⁴21:
1754 2487 1922 2517 atterendo

146 2532 215 2564 cibo
239 2534 275 2564 O.
310 2534 414 2564 «Tria
447 2533 661 2569 indicantur,
697 2542 847 2572 quorum
879 2543 943 2575 ope
970 2535 1085 2565 omnia
1113 2537 1162 2572 (Ξ
1187 2533 1247 2564 cibi
1273 2542 1408 2571 (11111195)
1435 2535 1466 2565 in
1495 2534 1569 2565 alvo
1596 2539 1792 2574 coquantur
1816 2539 1921 2575 atquc

147 2584 396 2619 conficiantur3
431 2584 463 2615 id
490 2585 564 2615 lieri
589 2583 716 2614 dicitur
739 2585 869 2621 calore,
903 2585 1034 2615 terendo
1070 2586 1117 2618 t:
1142 2585 1284 2618 tritura.
1323 2584 1384 2615 sed
1419 2594 1547 2615 nomen
1579 2585 1610 2615 111
1638 2595 1700 2616 usu
1728 2596 1794 2617 non
1821 2589 1919 2625 erat),

145 2634 285 2673 spiritnz
316 2636 461 2673 apparet
485 2634 553 2664 cibo
578 2633 658 2664 addi
685 2642 752 2664 non
778 2644 916 2674 posse.»
947 2652 980 2656 -
1009 2635 1039 2665 3.
1066 2634 1203 2673 ssonyie's
1226 2636 1272 2670 A;
1307 2635 1464 2674 sslwnye'is
1488 2644 1578 2665 corr.
1607 2637 1638 2665 111
1663 2637 1806 2676 sponyiis
1832 2637 1857 2665 V
1884 2654 1917 2658 -

145 2682 177 2715 4.
204 2688 273 2714 tum
296 2685 441 2715 inlr-ante
463 2685 583 2723 spiritu
608 2684 819 2723 Madvigius:
849 2689 917 2715 lum
942 2685 973 2714 ιἰι
999 2693 1033 2714 re
1050 2686 1169 2723 spiritu
1194 2686 1216 2714 A
1235 2685 1256 2715 Β
1274 2686 1297 2714 (2
1316 2686 1336 2715 Ι)
1353 2685 1378 2713 V
1406 2689 1506 2715 (corr.
1534 2685 1565 2715 in
1592 2689 1658 2715 lam
1676 2695 1708 2716 se
1724 2687 1842 2724 spiritu
1862 2686 1919 2722 V);

145 2737 213 2764 tum
237 2734 270 2764 in
294 2734 457 2772 respirant
483 2735 529 2766 E:
556 2737 625 2764 tum
649 2735 814 2773 res-piram
839 2736 863 2765 O
892 2753 925 2757 —
955 2735 1096 2764 dilatant
1123 2743 1213 2765 corr.
1235 2744 1276 2765 ex
1302 2735 1489 2765 dilatantur
1513 2736 1535 2764 Β
1566 2753 1595 2756 —
1627 2736 1656 2765 fi.
1684 2740 1793 2766 aulem
1819 2737 1922 2767 Dari-

147 2784 218 2815 sius
243 2784 277 2813 et
301 2782 378 2814 cod.
407 2782 664 2823 Glogaviensis:
699 2788 809 2815 aulem
834 2784 910 2815 aluo
935 2782 987 2819 Qt3
1021 2788 1130 2814 (uilem
1154 2788 1182 2814 et
1206 2784 1280 2814 alre
1305 2786 1329 2814 O
1360 2802 1390 2806 —
1424 2784 1454 2814 8,
1482 2786 1524 2814 acl
1550 2785 1640 2815 ierur-
1661 2786 1754 2824 cique
1778 2788 1801 2817 B
1817 2788 1840 2817 (Σ
1858 2787 1918 2817 va:

147 2833 190 2863 ad
211 2833 299 2863 iecor
321 2833 413 2871 eique
430 2832 490 2868 V¹;
519 2834 561 2864 ad
584 2834 749 2873 iet-orique
767 2836 789 2865 A
810 2844 816 2867 ;
843 2835 1005 2873 iocarique
1022 2836 1104 2872 (om.
1125 2834 1177 2871 adj
1198 2834 1221 2864 Ε
1238 2835 1260 2864 1¹
1282 2850 1314 2855 —
1343 2834 1373 2863 O.
1394 2835 1480 2864 aliae
1499 2836 1698 2872 pertinentes
1722 2835 1808 2868 ‘2102
1836 2837 1923 2868 aliae

147 2883 215 2914 alio
236 2883 433 2922 perlincnles
458 2884 703 2919 lteindortius3
731 2885 818 2915 aliae
842 2886 884 2915 ad
910 2894 1001 2914 renes
1021 2884 1219 2923 perlinenles
1243 2883 1445 2914 Lambinus.
1477 2886 1585 2915 «Sane
1605 2886 1731 2917 excidit
1755 2886 1920 2926 aliquid.»

148 2933 205 2964 OR.
236 2950 270 2955 —
299 2933 349 2963 40.
377 2942 506 2964 umores
531 2942 620 2964 corr.
648 2934 679 2965 in
706 2934 858 2965 humores
883 2935 909 2964 V
929 2951 962 2955 —-
992 2935 1044 2964 42.
1072 2934 1147 2964 uiae
1171 2935 1238 2965 eius
1262 2936 1285 2965 P
1314 2952 1346 2956 —-
1373 2944 1435 2973 per
1460 2944 1500 2964 ex
1527 2938 1744 2967 correctione
1770 2937 1877 2968 babet
1895 2939 1921 2968 V

150 3000 186 3005 —
214 2982 265 3014 ⁴4.
291 2986 462 3022 coccusque
480 2984 527 3014 V:
555 2986 751 3022 coactusque
775 2987 799 3014 A
817 2985 839 3014 B
855 2984 878 3015 C
898 2984 920 3014 E
935 2985 978 3016 P:
1005 2988 1240 3023 concedasque
1265 2984 1456 3022 Madxigius
1482 2984 1526 3014 ad
1548 2985 1618 3015 (lic.
1639 2986 1682 3016 de
1702 2987 1770 3017 Fin.
1791 2997 1824 3026 p.
1845 2988 1918 3019 ²254.

150 3032 200 3063 Cf.
227 3041 257 3064 c.
284 3032 325 3064 54
350 3036 437 3064 extr.
467 3050 501 3054 ——
531 3033 580 3064 46.
608 3033 768 3073 reliquiae
792 3042 882 3064 corr.
910 3042 954 3063 ex
979 3033 1126 3071 reliquae
1150 3036 1174 3064 A
1205 3051 1238 3054 —
1272 3035 1323 3064 117.
1350 3034 1428 3063 haus
1454 3034 1477 3063 B
1494 3034 1516 3064 13
1542 3036 1642 3072 (corr.
1672 3045 1713 3067 ex
1739 3041 1795 3067 aut
1820 3038 1853 3075 Β]
1884 3055 1918 3058 ω

150 3081 202 3112 49.
228 3082 426 3113 incredibilis
450 3091 540 3113 corr.
562 3092 603 3113 ex
630 3082 833 3113 incredibiles
857 3085 882 3114 A
912 3101 942 3105 —
974 3084 1025 3113 ΞΟ.
1054 3084 1094 3113 ιώ
1119 3084 1187 3122 ipso
1213 3084 1237 3113 O
1259 3101 1291 3105 -
1322 3084 1372 3114 2¹.
1400 3085 1621 3123 coayimtione
1645 3085 1672 3114 V
1692 3103 1726 3107 —
1756 3087 1806 3117 ²2¹2.
1827 3096 1921 3125 quem

150 3130 252 3162 codd.
279 3130 431 3172 aliquot:
467 3141 566 3171 qua-m
590 3130 669 3163 ⁵210.
701 3132 749 3163 Cf.
778 3132 935 3163 chsner
960 3132 1003 3163 ad
1031 3134 1100 3163 Cio.
1130 3132 1244 3171 lit-tog.
1272 3142 1303 3173 p.
1332 3132 1371 3163 30
1397 3142 1474 3173 sqq.
1506 3152 1539 3156 —
1568 3136 1789 3165 uenlerculum
1817 3138 1839 3167 A
1857 3138 1879 3166 Ρ
1894 3137 1920 3166 V

152 3197 187 3202 —
214 3180 266 3212 23.
292 3182 463 3222 sanguinis
486 3183 510 3212 P
537 3199 572 3204 —
600 3182 653 3212 ⁶24.
681 3190 723 3212 ea:
746 3182 787 3212 iis
811 3184 836 3212 A
853 3182 875 3213 C
892 3182 956 3213 PV
982 3199 1016 3203 —
1045 3182 1097 3213 28.
1123 3184 1280 3223 finiendos
1304 3185 1334 3212 et
1357 3183 1626 3215 mlcommodalas
1652 3182 1688 3212 W
1715 3202 1749 3206 ——
1778 3186 1829 3216 30,
1856 3190 1920 3215 tolo

153 3238 288 3269 corpore
312 3231 336 3261 O
357 3247 390 3252 -
418 3230 471 3262 3¹.
498 3240 518 3261 α
543 3239 634 3261 corr.
655 3239 695 3261 ex
714 3231 757 3262 ad
774 3233 800 3261 A
821 3247 855 3252 —
883 3232 982 3262 tracti
1005 3235 1035 3262 et
1056 3233 1193 3271 prosae-li
1218 3232 1272 3262 ed.
1293 3233 1528 3263 Asc-ensiana:
1554 3237 1682 3265 tractae
1705 3238 1733 3265 et
1753 3235 1921 3274 profectae

153 3280 215 3312 AB
231 3281 254 3312 C
270 3281 293 3312 P
308 3280 353 3318 V;
380 3284 484 3312 tracte
506 3283 535 3312 ec
554 3280 698 3320 perfecte
721 3281 746 3313 E
772 3298 807 3303 —
835 3280 888 3313 32.
915 3282 1081 3313 ducuntur
1107 3291 1196 3314 corr.
1224 3291 1265 3313 ex
1290 3283 1444 3313 dicuntur
1468 3285 1506 3315 A.
