2249 3624
287 228 369 270 97⁶2
1026 235 1305 276 CICERONIS

388 338 423 375 8.
466 337 545 376 Res
573 338 669 377 mihi
699 340 855 377 invisae
885 340 996 377 visae
1026 343 1134 388 sunt,
1162 340 1297 377 Brute.
1355 338 1506 387 (Idem
1535 339 1558 378 l.
1581 340 1647 378 IX.
1671 354 1704 378 c.
1727 339 1762 378 4.
1785 341 1820 391 ξ.
1842 341 1917 390 41.)

387 402 422 438 9.
465 402 545 448 Ipse
572 403 692 439 Cicero
720 406 758 439 in
785 415 851 439 sua
874 415 1042 448 persona,
1075 415 1154 439 cum
1181 405 1229 438 ad
1255 404 1410 439 Brutum
1437 406 1475 438 ‘in
1503 405 1689 450 Ερίειοίἰε,
1720 411 1794 441 lum
1822 406 1907 441 aliis
1934 407 2043 442 eliam

289 463 376 498 locis
402 463 593 501 virtutem
622 463 896 515 eloquentiam
924 467 1096 511 appellat.
1153 463 1297 513 (Idem
1324 464 1349 502 l.
1370 465 1415 503 ll.
1437 477 1470 503 c.
1492 466 1550 504 20.
1576 466 1610 515 ξ.
1633 467 1710 509 10.)

391 525 448 562 10.
495 527 577 563 Tres
605 529 717 563 libros
745 529 999 574 (epistolarum
1029 528 1242 575 Ciceronis),
1280 530 1368 564 duos
1398 530 1447 564 ad
1471 529 1641 571 Brutum,
1679 542 1790 565 unum
1817 532 1865 565 ad
1892 530 2038 572 Accium,

256 589 442 624 5describi
480 591 637 631 iubebis,
677 592 709 626 si
739 592 827 636 quid
862 593 915 626 rei
950 603 1021 627 esse
1052 593 1252 632 videbitur,
1284 597 1314 627 et
1351 594 1507 627 remittes
1544 594 1652 635 milet}
1697 604 1782 628 nam
1822 594 2042 638 eoeemplares

287 662 410 686 eorum
437 658 685 698 eoecerptorum
710 654 827 688 nullos
853 655 935 697 feei.
990 653 1189 696 (Fronto
1217 664 1257 703 p.
1284 652 1366 691 161.
1391 651 1455 691 ed.
1478 654 1590 692 Rom.
1646 654 1755 692 Inest
1782 655 1903 701 igitur
1931 666 2043 692 error

287 713 326 750 in
355 714 470 751 Nonii
499 715 704 762 numeris,
736 719 805 752 aut
839 713 917 753 alia
945 714 1146 753 divisione
1186 715 1391 764 utebatur,
1426 721 1495 754 aut
1522 715 1701 767 denique
1736 718 1883 754 Fronto
1912 717 2041 766 signi-

287 774 380 812 ficat
407 774 611 826 Epistolas
639 775 689 814 ad
717 777 885 814 Brutum
914 776 1171 824 subdifficias,
1202 789 1375 828 quarum
1405 777 1485 816 duo
1512 777 1630 828 libri,
1660 784 1843 828 veteres,
1873 784 1913 817 et
1940 791 2043 830 quas

288 836 514 876 Cratander
540 839 696 889 primus
725 837 868 887 edidit,
899 840 1021 878 etiam
1049 844 1145 878 tune
1172 840 1344 879 fortasse
1374 841 1626 888 exstabant.)

239 906 272 934 ⁴0
390 897 464 952 [11.
507 900 569 938 Ad
596 901 698 952 Epp.
730 901 781 940 ad
809 904 974 940 Brutum
1005 902 1243 953 deperditas
1281 903 1540 942 referendum
1580 910 1642 943 est
1670 906 1791 944 etiam
1829 907 2043 944 Frontonis

286 960 361 999 hoc
389 962 657 1013 fragmentum
686 964 778 1012 (Ed.
800 965 912 1003 Rom.
935 978 973 1016 p.
995 967 1100 1009 78.):
1143 968 1309 1013 Epistola
1344 968 1520 1004 Ciceronis
1557 972 1705 1016 mirifice
1739 973 1854 1016 affecit
1882 973 2044 1006 animum

286 1038 414 1063 meum.
470 1028 622 1064 Miserat
649 1029 782 1065 Brutus
813 1029 974 1066 Ciceroni
1001 1031 1135 1066 librum
1162 1043 1266 1066 suum
1294 1034 1543 1079 corr-tyendum
1575 1062 1743 1070 ......
1750 1030 1763 1084 ]

527 1127 592 1169 IX.
657 1128 969 1171 FRAGMENTA
1004 1130 1163 1172 EPIST.
1195 1131 1349 1174 BRUTI
1382 1132 1448 1173 AD
1482 1132 1799 1175 CICERONEM.

387 1208 419 1244 1.
464 1207 610 1246 Occiso
650 1210 693 1248 C.
725 1210 929 1259 Caesare,
971 1216 1188 1262 postquam
1225 1224 1337 1251 mare
1379 1214 1626 1263 transierat,
1671 1219 1922 1264 praestatum
1965 1220 2039 1254 est.

237 1269 625 1316 ⁴5(Priscianus
654 1271 679 1310 l.
702 1273 767 1310 IX.
791 1285 823 1311 c.
846 1276 881 1311 7.
907 1274 941 1324 ξ.
964 1274 1046 1320 38.)

384 1332 418 1370 2.
462 1333 603 1383 Neque
632 1333 686 1373 illi
715 1335 870 1374 malunt
896 1336 1048 1375 habere
1077 1342 1232 1376 tutores
1258 1343 1326 1376 aut
1347 1337 1600 1387 defensores,
1633 1351 1881 1390 quamquam
1911 1340 2043 1379 sciunt

284 1392 489 1443 placuisse
519 1396 675 1435 Catoni.
732 1398 1099 1445 (Quintilianus
1128 1399 1152 1437 l.
1174 1400 1239 1438 IX.
1263 1412 1296 1438 c.
1320 1399 1355 1438 4.
1378 1401 1413 1450 ξ.
1434 1402 1518 1449 75.)

385 1458 418 1495 3.
464 1459 648 1498 Praestat
675 1461 783 1498 enim
810 1462 963 1499 nemini
991 1462 1195 1512 imperare
1224 1474 1345 1512 quam
1374 1462 1493 1501 alic-ui
1523 1464 1698 1502 servire:
1731 1464 1818 1503 sine
1846 1464 1913 1503 illo
1934 1468 2042 1504 enim

285 1520 422 1558 vivere
453 1520 620 1560 honeste
648 1522 756 1572 lieet,
787 1536 878 1562 cum
906 1524 981 1563 hoo
1009 1526 1172 1563 vivendi
1201 1525 1311 1564 nulla
1339 1525 1517 1565 conditio
1547 1532 1621 1565 est.
1680 1528 1796 1576 (Hoc,
1820 1527 1930 1578 quod
1951 1527 2042 1566 edi-

234 1589 270 1618 20
285 1587 394 1621 tores
424 1584 632 1623 Ciceronis
662 1586 927 1636 epistolarum
955 1588 1191 1638 fragmentis
1220 1589 1504 1638 adnumerant,
1535 1589 1900 1635 Quintilianus
1926 1589 1950 1628 l.
1973 1591 2039 1628 lx.

285 1656 318 1682 c.
349 1646 382 1683 3.
412 1646 446 1695 ξ.
478 1647 538 1686 95.
570 1647 679 1700 apud
713 1650 879 1688 Brutum
913 1649 964 1688 cle
999 1649 1198 1690 dictatura
1235 1653 1413 1703 Pompeii
1454 1652 1650 1703 seriptum
1691 1652 1817 1692 fuisse
1854 1658 2038 1692 testatur.

284 1708 452 1757 NOBBE.)

593 1775 640 1816 Χ.
692 1776 760 1817 Ex
792 1776 1158 1820 EPISTOLARUM
1193 1779 1259 1819 AD
1292 1779 1342 1821 M.
1376 1779 1552 1823 FILIUM
1584 1779 1679 1820 LIB.
1712 1780 1741 1822 I.

385 1855 472 1901 Qua
501 1867 544 1893 re
573 1855 687 1894 effice
717 1862 756 1894 et
784 1855 974 1906 elabora,
1013 1863 1055 1895 ut
1082 1858 1299 1897 excelleas.
1370 1860 1702 1907 (Priscianus
1730 1858 1754 1896 l.
1791 1860 1882 1898 VIII.
1915 1872 1948 1898 e.
1979 1860 2037 1898 1'7.

234 1923 271 1952 25
288 1915 322 1966 ἓ.
345 1917 404 1956 96.
435 1916 459 1955 l.
482 1919 530 1956 X.
553 1930 587 1956 e.
609 1919 644 1956 6.
667 1920 701 1967 §.
726 1919 808 1967 36.)

957 1984 1015 2020 An
1043 1995 1193 2022 EUNDEM
1219 1996 1292 2022 Lm.
1322 1996 1362 2022 11.

387 2043 459 2082 Cui
490 2055 578 2093 ego,
601 2043 930 2096 quibuscumque
958 2046 1084 2084 rebus
1111 2052 1268 2097 potero,
1296 2046 1570 2086 libentissime
1600 2046 1881 2087 commodabo.
1930 2049 2039 2098 (No—

286 2106 400 2144 nius
430 2118 465 2143 v.
489 2106 760 2145 Commodare
788 2120 827 2159 p.
848 2109 956 2153 275.)

852 2173 911 2209 AD
939 2184 1090 2210 EUNDEM
1117 2185 1163 2210 Ex
1191 2184 1263 2210 Lm.
1293 2183 1472 2211 INCERTO.

234 2234 270 2264 30
388 2231 420 2268 1.
465 2231 581 2269 Ceris
610 2231 759 2271 delitis.
816 2233 1092 2273 (Diomedes
1122 2234 1145 2271 l.
1172 2236 1203 2273 1.
1226 2247 1265 2285 p.
1289 2236 1372 2273 372.
1396 2235 1581 2279 Putsch.)

384 2294 418 2331 2.
462 2293 743 2345 Philosophiae
770 2295 934 2345 quidem
961 2303 1180 2348 praecepta
1203 2297 1426 2346 noscenda,
1456 2298 1674 2336 vivendum
1695 2304 1830 2337 autem
1852 2298 2036 2337 civiliter.

287 2357 599 2404 (Lactantius
628 2357 992 2396 Inst.l.III.e.14.
1018 2360 1052 2409 ξ.
1079 2361 1157 2402 17.)

386 2420 420 2456 3.
465 2420 584 2456 Cicero
611 2433 673 2468 per
700 2423 890 2467 epistolam
917 2425 1038 2468 culpat
1069 2424 1185 2468 filium
1220 2425 1337 2459 dicens
1367 2425 1461 2459 male
1496 2435 1574 2458 eum
1601 2425 1736 2459 dimisse
1771 2422 1899 2462 direxi
1929 2422 2039 2461 litte—

287 2492 353 2518 ras
382 2480 498 2528 duas‚
529 2495 607 2519 cum
636 2486 789 2532 litterae,
813 2488 949 2531 quoties
976 2487 1164 2531 epistolam
1192 2488 1410 2531 siqnificam,
1442 2488 1581 2521 numeri
1611 2492 1749 2521 tantum
1774 2487 1930 2532 pluralis
1953 2489 2036 2522 sint.

236 2544 515 2586 35(Servius
542 2543 593 2582 ad
621 2547 721 2583 Aen.
744 2546 839 2595 vm,
872 2547 975 2587 168.)

387 2606 422 2643 4.
466 2608 517 2644 Μ.
551 2608 721 2644 Tullius—
741 2612 816 2645 -in
842 2611 932 2656 filio,
972 2615 1010 2645 ut
1036 2611 1195 2655 epistolis
1223 2616 1390 2655 apparel,
1429 2616 1519 2646 recte
1555 2611 1722 2656 loquendi
1758 2622 1866 2656 usque
1900 2622 2040 2656 quaque

289 2682 393 2715 asper
420 2682 557 2717 quoque
586 2678 745 2708 eaeaclor.
803 2671 1173 2719 (Quintilianus
1205 2673 1237 2719 1,
1267 2673 1303 2719 7,
1335 2672 1393 2709 34.
1434 2672 1644 2709 loannes
1681 2671 1874 2710 Sarisb.
1911 2673 2038 2710 Meta-

288 2730 364 2780 log.
399 2733 432 2780 17
461 2732 545 2781 21.)

679 2796 743 2837 xl.
803 2797 872 2837 AD
906 2796 950 2838 C.
981 2796 1215 2838 LICINIUM
1249 2797 1454 2840 CALVUM
1488 2797 1583 2838 LIB.
1618 2797 1648 2839 l.

237 2875 273 2905 40
390 2875 422 2913 1.
468 2876 554 2914 Tuli
583 2876 768 2925 moleste,
799 2876 909 2935 quod
936 2876 1093 2915 litterae
1123 2875 1271 2915 delitae
1300 2877 1396 2915 mihi
1425 2890 1446 2916 a
1476 2882 1513 2915 te
1540 2876 1726 2915 redditae
1755 2880 1860 2914 sunt.
1918 2876 2038 2923 (Pri-

290 2939 491 2976 scianus
519 2938 544 2976 l.
567 2940 631 2977 IX.
656 2952 688 2977 c.
716 2943 772 2978 10.
796 2941 831 2989 ξ.
854 2941 938 2987 54.)

389 3000 424 3038 2.
467 3001 692 3040 Praesentit
719 3002 877 3041 animus
906 3007 945 3040 et
976 3006 1148 3052 augurat
1186 3001 1362 3051 quodam
1391 2999 1530 3050 modo,
1568 3013 1673 3051 quae
1701 3002 1833 3040 futura
1861 3002 1913 3039 sit
1940 3012 2038 3039 sua—

289 3063 404 3100 vitas.
444 3063 655 3108 (Nonius
683 3077 720 3101 v.
743 3066 907 3115 Auguro
934 3077 975 3115 p.
997 3065 1105 3107 469.)

724 3151 809 3191 XII.
869 3152 936 3191 AD
969 3151 1019 3201 Q.
1053 3149 1217 3191 AXIUM
1249 3149 1408 3191 Epls's.
1439 3150 1536 3190 LIB.
1570 3149 1597 3189 l.

239 3232 276 3262 45
392 3230 424 3266 1.
467 3227 529 3266 Ad
555 3230 601 3266 M.
625 3229 808 3268 Bibulum
837 3230 1038 3269 adierunt.
1094 3226 1400 3278 (Arusianus
1427 3229 1637 3267 Messius
1666 3242 1705 3280 p.
1725 3229 1809 3268 212.
1830 3228 2034 3275 Lindem.)

389 3290 424 3330 2.
468 3291 509 3329 si
538 3296 580 3330 tu
607 3304 680 3330 nos
708 3292 863 3343 aliquid
888 3293 1072 3332 adiutare
1099 3298 1228 3344 potes.
1284 3291 1436 3342 (Idem
1464 3305 1505 3344 p.
1525 3293 1632 3341 213.)
