2249 3624
542 118 629 157 Lm.
660 117 710 156 ΙΙ.
751 114 850 156 CAP.
882 112 1216 155 XVII—XVIII.
1255 109 1313 164 §§
1345 108 1533 151 53—59.
1835 110 1914 152 443

161 232 254 285 qui,
285 237 394 270 recta
425 236 465 270 et
493 229 668 269 honesta
700 242 806 283 quae
839 233 955 274 sunt,
987 240 1034 267 ea
1056 231 1241 266 statuunt
1270 238 1345 278 per
1366 238 1410 264 se
1431 222 1689 277 expetenda,
1721 224 1914 267 adeunda

162 299 257 333 sunt
287 292 458 346 quaevis
490 292 672 346 pericula
696 291 856 331 decoris
877 290 1197 342 honestatisque
1220 301 1364 335 causa,
1396 288 1455 327 sic
1477 287 1645 334 vestris,
1679 288 1751 341 qui
1775 290 1913 329 onmia

161 356 372 409 voluptate
405 357 651 402 metiuntur,
684 355 867 408 pericula
899 352 1088 394 adeunda
1120 357 1235 397 sunt,
1267 357 1310 390 ut
1340 349 1624 403 adipiscantur
1654 364 1821 404 magnas
1845 367 1916 391 vo-

161 420 351 472 luptates.
403 420 443 458 Si
475 432 621 471 magna
654 433 736 465 res,
770 431 920 469 magna
951 415 1160 456 hereditas
1183 420 1339 466 agetur,
1372 428 1463 453 cum
1487 414 1661 466 pecunia
1681 415 1915 469 voluptates

164 482 371 534 pariantur
401 480 625 532 plurimae,
658 481 767 520 idem
799 481 876 520 erit
908 481 1088 532 Epicuro
1123 482 1258 516 vestro
1290 476 1546 523 faciendum,
1579 477 1611 516 si
1642 491 1761 517 suum
1794 477 1947 518 tinemfs

161 542 363 582 bonorum
395 542 515 594 sequi
546 542 675 587 volet,
709 542 818 595 quod
852 541 1053 593 Scipioni,
1086 552 1233 590 magna
1265 538 1396 595 gloria
1426 540 1662 592 proposita,
1694 541 1729 579 si
1759 541 1918 580 Hanni-

165 603 294 642 balem
326 602 367 640 in
399 601 576 642 Africam
610 604 863 642 retraxisset.
927 605 1068 655 ltaque
1101 607 1301 654 quantum
1334 601 1437 640 adiit
1468 602 1720 654 periculum!
1761 603 1813 642 ad
1845 603 1918 643 ho-

163 670 363 704 nestatem
395 665 505 703 enim
536 664 652 704 illum
684 679 847 703 omnem
880 671 1074 704 conatum
1107 674 1226 702 su‘um
1260 662 1482 710 referebat,
1525 677 1607 703 non
1648 665 1698 704 ad
1732 666 1918 720 volupta-

163 734 254 766 tem.
305 726 372 765 Sic
414 733 552 767 vester
591 730 757 780 sapiens
796 740 943 779 magno
983 726 1125 778 aliquo
1168 726 1448 766 emolumento
1488 732 1718 767 commotus
1758 730 1786 780 ἦ*
1825 742 1916 769 cum

161 801 303 836 causa,
336 789 369 828 si
401 803 505 842 opus
538 790 636 837 erit,
669 790 892 829 dimicabit.
939 786 1005 827 ΞΠ.
1043 787 1260 826 Occultum
1291 788 1452 827 facinus
1475 802 1566 828 esse
1588 792 1788 842 potuerit,
1821 803 1969 844 gau-10

163 850 295 890 debit:
328 850 614 904 deprehensus
646 866 809 892 omnem
843 864 1018 904 poenam
1051 855 1300 890 contemnet.
1359 851 1446 890 Erit
1477 852 1587 891 enim
1620 852 1848 894 instructus
1867 856 1919 894 ad

163 920 333 953 mortem
373 915 740 960 contemnendam,
780 913 830 954 ad
863 913 1075 958 exsilium,
1107 911 1159 950 ad
1192 913 1326 964 ipsum
1358 914 1483 952 etiam
1521 914 1722 955 dolorem.
1784 917 1919 964 Quem

163 977 331 1030 quidem
362 991 456 1024 vos,
489 992 579 1017 cum
612 977 811 1030 improbis
837 988 1012 1030 poenam
1043 975 1300 1027 proponitis,
1334 975 1605 1028 impetibilem
1638 975 1793 1026 facitis,
1827 994 1918 1018 cum

163 1039 392 1092 sapientem
424 1053 587 1092 semper
617 1040 715 1079 boni
746 1040 838 1093 plus
867 1038 1019 1078 habere
1052 1036 1196 1083 vultis,
1229 1036 1499 1076 tolerabilem.

274 1103 421 1142 XVIII.
465 1102 546 1143 Sed
588 1102 697 1156 finge
737 1117 819 1142 non
858 1101 991 1141 solum
1034 1099 1228 1138 callidum
1271 1113 1388 1147 eum,
1430 1099 1500 1152 qui
1541 1099 1702 1152 aliquid
1732 1102 1972 1156 improbem

162 1163 304 1210 saciat,
336 1178 477 1204 verum
511 1166 633 1205 etiam
665 1169 1002 1218 praepotentem,
1034 1167 1078 1200 ut
1108 1162 1161 1200 M.
1195 1161 1366 1201 Crassus
1397 1160 1475 1200 fuit
1504 1183 1557 1190 —
1584 1163 1655 1215 qui
1689 1169 1824 1205 tamen
1857 1180 1924 1206 so-

164 1226 273 1266 lebat
304 1227 362 1266 uti
394 1241 468 1268 suo
500 1229 610 1268 bono
645 1251 715 1276 —‚
748 1234 793 1267 ut
822 1227 945 1267 hodie
978 1230 1040 1265 est
1071 1229 1213 1264 noster
1240 1224 1483 1276 Pompeius,
1517 1224 1583 1263 cui
1614 1231 1724 1266 recte
1755 1228 1922 1269 facienti

163 1288 293 1340 gratia
340 1295 402 1329 est
443 1290 656 1330 habenda:
703 1303 794 1330 esse
840 1290 949 1329 enim
992 1301 1114 1342 quam
1158 1287 1284 1327 vellet
1327 1286 1497 1339 iniquus
1538 1292 1702 1340 poterat
1738 1290 1923 1343 impune.

164 1352 297 1399 Quam
330 1352 456 1392 multa
487 1366 585 1393 vero
616 1354 769 1393 iniuste
802 1350 887 1392 fieri
920 1356 1112 1406 possunt,
1146 1363 1254 1404 quae
1286 1362 1409 1389 nemo
1442 1350 1575 1402 possit
1596 1352 1923 1404 reprehenderet

163 1413 229 1454 258.
262 1415 303 1454 Si
347 1420 385 1454 te
424 1416 580 1455 amicus
619 1421 713 1456 tuus
754 1415 936 1455 moriens
980 1414 1204 1467 rogaverit,
1244 1418 1288 1452 ut
1323 1412 1599 1452 hereditatem
1641 1414 1792 1455 reddas
1824 1428 1975 1458 suae⁶20

165 1474 290 1524 tiliae,
322 1491 399 1517 nec
429 1491 604 1531 usquam
638 1478 677 1517 id
710 1478 942 1532 scripserit,
974 1482 1019 1516 ut
1050 1475 1217 1528 scripsit
1238 1474 1412 1522 Fadius,
1445 1488 1520 1515 nec
1543 1476 1736 1530 cuiquam
1758 1477 1925 1527 dixerit,

165 1540 266 1593 quid
296 1539 453 1580 facies?
485 1542 545 1579 Tu
576 1540 745 1594 quidem
776 1540 949 1580 reddes:
980 1539 1069 1592 ipse
1091 1539 1295 1591 Epicurus
1317 1537 1493 1577 fortasse
1514 1538 1726 1587 redderet,
1756 1546 1802 1581 ut
1823 1542 1927 1581 Sex-

167 1608 231 1641 tus
271 1601 531 1650 Peducaeus,
570 1603 665 1642 Sex.
697 1601 739 1650 f.,
778 1603 834 1650 is,
875 1602 946 1655 qui
987 1601 1100 1641 hunc
1142 1607 1328 1640 nostrum
1369 1601 1540 1654 reliquit
1570 1599 1749 1654 effigiem
1781 1608 1822 1643 et
1849 1603 1927 1643 hu-

167 1666 373 1706 manitatis
405 1671 445 1705 et
474 1665 691 1717 probitatis
724 1678 822 1705 suae
853 1664 1006 1711 filium,
1048 1678 1140 1704 cum
1172 1664 1338 1711 doctus,
1379 1669 1466 1704 tum
1507 1665 1693 1705 omnium
1726 1666 1788 1706 vir
1819 1668 1927 1721 opti-

166 1742 256 1769 mus
288 1735 328 1768 et
358 1728 629 1775 iustissimus,
662 1741 756 1767 cum
788 1727 915 1767 sciret
945 1740 1067 1767 nemo
1099 1740 1194 1766 eum
1224 1731 1410 1778 rogatum
1432 1739 1454 1766 a
1478 1726 1582 1766 Gaio
1605 1727 1754 1776 Plotio,
1786 1730 1926 1782 equite
1939 1741 1976 1771 25

166 1791 349 1830 Romano
382 1789 602 1844 splendido
618 1820 628 1837 ,
660 1790 856 1836 Nursino,
887 1790 995 1829 ultro
1017 1789 1068 1829 ad
1091 1789 1309 1828 mulierem
1331 1789 1447 1829 venit
1466 1790 1588 1842 eique
1610 1790 1714 1830 nihil
1737 1791 1926 1845 opinanti

165 1853 241 1892 viri
272 1852 513 1892 mandatum
545 1852 742 1905 exposuit
772 1851 1133 1906 hereditatemque
1164 1851 1356 1891 reddidit.
1404 1851 1485 1891 Sed
1517 1865 1593 1905 ego
1615 1865 1668 1892 ex
1692 1858 1732 1893 te
1753 1866 1926 1907 quaero,

166 1914 362 1966 quoniam
392 1914 502 1954 idem
534 1919 578 1954 tu
610 1918 720 1953 certe
751 1913 939 1962 fecisses,
975 1927 1115 1954 nonne
1153 1913 1370 1967 intellegas
1408 1928 1455 1954 eo
1488 1916 1688 1956 maiorem
1718 1917 1802 1957 vim
1834 1931 1925 1958 esse

167 1982 359 2024 naturae,
399 1976 513 2028 quod
544 1976 623 2030 ipsi
655 1988 750 2024 vos,
783 1976 854 2029 qui
885 1977 1026 2016 omnia
1056 1975 1108 2016 ad
1139 1981 1321 2016 vestrum
1355 1978 1617 2018 commodum
1659 1983 1720 2026 et,
1759 1984 1804 2019 ut
1844 1979 1925 2033 ipsi

166 2038 323 2085 dicitis,
370 2038 420 2078 ad
461 2038 716 2091 voluptatem
756 2038 966 2086 referatis,
1012 2044 1147 2079 tamen
1179 2051 1227 2078 ea
1263 2038 1447 2088 faciatis,
1491 2053 1513 2080 e
1545 2040 1697 2094 quihus
1726 2047 1972 2095 appareat30

166 2114 249 2139 non
279 2100 530 2154 voluptatem
561 2114 656 2149 vos,
689 2101 762 2141 sed
794 2101 978 2141 officium
1010 2101 1148 2154 sequi,
1186 2101 1366 2154 plusque
1397 2106 1548 2142 rectam
1580 2107 1769 2143 naturam
1800 2117 1924 2156 quam

166 2163 364 2202 rationem
396 2176 564 2216 pravam
596 2164 766 2204 valere?
816 2162 882 2203 59.
917 2164 958 2203 Si
991 2163 1156 2210 scieris,
1188 2164 1328 2216 inquit
1351 2163 1608 2212 Carneades,
1639 2165 1827 2218 aspidem
1858 2179 1927 2205 oc-

167 2223 275 2263 culte
316 2224 446 2265 latere
486 2226 647 2278 uspiam
691 2232 732 2266 et
762 2226 868 2266 velle
899 2226 1083 2280 aliquem
1113 2225 1421 2278 imprudentem
1451 2239 1578 2279 super
1607 2240 1697 2266 eam
1727 2227 1925 2275 assidere,

166 2285 281 2325 cuius
312 2300 421 2327 mors
452 2288 526 2327 tibi
558 2288 886 2329 emolumentum
916 2287 1055 2328 futura
1085 2288 1164 2335 sit,
1196 2288 1386 2340 improbe
1414 2287 1582 2336 feceris,
1613 2289 1693 2329 nisi
1713 2290 1925 2330 monueris

165 2359 216 2386 ne
247 2348 413 2389 assidat.
474 2349 555 2390 Sed
586 2351 791 2404 impunite
822 2357 983 2399 tamen3
1014 2351 1143 2391 scisse
1174 2349 1285 2390 enim
1317 2355 1356 2390 te
1388 2350 1484 2404 quis
1506 2363 1733 2404 coarguere
1761 2352 1973 2405 possitY35

166 2408 249 2448 Sed
287 2410 410 2450 nimis
449 2411 591 2452 multa.
650 2413 918 2466 Perspicuum
965 2418 1027 2453 est
1057 2413 1188 2460 enim,
1229 2411 1310 2451 nisi
1348 2413 1556 2465 aequitas,
1602 2411 1724 2461 tides,
1768 2414 1925 2454 iustitia

166 2468 480 2523 proficiscantur
509 2486 534 2514 a
563 2479 735 2523 natura,
768 2481 808 2515 et
838 2475 872 2515 si
905 2475 1044 2515 omnia
1063 2474 1168 2515 haec
1189 2473 1241 2514 ad
1262 2474 1485 2515 utilitatem
1506 2474 1761 2523 referantur,
1790 2476 1925 2516 virum

252 2682 283 2712 4.
311 2683 377 2724 qui]
403 2691 464 2722 que
487 2684 511 2715 B
539 2702 573 2706 —-
600 2685 631 2716 2.
658 2685 802 2726 quaevis]
827 2694 886 2717 ceu
908 2686 1142 2726 (correctum,
1168 2688 1205 2717 ut
1229 2685 1377 2723 videtur,
1405 2694 1446 2716 cx
1463 2685 1527 2724 seu)
1547 2687 1593 2721 A3
1618 2694 1688 2725 sepe
1712 2686 1736 2717 B
1756 2705 1790 2708 —
1817 2688 1925 2728 5.pe-

167 2730 298 2762 riantur
319 2733 360 2763 A¹
385 2751 421 2756 —
447 2734 531 2765 idem
555 2734 657 2765 codd.
684 2733 831 2776 aliquot:
865 2736 1012 2775 idemque
1035 2737 1059 2767 A
1074 2736 1098 2766 B
1115 2736 1139 2766 O
1165 2736 1377 2776 (voluptates;
1402 2736 1429 2766 si
1451 2743 1593 2776 magnae
1615 2744 1668 2767 res
1683 2738 1927 2776 -—pa7·iantur

163 2779 348 2817 plurimae:
372 2782 519 2823 idemque
543 2782 697 2815 distinxit
720 2785 755 2823 O)
778 2802 813 2807 —-
838 2786 954 2824 vestro]
981 2786 1087 2816 nescio
1112 2786 1136 2817 E
1156 2802 1190 2806 —
1217 2786 1248 2817 8.
1275 2785 1367 2816 illum
1391 2786 1416 2815 Α
1432 2785 1473 2815 B:
1502 2784 1553 2816 ille
1576 2785 1601 2816 O
1622 2803 1655 2808 —
1683 2786 1714 2818 9.
1735 2796 1809 2818 cum
1825 2796 1925 2819 causa

167 2829 193 2858 si
216 2830 296 2861 AB:
322 2832 424 2864 animi
447 2842 550 2865 causa
571 2834 599 2864 si
624 2834 647 2865 C
675 2835 709 2865 et
733 2833 834 2866 obelo
859 2836 1014 2876 praefixo
1031 2836 1073 2873 03
1100 2844 1174 2866 cum
1197 2836 1265 2866 iam
1288 2835 1346 2865 sibi
1371 2836 1412 2872 G·,
1441 2835 1559 2874 capitis
1580 2844 1683 2867 causa
1705 2837 1732 2867 si
1755 2836 1922 2876 Klotzius;

167 2887 240 2910 cum
263 2881 368 2913 amico
391 2882 418 2913 si
433 2882 624 2923 Madvigius
642 2884 686 2923 (in
703 2886 968 2925 commentario)
990 2904 1023 2908 —
1051 2886 1102 2917 40.
1129 2887 1190 2917 erit
1212 2887 1238 2917 A
1255 2886 1276 2916 B
1291 2886 1335 2916 E:
1360 2885 1460 2924 fuerit
1476 2885 1542 2916 ΜΟ
1562 2903 1596 2907 -
1624 2886 1802 2928 Occultum]
1828 2888 1855 2918 si
1871 2897 1925 2919 oc—

167 2928 289 2960 cultum
312 2931 338 2961 G
363 2948 398 2953 —
425 2932 477 2964 ⁴2.
505 2933 616 2973 Quem]
641 2942 741 2973 quam
765 2934 788 2965 B
815 2951 850 2956 —
876 2934 1083 2974 impetibilem
1106 2937 1131 2965 A
1146 2935 1170 2966 B
1186 2936 1229 2965 G:
1256 2934 1470 2974 impatibilem
1493 2935 1518 2966 O
1538 2952 1573 2957 —
1602 2936 1654 2967 47,
1680 2937 1798 2978 noster]
1822 2941 1929 2969 uester

167 2978 190 3008 B
219 2997 254 3001 ——
288 2980 340 3012 48.
363 2981 507 3024 iniquus]
537 2983 668 3022 iniquus
697 2984 801 3014 iustus
823 2986 850 3015 A
885 3002 916 3007 —
950 2985 1003 3015 20.
1029 2993 1108 3015 suae
1137 2985 1226 3025 filiae
1256 2986 1342 3016 AD:
1373 2984 1463 3024 filiae
1492 2993 1572 3016 suae
1600 2985 1711 3017 BMO
1737 3003 1771 3008 —
1807 2987 1860 3018 2⁴.
1893 2991 1927 3018 ul

167 3029 295 3068 scripsit
326 3038 395 3062 om.
422 3031 449 3062 D
482 3049 518 3054 —
554 3032 686 3074 Fadius]
716 3035 829 3073 foedus
852 3035 879 3065 I)
915 3051 948 3055 —
987 3034 1039 3065 ⁶22.
1067 3034 1155 3075 quid]
1187 3035 1272 3073 quod
1297 3034 1319 3064 B
1353 3052 1384 3057 —
1427 3034 1586 3066 SextusA
1612 3036 1653 3065 B:
1686 3036 1765 3067 Seae.
1792 3036 1862 3067 ΜΟ
1891 3055 1924 3058 —-

168 3077 219 3109 24.
246 3087 320 3110 cum
342 3080 428 3112 AB:
461 3084 529 3113 tum
551 3083 576 3114 Ο
603 3101 638 3105 -
669 3083 723 3114 25.
750 3087 819 3114 tum
842 3092 884 3115 sc.
912 3084 937 3115 E
965 3103 999 3106 —
1025 3085 1102 3124 gaio
1126 3085 1210 3115 AB:
1244 3084 1276 3115 C.
1304 3084 1375 3115 Mo
1399 3102 1442 3106 —
1472 3085 1525 3116 ⁶26.
1550 3084 1706 3125 Nursino]
1730 3086 1867 3116 mirsino
1893 3088 1928 3116 A*

168 3144 209 3149 -
230 3127 282 3159 29.
308 3132 338 3160 et
359 3130 422 3169 ipsi
443 3134 479 3162 ut
494 3131 518 3162 B
537 3147 574 3155 —
600 3131 652 3164 34.
668 3133 743 3172 plus
758 3142 858 3172 quam
880 3137 1005 3164 rectam
1027 3135 1048 3164 B
1070 3151 1104 3155 —
1132 3133 1184 3165 34.
1203 3133 1452 3165 emolumentum
1473 3135 1591 3174 sutura
1613 3138 1640 3166 Α
1654 3136 1677 3165 Β
1693 3136 1717 3166 C
1732 3135 1779 3166 D:
1806 3136 1928 3166 emolu-

170 3180 312 3209 mentum
338 3178 476 3219 factura
499 3180 582 3219 GO;
619 3181 832 3213 emolumento
860 3182 976 3222 futura
1007 3182 1107 3214 codd.
1142 3183 1274 3214 Oxonn.
1306 3182 1385 3215 (luo.
1417 3201 1450 3206 -—
1482 3185 1648 3216 monueris
1676 3193 1749 3217 eum
1780 3194 1818 3216 ne
1843 3185 1863 3215 B
1894 3203 1905 3205 e

169 3225 220 3258 35.
245 3227 369 3260 assidat
396 3229 478 3261 AB:
505 3230 650 3267 assideat
673 3232 699 3263 Ο
726 3247 761 3255 -
786 3232 945 3272 impunite
968 3235 991 3264 Α
1008 3233 1050 3263 Β;
1077 3233 1208 3271 impune
1230 3233 1266 3263 O.

235 3287 353 3322 emano
375 3288 408 3321 r.
423 3289 474 3322 Π,
1589 3296 1614 3334 8
