2249 3624
524 137 610 177 Lm.
642 136 691 175 11.
730 135 828 176 Car.
858 136 1280 177 xxxv—XXXVI.
1320 135 1379 190 §§
1412 135 1427 177 ‘l
1440 135 1656 178 vta—117.
1918 133 1971 175 43

216 248 396 289 Diodoto
433 248 534 302 quid
575 248 744 295 faciam,
783 247 947 295 Stoico,
988 262 1112 300 quem
1144 263 1166 288 a
1204 262 1332 302 puero
1363 249 1534 290 audivi?
1576 251 1646 303 qui
1680 265 1840 291 mecum
1873 252 1975 291 vivit

216 316 275 351 tot
305 314 465 351 annos?
506 312 576 365 qui
608 311 767 350 habitat
797 309 905 363 apud
938 314 1032 349 me?
1071 325 1194 364 quem
1228 317 1267 350 et
1303 312 1488 351 admiror
1517 318 1558 352 et
1589 312 1748 364 diligo?
1793 314 1865 366 qui
1897 314 1975 353 ista

215 374 444 413 Antiochea
484 373 723 413 contemnit.
780 372 951 418 Nostra,
997 372 1181 425 inquies,
1228 373 1316 412 sola
1349 387 1442 414 vera
1482 379 1589 414 sunt.
1641 374 1759 414 Certe
1790 374 1899 422 sola,
1942 375 1974 414 si

215 448 332 481 vera;
365 435 482 488 plura
513 435 624 474 enim
657 447 752 473 vera
784 434 1061 486 discrepantia
1094 448 1184 473 esse
1218 449 1300 474 non
1332 443 1520 488 possunt.
1567 437 1710 476 Utrum
1742 436 1868 488 igitur
1898 450 1975 475 nos

215 498 484 550 inpudentes,
527 496 598 549 qui
636 496 717 535 labi
750 496 952 542 nolimus,
996 509 1047 534 an
1080 496 1140 535 illi
1171 498 1438 548 adroganteS,
1482 500 1552 551 qui
1585 500 1661 539 sibi
1694 499 2007 552 persuaserint5

213 561 316 599 scire
347 572 391 598 se
423 558 536 598 solos
568 558 735 596 omnia?
779 558 869 595 Non
894 571 957 596 me
981 558 1170 610 quidem,
1203 559 1360 611 inquit,
1393 561 1464 599 sed
1488 563 1716 614 sapientem
1739 561 1833 600 dico
1857 561 1975 600 scire.

214 622 402 674 Optime:
449 633 598 672 nempe
643 619 722 659 ista
767 620 892 666 scire,
941 632 1048 672 quae
1086 626 1181 659 sunt
1214 621 1252 659 in
1287 629 1355 661 tua
1387 624 1620 676 disciplina.
1681 624 1768 663 lloc
1798 623 1975 676 primum

211 682 332 736 quale
365 688 445 728 est,
477 695 499 721 a
531 695 613 720 non
646 681 835 733 sapiente
870 682 1070 734 explicari
1114 683 1391 734 sapientiam?
1439 685 1519 724 Sed
1552 686 1817 726 discedamus
1848 698 1871 724 a
1903 698 1976 723 no-

212 745 361 784 bismet
391 744 512 797 ipsis:
545 743 596 782 de
628 743 816 795 sapiente
849 743 1094 796 loquamur,
1128 745 1177 783 de
1210 759 1314 798 quo,
1357 753 1399 786 ut
1430 761 1555 801 saepe
1587 749 1666 788 iam
1700 748 1808 794 dixi,
1840 747 1976 786 omnis

210 804 312 846 haec
344 806 533 858 quaestio
566 811 640 845 est.
1992 826 2026 854 40

322 865 336 906 ’1
357 865 414 906 Ιϋ.
447 868 491 906 Ιι]
525 874 607 907 tres
638 868 764 921 igitur
795 873 932 920 partes
966 874 1005 908 et
1037 882 1058 908 a
1091 869 1304 923 plerisque
1338 878 1377 911 et
1408 886 1430 911 a
1462 873 1667 912 vobismet
1705 873 1807 925 ipsis
1839 871 1977 911 distri-

208 932 308 971 buta
353 930 560 984 sapientia
604 936 678 970 est.
737 930 917 970 Primum
950 944 1072 983 ergo,
1119 933 1152 971 si
1200 933 1354 984 placet,
1401 947 1506 986 quae
1554 934 1604 973 de
1651 940 1796 974 natura
1840 947 1976 973 rerum

209 994 292 1033 sint
323 993 534 1047 quaesita,
577 992 813 1038 videamus,
855 993 919 1032 vel
951 993 1052 1032 illud
1085 1002 1203 1035 aute:
1244 1001 1362 1035 estne
1400 997 1624 1049 quisquam
1664 1002 1776 1036 tanto
1810 997 1976 1036 inssatus

208 1068 366 1103 errore,
398 1061 441 1095 ut
473 1056 549 1094 sibi
582 1068 625 1095 se
659 1055 730 1094 illa
761 1055 866 1094 scire
900 1058 1181 1107 persuaserit?
1228 1059 1318 1097 Non
1351 1071 1508 1111 quaero
1541 1060 1723 1098 rationes
1754 1072 1837 1105 eaS,
1869 1071 1975 1111 quae

209 1131 260 1158 ex
302 1119 541 1158 coniectura
588 1116 797 1170 pendent;
844 1131 951 1170 quae
998 1117 1348 1171 disputationibus
1395 1121 1476 1160 huc
1516 1126 1556 1160 et
1596 1121 1693 1160 illuc
1736 1120 2027 1168 trahuntur,45

207 1181 363 1220 nullam
406 1180 602 1220 adhibent
645 1179 924 1232 persuadendi
964 1182 1271 1221 necessitatem.
1323 1183 1570 1223 Geometrae
1603 1183 1867 1236 provideant,
1903 1184 1975 1236 qui

208 1255 251 1282 se
289 1240 534 1295 profitentur
572 1256 656 1281 non
699 1242 973 1294 persuadere,
1015 1244 1088 1282 sed
1130 1257 1297 1296 cogere,
1342 1246 1486 1298 etqui
1518 1246 1658 1285 omnia
1689 1245 1826 1292 vobis,
1870 1258 1976 1298 quae

207 1304 468 1351 describunt,
511 1305 700 1357 probant.
764 1305 857 1344 Non
901 1318 1058 1358 quaero
1101 1319 1153 1345 ex
1199 1307 1262 1346 his
1308 1307 1379 1346 illa
1424 1308 1542 1348 initia
1579 1308 1977 1354 mathematicorum,

207 1366 360 1420 quibus
409 1379 491 1406 non
544 1366 753 1407 concessis
793 1366 967 1418 digitum
1010 1368 1206 1420 progredi
1248 1382 1332 1408 non
1375 1375 1573 1422 possunt:
1619 1376 1819 1423 punctum
1863 1382 1976 1416 esse,

206 1428 320 1482 quod
364 1428 693 1481 magnitudinem
739 1428 895 1468 nullam
936 1429 1113 1470 habeat:
1168 1432 1470 1472 extremitatem
1512 1439 1553 1472 et
1592 1433 1710 1486 quasi
1754 1432 2024 1480 libramen-20

206 1497 316 1537 tum,
357 1492 399 1531 in
433 1505 518 1545 quo
559 1491 674 1531 nulla
712 1492 882 1531 omnino
925 1492 1154 1533 crassitudo
1187 1493 1263 1533 sit:
1302 1494 1589 1535 liniamentum
1621 1495 1649 1546 ἢ-
1682 1495 1770 1534 sine
1802 1494 1888 1534 ulla
1919 1494 1976 1533 la-

206 1553 384 1594 titudine
411 1559 646 1593 ·carentem.
696 1554 809 1593 Haec
852 1567 943 1594 cum
984 1568 1081 1594 vera
1124 1569 1214 1595 esse
1247 1569 1521 1605 concessero,
1563 1558 1596 1597 si
1627 1558 1791 1610 adigam
1822 1557 1885 1596 ius
1916 1557 1977 1596 iu-

205 1616 378 1655 randum
411 1617 662 1670 sapientem,
695 1629 770 1655 nec
803 1617 939 1668 prius,
974 1630 1098 1670 quam
1120 1618 1393 1659 Archimedes
1425 1633 1473 1660 eo
1506 1620 1763 1674 inspectante
1794 1619 1976 1659 rationes

207 1691 351 1718 omnes
393 1679 661 1731 descripserit
692 1692 783 1725 eas,
816 1679 969 1732 quibus
1002 1679 1184 1720 eflicitur
1215 1681 1358 1721 multis
1394 1682 1580 1735 partibus
1612 1683 1745 1723 solem
1776 1684 1975 1722 maiorem

205 1754 297 1780 esse
337 1754 461 1793 quam
494 1747 667 1788 terram,
711 1742 942 1781 iuraturum
986 1746 1139 1795 putas?
1189 1743 1231 1782 Si
1272 1743 1436 1792 fecerit,
1477 1746 1609 1785 solem
1652 1746 1807 1799 ipsum,
1850 1758 2025 1799 quem25

205 1802 327 1842 deum
369 1809 510 1843 censet
550 1817 665 1850 esse,
705 1805 1016 1856 contempserit.
1078 1802 1170 1844 117.
1212 1805 1334 1854 Quod
1378 1808 1413 1846 si
1444 1808 1709 1860 geometricis
1741 1808 1975 1847 rationibus

205 1878 287 1904 non
328 1870 390 1904 est
420 1865 672 1911 crediturus,
718 1879 826 1918 quae
859 1867 940 1905 vim
977 1867 1170 1907 adferunt
1201 1868 1242 1907 in
1275 1868 1489 1916 docendo,
1531 1883 1603 1910 vos
1634 1870 1715 1922 ipsi
1747 1875 1793 1910 ut
1823 1869 1974 1917 dicitis,

205 1940 255 1966 ne
288 1927 358 1966 ille
390 1926 512 1979 longe
544 1927 677 1966 aberit
705 1934 750 1967 ut
781 1931 1036 1980 argumentis
1058 1931 1198 1970 credat
1225 1930 1593 1985 philosophorum,
1625 1938 1716 1979 aut,
1749 1933 1783 1972 si
1806 1938 1867 1972 est
1889 1946 1974 1973 cre-

205 1988 391 2036 diturus,
424 2003 603 2042 quorum
644 1990 939 2042 potissimum?
986 1991 1137 2031 Omnia
1169 1992 1281 2032 enim
1313 1993 1581 2046 physicorum
1614 1994 1712 2034 licet
1742 1995 1974 2048 explicare3

292 2156 320 2186 ·t.
348 2156 494 2186 Diodoro
520 2156 543 2187 E
581 2174 613 2177 —
647 2156 677 2188 3.
702 2156 879 2188 Antiochea
908 2158 1021 2189 BEr:
1061 2159 1265 2198 antyochaea
1289 2161 1332 2196 Α,
1366 2160 1541 2199 athyothea
1576 2162 1621 2199 G,
1658 2161 1828 2193 Antiochia
1852 2164 1910 2194 vO
1939 2183 1972 2187 —

202 2207 399 2245 contempnit
424 2207 448 2237 A
476 2223 510 2227 —
538 2207 568 2237 5.
598 2207 816 2246 imprudentes
846 2208 853 2238 l
885 2207 961 2238 cod.
990 2209 1073 2240 Dav.
1104 2227 1136 2231 —
1166 2210 1304 2240 nolimus
1328 2211 1475 2251 scripsi:
1502 2211 1654 2242 nolumus
1677 2212 1778 2243 codd.
1799 2214 1830 2243 et
1853 2213 1877 2243 O
1898 2214 1972 2248 (uol.

204 2254 250 2294 13¹)
280 2274 314 2277 —
344 2256 394 2286 «tl.
422 2256 576 2287 nobismet
600 2257 684 2290 EG2
719 2259 752 2287 at
776 2260 871 2288 recte
897 2258 1033 2297 Madvig
1059 2260 1089 2295 1,
1118 2258 1199 2289 484:
1238 2260 1381 2291 «Cicero
1407 2269 1487 2291 cuin
1513 2262 1634 2291 contra
1660 2262 1793 2293 Stoicos
1818 2262 1976 2303 disputa-

203 2308 300 2337 turus
325 2307 436 2343 esset,
463 2307 598 2337 monuit
623 2307 773 2338 eandem
800 2316 922 2339 eorum
948 2308 1230 2339 distributionem
1257 2318 1335 2341 esse
1361 2318 1401 2340 ac
1426 2312 1662 2341 ceterorum.»
1684 2328 1719 2333 -
1748 2311 1798 2342 «¹3.
1824 2313 1886 2342 sint
1910 2313 1974 2344 AB

202 2356 282 2386 EG:
316 2359 390 2386 sunt
422 2356 446 2386 Ο
479 2375 510 2378 —
546 2357 593 2387 vel
623 2358 765 2398 scripsi:
799 2358 887 2388 uelut
913 2357 1014 2388 codd.
1043 2360 1077 2389 et
1095 2360 1138 2395 O,
1166 2357 1228 2389 sed
1253 2359 1309 2390 liic
1334 2368 1416 2390 cum
1441 2360 1555 2391 crucis
1584 2360 1703 2399 signo;
1739 2369 1854 2391 verum
1882 2363 1972 2393 coni.

203 2406 346 2440 Davies3
374 2406 407 2436 in
432 2405 580 2437 lectione
604 2407 690 2437 vetut
715 2415 796 2437 vera
823 2410 857 2438 ct
882 2408 1072 2448 depravata
1102 2409 1196 2447 (nam
1222 2409 1270 2439 ret
1295 2410 1327 2439 et
1352 2412 1387 2439 ut
1410 2417 1516 2449 saepe
1543 2409 1633 2440 inter
1657 2418 1694 2440 se
1719 2412 1973 2450 permutantur)

203 2456 407 2486 coniunctae
431 2455 606 2487 videntur.
638 2475 670 2479 —
698 2461 774 2488 ante
798 2459 822 2488 Α
838 2458 919 2488 BE:
946 2466 968 2488 a
991 2461 1020 2488 te
1045 2459 1071 2488 G
1099 2475 1130 2479 -
1162 2459 1294 2497 inflatus
1318 2461 1444 2489 tumore
1468 2457 1631 2498 Bentley;
1660 2461 1693 2489 at
1714 2459 1755 2490 cf.
1776 2459 1820 2491 de
1838 2460 1926 2492 offic.
1948 2463 1971 2498 Ι,

202 2504 220 2544 g
245 2504 279 2535 9¹
317 2505 423 2545 inflati
453 2505 668 2544 opinionibus.
701 2525 735 2529 —
773 2508 824 2537 46.
852 2507 978 2538 nullam
1009 2510 1035 2538 A
1061 2516 1138 2548 sup.
1166 2506 1222 2538 lin.
1253 2525 1286 2529 —
1327 2509 1377 2538 1¹7.
1406 2512 1434 2539 et
1458 2509 1537 2547 quia
1560 2510 1605 2545 Α;
1633 2510 1975 2550 atqui--probantt’

202 2555 326 2586 Davies
353 2572 386 2576 —
426 2556 476 2587 18.
503 2555 593 2586 nobis
618 2557 628 2587 4
661 2557 738 2587 cod.
766 2558 851 2588 Dav.
880 2574 914 2579 —
952 2557 1004 2588 49.
1032 2558 1148 2598 quibus
1178 2558 1333 2588 concessis
1359 2560 1443 2595 AG,
1479 2558 1541 2589 sed
1565 2568 1623 2589 con
1648 2561 1674 2590 Α
1701 2560 1807 2592 habet
1832 2562 1864 2592 in
1889 2571 1972 2599 ras,

201 2603 316 2642 quibus
340 2613 403 2635 non
427 2606 522 2635 cessis
545 2606 568 2636 B
591 2623 623 2627 —
654 2606 704 2636 ΞΟ.
723 2607 966 2638 eastremitatem
982 2624 1029 2629 -—
1047 2616 1149 2638 crass,
1176 2608 1215 2637 sit
1241 2609 1452 2648 transposuit
1472 2609 1614 2640 Guietus
1639 2612 1718 2641 ante
1743 2611 1832 2642 Haec
1847 2621 1921 2643 cum
1938 2630 1958 2633 —›

200 2656 228 2683 et
253 2652 319 2684 del.
347 2653 467 2685 Lamb.
504 2673 538 2677 —
571 2655 819 2687 liberamentum
850 2655 888 2688 Α1
925 2675 958 2679 -
994 2658 1046 2688 21,
1073 2658 1303 2688 liniamentum
1326 2658 1489 2688 ABEG:
1526 2658 1759 2691 lineamentum
1784 2661 1809 2691 Ο
1837 2679 1870 2683 —
1909 2662 1975 2693 sine

199 2703 267 2734 ulla
291 2702 311 2733 l.
338 2707 503 2734 carentem
527 2704 651 2735 codd:
678 2705 799 2736 lineam
823 2710 932 2737 aulem
958 2706 1193 2746 Ionyiludinem
1217 2707 1391 2738 latitudine
1406 2711 1570 2739 carentem
1588 2710 1746 2748 Ursinus,
1773 2711 1893 2743 lineam
1910 2722 1974 2743 au-

200 2756 262 2783 tem
284 2753 352 2783 sine
370 2753 437 2783 ulla
456 2753 512 2784 lat.
533 2758 718 2785 currentem
735 2756 924 2793 Manutius,
951 2756 1183 2786 lineamentum
1200 2756 1433 2797 lonyitudinem
1451 2758 1518 2788 sine
1535 2758 1707 2791 latitudine
1724 2761 1814 2792 coni.
1835 2762 1972 2799 Davies,

200 2802 319 2833 lineam
347 2802 496 2833 similiter
525 2803 581 2833 lat.
613 2807 778 2835 cai-entem
810 2805 1007 2843 Hermann,
1041 2806 1273 2837 lineamentum
1302 2807 1537 2846 longitudinem
1568 2808 1626 2839 lat.
1653 2814 1818 2842 carentem
1843 2812 1868 2842 O
1893 2821 1972 2843 cum

201 2850 256 2881 ed.
284 2852 368 2882 Dav.
406 2852 438 2882 Si
464 2852 611 2882 formam
631 2854 817 2885 orationis.
845 2862 913 2894 qua
938 2855 1007 2885 duo
1034 2854 1087 2886 illa
1111 2856 1247 2896 priora,
1275 2859 1443 2897 punctum
1463 2860 1495 2888 et
1514 2860 1736 2897 extremitas,
1764 2859 1974 2892 describun-

201 2902 272 2938 tur,
306 2901 538 2941 spectas-eris,
574 2901 639 2932 boc
664 2902 735 2933 sere
761 2904 893 2943 requiri
917 2904 1074 2935 videtur:
1113 2906 1358 2939 liniamentum.
1386 2908 1471 2945 quod
1493 2908 1533 2938 sit
1557 2908 1625 2939 sine
1647 2909 1714 2939 ulla
1739 2910 1911 2942 latitudine
1936 2929 1969 2932 —

200 2950 252 2981 2¹2.
279 2951 413 2990 adiqam
438 2952 667 2983 iusiurandum
694 2954 887 2985 Manutius:
923 2956 1107 2986 adiciamus
1131 2956 1310 2986 iurandum
1336 2957 1400 2987 AB
1418 2957 1479 2987 EG
1507 2958 1580 2994 (sed
1606 2960 1630 2989 G
1656 2959 1859 2999 uitandum);
1887 2961 1974 2991 adii-

199 3000 285 3030 ciam
308 3001 538 3032 iusiurandum
563 3003 600 3032 O.
640 3003 779 3033 Manutii
805 3003 1091 3036 emendationem
1118 3005 1279 3036 stabilixit
1308 3006 1466 3037 Dan-isius
1492 3006 1568 3038 coll.
1597 3009 1696 3039 Caes.
1725 3008 1767 3039 de
1793 3009 1827 3039 b.
1856 3010 1920 3041 civ.
1947 3011 1970 3045 1,

200 3050 252 3080 76.
279 3050 327 3084 11,
356 3050 406 3080 48.
435 3067 470 3072 —
506 3050 556 3081 23.
583 3052 761 3090 sapientem
785 3061 842 3082 nec
865 3054 959 3091 prius
982 3057 1007 3084 Α
1024 3055 1046 3084 Β
1063 3055 1105 3085 E:
1140 3056 1358 3094 sapientemne
1378 3057 1474 3095 prius
1499 3058 1522 3087 G
1539 3058 1576 3088 O.
1615 3059 1745 3095 Locus,
1774 3060 1831 3099 qui
1857 3059 1971 3090 adhuc

200 3097 471 3130 obscurissimus
497 3102 588 3139 erat,
616 3102 754 3141 egregia
779 3101 928 3134 lectione
955 3106 1155 3136 nostrorum
1182 3105 1284 3135 codd.
1307 3114 1362 3135 nec
1380 3115 1471 3137 nunc
1490 3110 1697 3147 pei-sanatus
1716 3110 1780 3139 est.
1807 3110 1860 3140 Ait
1878 3110 1969 3141 enim

200 3148 341 3178 Cicero:
374 3149 406 3178 Si
432 3147 568 3188 adigam
595 3150 835 3182 iusiurandum
861 3153 1057 3193 sapientem
1084 3163 1149 3185 nec
1176 3156 1270 3195 prius
1295 3154 1433 3195 adigam
1460 3157 1569 3193 (sivez
1602 3166 1665 3188 nec
1690 3158 1785 3198 prius
1811 3167 1891 3189 eum
1917 3159 1971 3189 iu-

199 3206 276 3228 rare
302 3197 463 3237 iubebo),
491 3207 597 3239 quam
613 3200 842 3233 Archimedes
860 3219 906 3224 --
924 3202 1168 3244 descripserit,
1196 3212 1323 3235 eumne
1349 3205 1541 3237 iuraturum
1559 3208 1689 3247 putas?
1708 3224 1742 3228 —
1771 3208 1822 3239 26.
1843 3212 1968 3239 censent

198 3248 287 3278 Rosa
316 3265 349 3269 —
378 3247 430 3278 28.
457 3257 521 3279 nae
544 3249 568 3280 Ο
593 3267 635 3272 —-
659 3250 711 3281 29.
737 3251 823 3282 enim
847 3260 917 3282 om.
945 3252 968 3283 E
985 3253 1022 3283 Ο.
