2249 3624
1806 146 1830 183 εἰ

1842 144 1887 185 Ξὲ

462 152 550 190 Lm.
581 151 610 190 1.
654 150 748 190 cst.
783 146 1171 188 xcviii-uix.
1209 146 1268 199 §§
1303 144 1550 186 ios-11⁶2.

240 259 458 298 Interea
503 255 578 295 sol
621 255 766 294 albus
808 255 1033 294 recessit
1077 255 1123 292 in
1169 252 1334 291 infera
1377 254 1576 298 noctis;

239 320 376 359 Exin
419 317 653 356 candida
697 330 750 355 se
795 317 961 355 radiis
1006 315 1154 355 (ledit
1197 316 1296 353 icta
1339 314 1481 353 foi-as
1525 315 1634 359 lux,

240 383 301 420 Et
342 380 501 419 simul
543 393 600 418 cx
644 379 748 418 alto
791 379 946 429 longe
989 378 1353 430 pulcherruma
1397 391 1615 431 praepes

239 444 408 482 Laeva
454 442 661 481 volavit
703 442 831 480 avis.
892 441 1048 479 Simul
1093 453 1280 478 aureus
1323 441 1559 479 exoritur
1602 440 1700 485 sol,

240 504 449 544 Cedunt
490 503 545 542 de
587 503 736 542 caelo
779 510 858 542 ter
900 509 1150 556 quattuor
1188 516 1411 553 corpora
1453 510 1635 541 sancta
1903 506 1920 532 5

238 568 442 613 Avium,
489 565 848 619 praepetibus
882 579 994 603 sese
1029 564 1360 617 pulchrisque
1405 564 1544 603 locis
1588 565 1720 604 dant.

242 629 523 680 Conspicit
566 628 689 667 inde
732 628 831 666 sibi
876 627 987 665 data
1030 627 1270 665 Romulus
1314 640 1429 664 esse
1473 628 1656 678 priora,

240 692 509 743 Auspicio
554 691 699 742 regni
745 689 998 728 stabilita
1043 702 1251 727 scamna
1293 689 1594 740 solumque.

242 754 388 792 XLIX.
430 750 516 792 lut).
551 752 630 791 Sed
664 758 706 791 ut
738 752 848 790 unde
882 751 961 790 huc
995 751 1178 800 dig-*ressa
1212 758 1286 796 esl,
1320 750 1463 789 eodem
1499 753 1639 790 redeat
1672 752 1824 791 oratio:
1858 753 1890 790 si

130 816 231 857 nihil
264 830 412 869 queam
448 816 661 868 disputare
694 828 815 868 qnam
849 814 901 852 ob
935 828 1019 852 rem
1054 813 1242 865 quidque
1276 812 1356 857 liat,
1390 820 1427 851 et
1463 819 1618 852 tantuin
1654 815 1774 853 modo
1803 814 1942 853 sieriw

128 892 197 924 ea,
231 891 337 930 quae
367 878 710 923 commemoravi,
752 877 944 921 doceam,
986 889 1185 928 parumne
1218 876 1397 927 Epicuro
1432 876 1689 915 Carneadive
1723 891 1892 930 respon-

128 942 274 981 deam?
347 940 489 987 Quid?
537 941 569 979 si
614 940 738 978 etiam
779 939 883 978 ratio
925 944 1061 976 exstat
1103 936 1350 976 artificiosae
1395 940 1704 989 praesensionis
1745 939 1892 985 facilis,

129 1003 290 1042 divinae
322 1009 460 1041 autem
495 1002 619 1055 paulo
653 1001 898 1040 obscurior?
932 1013 1037 1054 quae
1070 1000 1180 1038 enim
1214 1000 1336 1045 extis,
1369 1014 1475 1052 quae
1506 1000 1752 1050 fulgoribus,
1786 1015 1892 1054 qiuie

126 1064 344 1119 poi-tentis,
377 1077 482 1116 quae
514 1065 634 1103 astris
667 1064 1020 1116 praesentiuntur,
1054 1062 1155 1101 haec
1188 1067 1328 1100 notata
1362 1069 1458 1101 sunt
1490 1063 1781 1101 observatione
1805 1063 1895 1102 diu—

128 1134 259 1167 turna.
320 1126 465 1166 Adfert
496 1132 634 1166 autem
668 1132 851 1165 vetustas
884 1125 1076 1163 omnibus
1109 1125 1148 1163 in
1181 1124 1304 1163 rebus
1337 1124 1565 1176 longinqua
1602 1125 1945 1164 observationem

127 1188 416 1229 incredibilem
449 1189 690 1228 scientiam:
723 1201 831 1241 quae
865 1192 1003 1239 potest
1036 1200 1127 1226 esse
1161 1187 1283 1225 etiam
1317 1187 1407 1226 sine
1441 1193 1554 1225 motu
1578 1193 1703 1239 atque
1728 1187 1896 1239 inpulsu

128 1251 322 1297 deorum,
354 1264 464 1297 cum,
498 1250 597 1304 quid
631 1263 683 1290 ex
715 1263 882 1304 quoque
915 1249 1080 1288 eveniat
1111 1254 1151 1288 et
1183 1248 1281 1300 quid
1316 1262 1525 1301 quamque
1559 1262 1644 1287 rem
1677 1249 1896 1300 significet,

128 1313 273 1353 crebra
305 1313 667 1353 animadversione
701 1317 965 1365 perspectum
999 1317 1072 1350 est.
1136 1308 1228 1350 llO.
1272 1311 1413 1350 Altera
1445 1311 1644 1350 divinatio
1686 1318 1747 1350 est
1779 1318 1896 1351 natu-

127 1375 237 1422 ralis,
269 1381 314 1415 ut
345 1382 439 1415 ante
471 1375 586 1423 dixi3
621 1388 726 1428 quae
759 1374 931 1427 physica
964 1373 1205 1426 disputandi
1238 1373 1469 1412 subtilitate
1502 1372 1720 1412 reserenda
1752 1380 1813 1413 est
1845 1373 1895 1412 ad

127 1444 313 1478 naturam
345 1438 542 1484 deorum,
582 1450 605 1477 a
638 1450 742 1490 qua,
777 1443 821 1476 ut
852 1436 1102 1476 doctissimis
1136 1436 1543 1488 sapientissimisque
1577 1436 1752 1488 placuit,
1794 1436 1897 1475 hau·
1912 1441 1947 1469 20

127 1507 213 1541 stos
245 1502 405 1540 animos
437 1505 477 1540 et
509 1500 659 1539 libatos
690 1500 906 1546 habemus,
940 1512 1116 1550 cumque
1151 1499 1288 1538 onmia
1320 1498 1529 1550 completa
1561 1504 1601 1537 et
1631 1498 1783 1538 referta
1816 1500 1898 1538 siut

127 1569 296 1603 aeterno
329 1576 454 1602 sensu
486 1568 526 1602 et
557 1568 694 1601 mente
721 1562 883 1607 divina,
918 1575 1089 1601 necesse
1113 1566 1174 1600 est
1197 1561 1447 1613 contagione
1472 1561 1710 1599 divinorum
1735 1562 1897 1600 animos

128 1625 330 1665 humanos
362 1625 632 1664 commoveri.
697 1624 777 1663 Sed
810 1624 1030 1676 vigilantes
1062 1624 1190 1663 animi
1224 1623 1331 1662 vitae
1364 1620 1684 1662 necessitatibus
1712 1624 1899 1662 serviunt

129 1688 433 1740 diiunguntque
466 1700 509 1726 se
541 1700 564 1726 a
596 1687 794 1726 societate
826 1686 968 1725 divina
1001 1686 1147 1725 vinclis
1180 1686 1367 1738 corporis
1399 1685 1588 1737 inpediti.
1637 1682 1723 1724 lll.
1748 1686 1898 1725 Rarum

130 1756 189 1789 est
222 1748 431 1802 quoddam
472 1762 604 1801 genus
641 1762 807 1795 eorum,
849 1749 919 1801 qui
952 1761 995 1787 se
1027 1762 1049 1787 a
1082 1761 1254 1800 corpore
1287 1754 1463 1787 avocent
1503 1754 1544 1787 et
1574 1747 1626 1786 ad
1660 1747 1896 1787 divinarum
1913 1752 1949 1780 25

129 1825 265 1851 rerum
298 1811 581 1863 cognitionem
614 1825 712 1851 cura
744 1812 855 1850 omni
889 1811 1117 1864 studioque
1149 1811 1377 1863 rapiantur.
1424 1810 1583 1849 Horum
1607 1816 1704 1849 sunt
1725 1811 1898 1862 auguria

129 1887 212 1913 non
245 1874 373 1913 divini
406 1874 609 1926 impetus,
647 1874 719 1913 sed
752 1874 926 1913 rationis
959 1873 1189 1912 humanae:
1233 1886 1326 1912 nam
1360 1878 1400 1911 et
1431 1879 1577 1911 natura
1608 1872 1748 1911 futura
1782 1886 1899 1925 prae·

129 1937 339 1983 sentiunt,
390 1942 435 1975 ut
482 1949 684 1989 aquarum
727 1936 942 1976 eluviones
984 1942 1025 1974 et
1064 1935 1407 1988 deflagrationem
1449 1934 1629 1974 suturam
1671 1935 1899 1988 aliquando

129 1998 230 2038 caeli
263 2004 388 2052 atque
421 2004 634 2037 terrarum.
695 1998 777 2037 Alii
809 2004 945 2037 autem
978 1998 1020 2036 in
1052 2012 1094 2037 re
1128 1998 1293 2051 publica
1325 1997 1562 2043 exercitati,
1605 2003 1650 2036 ut
1691 1999 1741 2037 de
1775 1999 1900 2037 Athe-

131 2060 263 2100 niensi
297 2061 451 2100 Solone
492 2061 750 2114 accepimus,
792 2061 995 2100 orientem
1029 2060 1292 2113 tyrannidem
1325 2059 1455 2099 multo
1488 2065 1584 2098 ante
1616 2062 1950 2114 prospiciunt:30

131 2136 234 2176 quos
267 2123 492 2176 prudentes
525 2136 749 2175 possumus
782 2123 940 2169 dicere,
971 2123 1104 2162 idest
1131 2122 1418 2175 providentes,
1447 2122 1612 2161 divinos
1635 2124 1750 2163 nullo
1775 2124 1899 2164 modo

129 2197 372 2237 possumus,
412 2198 495 2224 non
527 2185 621 2237 plus
653 2198 777 2238 quam
809 2184 1018 2224 Milesium
1051 2185 1247 2231 Thalem,
1280 2185 1375 2238 qui,
1408 2190 1453 2223 ut
1484 2184 1770 2237 obiurgatores
1802 2200 1899 2226 suos

129 2247 394 2287 convinceret
435 2247 760 2301 ostenderetque
803 2248 925 2286 etiam
968 2247 1291 2300 philosophum,
1334 2248 1366 2287 si
1399 2248 1436 2286 ei
1469 2247 1732 2287 commodum
1775 2255 1899 2296 esset,

129 2310 346 2362 pec-uniam
388 2309 524 2349 facere
567 2323 712 2363 posse,
757 2323 923 2349 omnem
955 2310 1113 2357 oleam,
1144 2316 1368 2362 antequam
1401 2310 1551 2348 llorere
1584 2311 1814 2363 coepisset,
1855 2312 1899 2350 in

130 2383 226 2423 agro
266 2372 431 2413 Milesio
474 2373 677 2413 coemisse
718 2373 882 2413 dicitur.
954 2369 1048 2411 412.
1093 2373 1459 2412 Animadverterat
1498 2371 1674 2411 fortasse
1716 2374 1896 2426 quadam
1912 2381 1948 2411 35

216 2521 246 2551 l.
273 2520 372 2552 Hunc
397 2529 539 2553 versum
565 2523 644 2562 post
667 2530 760 2552 vers.
788 2522 890 2562 Regni
914 2531 947 2562 p.
966 2520 1046 2557 514,
1067 2520 1107 2552 ⁵24
1133 2520 1327 2560 transponit
1355 2520 1465 2560 Bergk
1490 2521 1522 2551 in
1550 2522 1706 2558 Quaeslt.
1726 2522 1899 2553 Enniana-

130 2577 206 2600 rum
231 2578 324 2610 spec.
353 2580 442 2602 novo
469 2571 598 2611 (Halae,
619 2572 725 2610 4860).
755 2589 789 2594 —-
818 2572 851 2602 in
877 2581 946 2602 om.
967 2568 1006 2602 Αἱ
1026 2588 1059 2592 -
1088 2572 1116 2601 ⁶2.
1140 2575 1217 2602 acta
1236 2569 1427 2601 Wakefield
1450 2588 1480 2592 —
1510 2571 1586 2601 sluaa·
1604 2573 1627 2601 A
1650 2588 1683 2592 —
1712 2572 1742 2601 3.
1767 2573 1899 2610 pulcer-

129 2620 215 2650 rima
238 2621 263 2652 Ο
289 2639 323 2643 -
358 2620 388 2653 4.
415 2621 489 2651 auis
511 2625 541 2652 et
563 2621 660 2652 simul
683 2621 794 2652 ΑΗΥ1
820 2639 854 2643 -
894 2622 976 2652 acis.
1003 2621 1108 2651 Simul
1137 2629 1169 2651 α.
1196 2621 1351 2650 exoritur
1373 2620 1436 2657 sol,
1471 2620 1586 2650 cedunt
1611 2620 1769 2651 distinxi:
1804 2623 1897 2652 uvis:

129 2670 223 2701 simul
246 2679 277 2702 a.
305 2672 458 2702 exoritur
481 2671 539 2701 sol.
559 2671 682 2702 Cedunt
707 2670 807 2710 vulgo
834 2688 868 2692 —-
897 2672 927 2702 5.
955 2675 1100 2710 quatuor
1125 2669 1288 2707 BllV'JO,
1316 2673 1450 2708 quattor
1474 2668 1601 2700 Bitsclil
1628 2670 1660 2700 in
1686 2679 1776 2702 mus.
1796 2671 1895 2703 rhen.

131 2718 221 2757 vul,
240 2718 320 2757 3093
354 2729 387 2751 v,
414 2721 519 2752 etiam
547 2720 687 2751 Lac-hm.
708 2720 751 2751 ad
770 2721 907 2752 Lucret.
935 2730 967 2761 p.
986 2722 1045 2751 ⁴93
1071 2739 1112 2743 —
1137 2721 1166 2751 6.
1192 2720 1462 2758 praepetibus-n
1480 2721 1558 2750 dant
1584 2720 1710 2752 Gellius
1737 2722 1804 2759 vu,
1825 2723 1899 2753 6—

130 2767 160 2797 7.
183 2769 301 2807 priora
323 2769 366 2800 B:
397 2770 572 2809 propriam
589 2772 615 2800 A
628 2770 693 2800 ΗΥ
721 2786 754 2792 —-
790 2770 821 2801 8.
847 2769 992 2800 stabilita
1018 2771 1060 2801 tl:
1095 2769 1305 2808 stabilitaque
1330 2770 1407 2800 cod.
1437 2769 1567 2800 (jiol‘ani
1593 2772 1625 2800 et
1650 2772 1675 2801 O
1711 2789 1753 2793 —
1788 2772 1817 2803 9.
1845 2774 1899 2804 sed

130 2819 165 2847 ue
186 2818 259 2848 inde
281 2819 333 2856 Αἱ,
359 2819 412 2850 sed
435 2820 520 2850 unde
544 2820 606 2850 ΗΟ
634 2836 667 2841 -
697 2819 849 2860 degressa
875 2820 936 2851 ΗΟ
966 2837 998 2841 —
1028 2820 1079 2850 40.
1099 2819 1231 2859 queam]
1250 2828 1348 2858 quam
1370 2820 1393 2849 Η
1422 2836 1455 2840 -
1484 2820 1622 2858 quicque
1645 2820 1777 2859 A132'11,
1804 2824 1899 2860 quic-

131 2867 207 2904 quid
231 2868 266 2898 Βι
293 2884 327 2889 -
366 2868 418 2899 Η.
444 2869 587 2908 epicurei
611 2868 638 2899 H
667 2886 699 2890 —
728 2868 778 2899 43.
803 2869 905 2908 paulo
929 2873 1004 2900 ante
1028 2869 1198 2900 obscurior
1221 2870 1246 2900 H
1275 2886 1309 2890 —
1346 2868 1532 2908 fulyuribus
1557 2869 1581 2899 O
1610 2887 1643 2892 -
1672 2872 1724 2902 45.
1749 2875 1900 2903 uetusta-

131 2915 170 2946 iis
194 2916 219 2947 H
249 2934 281 2939 —-
314 2918 513 2958 longinquae
537 2918 576 2947 V¹
604 2934 636 2938 —
673 2918 726 2948 47.
752 2927 795 2949 ex
819 2926 920 2959 quove
949 2919 973 2949 Η
1001 2935 1035 2940 ——
1071 2922 1099 2950 et
1123 2927 1200 2959 sup.
1219 2917 1276 2949 liu.
1298 2918 1321 2948 B
1350 2934 1383 2939 -
1421 2918 1470 2949 48.
1497 2918 1613 2949 crebra
1638 2921 1750 2951 anima
1775 2923 1899 2953 aduer-

131 2965 218 2996 sione
239 2968 285 3004 Α,
311 2967 426 2999 crebra
450 2969 536 2999 enim
559 2967 754 2998 oduei-sione
778 2968 805 2999 H
834 2986 867 2989 —
904 2969 955 3001 49.
981 2969 1162 3008 suptilitate
1186 2968 1211 2998 V
1241 2985 1273 2989 —-
1310 2968 1361 2998 2¹.
1388 2967 1493 2997 libitos
1517 2968 1543 2998 H
1573 2983 1606 2990 -
1639 2970 1795 3002 habemus
1818 2981 1895 3013 sup.

133 3013 186 3047 lin.
206 3015 227 3046 Β
255 3033 290 3038 -
316 3021 391 3048 sunt
412 3018 436 3049 C
457 3035 492 3039 —
520 3017 573 3048 22.
591 3018 786 3057 contayione
810 3018 986 3049 Davisius:
1014 3018 1197 3059 coytiitiorie
1222 3018 1264 3054 C,
1291 3017 1484 3056 coynatione
1508 3017 1552 3055 Ο,
1579 3026 1683 3058 quam
1710 3019 1898 3053 lectionem

134 3063 200 3096 noli
224 3065 413 3098 defendere
446 3067 523 3099 coll.
550 3067 582 3105 1,
610 3067 685 3107 §64
725 3084 758 3089 -
796 3069 912 3098 anima
935 3076 992 3098 nos
1018 3069 1043 3099 H
1083 3086 1115 3090 -
1157 3068 1209 3099 ⁵23.
1237 3067 1449 3106 uigilantium
1482 3068 1640 3099 Davisius
1673 3069 1825 3101 malebat
1861 3089 1895 3093 —

134 3114 249 3146 uiuunt
270 3117 472 3157 iunguntque
497 3118 522 3148 H
545 3134 578 3138 -
607 3116 658 3148 24.
679 3117 932 3157 disiunguntque
957 3118 998 3147 ΥΞ
1017 3135 1050 3140 -
1078 3118 1130 3148 27.
1157 3121 1185 3148 et
1210 3117 1241 3146 in
1268 3120 1389 3146 natura
1413 3117 1529 3156 futura
1555 3117 1671 3149 malim
1693 3136 1727 3141 —
1758 3120 1809 3151 28.
1828 3120 1899 3151 elu-

134 3165 242 3196 viones
264 3166 446 3199 Turnebus
472 3166 628 3205 (Advers.
650 3166 688 3205 V,
707 3167 778 3205 ⁵23ss
804 3167 969 3207 fluxiones
984 3167 1093 3205 ABV,
1118 3167 1276 3207 fleaeiones
1300 3166 1326 3196 H
1357 3183 1387 3188 -
1413 3166 1608 3206 suturarum
1625 3167 1652 3197 V
1673 3185 1706 3190 —
1734 3168 1787 3200 ⁶29.
1807 3170 1899 3200 attie—

136 3212 257 3244 nienses
278 3214 331 3253 W,
362 3216 598 3248 atheniensibus
622 3215 651 3246 H
681 3232 725 3239 -
753 3216 806 3247 30.
832 3216 960 3248 solenne
984 3218 1011 3249 H
1044 3234 1079 3239 -
1117 3217 1169 3248 34.
1196 3216 1229 3246 id
1253 3214 1308 3255 est]
1333 3215 1417 3247 idem
1442 3216 1470 3247 H
1503 3233 1537 3237 —
1577 3217 1628 3248 32.
1654 3217 1780 3249 milesin
1805 3219 1833 3249 H
1862 3234 1895 3240 -

138 3259 190 3293 34.
214 3264 386 3303 coepissent
407 3266 436 3297 V
463 3282 499 3289 —
525 3266 577 3298 35.
603 3273 666 3305 quo
690 3266 804 3298 emisso
828 3265 869 3297 V¹
895 3281 930 3288 —
956 3266 1125 3306 quandam
1147 3265 1317 3296 scientiam
1341 3264 1382 3295 H.
