2249 3624
227 167 308 213 644
944 168 1013 208 DE
1047 167 1273 208 OFFICIIS

225 278 423 333 quoniam
447 276 594 317 Graeci
625 274 907 328 κατόρθωμα,
938 274 1019 315 hoc
1042 279 1178 315 autem
1201 287 1422 314 commune
1446 273 1632 314 officium
1653 282 1815 317 vocant.
1857 277 1991 331 Atque

223 356 272 383 ea
303 341 363 383 sic
394 340 622 386 definiunt,
662 343 728 385 ut,
769 342 929 377 rectum
961 338 1075 391 quod
1108 338 1184 385 sit,
1215 337 1259 377 id
1291 335 1472 377 officium
1505 337 1736 391 perfectum
1768 353 1860 380 esse
1891 338 1992 380 defi-

222 405 361 452 niant;
393 402 577 443 medium
608 407 748 440 autem
780 398 964 440 officium
996 400 1039 440 id
1072 413 1163 439 esse
1195 399 1350 447 dicunt,
1382 400 1498 452 quod
1526 414 1599 440 cur
1618 400 1772 441 factum
1795 402 1861 450 sit,
1884 403 1989 442 ratio

220 466 451 522 probabilis
482 464 602 505 reddi
633 459 796 516 possit]
859 461 897 501 9.
930 463 1101 515 Triplex
1132 462 1258 516 igitur
1289 467 1366 509 est,
1396 467 1442 502 ut
1461 463 1659 503 Panaetio
1683 463 1861 512 videtur,
1892 477 1990 505 con-

187 531 302 571 5silii
334 527 527 582 capiendi
557 526 816 566 deliberatio.
876 526 981 565 Nam
1011 530 1081 565 aut
1110 525 1391 565 honestumne
1422 524 1535 565 factu
1566 525 1619 565 sit
1657 539 1711 566 an
1748 531 1871 580 turpe
1913 527 1989 567 du-

218 593 353 633 bitant
382 591 445 638 id,
490 589 605 643 quod
644 589 687 627 in
728 587 1077 628 deliberationem
1116 587 1252 628 cadit:
1302 587 1345 626 in
1385 601 1469 641 quo
1508 589 1816 629 considerando
1859 603 1987 643 saepe

218 656 346 697 animi
385 655 427 693 in
466 651 697 692 contrarias
729 651 958 690 sententias
990 649 1294 690 distrahuntur.
1354 652 1459 690 Tum
1490 656 1629 691 autem
1660 657 1732 691 aut
1762 651 1989 704 anquirunt

217 723 289 759 aut
320 715 579 762 consultant,
619 714 671 754 ad
703 714 813 754 vitae
845 712 1188 753 commoditatem
1220 713 1634 766 iucunditatemque,
1679 713 1731 754 ad
1766 713 1987 754 facultates
2047 724 2050 725 ’

216 795 353 821 rerum
384 784 511 832 atque
543 778 697 830 copias,
728 776 780 816 ad
812 789 926 829 opes,
960 775 1012 815 ad
1043 775 1289 829 potentiam,
1321 775 1475 829 quibus
1507 781 1548 816 et
1579 789 1623 816 se
1653 778 1817 830 possint
1844 777 1987 817 iuvare

166 848 256 886 ioet
286 855 405 889 suos,
438 840 644 880 conducat
674 838 715 879 id
746 852 900 887 necne,
931 839 982 878 de
1016 852 1098 891 quo
1131 838 1385 878 deliberant:
1430 851 1538 891 quae
1569 838 1818 879 deliberatio
1850 839 1986 880 omnis

214 906 257 946 in
287 905 491 945 rationem
522 903 714 943 utilitatis
745 902 866 942 cadit.
927 902 1116 941 Tertium
1149 901 1367 940 dubitandi
1400 913 1532 953 genus
1565 905 1640 948 est,
1672 914 1766 942 cum
1797 915 1986 955 pugnare

212 967 379 1008 videtur
408 980 502 1007 cum
533 965 713 1005 honesto
745 964 801 1012 id,
834 965 944 1018 quod
979 964 1147 1004 videtur
1178 976 1269 1004 esse
1303 963 1419 1003 utile.
1481 963 1583 1003 Cum
1607 964 1720 1004 enim
1742 965 1902 1005 utilitas
1932 964 1985 1005 ad

213 1044 257 1070 se
286 1043 457 1084 rapere,
490 1031 688 1068 honestas
720 1033 866 1067 contra
895 1039 1096 1067 revocare
1127 1026 1179 1066 ad
1211 1039 1255 1065 se
1286 1026 1473 1073 videtur,
1504 1024 1550 1066 fit
1579 1032 1626 1066 ut
1656 1026 1912 1067 distrahatur
1941 1027 1986 1067 in

213 1092 484 1134 deliberando
507 1091 671 1132 animus
692 1088 936 1143 adferatque
959 1089 1186 1143 ancipitem
1210 1101 1354 1128 curam
1377 1088 1601 1142 cogitandi.
1651 1086 1718 1128 110.
1749 1090 1799 1129 In
1819 1089 1898 1130 hac
1921 1089 1986 1130 di-

161 1168 197 1198 115
211 1158 395 1204 visione,
427 1169 521 1196 cum
552 1153 781 1207 praeterire
812 1152 975 1206 aliquid
1008 1165 1249 1191 maxumum
1280 1151 1425 1191 vitium
1456 1152 1500 1190 in
1533 1150 1759 1191 dividendo
1791 1152 1868 1199 sit,
1899 1152 1983 1192 duo

210 1219 508 1274 praetermissa
538 1222 648 1257 sunt.
708 1217 792 1256 Nec
824 1215 936 1254 enim
969 1215 1102 1255 solum
1134 1220 1275 1254 utrum
1305 1213 1531 1254 honestum
1563 1227 1616 1254 an
1640 1220 1762 1268 turpe
1793 1215 1848 1254 sit
1878 1214 1985 1254 deli-

209 1282 348 1323 berari
381 1281 502 1327 solet,
534 1279 608 1319 sed
640 1279 764 1319 etiam
797 1278 960 1318 duobus
982 1276 1210 1330 propositis
1235 1277 1423 1317 honestis
1449 1282 1587 1317 utrum
1610 1276 1842 1324 honestius,
1863 1276 1984 1317 item-

209 1358 292 1400 que
325 1344 492 1384 duobus
525 1341 757 1395 propositis
788 1340 962 1380 utilibus
1001 1345 1139 1380 utrum
1170 1339 1330 1379 utilius.
1391 1340 1471 1386 lta,
1515 1353 1640 1393 quam
1673 1339 1744 1380 ille
1774 1339 1983 1393 triplicem

208 1408 370 1462 putavit
399 1419 492 1447 esse
523 1405 741 1450 rationem,
773 1403 816 1442 in
848 1404 1036 1456 quinque
1069 1403 1196 1455 partis
1230 1403 1424 1442 distribui
1448 1402 1604 1443 debere
1626 1401 1849 1456 reperitur.
1895 1401 1983 1441 Pri-

158 1483 194 1512 20
209 1485 321 1511 mum
362 1470 488 1523 igitur
529 1474 592 1508 est
633 1467 684 1506 de
715 1467 918 1513 honesto,
960 1466 1033 1505 sed
1066 1465 1312 1518 dupliciter,
1354 1471 1441 1505 tum
1473 1465 1564 1518 pari
1594 1465 1757 1505 ratione
1789 1465 1841 1505 de
1872 1464 1981 1512 utili,

207 1539 302 1589 post
334 1533 385 1573 de
417 1530 730 1584 comparatione
763 1543 906 1569 eorum
939 1528 1243 1568 disserendum.

320 1596 388 1635 lV.
431 1592 497 1634 sll.
537 1593 744 1646 Principio
787 1592 932 1644 generi
972 1591 1248 1631 animantium
1289 1591 1403 1630 omni
1445 1595 1508 1630 est
1547 1604 1570 1631 a.
1601 1596 1749 1632 natura
1779 1591 1980 1631 tributum

207 1664 254 1700 ut
284 1673 349 1707 se,
393 1658 517 1698 vitam
552 1668 790 1709 corpusque
824 1660 1015 1701 tueatur,
1060 1654 1243 1694 declinet
1275 1667 1342 1700 ea,
1383 1667 1490 1707 quae
1522 1654 1713 1694 nocitura
1744 1654 1979 1700 videantur,

207 1722 456 1774 omniaque,
499 1732 606 1771 quae
649 1719 732 1758 sint
772 1717 823 1758 ad
866 1717 1093 1757 vivendum
1134 1716 1392 1763 necessaria,
1432 1716 1630 1769 anquirat
1670 1721 1710 1756 et
1753 1722 1891 1769 paret,
1932 1721 1980 1755 ut

156 1798 192 1827 25
207 1791 393 1839 pastum,
435 1788 481 1824 ut
510 1782 708 1828 latibula,
750 1785 794 1820 ut
826 1780 907 1820 alia
938 1781 1102 1833 generis
1135 1778 1335 1820 eiusdem.
1399 1778 1629 1819 Commune
1662 1779 1760 1818 item
1792 1778 1980 1818 animan-

207 1848 309 1887 tium
341 1846 527 1887 omnium
560 1851 624 1884 est
655 1843 962 1884 coniunctionis
995 1842 1208 1895 adpetitus
1241 1841 1491 1894 procreandi
1517 1854 1641 1882 causa
1663 1846 1704 1882 et
1725 1854 1826 1881 cura
1845 1853 1975 1894 quae-

206 1911 302 1952 dam
335 1923 503 1955 eorum,
545 1920 654 1961 quae
691 1911 912 1960 procreata
952 1911 1058 1945 sunt.
1130 1905 1212 1944 Sed
1244 1905 1353 1944 inter
1383 1905 1598 1944 hominem
1630 1910 1671 1944 et
1700 1904 1866 1945 beluam
1897 1904 1977 1944 hoc

206 1973 389 2014 maxime
429 1972 628 2017 interest,
671 1969 784 2022 quod
826 1968 929 2008 haec
968 1973 1153 2014 tantum,
1195 1972 1396 2021 quantum
1438 1981 1563 2007 sensu
1597 1974 1809 2015 movetur,
1849 1966 1902 2007 ad
1933 1965 1976 2005 id

206 2037 365 2082 solum,
397 2033 512 2087 quod
543 2032 663 2072 adest
694 2031 892 2085 quodque
924 2044 1124 2084 praesens
1157 2035 1244 2077 est,
1277 2043 1321 2069 se
1353 2029 1662 2077 accommodat,
1701 2029 1874 2083 paulum
1905 2029 1977 2068 ad-

154 2108 192 2139 30
205 2099 375 2140 modum
409 2097 595 2137 sentiens
626 2094 901 2147 praeteritum
934 2099 1005 2133 aut
1036 2093 1236 2133 futurum.
1297 2092 1431 2132 Homo
1466 2097 1624 2138 autem,
1658 2092 1770 2146 quod
1801 2091 1976 2132 rationis

206 2167 267 2202 est
296 2161 519 2214 particeps,
550 2170 624 2211 per
656 2170 781 2210 quam
814 2156 1117 2210 consequentia
1149 2155 1295 2202 cernit,
1328 2168 1475 2194 causas
1506 2168 1646 2194 rerum
1678 2155 1791 2195 videt
1814 2167 1977 2194 earum-

206 2237 288 2278 que
321 2234 591 2276 praegressus
623 2226 664 2260 et
695 2218 813 2272 quasi
847 2219 1158 2259 antecessiones
1191 2231 1274 2257 non
1306 2217 1493 2269 ignorat,
1534 2217 1832 2257 similitudines
1864 2229 1977 2257 com-

205 2292 324 2339 parat
354 2285 563 2337 rebusque
597 2282 887 2336 praesentibus
920 2281 1112 2333 adiungit
1142 2286 1270 2333 atque
1302 2280 1485 2320 adnectit
1504 2280 1680 2328 futuras,
1702 2279 1824 2320 facile
1847 2280 1976 2320 totius

204 2349 313 2389 vitae
354 2361 522 2389 cursum
568 2345 681 2386 videt
727 2344 779 2384 ad
827 2358 1005 2397 eamque
1051 2342 1283 2396 degendam
1328 2348 1549 2396 praeparat
1588 2357 1655 2383 res
1695 2342 1971 2383 necessarias.

154 2420 190 2451 35
206 2409 271 2451 ²1⁶2.
302 2411 546 2463 Eademque
578 2413 726 2448 natura
758 2407 797 2447 vi
829 2407 1000 2447 rationis
1032 2406 1247 2446 hominem
1289 2405 1486 2445 conciliat
1525 2405 1685 2445 homini
1726 2410 1768 2445 et
1799 2404 1850 2444 ad
1882 2416 1975 2444 ora-

204 2474 330 2515 tionis
368 2479 408 2514 et
443 2472 496 2513 ad
534 2471 643 2513 vitae
674 2470 917 2511 societatem
954 2470 1258 2523 ingeneratque
1289 2468 1332 2508 iu
1362 2468 1507 2523 primis
1538 2468 1810 2522 praecipuum
1841 2479 1974 2520 quen-

288 2667 319 2698 4.
345 2666 504 2706 quoniam
529 2665 574 2697 C:
606 2664 694 2702 quod
723 2671 742 2695 o
780 2679 815 2684 —
858 2662 1065 2693 catorthoma
1090 2662 1114 2693 C
1157 2679 1186 2684 -
1232 2661 1378 2701 officium
1401 2664 1524 2692 uocant
1548 2661 1594 2693 C:
1627 2660 1772 2701 officium
1795 2656 1972 2701 καθῆκον

195 2720 316 2747 vocant
340 2717 523 2751 Pearcius3
549 2712 719 2755 [officium]
744 2709 920 2753 καθῆκον
943 2715 1063 2742 vocant
1087 2719 1106 2743 0
1134 2729 1168 2733 —
1196 2712 1226 2743 5.
1253 2715 1312 2742 aut
1337 2714 1360 2743 B
1378 2712 1488 2743 llac:
1517 2719 1587 2742 om.
1613 2711 1719 2743 Abo.
1763 2710 1813 2743 Cf.
1835 2709 1971 2750 Madvig

196 2764 239 2796 ad
265 2766 335 2796 Cic.
364 2765 406 2796 (lc
433 2764 541 2795 Finib.
570 2773 601 2804 p.
617 2764 692 2796 807.
727 2780 758 2786 —
800 2764 841 2794 sit
865 2765 923 2793 aut
947 2765 1042 2801 turpe
1066 2769 1085 2793 c
1117 2778 1151 2783 -—
1192 2762 1222 2792 7.
1251 2763 1435 2801 anquirunt
1457 2763 1483 2793 A
1499 2762 1521 2792 Β
1537 2761 1620 2793 Hb:
1656 2762 1831 2800 inquirunt
1853 2767 1905 2792 ac
1930 2775 1967 2782 —

196 2815 247 2845 ⁴0.
266 2815 310 2855 id]
328 2815 378 2845 hic
402 2823 423 2846 a
451 2832 484 2836 —-
514 2815 564 2845 Μ.
591 2817 636 2845 esc
660 2821 837 2854 superscr.
859 2813 891 2843 in
914 2813 934 2843 b
963 2830 997 2835 —
1027 2813 1078 2844 42.
1097 2812 1252 2844 utilitatis
1273 2814 1294 2844 b
1324 2828 1357 2835 -
1394 2812 1445 2844 43.
1472 2812 1680 2843 distrahatur
1703 2811 1737 2841 in.
1761 2809 1969 2842 deliberando

193 2863 326 2894 animus
349 2865 532 2903 afferatque
557 2865 589 2895 ὶη
614 2863 823 2895 deliberando
847 2863 1023 2902 ancipitem
1049 2871 1066 2894 c
1103 2881 1146 2885 —
1179 2864 1215 2893 In
1238 2863 1300 2893 hac
1324 2870 1406 2893 nos:
1438 2862 1500 2892 hac
1525 2863 1608 2900 (om.
1626 2861 1673 2900 in)
1698 2861 1722 2892 C
1739 2868 1758 2891 ο
1798 2877 1832 2882 -
1870 2859 1971 2898 suffe-

191 2917 310 2955 ratque
334 2914 557 2946 Rulmkenius
582 2913 700 2946 Pliilol.
722 2913 938 2945 Schneidew.
960 2914 998 2951 V,
1018 2923 1051 2954 p.
1068 2913 1143 2945 753.
1182 2930 1218 2935 -
1260 2914 1310 2945 15.
1338 2912 1371 2943 in
1396 2912 1571 2943 diuidendo
1593 2911 1782 2942 maximum
1803 2909 1922 2940 uitium
1949 2915 1968 2938 ο

196 2981 230 2986 -
259 2963 310 2994 Π.
337 2964 436 2994 etiam
460 2973 529 2995 om.
557 2972 575 2995 c
604 2982 637 2987 —-
665 2965 742 2995 item
766 2963 890 2994 duobus
914 2970 932 2993 c
961 2981 994 2985 -
1023 2963 1074 2994 49.
1099 2963 1207 3002 partis
1234 2959 1289 2993 11¹:
1322 2962 1430 3001 partis
1454 2970 1544 2993 corr.
1565 2961 1599 2992 in
1620 2960 1771 3000 partibus
1795 2967 1831 2996 a3
1856 2960 1970 2997 partes

191 3013 409 3044 ABllzbeo
449 3031 483 3036 —
528 3015 714 3054 repperitur
738 3014 805 3045 BlI
844 3031 878 3036 —-
919 3012 973 3044 σ23.
1002 3013 1138 3043 declinet
1163 3012 1187 3043 C
1215 3012 1332 3051 (etiam
1355 3012 1441 3049 bc):
1468 3011 1669 3049 declinetque
1693 3018 1711 3041 o
1752 3026 1788 3032 —
1826 3007 1880 3040 24.
1906 3014 1968 3046 que

192 3071 262 3094 om.
290 3063 313 3093 B
352 3079 387 3085 -
430 3063 494 3094 sint
523 3064 717 3096 Assllab:
753 3066 826 3094 sunt
859 3070 877 3093 c
895 3070 913 3094 o
953 3080 987 3084 -
1027 3062 1072 3092 ad
1094 3061 1272 3092 uidendam
1296 3070 1339 3097 a;
1377 3062 1422 3092 ad
1445 3061 1623 3092 uivendum
1653 3066 1833 3099 superscr.
1860 3063 1967 3088 manu

190 3113 433 3145 recentissima
459 3112 565 3144 habet
589 3123 609 3153 p
648 3132 682 3136 —
729 3114 888 3152 anquirat
912 3114 937 3143 A
951 3111 1089 3142 B¹H¹b:
1124 3112 1272 3150 inquirat
1298 3110 1389 3142 1⁷1²a:
1423 3110 1579 3149 acquirat
1601 3110 1701 3148 B2ep
1740 3125 1774 3130 —
1810 3107 1864 3138 25.
1889 3106 1968 3137 item

190 3164 383 3195 Manutius:
421 3166 531 3193 autem
565 3165 636 3194 Co.
687 3163 737 3195 Cf.
764 3164 783 3203 ὃ
803 3164 853 3194 Π.
880 3163 923 3193 ΙΙΙ
949 3162 1038 3202 845.
1082 3177 1115 3182 -
1166 3161 1220 3192 Ξῖ.
1249 3163 1430 3200 procreata
1459 3162 1534 3190 sunt
1565 3159 1652 3198 A(‘?):
1686 3159 1871 3197 procreata
1901 3153 1966 3184 sint

188 3213 345 3249 Bliatn
376 3216 598 3252 procreantur
622 3221 651 3244 c.
694 3212 744 3244 Cf.
771 3214 790 3253 §
809 3213 861 3244 42.
891 3229 926 3234 —
962 3211 1014 3242 30.
1042 3210 1128 3249 quod
1153 3219 1242 3242 corr.
1270 3211 1303 3241 in
1328 3209 1487 3249 quoniam
1510 3209 1554 3240 B:
1588 3207 1645 3246 qui
1668 3215 1690 3246 p
1716 3223 1750 3229 —
1786 3205 1838 3236 32.
1860 3208 1964 3241 prae-

188 3271 316 3304 9ressus
339 3262 403 3294 ΑΗ
419 3263 494 3294 ab:
530 3271 724 3302 prom-ossus
746 3263 770 3294 B
785 3271 802 3294 c
818 3271 836 3294 o
866 3280 899 3284 —
927 3261 980 3293 35.
1007 3261 1041 3291 ui
1065 3262 1091 3291 Α
1107 3260 1130 3290 Β
1146 3267 1216 3292 ac:
1244 3263 1280 3291 ut
1304 3260 1365 3291 Hb
1392 3277 1427 3282 —
1462 3257 1611 3290 conciliet
1633 3257 1655 3287 b
1682 3272 1717 3278 -
1750 3255 1803 3286 36.
1828 3253 1962 3291 inqene-

187 3315 306 3353 ratque
323 3312 553 3353 --procreati
576 3315 651 3343 sunt
674 3312 792 3352 spuria
819 3311 957 3344 censuit
981 3308 1207 3342 Facciolatus.
