2249 3624
309 138 391 181 404
905 138 976 179 DE
1005 137 1232 180 DEORUM
1260 137 1478 180 NATURA

309 259 435 302 saepe
464 247 579 288 visae
608 244 766 286 formae
798 244 971 285 deorum
1004 245 1195 300 quemvis
1225 258 1310 286 non
1340 249 1414 286 aut
1441 244 1633 287 hebetem
1666 251 1738 288 aut
1773 247 1949 303 impium
1979 249 2081 296 deos

306 315 549 365 praesentes
581 322 673 350 esse
705 306 893 349 confiteri
924 313 1166 361 coegerunt.
1235 309 1307 348 ΙΙΙ.
1338 307 1376 349 7.
1408 308 1720 351 Praedictiones
1751 324 1851 352 vero
1885 317 1927 354 et
1956 327 2078 367 prae-

307 374 526 414 sensiones
556 385 696 412 rerum
721 369 952 410 futurarum
975 370 1077 423 quid
1099 370 1213 410 aliud
1235 372 1450 412 declarant
1469 371 1550 411 nisi
1570 371 1810 414 hominibus
1833 387 1881 415 ea
1902 376 2081 424 ostendi,

306 437 550 482 monstrari,
587 432 804 488 portendi,
841 433 1060 486 praedici?
1102 448 1155 474 ex
1186 448 1271 487 quo
1302 434 1373 474 illa
1405 439 1589 482 ostenta,
1627 440 1832 485 monstra,
1872 442 2082 491 portenta,

272 498 496 552 5prodigia
518 497 726 537 dicuntur.
774 495 897 543 Quod
921 496 955 535 si
977 509 1024 535 ea
1046 494 1138 536 ficta
1162 496 1371 537 credimus
1393 496 1562 537 licentia
1583 497 1838 548 fabularum,
1871 502 2080 554 Mopsum,

303 561 526 607 Tiresiam,
558 558 876 611 Amphiaraum,
921 558 1209 607 Calchantem,
1245 559 1476 608 Helenum,
1510 574 1616 614 quos
1646 566 1785 601 tamen
1817 575 1997 617 augures
2027 577 2081 604 ne

302 623 419 677 ipsae
451 623 618 676 quidem
650 620 816 660 fabulae
848 620 1150 670 adscivissent,
1182 623 1216 662 si
1248 636 1314 662 res
1347 623 1520 663 omnino
1552 624 1817 677 repudiaret,
1848 639 1902 666 ne
1934 625 2080 667 dome-

302 686 415 726 sticis
447 684 618 738 quidem
652 683 858 736 exemplis
890 684 1000 723 docti
1033 698 1188 724 numen
1221 685 1392 726 deorum
1425 686 1813 739 conprobabimus?
1857 688 1970 729 Nihil
1999 701 2078 729 nos

300 750 343 788 P.
376 747 540 788 Claudii
578 746 690 786 bello
730 746 888 786 Punico
924 747 1058 800 primo
1089 749 1301 789 temeritas
1332 749 1538 797 movebit,
1580 749 1652 803 qui
1684 749 1807 790 etiam
1838 764 1913 804 per
1941 750 2078 791 iocum

251 823 286 851 ⁴0
299 811 401 851 deos
441 808 653 855 inridens,
697 822 790 848 cum
832 821 956 849 cavea
998 809 1159 850 liberati
1191 811 1296 864 pulli
1327 825 1412 851 non
1444 817 1731 864 pascerentur,
1764 813 1897 866 mergi
1928 826 2001 853 eos
2034 813 2079 853 in

299 886 451 926 aquam
481 871 625 918 iussit,
664 876 710 910 ut
739 871 950 919 biberent,
983 874 1185 926 quoniam
1217 888 1309 914 esse
1340 874 1502 914 nollent
1521 876 1539 913 ἱ)
1585 874 1668 922 Qui
1699 875 1809 915 risus
1841 875 1974 916 classe
2005 875 2078 915 de-

297 937 403 976 victa
433 934 582 974 multas
603 933 684 987 ipsi
706 933 914 981 lacrimas,
945 948 1138 988 magnam
1160 937 1318 990 populo
1340 938 1528 976 Romano
1553 936 1715 976 cladem
1737 936 1886 977 attulit.
1932 936 2074 986 Quid?

296 998 457 1051 collega
488 997 577 1037 eius
617 996 763 1036 lunius
795 997 944 1038 eodem
980 998 1092 1039 bello
1124 1013 1263 1040 nonne
1294 1004 1543 1052 tempestate
1575 998 1751 1039 classem
1782 999 1939 1048 amisit,
1982 1013 2077 1040 cum

296 1061 493 1115 auspiciis
523 1073 609 1100 non
640 1060 878 1113 paruisset?
923 1062 1068 1116 Itaque
1092 1061 1291 1102 Claudius
1323 1075 1346 1102 a
1376 1061 1536 1114 populo
1569 1061 1873 1102 condemnatus
1894 1067 1979 1111 est,
2009 1063 2078 1103 Iu-

245 1134 280 1162 45
295 1124 390 1164 nius
432 1135 578 1163 necem
620 1122 699 1162 sibi
737 1123 828 1175 ipse
862 1124 1077 1164 conscivit.
1136 1123 1176 1164 8.
1210 1124 1253 1164 C.
1285 1124 1536 1164 Flaminium
1570 1124 1736 1164 Caelius
1765 1124 1972 1178 religione
2002 1138 2077 1166 ne-

294 1188 429 1241 glecta
451 1185 653 1227 cecidisse
678 1186 790 1239 apud
811 1187 1115 1227 Trasumenum
1137 1188 1282 1228 scribit
1302 1201 1395 1228 cum
1417 1199 1568 1240 magno
1590 1187 1651 1227 rei
1671 1187 1865 1240 publicae
1886 1188 2074 1229 vulnere.

295 1250 485 1299 Quorum
517 1248 647 1288 exitio
679 1249 867 1302 intellegi
898 1255 1059 1303 potest,
1093 1263 1239 1290 eorum
1270 1250 1457 1303 imperiis
1488 1263 1575 1289 rem
1607 1249 1817 1303 publicam
1847 1248 2075 1304 amplifica-

291 1317 394 1360 tam,
437 1313 508 1366 qui
548 1309 822 1364 religionibus
860 1313 1113 1365 paruissent.
1175 1313 1228 1354 Et
1265 1314 1300 1353 si
1337 1312 1528 1352 conferre
1568 1311 1761 1352 volumus
1800 1317 1942 1354 nostra
1979 1327 2074 1354 cum

293 1376 501 1423 externis,
538 1374 689 1414 ceteris
728 1374 854 1415 rebus
892 1381 963 1416 aut
999 1389 1118 1429 pares
1149 1382 1222 1416 aut
1253 1376 1376 1416 etiam
1406 1374 1627 1415 inferiores
1658 1374 1936 1428 reperiemur,
1975 1376 2076 1417 reli-

241 1448 277 1477 20
293 1440 435 1493 gione,
477 1438 518 1477 id
552 1441 615 1476 est
646 1435 760 1476 cultu
792 1437 987 1486 deorum,
1029 1439 1161 1480 multo
1193 1438 1447 1493 superiores.
1509 1436 1548 1478 9.
1579 1440 1643 1477 An
1674 1438 1760 1478 Atti
1789 1438 1911 1479 Navii
1942 1438 2072 1479 lituus

291 1501 383 1550 ille,
416 1513 500 1554 quo
532 1498 585 1539 ad
616 1498 953 1552 investigandum
981 1515 1099 1541 suem
1121 1502 1315 1554 regiones
1336 1503 1484 1542 vineae
1508 1501 1768 1548 terminavit,
1800 1506 2073 1543 contemnen-

290 1564 369 1604 dus
401 1565 496 1604 est?
541 1560 787 1609 Crederem,
826 1563 906 1602 nisi
946 1564 1035 1604 eius
1066 1566 1243 1619 augurio
1279 1578 1355 1605 rex
1385 1565 1592 1605 Hostilius
1624 1564 1808 1604 maxima
1837 1563 1949 1605 bella
1978 1577 2072 1618 ges-

290 1628 426 1668 sisset.
487 1624 569 1665 Sed
606 1624 874 1677 neglegentia
910 1627 1141 1667 nobilitatis
1172 1628 1338 1681 augurii
1369 1627 1592 1680 disciplina
1623 1627 1781 1666 omissa
1811 1626 1965 1667 veritas
1995 1640 2070 1667 au-

289 1690 515 1743 spiciorum
556 1692 692 1741 spreta
725 1692 809 1735 est,
852 1689 1010 1741 species
1042 1694 1204 1730 tantum
1235 1695 1411 1731 retenta.
1478 1691 1624 1743 Itaque
1655 1689 1863 1730 maximae
1900 1690 1962 1730 rei
1992 1703 2071 1744 pu-

238 1761 274 1790 25
287 1751 422 1792 blicae
452 1755 615 1804 partes,
655 1749 699 1788 in
736 1749 802 1789 his
832 1750 965 1799 bella,
1005 1753 1158 1806 quibus
1188 1752 1249 1793 rei
1280 1753 1475 1806 publicae
1507 1752 1618 1792 salus
1649 1752 1909 1800 continetur,
1939 1752 2068 1792 nullis

288 1814 483 1867 auspiciis
521 1812 885 1861 administrantur,
927 1815 1042 1855 nulla
1076 1817 1291 1870 peremnia
1330 1819 1570 1863 servantur,
1615 1815 1731 1855 nulla
1773 1828 1826 1855 ex
1865 1814 2070 1855 acumini-

286 1877 386 1924 bus,
418 1876 535 1917 nulla
565 1889 657 1919 cum
692 1875 769 1915 viri
791 1882 1012 1926 vocantur,
1046 1892 1099 1918 ex
1121 1880 1270 1932 quoin
1291 1880 1504 1933 procinctu
1548 1882 1798 1918 testamenta
1837 1877 2069 1930 perierunt.

288 1941 394 1980 Tum
425 1939 536 1980 enim
572 1938 682 1977 bella
713 1951 858 1990 gerere
888 1942 1019 1981 nostri
1051 1940 1176 1982 duces
1207 1941 1438 1994 incipiunt,
1478 1955 1572 1981 cum
1603 1940 1792 1994 auspicia
1821 1944 2068 1994 posuerunt.

287 1999 353 2041 llO.
394 2003 445 2042 At
481 2014 580 2041 vero
617 2000 730 2054 apud
765 2002 943 2042 maiores
981 2008 1097 2044 tanta
1136 2004 1352 2057 religionis
1396 2005 1458 2044 vis
1501 2004 1602 2052 fuit,
1642 2009 1689 2043 ut
1727 2002 1897 2057 quidam
1938 2003 2070 2058 impe-

235 2070 443 2105 3oratores
484 2064 609 2104 etiam
653 2076 697 2103 se
733 2063 851 2117 ipsos
891 2064 954 2105 dis
996 2066 1291 2107 inmortalibus
1324 2066 1458 2119 capite
1490 2066 1626 2106 velato
1658 2065 1796 2106 verbis
1828 2066 1951 2107 certis
1991 2079 2068 2121 pro

285 2141 329 2167 re
369 2127 538 2181 publica
577 2126 843 2167 devoverent.
898 2128 1030 2169 Multa
1071 2143 1123 2169 ex
1161 2129 1377 2183 Sibyllinis
1414 2129 1809 2178 vaticinationibus,
1852 2129 1984 2171 multa
2014 2142 2068 2170 ex

285 2190 553 2244 haruspicum
598 2190 811 2243 responsis
853 2203 1179 2232 commemorare
1222 2205 1415 2245 possum,
1464 2192 1617 2245 quibus
1664 2205 1712 2232 ea
1757 2189 2067 2241 confirmentur,

374 2328 403 2359 4.
431 2336 496 2359 non
520 2329 580 2358 aut
604 2326 786 2358 Davisius:
816 2330 875 2358 aut
898 2336 963 2358 non.
987 2326 1016 2360 Ἡ
1043 2345 1078 2350 -
1105 2328 1135 2359 2.
1159 2332 1347 2367 praesentes
1373 2337 1463 2359 corr.
1484 2336 1527 2359 ex
1547 2331 1741 2368 praesentes
1763 2330 1790 2360 A
1818 2345 1854 2352 —
1881 2328 1913 2361 3.
1939 2327 2068 2360 aliutA

288 2395 321 2400 -—-
349 2386 389 2409 ea
414 2377 480 2409 cod
518 2377 762 2409 Monacensis:
789 2385 829 2408 ea
854 2386 939 2417 quae
964 2379 1002 2418 (s.
1024 2379 1096 2417 que}
1119 2379 1182 2409 sint
1207 2377 1253 2415 ⁵213
1280 2388 1319 2411 ea
1344 2388 1429 2418 quae
1451 2379 1569 2419 futura
1585 2383 1660 2410 sunt
1678 2379 1714 2410 O.
1742 2379 1830 2411 Vide
1848 2379 2068 2411 Schoeman-

286 2436 371 2459 num
396 2428 541 2459 Dissert.
568 2428 611 2458 111
637 2436 670 2468 p.
698 2427 716 2459 4
742 2436 794 2467 sq.
823 2444 857 2449 -—
886 2429 1011 2460 ostendi
1037 2430 1080 2468 (di
1104 2430 1138 2459 in
1163 2438 1232 2460 ras.
1261 2438 1307 2460 m.
1335 2430 1424 2467 sec.)
1449 2431 1473 2461 A
1504 2448 1538 2452 —
1572 2429 1603 2462 4.
1631 2430 1765 2461 ostenda
1789 2429 1937 2471 (litterae
1961 2430 1983 2461 d
2005 2438 2068 2461 su-

285 2487 420 2518 perscr.
447 2481 467 2515 t)
493 2478 516 2508 B
547 2495 580 2499 —-
607 2477 637 2508 5.
666 2485 703 2508 ea
730 2485 819 2508 corr.
847 2486 887 2508 ex
913 2487 952 2509 ae
976 2480 1002 2509 A
1032 2494 1066 2501 -
1098 2488 1247 2518 mopsum
1271 2480 1449 2518 thyresz'am
1473 2481 1654 2520 amfiraum
1678 2480 1882 2512 calchantem
1904 2480 2064 2512 helenum.

287 2529 374 2567 Quos
396 2529 430 2559 in
455 2535 565 2567 marg.
595 2535 642 2558 m.
670 2535 742 2557 rec.
770 2526 877 2558 habet
901 2528 949 2562 B:
978 2528 1020 2560 cf.
1047 2538 1079 2559 v.
1101 2529 1152 2560 48.
1172 2546 1206 2551 —
1235 2530 1266 2561 6.
1293 2532 1472 2571 amfiraum
1500 2532 1527 2561 A
1555 2547 1588 2552 -—
1617 2530 1647 2561 7.
1677 2530 1891 2562 adcisuisseni
1914 2538 2004 2562 corr.
2030 2530 2067 2561 in

285 2578 497 2609 aclsciuissent
522 2579 548 2608 A
576 2594 611 2598 —
638 2577 854 2615 repudiarent
878 2580 904 2608 A
920 2578 943 2608 B
960 2578 983 2608 E
1011 2595 1045 2600 ——
1074 2578 1104 2609 8.
1132 2579 1218 2610 docti
1241 2580 1276 2610 in
1300 2589 1418 2611 numen
1445 2581 1469 2611 C
1491 2597 1525 2602 —
1553 2579 1836 2619 comprobabimus
1857 2579 1958 2611 B1C:
1985 2588 2066 2612 con-

281 2628 498 2666 probauimus
514 2628 538 2658 A
557 2636 563 2663 ;
589 2626 874 2666 comprobavimus
889 2628 928 2658 Β2
941 2628 964 2658 E
987 2645 1020 2650 —
1043 2628 1072 2659 9.
1092 2629 1215 2660 claudii
1231 2630 1291 2660 B2:
1319 2630 1430 2661 claudi
1447 2628 1502 2668 13¹,
1529 2630 1613 2661 clodi
1629 2631 1657 2661 A
1670 2630 1713 2668 E,
1739 2630 1815 2661 dodi
1833 2630 1857 2661 C
1877 2647 1913 2652 —-
1932 2629 1985 2661 Μ.
2002 2638 2066 2662 ηο-

285 2678 349 2708 lent
372 2679 398 2708 A
419 2696 453 2699 —
480 2678 532 2708 42.
559 2677 670 2707 multis
692 2678 733 2707 Al
752 2693 786 2698 —-
810 2685 843 2716 p.
870 2678 907 2708 R.
933 2679 958 2708 A
975 2678 999 2708 Β
1020 2678 1042 2709 C
1061 2687 1067 2715 3
1095 2679 1143 2709 rei
1163 2679 1292 2718 publice
1316 2681 1341 2712 E
1361 2697 1395 2702 -
1425 2680 1520 2721 Quid}
1547 2680 1604 2720 qui
1627 2679 1688 2717 A¹3
1715 2689 1779 2719 quo
1803 2681 1844 2711 Α2
1862 2698 1896 2702 -
1923 2678 1976 2711 44.
1995 2679 2065 2711 clo-

286 2727 358 2757 dius
381 2729 406 2757 A
425 2727 448 2758 E
470 2737 476 2759 :
503 2727 618 2757 clodius
643 2728 667 2757 C
697 2744 731 2748 -
760 2727 812 2757 115.
838 2727 981 2758 conciuit
1003 2729 1031 2759 A
1058 2745 1093 2749 —
1120 2729 1239 2760 coelius
1261 2732 1288 2760 A
1303 2730 1326 2761 B
1343 2730 1367 2761 C
1397 2748 1432 2754 —
1457 2730 1604 2770 neglecta
1620 2730 1654 2770 (9
1671 2738 1713 2761 ex
1730 2727 1962 2769 correctione)
1979 2729 2004 2760 B
2024 2745 2061 2752 -

286 2777 339 2808 46.
366 2780 447 2815 apat
470 2777 494 2807 B
511 2777 535 2807 E
564 2794 596 2798 —
628 2777 867 2807 Trasumenum
891 2786 975 2809 nos:
1004 2781 1193 2810 transumen
1219 2781 1245 2809 A
1261 2780 1285 2809 B
1302 2779 1349 2816 C,
1376 2777 1560 2811 transsume'
1586 2780 1629 2819 E,
1658 2780 1884 2812 Trasimenum
1907 2780 1945 2811 Ο.
1974 2777 2063 2810 Vide

285 2825 329 2856 ad
353 2834 403 2856 or.
431 2834 464 2865 p.
491 2826 614 2857 Roscio
638 2829 756 2858 Amer.
785 2827 803 2867 ’δ’
830 2827 883 2858 89.
905 2845 940 2850 -
968 2828 1020 2859 48.
1042 2829 1234 2868 paruissent
1258 2837 1409 2868 mopsum
1432 2831 1589 2868 tyresiam
1613 2830 1860 2870 amphilaraum
1882 2829 2062 2862 chalchan-

283 2879 346 2907 tem
374 2875 522 2906 helenum
552 2885 631 2915 quos
661 2880 690 2908 et
718 2878 744 2908 si
775 2877 903 2916 <verbis
932 2886 1082 2917 mopsum
1099 2896 1146 2901 ——
1166 2887 1247 2919 quos
1271 2878 1405 2918 deletis)
1431 2880 1479 2917 B;
1519 2880 1561 2912 ct.
1588 2889 1620 2912 v.
1647 2882 1678 2912 5.
1715 2898 1750 2903 -
1782 2880 1836 2912 20.
1861 2879 1942 2911 Accii
1969 2880 1995 2911 Ο
2022 2895 2059 2902 -

283 2925 378 2956 nauii
403 2925 436 2964 (ii
461 2926 493 2956 in
518 2926 599 2965 ras.)
619 2927 641 2957 B
662 2944 696 2948 —
725 2928 778 2958 2⁴.
805 2936 894 2959 suem
919 2936 1009 2960 corr.
1037 2937 1078 2960 ex
1103 2938 1199 2960 suam
1216 2930 1262 2967 133
1291 2930 1335 2960 ad
1358 2930 1622 2970 investiyandam
1644 2939 1747 2962 uvam
1762 2930 1980 2962 Schuetzius.
2007 2928 2058 2961 Cf.

284 2974 328 3006 de
358 2975 505 3006 Divinat.
532 2976 544 3005 Ι
575 2975 592 3015 g
618 2976 670 3007 31.
700 2993 734 2998 -
768 2976 905 3008 reliones
933 2980 997 3014 A13
1034 2980 1208 3020 religiones
1240 2980 1316 3011 A2B
1333 2980 1380 3017 C;
1417 2980 1587 3021 *reliyionis
1611 2981 1636 3012 E
1670 2998 1705 3004 —
1735 2981 1788 3012 22.
1814 2980 1940 3012 ostilius
1965 2980 1995 3011 A
2019 2995 2056 3002 -

283 3024 337 3056 24.
355 3025 493 3056 retemta
510 3026 533 3055 A
552 3042 595 3047 —
611 3026 758 3057 maxime
773 3029 797 3058 A
813 3028 835 3058 Β
852 3028 876 3059 C
898 3045 932 3048 —
952 3029 1004 3059 25.
1024 3029 1059 3060 in
1082 3030 1109 3060 is
1132 3031 1159 3061 A
1179 3047 1214 3052 -
1242 3030 1295 3061 26.
1318 3031 1480 3069 perennia
1506 3033 1531 3062 A
1548 3032 1571 3063 C
1586 3031 1611 3063 E
1631 3047 1666 3053 —
1693 3031 1747 3062 27.
1764 3031 1875 3071 nulla,
1900 3039 1975 3062 cum
1992 3029 2060 3062 viri

284 3074 551 3105 Schoemannus
577 3074 666 3115 (coll.
695 3076 800 3108 Gellio
824 3078 863 3109 N.
890 3079 929 3109 A.
956 3078 1026 3117 XV,
1053 3079 1106 3117 27,
1133 3079 1152 3110 3
1178 3081 1211 3111 et
1235 3079 1375 3111 Sabidio
1400 3089 1455 3121 ap.
1475 3079 1591 3112 Schol.
1611 3081 1739 3113 Veron.
1759 3080 1802 3112 ad
1819 3079 1948 3120 Vergil.
1966 3080 2054 3112 Aen.

283 3123 324 3160 X,
350 3123 447 3162 em:
479 3124 563 3155 nulli
591 3126 655 3156 ciri
685 3124 752 3158 *iio
787 3143 822 3159 κ-
851 3128 1009 3167 procintu
1032 3128 1106 3170 (litt.
1132 3138 1149 3160 c
1172 3132 1362 3171 superscr.)
1389 3132 1415 3163 A
1443 3148 1478 3154 -—
1512 3132 1566 3163 29.
1591 3131 1642 3170 At]
1668 3132 1712 3163 ad
1734 3132 1775 3163 A¹
1801 3149 1837 3155 —·
1862 3134 1944 3171 apul
1965 3131 1990 3162 Β
2018 3146 2054 3153 -

283 3176 408 3205 tantem
431 3182 522 3205 corr.
548 3176 582 3205 in
608 3178 736 3207 tantam
759 3178 783 3208 B
812 3193 846 3199 —
880 3178 981 3218 fuerit
1006 3180 1030 3210 C
1059 3196 1093 3201 -—
1120 3179 1173 3210 30.
1198 3180 1395 3211 mortalibus
1417 3181 1445 3211 A
1473 3198 1507 3203 —
1533 3180 1586 3212 34.
1613 3181 1802 3213 exibullinis
1825 3181 2016 3222 (superscr.
2039 3187 2056 3211 s

282 3223 374 3254 inter
395 3232 422 3254 a:
446 3225 481 3255 et
503 3224 524 3263 i>
549 3226 595 3262 A3
628 3224 793 3257 exibilinis
815 3227 875 3265 B13
907 3236 952 3259 ex
983 3228 1142 3268 sibillynis
1171 3229 1233 3266 B²;
1267 3239 1309 3263 ex
1335 3231 1494 3270 sybillinis
1518 3231 1579 3264 CE
1606 3247 1642 3253 —
1668 3231 1721 3265 32.
1747 3231 1942 3272 aruspicum
1965 3228 2050 3269 BE3

283 3270 521 3312 hauruspicum
544 3274 569 3306 C
598 3291 632 3297 —
658 3283 915 3311 commemorare
934 3287 1068 3318 possum
1091 3287 1160 3312 om.
1187 3281 1239 3312 A1.
