2249 3624
281 164 363 206 738
998 161 1068 201 DE
1100 160 1323 202 OFFICIIS

282 271 539 314 mirabilibus
572 266 776 320 exemplis
814 265 925 306 haud
954 265 1075 306 facile
1107 267 1201 321 quis
1233 266 1388 307 dixerit
1417 266 1496 307 hoc
1528 266 1721 321 exemplo
1751 272 1823 308 aut
1851 268 2039 309 laudabi-

280 336 363 377 lius
394 339 465 376 aut
493 330 786 386 praestantius.

394 396 550 437 XXXI.
589 390 684 433 444.
725 392 807 433 Sed
839 405 890 432 ex
920 397 1006 433 tota
1035 393 1113 433 hac
1142 393 1267 433 laude
1297 393 1446 446 Reguli
1475 406 1604 433 unum
1634 392 1739 433 illud
1770 397 1833 433 est
1862 392 2041 434 admira-

281 463 396 502 tione
426 458 621 511 dignum,
654 455 767 509 quod
798 455 984 508 captivos
1013 455 1257 495 retinendos
1289 455 1464 495 censuit.
1513 456 1617 495 Nam
1640 454 1753 508 quod
1773 454 1899 495 rediit
1918 456 2042 496 nobis

251 534 393 565 5nunc
424 520 616 561 mirabile
646 518 825 566 videtur,
857 517 938 558 illis
971 518 1140 571 quidem
1172 518 1430 571 temporibus
1460 518 1582 559 aliter
1610 518 1746 558 facere
1776 531 1863 558 non
1893 517 2041 571 potuit.

281 589 428 641 Itaque
459 584 536 624 ista
567 583 657 622 laus
687 594 773 621 non
805 586 867 621 est
895 581 1101 629 hominis,
1140 581 1214 621 sed
1245 586 1490 635 temporum.
1557 581 1725 621 Nullum
1758 581 1870 621 enim
1900 580 2044 620 vincu—

280 650 365 689 lum
403 646 455 688 ad
486 643 796 698 astringendam
827 644 953 683 fidem
982 644 1073 683 iure
1103 643 1280 683 iurando
1314 645 1489 684 maiores
1521 645 1650 684 artius
1681 656 1774 684 esse
1806 642 2043 684 voluerunt.

280 712 327 752 Id
357 710 544 751 indicant
581 707 693 760 leges
732 706 776 746 in
807 706 1030 746 duodecim
1061 707 1236 754 tabulis,
1276 706 1462 747 indicant
1492 713 1701 755 sacratae,
1738 705 1925 747 indicant
1954 703 2043 745 foe—

281 775 402 822 dera,
444 771 597 826 quibus
635 769 759 810 etiam
791 783 883 809 cum
913 768 1032 809 hoste
1064 769 1299 810 devincitur
1329 767 1452 817 fides,
1492 769 1680 810 indicant
1719 769 1914 809 notiones
1955 768 2045 808 ani-

231 834 679 885 iomadversionesque
711 844 954 878 censorum,
997 831 1067 884 qui
1100 832 1216 872 nulla
1247 831 1298 872 de
1329 846 1373 872 re
1414 831 1655 885 diligentius
1699 845 1825 885 quam
1862 831 1914 871 de
1952 832 2044 871 iure

280 899 456 940 iurando
487 896 739 936 iudicabant.
801 890 894 933 ΜΞ.
925 895 970 933 L.
993 894 1150 934 Manlio
1174 895 1221 934 A.
1243 893 1285 943 f.,
1316 908 1411 934 cum
1442 894 1620 935 dictator
1648 893 1813 942 fuisset,
1843 894 1898 934 M.
1920 893 2045 932 Pom-

278 962 431 1017 ponius
462 959 653 999 tribunus
683 957 740 1010 pl.
772 956 882 997 diem
914 956 1044 1005 dixit,
1084 958 1197 1011 quod
1228 959 1261 998 is
1292 971 1449 1010 paucos
1481 956 1559 996 sibi
1591 956 1682 996 dies
1713 955 1766 997 ad
1797 957 2044 996 dictaturam

279 1023 506 1078 gerendam
537 1020 787 1069 addidisset3
819 1019 1117 1060 criminabatur
1147 1021 1286 1068 etiam,
1318 1021 1432 1074 quod
1455 1020 1595 1060 Titum
1626 1017 1773 1067 filium,
1805 1019 1878 1072 qui
1899 1023 2046 1071 postea

279 1093 343 1128 est
372 1088 610 1139 Torquatus
640 1083 897 1137 appellatus,
936 1082 986 1122 ab
1017 1083 1258 1124 hominibus
1289 1083 1517 1136 relegasset
1556 1087 1597 1122 et
1626 1081 1713 1122 ruri
1741 1081 1930 1121 habitare
1960 1080 2046 1120 ius-

228 1161 264 1189 45
280 1151 415 1191 sisset.
475 1146 597 1196 Quod
638 1160 731 1186 cum
771 1145 1002 1185 audivisset
1039 1145 1289 1186 adulescens
1319 1142 1428 1185 filius
1458 1144 1672 1197 negotium
1703 1143 1891 1183 exhiberi
1923 1142 2046 1196 patri,

278 1213 507 1254 accurrisse
537 1212 712 1250 Romam
748 1214 789 1249 et
819 1223 912 1249 cum
942 1209 1076 1262 prima
1107 1209 1200 1249 luce
1230 1208 1451 1262 Pomponii
1483 1207 1654 1248 domum
1685 1207 1850 1248 venisse
1882 1206 2044 1246 dicitur.

280 1276 355 1317 Cui
397 1289 489 1316 cum
533 1278 644 1313 esset
685 1272 946 1320 nuntiatum,
989 1272 1062 1325 qui
1103 1272 1221 1311 illum
1260 1272 1411 1311 iratum
1453 1270 1676 1311 allaturum
1717 1269 1770 1309 ad
1810 1282 1855 1310 se
1885 1266 2046 1322 aliquid

281 1343 427 1379 contra
457 1341 620 1391 patrem
651 1335 945 1382 arbitraretur,
983 1334 1166 1375 surrexit
1196 1348 1217 1374 e
1248 1334 1402 1374 lectulo
1433 1333 1691 1385 remotisque
1722 1332 1886 1373 arbitris
1918 1331 1971 1372 ad
2002 1344 2046 1371 se

277 1401 590 1441 adulescentem
620 1398 743 1438 iussit
771 1397 928 1438 venire.
987 1398 1041 1437 At
1069 1397 1154 1445 ille,
1184 1402 1231 1438 ut
1260 1397 1475 1450 ingressus
1507 1400 1582 1443 est,
1614 1394 1832 1435 confestim
1863 1393 2046 1447 gladium

228 1474 265 1503 20
279 1462 501 1504 destrinxit
538 1460 777 1513 iuravitque
819 1473 863 1500 se
904 1459 1023 1499 illum
1061 1461 1198 1500 statim
1238 1459 1579 1506 interfecturum,
1619 1458 1699 1498 nisi
1731 1457 1795 1497 ius
1825 1456 2046 1497 iurandum

277 1527 357 1567 sibi
387 1525 574 1565 dedisset
605 1537 648 1563 se
679 1528 840 1577 patrem
871 1523 1043 1563 missum
1074 1536 1166 1563 esse
1196 1522 1415 1564 facturum.
1482 1521 1641 1561 Iuravit
1669 1519 1751 1560 hoc
1780 1524 1941 1560 terrore
1972 1531 2044 1558 co-

277 1595 393 1630 actus
425 1585 700 1640 Pomponius:
742 1599 830 1625 rem
862 1585 914 1625 ad
944 1585 1148 1638 populum
1180 1585 1353 1633 detulit,
1397 1584 1541 1624 docuit
1572 1597 1644 1624 cur
1674 1582 1752 1623 sibi
1784 1595 1910 1623 causa
1940 1581 2048 1621 desi-

278 1658 388 1694 stere
418 1662 591 1691 necesse
623 1653 747 1696 esset,
778 1648 979 1688 Manlium
1011 1648 1186 1688 missum
1216 1648 1328 1688 fecit.
1370 1649 1549 1688 Tantum
1580 1645 1837 1699 temporibus
1868 1644 1949 1684 illis
1980 1643 2046 1683 ius

276 1713 499 1756 iurandum
529 1711 708 1752 valebat.
770 1708 923 1765 [Atque
953 1710 1022 1750 hic
1054 1712 1099 1750 T.
1121 1711 1301 1751 Manlius
1332 1710 1368 1750 is
1399 1715 1482 1758 est,
1514 1709 1585 1763 qui
1619 1708 1671 1748 ad
1698 1708 1901 1748 Anienem
1924 1703 2046 1753 Galli,

228 1792 264 1822 25
279 1791 404 1832 quem
445 1776 496 1816 ab
539 1788 588 1814 eo
620 1779 872 1827 provocatus
904 1772 1138 1820 occiderat,
1178 1778 1328 1826 torque
1371 1769 1555 1812 detracto
1597 1782 1830 1823 cognomen
1869 1767 2047 1815 invenit,

278 1839 397 1880 cuius
429 1839 551 1879 tertio
585 1836 809 1876 consulatu
838 1835 976 1875 Latini
1007 1834 1059 1875 ad
1090 1834 1280 1875 Veserim
1324 1834 1408 1875 fusi
1440 1840 1482 1875 et
1511 1833 1666 1887 fugati,
1706 1845 1880 1886 magnus
1910 1832 1975 1872 vir
2003 1831 2047 1871 in

277 1902 422 1956 primis
454 1906 495 1941 et
526 1900 596 1954 qui
627 1897 925 1953 perindulgens
957 1898 999 1937 in
1031 1902 1212 1951 patrem,
1243 1896 1354 1938 idem
1385 1897 1534 1937 acerbe
1566 1909 1737 1936 severus
1769 1895 1813 1934 in
1842 1890 2005 1946 filium]

392 1963 568 2003 XXXII.
620 1959 714 2001 1143.
764 1961 868 2009 Sed,
908 1965 956 2000 ut
985 1959 1220 2000 laudandus
1251 1960 1434 2013 Regulus
1464 1959 1509 1999 in
1540 1957 1830 1999 conservando
1861 1957 1951 1998 iure
1981 1956 2045 1996 iu-

279 2026 425 2074 rando,
456 2026 516 2065 sic
547 2023 692 2064 decem
722 2024 799 2072 illi,
831 2036 937 2077 quos
968 2028 1062 2076 post
1085 2022 1346 2063 Cannensem
1375 2035 1557 2077 pugnam
1589 2021 1747 2061 iuratos
1778 2019 1830 2059 ad
1859 2022 2049 2059 senatum

368 2151 399 2182 4.
425 2149 506 2180 haut
530 2146 601 2180 B¹a
626 2165 660 2169 —-
688 2151 747 2179 aul
769 2148 805 2187 l.]
831 2150 867 2178 ul
891 2147 912 2178 l.
939 2147 968 2178 H
993 2163 1027 2168 ——
1057 2147 1088 2178 6.
1113 2147 1229 2186 Itaque
1251 2147 1300 2178 ita
1324 2147 1397 2178 laus
1419 2154 1441 2178 a
1469 2164 1503 2168 —
1536 2146 1567 2177 7.
1594 2144 1822 2185 strinyendam
1846 2151 1865 2175 o
1892 2159 1928 2166 —
1954 2142 1986 2175 8.
2011 2141 2049 2173 Id

282 2209 351 2233 om.
372 2208 390 2231 c
429 2215 463 2221 -
501 2206 600 2229 sacra
624 2205 643 2229 c
679 2215 715 2220 —
753 2197 783 2228 9.
810 2197 957 2228 notiones
981 2205 1070 2228 corr.
1092 2206 1133 2228 ex
1157 2198 1314 2229 motiones
1337 2205 1376 2235 a3
1412 2196 1572 2227 {notiones
1595 2195 1674 2233 ΒΗ,
1713 2193 1897 2225 innotiones
1918 2191 1982 2224 Ab
2011 2209 2046 2213 ——

282 2250 397 2283 44.'L.
415 2249 552 2281 manlio.
571 2256 621 2279 ae.
640 2256 715 2278 cum
737 2248 816 2283 Ab}
844 2247 866 2278 l.
884 2247 998 2278 mallio
1022 2255 1097 2277 cum
1120 2254 1138 2277 c
1166 2265 1200 2268 —
1228 2248 1370 2278 dictator
1393 2249 1471 2278 esset
1495 2253 1513 2276 o
1539 2262 1573 2267 —-
1609 2245 1662 2276 42.
1688 2247 1730 2275 tr.
1746 2243 1794 2283 pl.
1822 2243 1863 2277 C;
1898 2241 2050 2273 tribunus

275 2301 363 2341 plebi
386 2309 405 2332 o
443 2317 478 2322 —-
516 2299 582 2329 dies
604 2298 664 2328 sibi
689 2296 763 2337 (sed
789 2296 1041 2337 transponendi
1066 2297 1173 2336 signis
1197 2297 1334 2337 additis)
1360 2304 1396 2333 ος
1422 2295 1481 2327 sibi
1506 2303 1576 2326 om.
1595 2296 1623 2326 A
1655 2311 1690 2316 -
1724 2294 1790 2326 dies
1814 2293 1858 2324 ad
1881 2292 2049 2324 dicturam

282 2352 327 2388 B;
352 2351 419 2381 dies
442 2349 632 2380 adicluram
654 2348 675 2379 b
700 2364 736 2369 —
764 2346 816 2378 43.
843 2347 900 2387 qui
915 2364 964 2369 --
980 2347 1165 2386 appellatus
1188 2346 1370 2387 glossatori
1394 2345 1515 2377 tribuit
1539 2346 1565 2376 1.
1584 2345 1619 2376 F.
1638 2344 1845 2383 Heusinger.
1877 2342 1928 2374 Cf.
1954 2351 1988 2373 ν.
2006 2341 2049 2373 24

283 2409 336 2440 sq.
374 2418 408 2423 —-
447 2399 500 2431 44.
525 2406 605 2429 rure
629 2405 647 2428 c
685 2414 719 2419 —-
759 2397 810 2428 45.
838 2397 925 2435 quod
947 2405 1022 2427 cum
1045 2414 1096 2420 —-
1120 2397 1267 2428 exhiberi
1286 2397 1381 2437 patri
1405 2396 1535 2427 Nonius
1559 2403 1592 2435 p.
1609 2394 1683 2426 405.
1724 2411 1759 2417 -
1796 2393 1939 2424 audisset
1965 2399 1984 2423 o
2011 2408 2047 2413 —

283 2450 435 2482 eoehibere
457 2458 478 2490 p
516 2466 551 2471 ——
590 2447 643 2478 46.
669 2450 698 2478 et
721 2454 796 2477 cum
820 2446 927 2486 [prior
948 2446 998 2477 ire
1020 2446 1091 2478 luce
1113 2447 1206 2478 claro
1229 2455 1295 2477 non
1320 2445 1412 2486 queo]
1442 2445 1572 2476 Nonius
1596 2453 1630 2485 p.
1650 2443 1724 2476 210.
1773 2441 1888 2474 Verba
1912 2440 2050 2473 seclusa

285 2509 365 2533 cum
391 2509 461 2531 non
485 2500 553 2531 sint
578 2497 777 2535 Ciceronis,
811 2495 986 2536 quaedam
1017 2496 1190 2528 excidisse
1223 2496 1317 2538 apud
1340 2495 1491 2528 Nonium
1515 2496 1612 2526 recte
1637 2493 1834 2534 suspicatur
1857 2492 2048 2523 Mercerus.

289 2568 324 2572 —
361 2559 435 2581 cum
455 2550 570 2589 prima
593 2548 662 2578 luce
697 2547 760 2577 AB
776 2546 802 2577 H
817 2554 838 2578 a
854 2547 894 2577 b:
937 2555 1010 2576 eum
1031 2547 1139 2586 primo
1164 2547 1245 2578 lueis
1279 2554 1313 2585 c;
1354 2554 1428 2576 cum
1449 2545 1558 2585 primo
1582 2545 1646 2575 luci
1682 2552 1700 2575 0
1737 2551 1819 2574 cum
1842 2542 1977 2573 Beiero.
2012 2556 2048 2563 —-

284 2601 305 2631 l.
328 2599 499 2640 pomponii
523 2599 565 2629 ad
589 2598 721 2629 domum
745 2604 763 2627 c
790 2601 823 2619 -k
853 2596 906 2627 47.
933 2596 988 2635 qui
1014 2597 1055 2627 C:
1083 2597 1170 2634 quod
1193 2595 1261 2628 alii.
1289 2613 1323 2618 —
1351 2596 1500 2627 iuratum
1524 2595 1552 2626 H
1579 2610 1614 2616 —
1642 2593 1694 2625 49.
1720 2599 1911 2633 conyressus
1934 2598 1986 2631 cp
2013 2607 2049 2613 —

285 2651 338 2682 020.
364 2649 485 2690 statim]
512 2648 681 2687 confestim
703 2654 722 2678 c
750 2663 784 2668 ——
811 2646 864 2676 24.
889 2645 949 2676 sibi
973 2654 1043 2676 om.
1063 2646 1090 2676 H
1117 2663 1152 2668 —
1179 2649 1311 2677 coactus
1335 2649 1461 2677 terrore
1485 2651 1536 2676 co
1564 2661 1598 2668 —-
1626 2644 1679 2675 22.
1706 2651 1810 2674 causa
1834 2649 1904 2672 om.
1923 2640 1984 2672 Ab
2012 2657 2048 2662 --

285 2700 337 2731 ⁶23.
364 2700 538 2731 Manilium
561 2698 680 2728 misum
702 2696 770 2736 faci
790 2720 797 2727 .
818 2697 947 2726 lantum
977 2695 1175 2733 temporibus
1204 2695 1268 2726 illis
1296 2695 1494 2726 iuransdum
1524 2693 1655 2725 valebat
1683 2692 1813 2723 Nonius
1843 2699 1878 2731 p.
1904 2689 1978 2722 348.
2009 2706 2045 2711 —

285 2749 459 2779 manilium
483 2755 501 2778 c
529 2764 563 2769 —
593 2746 645 2778 24.
663 2746 771 2776 ualuit
795 2753 813 2776 c
841 2762 875 2766 —
901 2744 1005 2784 Atque
1026 2744 1078 2775 hic
1097 2745 1128 2775 T.
1146 2745 1294 2776 Manlius
1309 2763 1357 2768 --
1373 2747 1407 2776 in
1422 2743 1553 2786 filium]
1579 2745 1628 2775 De
1655 2743 1797 2782 antiquo
1822 2741 1891 2772 hoc
1915 2737 2049 2771 emble-

286 2800 377 2828 mate
403 2807 421 2828 a
447 2806 502 2829 me
527 2796 665 2829 secluso
689 2804 772 2827 vere
798 2795 996 2826 Ernestius:
1034 2795 1149 2825 «Haec
1173 2796 1201 2826 si
1226 2795 1412 2834 abessent,
1440 2802 1544 2826 nemo
1569 2793 1801 2825 desideraret.
1848 2791 1925 2822 Non
1950 2789 2045 2820 enim

286 2848 462 2887 pertinent
490 2846 533 2878 ad
562 2854 725 2884 causam,
759 2844 802 2876 de
829 2853 896 2885 qua
922 2845 978 2875 hic
1002 2844 1125 2883 agitur.
1173 2843 1260 2875 Illud
1285 2846 1390 2876 etiam
1416 2844 1459 2876 de
1485 2844 1694 2884 cognomine
1720 2843 1789 2874 iam
1814 2842 1893 2872 ante
1918 2840 2051 2871 dictum

287 2898 350 2928 cst.
400 2897 569 2928 Videntur
600 2896 642 2927 ad
677 2896 872 2934 marginem
905 2894 948 2925 ab
974 2892 1089 2933 aliquo
1114 2894 1241 2935 scripta
1267 2895 1299 2926 in
1326 2897 1459 2926 textum
1483 2894 1657 2925 venisse.»
1704 2893 1817 2924 Etiam
1840 2890 1951 2923 verba
1976 2889 2051 2930 ipsa

288 2946 321 2976 in
353 2947 546 2985 posteriore
579 2945 704 2977 saltem
737 2947 836 2986 parte
862 2943 1055 2975 Tullianum
1087 2952 1290 2975 sermonem
1316 2945 1458 2976 minIme
1484 2943 1651 2975 referunt.
1691 2960 1726 2965 —
1768 2945 1867 2982 atque
1888 2941 1940 2972 hic
1965 2939 2053 2970 Titus

285 2995 432 3024 Manlius
447 3011 495 3016 —-
510 2995 669 3026 Anienum
686 3012 734 3016 --
750 3002 927 3034 cognomen
951 2994 1075 3024 invenit
1097 2995 1228 3025 Nonius
1252 2995 1377 3034 p.⁶228.
1407 3010 1442 3016 -
1472 2994 1504 3025 T.
1531 2994 1579 3025 H:
1606 2994 1640 3024 li.
1660 2993 1719 3024 AB
1730 2992 1806 3023 abc
1834 3008 1868 3012 -
1894 2988 2051 3020 manilius

287 3051 305 3073 c
331 3060 366 3065 —
394 3044 420 3073 is
443 3043 497 3083 est]
523 3045 607 3076 idern
630 3045 690 3075 Ab
729 3061 763 3066 -
802 3043 958 3074 anienam
980 3045 1007 3073 A
1034 3059 1069 3064 —
1095 3044 1183 3083 9all0
1207 3047 1357 3082 torquem
1380 3043 1528 3075 detraxit
1551 3051 1645 3082 quem
1669 3049 1687 3072 c
1724 3058 1759 3066 -—
1799 3040 1853 3072 ⁶26.
1878 3038 2006 3071 uesert'n
2030 3044 2049 3067 o

289 3109 323 3114 —-
349 3093 458 3133 fugati
482 3102 658 3134 superscr.
685 3092 817 3125 scholio
849 3102 875 3124 s.
893 3096 969 3124 sunl
1000 3101 1038 3128 εις
1073 3093 1182 3133 fuqall
1205 3097 1280 3124 sunl
1303 3101 1321 3124 c
1356 3111 1399 3116 —
1432 3101 1574 3133 maanus
1595 3092 1649 3123 vir
1664 3109 1681 3113 -
1697 3109 1715 3115 -
1731 3091 1766 3122 in
1787 3091 1893 3131 filium
1917 3088 2048 3119 Nonius

285 3151 320 3182 p.
336 3142 409 3173 3¹26.
439 3159 473 3164 —
506 3144 559 3174 27.
588 3147 616 3174 el
640 3145 695 3182 qui
711 3161 727 3166 -
741 3161 757 3166 -
773 3152 904 3174 severus
926 3143 1033 3182 inquit
1053 3143 1160 3183 filium
1183 3142 1277 3174 idem
1302 3152 1336 3183 p.
1353 3143 1427 3174 390.
1462 3159 1497 3164 —
1533 3142 1588 3181 qui
1609 3139 1840 3180 perindulgens
1862 3135 1939 3170 A¹B
1953 3135 2047 3168 Hab

288 3193 322 3223 ct
337 3193 485 3223 Nonius:
513 3194 567 3231 qui
591 3202 694 3232 nuper
716 3194 888 3233 indulyens
910 3191 964 3231 A²;
995 3193 1052 3231 qui
1067 3200 1193 3232 semper
1207 3192 1378 3232 uzdulyens
1403 3200 1421 3222 c
1449 3210 1484 3214 —
1511 3192 1565 3222 29.
1585 3191 1792 3222 anienensem
1815 3197 1836 3219 a
1860 3203 1895 3209 —
1921 3188 2048 3217 iuratos

287 3243 331 3273 ad
354 3246 504 3273 senatum
528 3244 614 3273 nzisll
638 3243 813 3279 hannibal,
846 3252 878 3274 se
901 3245 935 3275 in
959 3246 1072 3274 castra
1102 3250 1137 3273 c:
1172 3243 1301 3273 iuratos
1326 3242 1468 3281 (iuratus
1484 3241 1515 3279 b)
1539 3242 1575 3272 in
1598 3243 1712 3272 castra
1736 3237 1872 3281 (mediis
1896 3233 2045 3274 omissis)

287 3293 326 3323 Α1
340 3292 364 3323 Β
379 3292 407 3323 li
426 3292 492 3333 (hic
510 3300 591 3323 cum
608 3291 744 3333 lacuna)
763 3294 835 3332 ab;
862 3294 989 3325 iuralos
1012 3293 1057 3324 ad
1078 3294 1227 3326 senatum
1249 3291 1362 3323 missos
1384 3293 1419 3323 in
1442 3293 1554 3323 castra
1577 3288 1662 3329 A2p.
