2249 3624
356 244 438 287 932
1095 241 1376 283 CICERONIS

456 349 490 386 3.
539 348 718 385 «Arcades
736 368 754 374 -
770 368 787 374 -
804 359 840 383 se
867 347 1073 383 Proselenos
1099 359 1171 383 esse
1198 352 1382 391 asserunt,
1426 347 1466 382 id
1491 351 1553 389 est,
1589 352 1670 383 ante
1698 348 1823 384 lunam
1854 354 1982 385 natos:
2018 352 2113 396 quod

357 418 388 449 et
417 411 558 450 Cicero
593 411 634 448 in
666 407 931 449 Fundaniana
971 415 1240 446 commemorat.
1308 408 1535 458 (Servius
1564 407 1617 448 ad
1644 409 1788 461 Georg.
1819 408 1845 448 l.
1874 410 1918 449 ΙΙ.
1944 423 1983 448 v,
2011 410 2110 462 342.)

358 475 415 516 Cf.
446 471 719 514 Placidum
746 471 1077 511 Lactantium
1106 471 1158 510 ad
1187 473 1297 509 Statii
1329 473 1502 511 Thebaid.
1533 471 1618 510 Lib.
1643 472 1680 510 4.
1715 484 1756 523 p.
1781 473 1866 512 132.
1934 475 2001 511 Ed.
2023 475 2112 512 Lin-

355 542 505 577 denbr..·
546 537 711 576 «Cicero
739 548 812 587 pro
842 534 1049 574 Fundanio
1088 535 1288 587 opinionis
1327 536 1413 575 eius
1451 536 1658 585 meminit,
1700 548 1792 575 cum
1823 535 1874 575 de
1901 537 2110 578 nobilitate

325 614 343 642 5
356 605 587 642 tractaret».

455 665 491 703 4.
536 662 826 703 Commissura.
883 659 1102 709 (Servius
1130 658 1182 699 ad
1208 661 1311 698 Aen.
1340 660 1366 699 l.
1396 661 1461 700 IX.
1494 674 1534 699 v.
1562 661 1662 710 675.)

453 729 489 767 5.
532 727 699 765 Puncta.
757 725 909 774 (Acro
937 723 977 761 in
1003 724 1138 762 Horat.
1167 724 1254 762 Art.
1283 724 1391 762 Poet.
1425 725 1532 773 343.)

453 791 489 828 6.
530 787 844 839 Descripsistine
891 786 977 824 eius
1021 786 1326 836 necessarium,
1373 792 1556 825 nostrum
1602 787 1944 839 competitorem?
1987 787 2110 828 istum

353 855 501 906 ipsum,
533 853 646 891 cuius
674 861 783 888 nunc
811 847 943 888 studio
972 853 1013 886 et
1038 848 1164 898 gratia
1194 853 1277 887 tota
1304 848 1509 888 accusatio
1536 849 1613 888 ista
1645 849 1798 890 munita
1825 855 1900 890 est.
1932 850 1971 901 (B
1983 850 2108 890 oe'th.

303 928 340 957 40
355 917 405 956 de
432 915 590 955 Definit.
621 926 661 964 p.
691 912 777 952 658.
807 910 873 950 ed.
902 913 990 950 Bas.
1022 924 1058 950 a.
1095 912 1223 958 1570.)

450 981 487 1017 7.
534 978 697 1028 [Antiqui
735 977 921 1012 dicebant.-
961 972 1145 1012 fordeum
1169 972 1381 1022 foedosque
1406 988 1474 1022 pro
1509 978 1733 1022 aspiratione
1759 989 1828 1014 vav
1863 979 1979 1014 simili
2005 979 2111 1015 litera

351 1049 504 1085 utentes,·
546 1053 632 1077 nam
668 1047 795 1077 contra
837 1039 967 1076 Graeci
998 1040 1164 1085 aspirare
1189 1040 1326 1083 solent,
1360 1045 1398 1075 ut
1425 1050 1497 1089 pro
1526 1037 1736 1078 Fundanio
1772 1040 1915 1079 Cicero
1945 1045 2107 1091 testem,

353 1106 421 1157 qui
448 1104 619 1156 primam
650 1103 736 1142 eius
765 1102 923 1141 literam
953 1101 1089 1140 dicere
1117 1113 1199 1140 non
1228 1107 1391 1152 posset,
1428 1099 1600 1155 irridet]
1666 1103 1858 1152 (Quint.
1897 1106 1932 1152 1,
1962 1104 1999 1154 4,
2030 1103 2109 1154 14.)

450 1169 487 1207 8.
533 1165 673 1221 [Quasi
698 1178 796 1204 vero
825 1177 898 1216 ego
929 1164 980 1203 de
1008 1165 1108 1203 facie
1134 1170 1225 1214 tua,
1271 1165 1482 1215 catamite,
1529 1166 1726 1215 dixerim,
1758 1168 1784 1216 ’ζ-
1811 1165 1876 1205 vel
1903 1165 2002 1206 alias
2029 1178 2108 1218 po-

303 1231 460 1270 115tuisti
501 1228 832 1269 contumeliosius
872 1228 1026 1277 facere,
1070 1227 1103 1266 si
1145 1226 1214 1265 tibi
1255 1226 1331 1265 hoc
1370 1228 1567 1266 Parmeno
1609 1227 1782 1279 alloqui,
1826 1241 1873 1268 ac
1909 1241 1990 1268 non
2018 1229 2107 1281 ipse

351 1295 548 1333 Parmeno
587 1288 848 1344 nuntiasset]
906 1289 1006 1340 (Iul.
1038 1290 1349 1329 Rufinianus
1384 1289 1435 1328 de
1461 1290 1545 1341 Fig.
1574 1303 1615 1342 p.
1648 1290 1731 1330 197.
1793 1291 1954 1331 Ruhnk.
1997 1291 2107 1343 Cap-

382 1368 438 1395 er.
500 1385 508 1394 .
538 1356 598 1394 30.

350 1368 376 1408 p
467 1368 493 1407 p
603 1355 613 1405 )
811 1423 876 1465 Vl.
919 1422 1025 1465 PRO
1057 1422 1100 1464 C.
1133 1422 1402 1465 CORNELIO
1435 1423 1588 1465 ORAT.
1621 1423 1649 1464 Ι.

978 1493 1270 1526 ARGUMENTUM
1293 1494 1474 1526 ASCONII.

301 1575 337 1604 ‘20
449 1560 560 1598 Hanc
587 1557 811 1596 orationem
839 1554 938 1593 dixit
964 1555 1007 1592 L.
1039 1555 1168 1601 Cotta,
1197 1555 1241 1592 L.
1271 1555 1473 1606 Torquato
1505 1567 1611 1595 coss,
1642 1556 1699 1604 (u.
1721 1569 1751 1593 c.
1781 1555 1881 1606 689.)
1909 1560 2003 1606 post
2030 1567 2105 1595 an-

351 1634 448 1661 num
478 1634 599 1673 quam
629 1620 878 1672 superiores.

451 1685 494 1725 C.
524 1683 736 1724 Cornelius
776 1683 896 1721 homo
926 1693 1007 1720 non
1036 1680 1245 1732 improbus
1272 1681 1352 1720 vita
1386 1680 1549 1720 habitus
1592 1687 1666 1721 est.
1732 1682 1881 1721 Fuerat
1912 1686 2107 1732 quaestor

351 1749 425 1789 Cn.
454 1747 657 1798 Pompeii,
696 1745 790 1784 dein
817 1744 1005 1783 tribunus
1043 1743 1097 1795 pl.
1129 1745 1173 1783 C.
1206 1743 1351 1782 Pisone
1387 1743 1582 1791 consule,
1626 1744 1791 1782 biennio
1825 1748 1941 1793 ante,
1983 1755 2106 1794 quam

348 1811 450 1851 haec
478 1810 583 1849 dicta
613 1815 718 1848 sunt.
775 1810 821 1846 In
853 1819 900 1845 eo
928 1807 1166 1858 magistratu
1192 1807 1246 1846 ita
1277 1818 1321 1845 se
1349 1808 1499 1857 gessit,
1542 1812 1587 1845 ut
1621 1808 1727 1846 iusto
1764 1807 2010 1858 pertinacior
2041 1806 2104 1845 vi-

298 1886 335 1916 25
350 1874 528 1913 deretur.
582 1872 792 1911 Alienatus
821 1876 883 1909 est
910 1876 1045 1909 autem
1067 1883 1088 1909 a
1117 1876 1261 1909 senatu
1290 1881 1341 1908 ex
1369 1870 1443 1909 hac
1473 1882 1609 1909 causa.
1664 1869 1873 1909 Retulerat
1898 1869 1950 1908 ad
1979 1881 2103 1908 sena-

348 1943 448 1987 tum,
475 1941 532 1984 ut,
562 1934 752 1987 quoniam
782 1938 1015 1971 exterarum
1043 1932 1251 1971 nationum
1278 1931 1422 1981 legatis
1450 1932 1624 1983 pecunia
1653 1937 1791 1971 mutua
1815 1943 1961 1982 magna
1981 1931 2104 1970 dare-

348 2005 413 2038 tur
442 2011 565 2038 usura
593 1998 807 2048 turpiaque
837 2001 875 2034 et
904 1996 1057 2034 famosa
1085 2007 1135 2033 ex
1164 2007 1210 2033 eo
1239 1994 1352 2034 lucra
1380 1994 1538 2044 fierent,
1567 2007 1618 2033 ne
1647 1995 1738 2046 quis
1766 1993 1910 2045 legatis
1939 1999 2104 2033 extera-

347 2075 436 2102 rum
474 2062 683 2100 nationum
717 2059 933 2110 pecuniam
968 2070 1193 2109 expensam
1226 2058 1362 2097 ferret.
1431 2058 1556 2097 Cuius
1596 2057 1835 2097 relationem
1874 2057 2105 2109 repudiavit

349 2130 539 2164 senatus:
585 2130 624 2163 et
652 2122 833 2161 decrevit
863 2122 960 2161 satis
988 2122 1134 2160 factum
1152 2120 1281 2160 videri
1310 2133 1357 2159 eo
1381 2121 1422 2160 S.
1441 2121 1503 2170 C.,
1537 2120 1647 2173 quod
1672 2127 1764 2161 ante
1794 2133 1922 2160 annos
1946 2126 2104 2173 septem

296 2194 389 2231 aoet
427 2187 564 2237 viginti
606 2187 652 2224 L.
680 2185 868 2234 Domitio,
911 2185 954 2224 C.
993 2183 1130 2223 Caelio
1174 2183 1412 2222 consulibus
1454 2184 1602 2223 sactum
1645 2190 1755 2235 erat,
1806 2196 1897 2222 cum
1937 2188 2104 2222 senatus

349 2255 441 2289 ante
468 2249 665 2301 pauculos
695 2260 822 2287 annos
850 2246 917 2285 illo
945 2247 987 2285 S.
1019 2246 1064 2285 C.
1097 2244 1364 2296 decrevisset,
1392 2258 1444 2284 ne
1473 2247 1564 2297 quis
1594 2246 1861 2285 Cretensibus
1887 2246 2104 2297 pecuniam

347 2318 527 2351 mutuam
556 2311 683 2351 daret.
741 2309 976 2359 Cornelius,
1009 2321 1056 2348 ea
1092 2321 1135 2347 re
1165 2309 1344 2347 offensus
1385 2310 1569 2358 senatui,
1613 2314 1784 2360 questus
1815 2314 1878 2348 est
1905 2308 1955 2347 de
1983 2320 2030 2347 ea
2058 2319 2102 2346 re

347 2376 387 2413 in
423 2375 630 2424 contione,
660 2373 864 2413 exhauriri
891 2372 1119 2423 provincias
1147 2371 1306 2419 usuris;
1335 2370 1649 2422 providendum,
1679 2377 1721 2410 ut
1741 2370 1941 2410 haberent
1965 2370 2101 2421 legati,

348 2438 457 2476 unde
491 2441 529 2474 in
563 2437 797 2489 praesentia
836 2439 1025 2483 pecuniam
1067 2438 1304 2472 creditoribus
1348 2433 1514 2473 darent:
1562 2433 1913 2485 promulgavitque
1952 2433 2100 2483 legem,

296 2512 332 2541 35
348 2513 427 2552 qua
457 2501 737 2540 auctoritatem
766 2505 933 2538 senatus
961 2498 1182 2547 minuebat,
1209 2510 1261 2536 ne
1291 2498 1382 2549 quis
1405 2498 1481 2536 nisi
1508 2510 1583 2549 per
1606 2496 1801 2549 populum
1828 2495 1987 2547 legibus
2016 2494 2101 2534 sol-

347 2568 522 2602 veretur.
595 2561 713 2611 Quod
753 2561 920 2611 antiquo
962 2572 1126 2611 quoque
1169 2561 1256 2598 iure
1297 2566 1384 2599 erat
1424 2565 1608 2599 cautum:
1654 2561 1791 2611 itaque
1829 2559 1870 2598 in
1911 2557 2099 2597 omnibus

348 2626 388 2664 S.
420 2626 488 2675 C.,
530 2625 679 2677 quibus
708 2624 885 2675 aliquem
913 2622 1071 2674 legibus
1109 2621 1210 2661 solvi
1248 2622 1462 2674 placebat,
1497 2621 1602 2661 adici
1646 2628 1732 2661 crat
1761 2620 1945 2670 solitum,
1980 2626 2021 2659 ut
2047 2619 2098 2659 de

347 2701 395 2727 ea
424 2702 466 2727 re
494 2688 545 2727 ad
572 2687 768 2741 populum
799 2688 995 2725 ferretur:
1041 2684 1115 2724 sed
1151 2684 1344 2736 paulatim
1380 2686 1473 2724 ferri
1514 2691 1601 2724 erat
1631 2685 1805 2724 desitum
1837 2695 1987 2734 resque
2018 2683 2098 2722 iam

345 2757 386 2792 in
426 2765 514 2791 eam
557 2749 892 2790 consuetudinem
933 2754 1119 2796 venerat,
1155 2754 1198 2787 ut
1233 2754 1439 2799 postremo
1479 2761 1530 2787 ne
1578 2747 1809 2787 adiceretur
1851 2745 2017 2797 quidem
2056 2746 2097 2784 in

297 2822 332 2851 40
349 2816 389 2854 S.
421 2816 465 2854 C.
497 2814 546 2852 de
575 2813 782 2864 rogatione
821 2810 872 2850 ad
901 2809 1094 2862 populum
1129 2809 1319 2859 serenda,
1364 2822 1495 2861 eaque
1531 2811 1619 2861 ipsa
1649 2810 1689 2849 S.
1725 2810 1768 2848 C.
1798 2820 1874 2859 per
1900 2806 2097 2859 pauculos

347 2876 564 2916 admodum
594 2876 759 2914 flebant.
814 2874 981 2925 lndigne
1011 2885 1097 2912 eam
1129 2872 1304 2912 Cornelii
1341 2873 1590 2923 rogationem
1621 2871 1797 2911 tulerant
1827 2869 2096 2922 potentissimi

347 2940 497 2990 quique
527 2951 577 2976 ex
606 2937 883 2986 senatoribus,
927 2948 1097 2987 quorum
1135 2935 1261 2984 gratia
1298 2947 1441 2985 magno
1472 2946 1594 2985 opere
1629 2932 1900 2972 minuebatur.
1954 2933 2095 2982 Itaque

346 3002 386 3040 P.
418 3000 610 3039 Servilius
652 2999 849 3039 Globulus
889 2999 1077 3038 tribunus
1118 2997 1172 3049 pl.
1214 2999 1402 3036 inventus
1440 3004 1547 3046 erat,
1589 2997 1656 3048 qui
1686 2997 1730 3035 C.
1763 2995 1948 3035 Cornelio
1980 2994 2094 3033 obsi-

346 3069 484 3101 steret.
552 3065 613 3110 Is,
649 3063 718 3101 ubi
761 3063 860 3113 legis
901 3061 1095 3100 ferundae
1136 3060 1222 3098 (lies
1260 3061 1369 3098 venit
1410 3066 1449 3099 et
1495 3072 1644 3112 praeco
1692 3057 1918 3097 subiciente
1959 3056 2093 3096 scriba

293 3138 331 3167 45
346 3125 469 3164 verba
491 3124 591 3174 legis
612 3126 781 3163 recitare
809 3124 959 3176 populo
989 3124 1135 3174 coepit,
1162 3129 1202 3161 et
1229 3123 1404 3161 scribam
1432 3123 1620 3162 subicere
1652 3127 1691 3160 et
1719 3132 1965 3172 praeconem
1993 3131 2091 3170 pro-

343 3188 529 3226 nuntiare
569 3199 718 3237 passus
747 3200 825 3225 non
859 3193 934 3225 cst.
1001 3188 1101 3225 Tum
1141 3184 1352 3225 Cornelius
1390 3186 1478 3236 ipse
1515 3185 1696 3225 codicem
1736 3183 1939 3232 recitavit,
1982 3181 2091 3232 quod

344 3262 433 3287 cum
477 3248 661 3299 improbe
703 3250 786 3286 fieri
833 3250 876 3288 C.
908 3249 996 3288 Piso
1035 3247 1175 3287 consul
1217 3248 1481 3286 vehementer
1521 3252 1762 3298 quereretur
1801 3249 1947 3293 collique
1977 3258 2019 3282 ea
2052 3257 2091 3281 re

342 3310 595 3349 tribuniciam
623 3310 957 3349 intercessionem
992 3310 1166 3356 diceret,
1205 3310 1316 3360 gravi
1345 3310 1524 3348 convicio
1552 3322 1574 3349 a
1603 3307 1753 3360 populo
1781 3312 1978 3359 exceptus
2007 3309 2083 3346 est.
