2249 3624
288 225 396 268 4024
1024 233 1304 274 CICERONIS

285 332 367 370 Nee
396 332 458 370 cui
488 332 694 382 signorum
724 333 875 371 cedunt
901 345 1036 385 neque
1064 335 1224 374 flamina
1262 337 1390 375 vitant
1979 346 2042 381 20

284 393 367 431 Nec
394 399 579 432 metuunt
606 406 730 433 canos
759 395 955 434 minitanti
987 408 1194 435 murmure
1223 398 1384 437 fluctus.
1972 405 2043 445 305

383 471 427 507 Ac
445 476 599 518 nautae,
628 472 763 515 fulicae
785 473 919 507 similes
945 484 1134 519 merqoque
1165 477 1326 515 nutanti,

283 532 405 569 Anxia
431 545 494 579 per
522 539 633 568 lotum
660 536 833 570 iactantes
862 536 1002 571 Iumina
1027 543 1196 582 pontum,

281 595 533 641 Nequidquam
560 608 738 642 nusquam
764 600 932 642 parentia
961 600 1085 634 littora
1117 606 1318 645 quaerunt,

281 658 377 694 Dum
405 660 518 693 tenuis
545 660 650 704 m'yro
678 661 803 694 tabula
830 661 893 695 hos
921 662 1111 707 distinqui]
1139 663 1184 697 ab
1222 661 1328 699 Orco.

280 721 413 769 Atque
443 720 563 757 etiam
593 731 742 770 supero
772 721 862 759 navi
893 720 1122 772 pelagoque
1153 729 1293 761 vacato
1975 727 2044 765 310

281 782 442 830 Mense,
473 782 860 833 Sagittipotens
891 784 995 822 Solis
1032 796 1123 822 cum
1162 786 1336 823 sustinet
1372 786 1538 834 orbem,

281 844 379 881 Nam
408 844 486 882 iam
517 849 598 882 tum
628 845 747 882 nimis
776 845 921 895 exiguo
950 845 1018 884 lux
1048 852 1231 897 tempore
1262 853 1425 898 praesto
1465 854 1537 886 est.

280 906 361 944 Hoc
391 907 548 954 signum
577 906 744 944 veniens
774 913 966 958 poterunt
993 920 1269 959 praenoscere
1300 916 1469 949 nautae:
1979 917 2041 952 25

280 970 363 1007 Iam
391 980 520 1019 prope
550 969 847 1019 praecipitante
876 969 1015 1008 licebit
1044 972 1176 1010 visere
1216 977 1355 1020 nocte,

282 1032 327 1069 Ut
355 1043 446 1069 sese
475 1042 691 1080 emergens
719 1031 909 1071 ostendat
939 1033 1132 1084 Scorpios
1161 1033 1260 1082 alto,

278 1094 504 1132 Posteriore
533 1093 698 1132 trahens
725 1093 875 1132 flexum
904 1095 941 1132 vi
971 1096 1153 1146 corporis
1181 1097 1344 1134 Arcum.

279 1157 348 1194 Sed
374 1157 475 1204 Nepa
500 1169 571 1192 non
599 1158 748 1192 multum
775 1160 898 1203 prior,
943 1165 980 1193 αι
1006 1161 1110 1204 prior
1137 1161 1210 1195 (wil
1239 1161 1283 1195 ab
1312 1162 1432 1196 undis.

277 1219 357 1258 lam
388 1230 535 1269 supera
565 1230 709 1256 cernes
740 1219 847 1256 Arcti
878 1225 1000 1270 caput
1028 1232 1120 1258 esse
1154 1221 1321 1259 minoris
1969 1224 2043 1263 320

277 1281 326 1319 Et
354 1281 481 1330 magis
510 1285 693 1318 erectum
723 1279 774 1318 ad
804 1292 1007 1319 summum
1037 1283 1242 1321 versarier
1268 1282 1422 1321 orbem.
1975 1288 2041 1324 80

277 1344 377 1381 Tum
407 1354 499 1381 sese
530 1343 655 1381 Orion
684 1348 766 1381 toto
796 1344 874 1381 iam
905 1355 1076 1395 corpore
1110 1344 1249 1383 condit

276 1406 466 1443 Extrema
494 1417 623 1456 prope
652 1411 770 1443 noete
798 1412 837 1444 et
866 1406 1057 1457 Cepheus
1086 1406 1273 1445 conditur
1303 1407 1402 1456 alte,

276 1468 523 1506 Lumborum
554 1474 672 1506 tenus
700 1480 720 1506 a
750 1468 884 1519 palma
911 1468 1110 1519 depulsus
1139 1470 1190 1507 ad
1223 1469 1404 1508 umbras,

380 1543 450 1580 Hic
479 1542 651 1580 missore
680 1554 831 1583 vacans
860 1542 1018 1593 fulgens
1045 1544 1151 1582 iacet
1180 1556 1256 1582 una
1287 1545 1508 1595 Sagitta,
1968 1548 2040 1587 325

276 1606 405 1652 Quam
432 1610 602 1655 propter
628 1605 765 1642 nitens
795 1605 917 1655 pinna
946 1605 1200 1644 convehitur
1226 1605 1344 1644 Ales:
1973 1613 2038 1648 85

276 1668 383 1706 Haec
410 1666 557 1705 clinata
586 1667 713 1717 inagis
741 1666 861 1717 paulo
891 1674 953 1705 est
978 1667 1194 1718 Aquilonis
1223 1667 1274 1707 ad
1303 1681 1437 1708 auras.

274 1732 326 1768 At
352 1736 521 1781 propter
549 1742 592 1767 se
621 1729 807 1780 Aquila
837 1729 998 1768 ardenti
1027 1743 1117 1769 cum
1147 1743 1318 1782 corpore
1350 1737 1502 1782 portat,

274 1792 491 1842 lgniferum
523 1791 706 1830 mulcens
735 1792 1019 1832 tremebundis
1048 1794 1211 1832 aethera
1241 1794 1398 1845 pinnis,

274 1855 362 1893 Non
389 1855 509 1893 nimis
538 1855 690 1905 ingenti
720 1867 812 1893 cum
841 1867 1031 1906 corpore,
1062 1855 1137 1894 sed
1165 1868 1289 1906 grave
1317 1857 1484 1895 maestis
1966 1859 2039 1895 330

275 1916 467 1955 Ostendit
494 1918 628 1956 nautis
656 1916 905 1968 perturbans
925 1918 1308 1968 aequora-signum.
1972 1923 2038 1959 90

374 1994 473 2031 Tum
503 1993 636 2041 magni
667 2005 817 2031 curvus
846 1994 1086 2044 Capricorni
1117 2006 1288 2044 corpora
1317 2001 1486 2047 propter

272 2055 558 2106 Delphinus
589 2056 716 2104 iacet,
748 2054 855 2094 haud
883 2056 1005 2095 nimio
1035 2055 1218 2095 lustratu'
1254 2058 1404 2106 nitore,

273 2119 438 2157 Praeter
466 2118 749 2169 quadruplicis
779 2118 918 2157 stellas
946 2119 986 2157 in
1017 2120 1146 2157 fronte
1175 2119 1348 2169 locatas,

273 2181 383 2226 Quas
411 2180 668 2219 intervallum
698 2180 818 2219 binas
848 2181 1107 2220 disterminat
1139 2194 1277 2220 unum.
1966 2184 2036 2222 335

273 2243 419 2281 Cetera
447 2255 543 2293 pars
573 2243 650 2282 late
680 2244 790 2281 tenui
819 2255 909 2281 eum
939 2242 1090 2282 lumine
1128 2245 1268 2295 serpit.
1970 2248 2035 2283 95

272 2304 387 2353 Illae,
418 2317 523 2356 quae
551 2305 704 2355 fulgent
731 2305 844 2344 luces
873 2319 924 2344 ex
953 2318 1022 2344 ore
1053 2319 1248 2355 corusco,

272 2369 375 2406 Sunt
401 2369 505 2406 inter
532 2374 670 2419 partes
698 2368 853 2418 gelidas
880 2369 1080 2420 Aquiloni⁷
1107 2369 1263 2408 locatae

271 2432 404 2480 Atque
432 2431 537 2468 inter
565 2432 741 2482 spatium
771 2437 811 2470 et
837 2431 931 2470 laeti
962 2433 1129 2482 vestigia
1169 2432 1289 2472 Solis.

270 2495 321 2532 At
348 2505 443 2543 pars
470 2493 634 2532 interior
662 2493 846 2545 Delphini
876 2494 963 2533 fusa
1000 2493 1161 2533 videtur
1963 2496 2035 2534 340

358 2752 410 2783 70.
437 2753 484 2783 Ne
506 2752 559 2783 eui
584 2753 638 2783 CS
668 2770 697 2774 --
727 2752 858 2783 Versus
876 2751 1003 2783 72-93
1022 2752 1208 2783 maximam
1228 2754 1362 2792 partem
1388 2754 1605 2783 evanuerunt
1636 2753 1667 2784 in
1700 2753 1726 2783 H
1762 2770 1796 2775 —
1832 2754 1884 2785 72.
1917 2763 2034 2793 supero

272 2802 457 2834 Patricius:
483 2810 617 2841 superos
641 2800 691 2839 11¹,
718 2810 815 2840 super
837 2802 892 2832 hos
916 2803 949 2837 Ρ,
976 2810 1073 2840 supet·
1094 2802 1153 2832 hoc
1178 2799 1284 2833 H2CS
1311 2819 1344 2823 —
1369 2802 1575 2842 pelagoquae
1594 2803 1617 2833 H
1640 2820 1673 2824 —
1703 2806 1821 2833 vacato
1844 2804 2031 2835 Patricius:

270 2856 394 2891 uayalo
431 2849 513 2888 11¹1),
547 2855 695 2891 naqalw·
730 2850 836 2882 H‘-’CS
878 2869 909 2872 —
948 2851 1000 2882 74.
1036 2854 1105 2881 lum
1140 2851 1235 2881 nimis
1271 2851 1479 2883 Lambinus:
1517 2856 1585 2883 tum
1619 2852 1727 2883 ‘minus
1750 2851 1802 2889 H2,
1830 2862 1903 2884 cum
1926 2855 2034 2885 vuinus

272 2900 410 2932 H¹CSP
447 2919 485 2923 -—
522 2901 574 2932 76.
601 2902 688 2932 noeti
713 2902 771 2932 CP
802 2919 832 2923 —
868 2901 919 2931 77.
953 2909 1116 2940 emergens
1140 2900 1195 2931 ed.
1224 2901 1359 2934 Mediol.
1387 2912 1416 2933 a.
1447 2901 1545 2934 ⁴498.-
1573 2903 1740 2933 ostendens
1764 2902 1851 2934 CSP
1881 2920 1912 2925 -—
1940 2912 2031 2934 scor-

268 2951 339 2990 pios
363 2951 401 2981 11¹
420 2951 459 2980 P:
488 2951 634 2989 scorpius
659 2950 763 2981 ir-’CS
794 2968 824 2971 -
854 2951 922 2981 allo
947 2950 1101 2981 Grotius:
1129 2950 1193 2981 elle
1218 2951 1306 2982 CSP
1334 2969 1365 2973 —
1395 2951 1446 2984 79.
1473 2960 1594 2991 supera
1617 2953 1657 2982 P:
1695 2960 1793 2990 super
1815 2951 1899 2982 hunc
1924 2952 2031 2983 H2CS

272 2999 376 3039 (Quid
402 2998 561 3030 habuerit
587 3000 636 3036 11¹,
665 3008 731 3030 non
757 2998 890 3040 liquet.)
931 3018 964 3021 ——
1003 3000 1070 3029 arti
1095 3007 1184 3030 corr.
1211 3000 1242 3030 in
1269 3002 1352 3031 areli
1379 3002 1417 3039 Η,
1444 3002 1516 3031 arci
1540 3001 1595 3032 CS
1624 3019 1655 3022 —
1690 3001 1742 3032 81.
1768 3001 1882 3032 condet
1906 3002 1960 3033 CS
1992 3018 2026 3023 —-

269 3050 322 3081 82.
348 3049 497 3079 conditor·
520 3050 544 3079 C
571 3065 604 3070 —
633 3049 720 3080 allae
744 3050 809 3087 CS,
836 3052 912 3079 (mle
935 3049 991 3080 ΡΟ
1019 3066 1051 3070 -
1079 3048 1131 3080 83.
1153 3049 1270 3088 palma
1295 3050 1474 3081 Morelius:
1497 3051 1610 3089 prima
1633 3051 1722 3082 CSP
1748 3069 1780 3072 —
1807 3051 1859 3082 84.
1891 3059 2032 3082 messore

272 3101 295 3131 C
319 3117 349 3120 —
371 3099 422 3130 85.
440 3099 544 3137 pinna
564 3099 586 3128 Η
601 3099 638 3129 Ρ;
654 3107 764 3137 penna
781 3099 847 3134 CS,
864 3099 974 3138 pinnis
992 3100 1016 3130 O
1037 3115 1069 3120 ——
1087 3097 1137 3128 88.
1157 3098 1274 3128 mulcis
1291 3100 1327 3136 C,
1343 3100 1491 3140 mulqens
1509 3101 1531 3130 Ρ
1551 3117 1567 3120 —
1587 3100 1702 3138 pennis
1714 3099 1737 3129 C
1750 3100 1769 3130 S
1785 3117 1815 3122 -
1831 3099 1883 3131 91.
1901 3108 2027 3131 cornua

271 3149 420 3180 Grotius.
458 3149 613 3186 (corpora
649 3149 762 3179 tii-mat
797 3149 902 3179 Prisc.
935 3149 966 3187 6,
1004 3147 1033 3180 4,
1063 3156 1096 3187 p.
1122 3147 1195 3178 232.
1224 3148 1293 3186 Kr.)
1337 3165 1368 3170 —
1409 3149 1461 3181 92.
1488 3149 1567 3179 haue
1593 3148 1630 3186 C,
1656 3151 1715 3179 aut
1737 3149 1761 3179 P
1800 3167 1832 3171 —-
1872 3149 2028 3180 lustratus

273 3198 394 3229 HCSP
423 3214 454 3218 —
483 3197 535 3228 93.
563 3198 791 3236 quadruplices
815 3198 839 3227 0
865 3216 904 3220 —
929 3198 981 3229 95.
1008 3198 1074 3228 late
1097 3197 1184 3227 tenul
1207 3206 1281 3227 cum
1306 3197 1344 3234 Η,
1371 3198 1447 3228 latet
1471 3201 1500 3228 et
1522 3197 1612 3228 mallo
1636 3206 1709 3228 cum
1734 3198 1801 3235 CS,
1829 3197 1916 3228 laeta
1940 3199 2027 3229 tenui

269 3255 342 3277 cum
368 3248 389 3277 Ρ
419 3264 446 3268 -
478 3246 530 3279 97.
558 3246 721 3286 aquilonis
749 3248 872 3277 locutas
902 3248 1007 3285 11CS,
1039 3247 1192 3285 aquilone
1222 3246 1346 3277 locatas
1377 3249 1399 3278 Ρ
1434 3265 1475 3269 -—
1509 3247 1561 3278 99.
1588 3247 1695 3287 delfini
1720 3246 1747 3278 H
1784 3265 1823 3270 —
1855 3247 1950 3287 fusca
1981 3248 2024 3288 P3

271 3295 360 3326 inter
384 3294 512 3326 litteras
536 3304 557 3326 u
581 3297 616 3326 et
639 3305 653 3326 s
677 3296 773 3326 verbi
796 3297 871 3335 fusa
895 3295 1098 3328 obliteratae
1125 3297 1204 3327 sunt
1228 3295 1361 3327 litterae
1385 3297 1416 3328 lo
1441 3297 1472 3327 in
1508 3297 1546 3328 H.
