2249 3624
290 212 398 254 4000
1025 212 1304 252 CICERONis

291 319 432 358 Omnis
482 318 586 357 enim
638 316 931 367 coagmentatio
972 315 1153 366 corporis
1206 315 1243 353 vi
1286 314 1432 354 caloris
1476 314 1540 353 vel
1584 315 1741 365 frigoris
1789 314 1853 352 vel
1908 314 2042 366 aliqua

289 381 518 433 inpulsione
545 379 777 418 vehementi
804 378 1070 418 labefactatur
1097 383 1137 415 et
1165 377 1360 426 frangitur
1383 383 1422 415 et
1448 376 1499 415 ad
1520 377 1684 415 morbos
1706 382 2040 428 senectutemque

291 442 544 494 conpellitur.
601 443 711 481 Hanc
746 442 867 491 igitur
899 439 1040 479 habuit
1082 439 1280 478 rationem
1308 440 1474 478 eflector
1505 439 1646 478 mundi
1673 445 1713 478 et
1738 439 1899 478 molitor
1925 438 2040 488 deus,

292 512 335 544 ut
362 518 486 544 unum
515 517 617 556 opus
646 509 771 542 totum
801 509 923 554 atque
947 503 1173 553 perfectum
1202 514 1252 540 ex
1280 501 1469 540 omnibus
1495 507 1536 540 et
1565 502 1658 541 totis
1691 508 1814 554 atque
1854 502 2043 553 perfectis

260 582 277 609 s)
293 567 546 616 absolveret,
591 567 701 617 quod
741 565 858 604 omni
890 565 1032 603 morbo
1074 570 1113 602 et
1141 565 1254 603 senio
1290 570 1469 603 vacaret.
1523 565 1588 603 VI.
1631 566 1816 604 Formam
1846 569 1980 603 autem
2005 568 2046 601 et

292 631 465 670 maxime
494 635 705 679 cognatam
734 633 773 667 et
802 627 993 666 decoram
1023 626 1147 666 dedit.
1206 629 1235 665 A
1261 638 1341 677 quo
1368 628 1473 665 enim
1493 628 1684 667 animanti
1713 628 1842 666 omnis
1866 626 2045 677 reliquos

293 694 488 732 contineri
520 680 641 730 'vellet
665 691 911 739 animantes,
943 690 1049 728 hunc
1075 702 1121 728 ea
1150 689 1276 728 forma
1305 689 1510 739 figuravit,
1535 702 1613 741 qua
1634 703 1712 729 una
1732 702 1874 728 omnes
1893 691 2044 728 formae

292 755 474 807 reliquae
503 753 825 800 concluduntur,
856 758 897 790 et
921 751 1135 802 globosum
1153 758 1216 790 est
1229 752 1476 801 fabricatus,
1507 752 1617 803 quod
1634 753 1886 802 σφαιροειδεῖς
1902 752 2044 791 Graeci

293 824 458 867 vocant,
494 817 608 855 cuius
650 816 780 854 omnis
822 814 1056 853 extremitas
1098 814 1266 865 paribus
1302 828 1323 854 a
1353 815 1485 853 medio
1514 815 1636 855 radiis
1665 817 1892 867 attingitur,
1920 815 2045 866 idque

249 881 345 919 mita
374 880 571 926 tornavit,
602 884 645 917 ut
671 877 765 916 nihil
794 877 956 915 efficere
983 882 1124 927 posset
1152 876 1389 925 rotundius,
1419 877 1512 916 nihil
1542 879 1773 930 asperitatis
1800 884 1844 917 ut
1862 878 2044 926 haberet,

292 942 386 981 nihil
428 941 682 989 offensionis,
725 938 819 978 nihil
858 939 1029 978 incisum
1071 939 1254 989 angulis,
1296 940 1391 978 nihil
1428 941 1692 989 anfractibus,
1722 941 1815 979 nihil
1846 941 2044 989 eminens,

293 1004 387 1043 nihil
426 1004 684 1051 lacunosum,
726 1013 954 1052 omnesque
986 1008 1124 1053 partes
1152 1002 1375 1041 simillimas
1408 1004 1606 1051 omnium,
1648 1002 1757 1054 quod
1787 1005 1873 1042 eius
1899 1002 2046 1042 iudicio

292 1066 530 1119 praestabat
569 1064 884 1104 dissimilitudini
924 1064 1154 1103 similitudo.
1213 1065 1331 1103 Omni
1370 1072 1505 1104 autem
1542 1072 1665 1105 totam
1704 1067 1872 1115 figuram
1907 1065 2046 1104 mundi

292 1130 454 1168 levitate
483 1126 764 1166 circumdedit.
819 1127 902 1165 Nec
931 1127 1037 1164 enim
1066 1126 1194 1165 oculis
1222 1127 1392 1178 egebat,
1423 1129 1516 1179 quia
1533 1128 1626 1167 nihil
1649 1134 1783 1176 extra,
1807 1128 1915 1179 quod
1937 1128 2048 1166 cerni

249 1202 280 1230 ¹5
294 1198 457 1245 posset,
488 1190 671 1229 relictum
701 1194 807 1234 erat,
837 1202 914 1227 nec
942 1188 1130 1239 auribus,
1161 1190 1253 1240 quia
1283 1203 1333 1230 ne
1362 1189 1470 1242 quod
1499 1190 1709 1230 audiretur
1744 1190 1929 1242 quidem,
1972 1201 2048 1228 ne-

295 1267 374 1306 que
405 1259 521 1292 erant
545 1253 676 1291 anima
707 1252 948 1290 circumfusa
978 1257 1159 1291 extrema
1190 1252 1347 1302 mundi,
1387 1259 1430 1291 ut
1466 1254 1775 1304 respirationem
1804 1253 2047 1304 requireret,

294 1329 369 1355 nec
409 1328 506 1354 vero
553 1314 816 1353 desiderabat
856 1319 924 1352 aut
951 1313 1138 1352 alimenta
1179 1316 1360 1366 corporis
1394 1322 1463 1354 aut
1490 1315 1783 1355 detractionem
1813 1315 1982 1353 consecti
2011 1321 2050 1353 et

294 1378 522 1428 consumpti
566 1377 658 1416 cibi.
714 1378 855 1427 Neque
892 1376 998 1414 enim
1040 1375 1118 1415 ulla
1161 1376 1346 1416 decessio
1384 1378 1469 1416 fieri
1496 1384 1658 1429 poterat
1685 1390 1821 1429 neque
1850 1378 2047 1426 accessio,

294 1454 369 1480 nec
409 1453 505 1479 vero
546 1445 634 1478 erat
672 1438 795 1477 unde.
851 1439 991 1489 Itaque
1035 1451 1078 1477 se
1115 1441 1205 1490 ipse
1244 1441 1553 1492 consumptione
1596 1447 1635 1479 et
1666 1441 1779 1479 senio
1808 1440 1944 1479 alebat
1971 1440 2048 1488 sui,

243 1514 279 1542 ρο
293 1517 384 1542 cum
423 1504 510 1554 ipse
551 1515 625 1553 per
666 1514 710 1540 se
753 1508 792 1539 et
832 1514 851 1539 a
881 1513 925 1538 se
955 1507 995 1539 et
1021 1507 1232 1552 pateretur
1259 1509 1299 1540 et
1325 1502 1477 1541 faceret
1504 1503 1650 1541 omnia.
1706 1503 1772 1541 Sic
1800 1503 1906 1541 enim
1934 1508 2048 1541 ratus

293 1573 354 1605 est
390 1565 483 1615 ille,
526 1565 592 1615 qui
629 1566 705 1603 ista
738 1564 867 1601 iunxit
908 1569 948 1601 et
981 1562 1174 1612 condidit,
1211 1564 1344 1616 ipsum
1386 1577 1430 1603 se
1465 1571 1699 1603 contentum
1728 1577 1820 1603 esse
1849 1563 2046 1604 mundum

292 1641 426 1680 neque
455 1640 575 1678 egere
605 1626 741 1665 altero.
795 1627 934 1677 ltaque
964 1626 998 1664 ei
1027 1637 1104 1664 nec
1131 1638 1275 1664 manus
1304 1626 1464 1676 adfixit,
1496 1628 1685 1678 quoniam
1707 1640 1784 1666 nec
1804 1627 2047 1678 capiendum

292 1692 509 1743 quicquam
539 1695 625 1727 erat
653 1701 727 1727 nec
757 1687 1063 1739 repellendum,
1094 1700 1170 1726 nec
1197 1687 1326 1739 pedes
1355 1695 1423 1728 aut
1449 1690 1525 1728 alia
1554 1689 1766 1739 membra,
1802 1689 1952 1741 quibus
1983 1691 2048 1729 in-

291 1766 477 1804 gressum
519 1752 699 1803 corporis
740 1751 971 1789 sustineret.
1027 1751 1174 1788 Motum
1217 1752 1320 1789 enim
1352 1750 1465 1790 dedit
1492 1751 1604 1791 caelo
1633 1763 1753 1799 eum,
1795 1753 1861 1803 qui
1895 1753 2047 1803 figurae

239 1824 276 1852 εἴ)
293 1817 379 1854 eius
409 1821 519 1854 esset
546 1814 805 1865 aptissimus,
849 1813 915 1863 qui
946 1825 1050 1851 unus
1078 1825 1127 1851 ex
1157 1818 1313 1863 septem
1352 1814 1528 1852 motibus
1561 1820 1738 1853 mentem
1768 1820 1891 1865 atque
1926 1813 2048 1853 intel-

290 1878 510 1928 legentiam
542 1877 667 1915 cieret
695 1877 880 1915 maxime.
937 1876 1076 1926 ltaque
1106 1888 1183 1914 una
1215 1876 1479 1914 conversione
1508 1883 1630 1927 atque
1660 1875 1803 1915 eadem
1841 1877 1929 1927 ipse
1967 1877 2048 1914 cir-

291 1953 382 1979 cum
412 1952 455 1979 se
484 1944 699 1990 torquetur
727 1945 767 1976 et
795 1938 976 1976 vertitur.
1032 1939 1113 1977 Sex
1141 1943 1276 1976 autern
1307 1938 1485 1989 reliquos
1515 1945 1647 1978 motus
1685 1939 1736 1978 ab
1771 1951 1818 1977 eo
1845 1939 2050 1990 separavit

376 2232 403 2261 l.
431 2229 671 2270 coaymentatio
696 2227 734 2260 Αι
754 2229 806 2260 B¹z
833 2229 1068 2260 coacmentatio
1093 2230 1116 2260 G
1136 2229 1178 2268 V,
1204 2229 1466 2271 coaugmentatio
1491 2229 1532 2259 A2
1548 2227 1586 2259 Β2
1603 2228 1626 2259 Ε
1657 2246 1687 2251 -
1716 2230 1748 2260 vi
1773 2228 1894 2259 caloris
1916 2229 1965 2259 vel
1984 2228 2047 2268 fri-

287 2281 377 2319 yoris
402 2278 574 2311 Halmius:
602 2279 652 2310 vel
667 2279 788 2310 caloris
810 2279 859 2309 vel
874 2279 1010 2318 frigoris
1034 2278 1146 2315 CEG;
1172 2279 1222 2310 rel
1245 2279 1363 2310 caloris
1386 2279 1417 2309 vi
1438 2278 1487 2308 vel
1509 2279 1646 2318 staporis
1671 2277 1836 2315 Klotzius3
1866 2279 1914 2309 vel
1939 2279 2048 2310 calore

287 2330 336 2360 vel
350 2330 475 2369 fri90re
492 2330 516 2359 O
536 2346 570 2351 -
592 2329 622 2360 3.
649 2332 677 2359 et
701 2328 833 2359 molitor
850 2329 873 2359 C
887 2329 942 2359 EG
958 2336 964 2357 :
983 2328 1178 2367 molitor-que
1195 2329 1219 2359 O
1240 2347 1274 2351 -
1301 2330 1331 2360 5.
1350 2333 1380 2359 et
1396 2328 1484 2359 senio
1502 2328 1525 2358 C
1538 2328 1615 2359 EG:
1635 2329 1785 2368 senioque
1798 2329 1822 2359 O
1852 2346 1884 2350 -
1911 2333 2048 2360 uacaret

288 2380 311 2411 C
333 2380 376 2410 E:
403 2382 530 2410 careret
556 2380 579 2409 G
598 2379 622 2409 O
650 2396 684 2400 —
714 2378 744 2410 6.
770 2386 926 2408 maxume
948 2377 978 2406 V
1003 2393 1036 2400 -—
1076 2382 1252 2417 cayna-tam
1288 2379 1311 2409 C
1331 2379 1354 2409 E
1373 2380 1411 2409 G:
1452 2378 1512 2408 sibi
1545 2381 1722 2418 coynatam
1756 2379 1781 2409 O
1818 2396 1850 2400 —
1887 2380 2050 2410 animanti

288 2430 311 2460 C
333 2430 354 2460 E
373 2430 414 2459 G:
442 2430 610 2459 animante
634 2428 658 2459 Ο
686 2445 720 2450 -
748 2428 851 2458 omnis
876 2427 899 2457 C
919 2428 960 2457 G:
988 2435 1096 2457 omnes
1110 2428 1132 2458 E
1151 2428 1175 2458 O
1192 2445 1223 2451 -
1242 2428 1387 2466 reliquas
1411 2428 1435 2459 C
1455 2428 1478 2459 E
1498 2430 1523 2459 G
1544 2445 1576 2449 —
1595 2428 1624 2458 7.
1642 2429 1746 2458 omnis
1761 2428 1888 2466 formae
1903 2430 2049 2468 reliquae

286 2480 311 2509 G
330 2478 373 2513 V;
404 2479 507 2508 omnis
528 2478 636 2517 sor-ma
660 2477 790 2516 reliqua
816 2480 837 2508 Α
859 2477 881 2507 Β
901 2477 943 2508 Ε;
975 2485 1083 2507 omnes
1107 2477 1252 2517 reliquae
1274 2479 1402 2517 formae
1421 2477 1445 2508 O
1474 2495 1508 2498 —
1535 2477 1565 2508 8.
1592 2478 1833 2509 concluduntur
1857 2480 1881 2510 G
1900 2479 1944 2509 V:
1971 2488 2049 2509 con-

285 2528 430 2558 eluditur
445 2531 468 2558 A
488 2528 510 2558 Β
532 2528 554 2558 Ε
580 2529 680 2566 (ditur
704 2528 734 2558 in
761 2536 880 2558 rasura
906 2526 940 2565 B)
969 2543 1002 2547 -
1029 2527 1197 2566 ylobosum
1221 2526 1382 2559 Orellius:
1409 2527 1559 2567 ylobosus
1583 2528 1606 2558 C
1627 2528 1650 2558 E
1670 2529 1693 2557 G
1723 2545 1756 2550 -
1775 2528 1937 2566 speroides
1954 2525 1991 2558 B¹
2010 2528 2047 2565 V,

284 2575 436 2617 speroide'
461 2580 486 2609 Α
507 2577 560 2615 [32.
585 2578 752 2617 speroiden
779 2577 822 2615 E,
847 2576 1004 2615 sper‹)yde
1028 2578 1052 2607 G
1080 2594 1114 2598 —
1142 2577 1171 2608 9.
1198 2578 1382 2617 adtinyitur
1405 2581 1427 2608 Α
1465 2595 1495 2599 -
1538 2578 1589 2607 110.
1615 2577 1740 2616 efficere
1765 2578 1787 2608 C
1808 2578 1831 2608 E
1849 2579 1893 2608 G:
1918 2578 2001 2617 effici
2023 2578 2048 2608 O

291 2646 323 2650 —
358 2632 464 2667 posset
499 2627 609 2658 Klotz:
645 2627 745 2667 possit
780 2628 803 2656 C
824 2628 846 2659 E
865 2626 929 2656 GO
967 2643 1001 2647 —
1038 2627 1214 2657 rutundius
1248 2627 1290 2656 V:
1328 2627 1501 2657 rotundius
1525 2627 1561 2657 O.
1590 2626 1675 2657 Vide
1700 2626 1741 2657 ad
1768 2636 1803 2666 p.
1828 2627 1902 2659 221.
1931 2626 1982 2657 49.
2011 2643 2045 2647 —

287 2679 474 2717 asperitatis
497 2681 533 2707 nt
569 2677 694 2708 CEG:
732 2679 767 2707 ai
801 2676 990 2714 asperitatis
1020 2675 1044 2705 Ο
1080 2692 1122 2698 -
1157 2676 1208 2706 ll.
1244 2676 1381 2706 incisum
1418 2675 1606 2707 Lambinus
1632 2676 1682 2714 (et
1713 2684 1820 2713 marg.
1854 2676 1910 2713 V):
1943 2675 2049 2706 inclu-

287 2736 359 2757 sum
384 2727 408 2757 C
429 2726 450 2756 E
469 2728 505 2757 G.
544 2726 593 2758 Cf.
632 2727 733 2757 Tusc.
770 2727 861 2766 Disp.
900 2726 924 2756 ll
959 2726 989 2764 δ’.
1022 2724 1073 2755 47.
1110 2742 1142 2745 —
1177 2726 1228 2755 ⁴02.
1259 2726 1448 2756 laconosum
1485 2726 1522 2755 Ψ
1561 2741 1594 2747 —-
1633 2725 1817 2756 simillimas
1851 2726 2044 2756 Perionius:

287 2776 472 2806 simillimae
517 2777 559 2813 C,
607 2777 768 2807 simillime
804 2776 869 2807 EG
921 2793 953 2797 -—
999 2775 1121 2805 iudicio
1155 2775 1348 2813 praestabat
1387 2776 1410 2806 C
1433 2775 1517 2806 EG:
1560 2775 1753 2814 praestabat
1795 2776 1915 2805 iudicio
1951 2776 1975 2806 O
2010 2791 2044 2795 —

290 2826 340 2856 43.
385 2826 655 2856 dissimilitudinis
694 2829 716 2856 Α
734 2827 777 2862 Β,
820 2826 1098 2856 dissimilitudines
1138 2824 1161 2854 E
1204 2841 1237 2845 —
1284 2824 1396 2855 omnia
1437 2827 1547 2854 autem
1588 2827 1611 2855 Α
1633 2825 1654 2855 Β
1673 2827 1697 2855 G
1726 2841 1760 2845 -
1800 2825 1850 2855 45.
1891 2833 1930 2854 ne
1963 2824 2049 2861 quod

290 2873 327 2906 A*
347 2873 380 2905 13¹
400 2876 424 2905 G
445 2875 486 2904 V:
514 2885 571 2906 nec
594 2876 679 2914 quod
703 2874 742 2906 Α2
760 2874 797 2906 [³²
814 2875 835 2906 E
873 2892 907 2897 —
948 2875 997 2906 46.
1023 2877 1163 2906 externa
1187 2874 1210 2903 C
1231 2874 1254 2904 E
1273 2875 1297 2904 G
1335 2892 1370 2898 ·-
1407 2876 1458 2905 48.
1490 2875 1691 2913 consumptio
1725 2873 1767 2903 ibi
1796 2883 1886 2904 corr.
1913 2875 1945 2905 in
1968 2883 2047 2904 con-—

288 2925 406 2962 sumpti
435 2924 496 2954 ribi
527 2925 569 2957 V:
607 2925 851 2963 consumptione
880 2933 939 2963 que
963 2933 1052 2954 corr.
1090 2924 1122 2953 in
1147 2923 1328 2961 consumpti
1350 2922 1412 2954 cibi
1434 2932 1535 2962 neque
1559 2923 1600 2959 B;
1627 2923 1810 2961 consumpti
1833 2931 1936 2961 neque
1965 2925 2044 2961 (om.

290 2973 364 3012 cibi)
400 2974 425 3002 G
463 2991 496 2995 —
536 2974 586 3003 49.
613 2974 723 3012 itaque
759 2974 782 3004 C
800 2974 879 3004 EG:
918 2975 965 3004 ita
1001 2974 1026 3003 Ο
1066 2990 1097 2993 -«
1136 2980 1204 3010 ipse
1234 2973 1301 3003 sine
1323 2973 1565 3012 consumptione
1590 2974 1613 3002 G
1639 2975 1674 3004 et
1699 2981 1806 3012 marg.
1850 2973 1875 3001 V
1916 2989 1949 2993 —
1991 2973 2043 3003 ι24.

289 3022 417 3052 innasci!
452 3023 476 3052 Α
514 3039 546 3043 -
586 3024 625 3053 22
675 3024 794 3062 adficit
829 3025 872 3059 (ἰ,
909 3024 1019 3063 affixit.
1053 3022 1132 3053 GE:
1173 3021 1307 3060 affinaeit
1337 3023 1362 3052 O
1401 3040 1433 3044 —-
1466 3023 1624 3062 quoniam
1659 3023 1787 3053 CEG:
1829 3023 1908 3060 quia
1944 3023 1968 3052 Ο
2006 3038 2040 3043 -

292 3071 342 3101 23.
376 3071 471 3109 pestes
505 3074 561 3100 aut
596 3072 709 3110 aliqua
744 3074 766 3103 (Σ
787 3073 872 3108 EG;
911 3073 1005 3111 pedes
1028 3081 1084 3102 nec
1108 3072 1177 3102 alia
1201 3072 1224 3101 0
1268 3089 1300 3092 —
1343 3071 1396 3103 ⁵24.
1437 3081 1574 3111 corpore
1604 3073 1627 3102 (Σ
1647 3072 1709 3102 EG
1747 3088 1778 3093 —
1815 3073 1944 3111 figurae
1977 3071 2048 3101 eius

291 3124 368 3151 esset
397 3119 556 3150 Orcllius:
591 3122 754 3160 fissili-atus
782 3123 823 3152 sit
854 3125 878 3152 A
899 3122 921 3152 Β
941 3122 963 3153 Ε
990 3123 1034 3160 (in
1066 3123 1091 3151 A
1126 3129 1190 3151 una
1216 3119 1327 3151 littera
1353 3121 1441 3151 inter
1465 3131 1486 3152 a
1510 3123 1545 3152 et
1568 3125 1579 3152 t
1603 3124 1737 3156 erasa);
1772 3123 1920 3161 fiywont
1945 3123 2044 3158 (corr.

293 3171 324 3200 in
359 3169 516 3209 flyuram)
545 3169 583 3199 sit
621 3169 663 3205 V;
698 3172 762 3209 fine
791 3173 859 3202 eius
892 3172 932 3201 sit
963 3173 986 3202 G
1027 3188 1057 3194 -—
1098 3172 1150 3201 ⁰25.
1177 3171 1372 3209 aptissumus
1395 3175 1419 3202 A
1459 3189 1493 3193 -
1530 3171 1667 3202 motibus
1690 3179 1780 3202 corr.
1813 3180 1855 3201 ex
1886 3170 2046 3201 montibus

294 3219 319 3247 V
348 3236 379 3239 —
407 3219 459 3248 26.
485 3219 581 3248 cieret
607 3221 627 3249 Α
649 3219 726 3250 [3212
751 3219 892 3258 (litteras
917 3221 946 3251 ci
969 3221 1001 3251 in
1027 3229 1149 3251 rasura
1174 3229 1191 3249 a
1218 3228 1265 3250 m.
1292 3228 1362 3251 sec.
1391 3220 1498 3252 babet
1518 3223 1572 3258 A):
1600 3222 1704 3251 cierat
1727 3219 1784 3257 13¹,
1809 3221 1929 3251 coieret
1945 3219 2049 3257 (litte-

293 3277 351 3299 rae
377 3269 386 3298 i
410 3276 586 3309 superscr.
614 3278 630 3298 a
657 3278 701 3299 m.
729 3270 895 3307 secunda,
921 3270 982 3301 sed
1008 3272 1139 3306 vetere,
1165 3268 1198 3309 9)
1225 3269 1263 3307 V,
1289 3273 1417 3309 cogeret
1439 3272 1476 3308 G,
1502 3269 1662 3301 cohiberet
1685 3269 1751 3301 alii.
