2249 3624
260 206 343 248 646
977 209 1047 249 DE
1078 208 1306 250 OFFICIIS

261 316 447 356 tissimus
486 315 564 356 rite
603 314 749 354 haberi
781 312 899 355 solet.
961 313 1167 362 Quocirca
1198 314 1298 355 huic
1331 316 1452 369 quasi
1484 316 1682 364 materia,
1724 329 1850 371 quam
1881 322 2031 358 tractet

262 384 304 418 et
333 379 374 418 in
406 391 489 431 qua
519 383 722 424 versetur,
755 377 942 416 subiecta
973 381 1037 416 est
1067 377 1234 417 veritas.
1294 374 1361 418 47.
1393 378 1580 431 Reliquis
1611 385 1750 419 autem
1781 379 1914 420 tribus
1945 380 2030 420 vir-

260 441 418 481 tutibus
444 440 717 480 necessitates
742 438 981 492 propositae
1013 445 1111 479 sunt
1140 440 1191 479 ad
1224 453 1294 479 eas
1325 454 1390 480 res
1413 441 1619 493 parandas
1641 440 1915 494 tuendasque,
1937 442 2030 495 qui-

262 504 340 544 bus
371 504 478 543 actio
510 503 620 541 vitae
641 501 896 547 continetur,
919 505 964 540 ut
987 506 1029 541 et
1049 502 1228 542 societas
1249 501 1468 542 hominum
1489 503 1820 556 'coniunctioque
1842 510 2031 544 servetur

227 575 246 603 ὅ
264 572 304 607 et
333 567 458 606 animi
485 563 733 606 excellentia
757 563 1091 617 magnitudoque
1114 577 1209 603 cum
1230 564 1272 603 in
1295 565 1499 617 augendis
1522 565 1673 617 opibus
1695 565 2031 619 utilitatibusque

267 636 308 670 et
339 630 419 669 sibi
451 635 492 668 et
522 627 609 667 suis
642 626 956 680 comparandiS‚
998 632 1082 666 tum
1115 627 1246 666 multo
1277 628 1407 679 magis
1446 627 1490 666 in
1520 627 1586 667 his
1618 628 1719 681 ipsis
1751 628 2031 680 despiciendis

264 693 440 733 eluceat.
500 691 613 731 Ordo
647 690 743 730 item
777 696 816 729 et
848 690 1079 729 constantia
1110 695 1151 729 et
1182 690 1415 730 moderatio
1448 696 1489 730 et
1519 704 1579 737 ea,
1612 704 1722 744 quae
1754 696 1852 730 sunt
1881 690 1948 730 his
1977 690 2032 730 si-

259 756 396 802 milia,
440 758 659 794 versantur
697 754 738 791 in
777 765 826 792 eo
858 765 1032 804 genere,
1074 752 1126 792 ad
1161 752 1274 806 quod
1306 759 1369 793 est
1398 753 1638 793 adhibenda
1669 753 1776 793 actio
1809 753 2031 806 quaedam,

259 832 342 858 non
376 817 508 857 solum
542 816 692 855 mentis
724 816 910 867 agitatio.
971 815 1027 854 Iis
1059 815 1170 854 enim
1202 816 1339 862 rebus,
1371 829 1478 868 quae
1511 822 1740 855 tractantur
1762 816 1805 855 in
1826 816 1923 862 vita,
1946 829 2032 856 mo-

207 886 244 916 40
263 881 359 920 dum
392 879 601 930 quendam
635 882 675 917 et
696 877 886 917 ordinem
908 877 1155 918 adhibentes
1176 877 1438 918 honestatem
1462 885 1502 919 et
1524 880 1651 918 decus
1673 879 2031 919 conservabimus.

373 941 441 979 vt.
487 938 545 979 l8.
577 940 641 979 Ex
674 946 870 993 quattuor
900 946 1037 980 autem
1072 941 1199 987 locis,
1230 942 1272 980 in
1306 954 1412 994 quos
1444 941 1608 981 honesti
1641 947 1829 982 naturam
1862 942 2032 995 vimque

262 1003 493 1049 divisimus,
526 1004 682 1056 primus
713 1003 797 1050 ille,
831 1004 902 1056 qui
932 1004 974 1043 iu
1008 1005 1095 1044 veri
1127 1005 1364 1054 cognitione
1399 1004 1608 1049 consistit,
1638 1004 1819 1043 maxime
1841 1010 2032 1044 naturam

259 1066 427 1118 attingit
456 1065 696 1106 humanam.
758 1065 914 1106 Omnes
947 1067 1055 1106 enim
1088 1066 1293 1106 trahimur
1324 1073 1364 1106 et
1395 1066 1586 1105 ducimur
1618 1065 1668 1104 ad
1702 1066 1958 1119 cognitionis
1991 1071 2033 1107 et

259 1129 460 1168 scientiae
493 1128 788 1180 cupiditatem,
827 1128 869 1167 in
904 1142 988 1182 qua
1021 1129 1228 1168 excellere
1260 1128 1480 1181 pulchrum
1514 1133 1731 1181 putamus,
1764 1128 1846 1169 labi
1877 1134 2031 1176 autem,

206 1203 241 1231 45
260 1205 416 1237 errare,
457 1192 641 1238 nescire,
683 1191 821 1244 decipi
861 1197 900 1231 et
941 1191 1092 1230 malum
1126 1197 1166 1230 et
1197 1197 1318 1243 turpe
1351 1191 1554 1230 ducimus.
1617 1192 1663 1229 ln
1693 1190 1774 1230 hoc
1807 1204 1959 1243 genere
1991 1196 2032 1230 et

258 1253 437 1293 naturali
481 1260 521 1293 et
561 1254 740 1293 honesto
786 1254 867 1293 duo
909 1255 1008 1294 vitia
1047 1255 1217 1294 vitanda
1257 1259 1376 1293 sunt:
1426 1267 1577 1298 unum,
1617 1266 1670 1293 ne
1713 1253 1924 1305 incognita
1956 1266 2031 1306 pro

259 1317 437 1368 cognitis
467 1316 696 1356 habeamus
728 1317 863 1370 iisque
896 1323 1052 1356 temere
1083 1317 1384 1363 assentiamur;
1417 1316 1530 1368 quod
1564 1315 1711 1355 vitium
1743 1316 1928 1368 effugere
1958 1316 2032 1369 qui

260 1378 373 1417 volet
410 1400 464 1407 —
505 1392 649 1418 omnes
681 1384 818 1419 autem
852 1380 960 1419 velle
992 1380 1147 1418 debent
1185 1401 1238 1407 —
1264 1371 1492 1418 ‘adhibebit
1523 1378 1573 1417 ad
1606 1378 1934 1418 considerandas
1965 1391 2032 1417 res

260 1446 300 1480 et
331 1447 495 1493 tempus
528 1447 569 1481 et
600 1442 873 1494 diligentiam.
936 1439 1000 1482 19.
1042 1442 1228 1481 Alterum
1263 1446 1325 1480 est
1357 1440 1523 1487 vitium,
1556 1439 1670 1493 quod
1705 1440 1874 1493 quidam
1908 1440 2032 1480 nimis

208 1516 454 1555 eomagnum
496 1504 681 1543 studium
726 1505 984 1558 multamque
1030 1518 1197 1558 operam
1240 1505 1279 1543 in
1322 1518 1387 1544 res
1429 1504 1629 1544 obscuras
1670 1511 1796 1558 atque
1837 1503 2032 1545 difficiles

257 1566 479 1606 conferunt
509 1567 762 1620 easdemque
800 1582 882 1607 non
923 1568 1192 1607 necessarias.
1253 1567 1417 1615 Quibus
1451 1567 1561 1607 vitiis
1592 1567 1812 1606 declinatis
1844 1567 1956 1621 quod
1989 1567 2033 1606 in

256 1629 382 1668 rebus
422 1630 610 1670 honestis
649 1638 691 1670 et
731 1631 971 1682 cognitione
1014 1631 1151 1683 dignis
1194 1643 1347 1682 operae
1381 1643 1591 1682 curaeque
1623 1636 1827 1683 ponetur,
1868 1631 1908 1669 id
1943 1631 2033 1670 iure

256 1691 517 1740 laudabitur,
558 1699 603 1732 ut
634 1694 677 1732 in
708 1694 935 1740 astrologia
969 1694 1011 1733 C.
1036 1693 1268 1745 Sulpicium
1302 1693 1564 1739 audivimus,
1596 1694 1639 1731 in
1672 1693 1902 1744 geometria
1935 1693 2031 1731 Sex.

256 1755 500 1807 Pompeium
534 1756 615 1807 ips¹
647 1757 943 1807 cognovimus,
977 1757 1131 1796 multos
1165 1756 1205 1795 in
1239 1756 1493 1802 dialecticis,
1525 1756 1667 1808 plures
1699 1755 1742 1794 in
1776 1756 1866 1794 iure
1897 1754 2031 1794 civili:

206 1828 243 1858 25
258 1830 365 1870 quae
397 1830 544 1857 omnes
577 1826 685 1858 artes
717 1819 759 1858 in
793 1820 876 1858 veri
911 1819 1230 1871 investigatione
1263 1824 1496 1863 versantur,
1530 1818 1648 1856 cuius
1681 1817 1820 1857 studio
1853 1830 1876 1856 a
1907 1816 2031 1856 rebus

257 1880 452 1932 gerendis
484 1880 636 1920 abduci
669 1889 812 1921 contra
845 1882 1026 1921 officium
1063 1888 1138 1921 est.
1200 1881 1372 1920 Virtutis
1401 1881 1508 1919 enim
1534 1880 1622 1919 laus
1646 1881 1782 1920 omnis
1803 1880 1845 1919 in
1868 1880 2031 1919 actione

257 1943 471 1990 consistit,
510 1957 533 1982 a
566 1957 647 1997 qua
679 1950 817 1984 tamen
858 1945 904 1984 fit
941 1944 1196 1984 intermissio
1230 1956 1356 1995 saepe
1388 1944 1594 1996 multique
1627 1942 1779 1982 dantur
1809 1942 1860 1982 ad
1893 1942 2032 1982 studia

256 2006 438 2054 reditus3
480 2012 565 2045 tum
599 2007 766 2058 agitatio
801 2007 974 2053 mentis,
1009 2020 1116 2059 quae
1150 2019 1378 2058 numquam
1409 2006 1670 2059 adquiescit,
1712 2011 1851 2058 potest
1881 2018 1958 2045 nos
1988 2006 2032 2045 in

257 2067 406 2108 studiis
448 2069 700 2121 cognitionis
743 2070 866 2109 etiam
909 2071 999 2109 sine
1040 2083 1169 2122 opera
1211 2076 1352 2108 nostra
1394 2070 1624 2108 continere.
1702 2068 1850 2108 Omnis
1891 2073 2032 2107 autem

205 2140 243 2170 30
258 2131 456 2183 cogitatio
490 2137 711 2185 motusque
743 2132 870 2172 animi
902 2139 973 2171 aut
1006 2133 1045 2171 in
1080 2132 1267 2171 consiliis
1300 2132 1516 2184 capiendis
1548 2132 1599 2171 de
1630 2131 1755 2171 rebus
1784 2130 1970 2170 honestis
1992 2136 2034 2170 et

257 2194 562 2245 pertinentibus
593 2195 644 2233 ad
678 2192 784 2233 bene
818 2196 1025 2247 beateque
1058 2195 1283 2234 vivendum
1317 2200 1389 2233 aut
1420 2194 1462 2232 in
1495 2194 1646 2233 studiis
1669 2194 1866 2233 scientiae
1890 2194 2033 2246 cogni-

257 2255 475 2308 tionisque
508 2256 754 2296 versabitur.
813 2258 871 2296 Ac
902 2258 953 2296 de
985 2257 1119 2309 primo
1150 2256 1321 2309 quidem
1355 2255 1483 2296 officii
1515 2256 1630 2296 fonte
1664 2256 1862 2296 diximus.

375 2317 459 2357 vlt.
500 2316 565 2358 ⁶20.
598 2320 658 2359 De
690 2319 822 2359 tribus
854 2325 992 2359 autem
1025 2319 1200 2372 reliquis
1234 2319 1436 2360 latissime
1468 2325 1583 2372 patet
1614 2332 1661 2359 ea
1695 2319 1821 2365 ratio,
1853 2330 1936 2371 qua
1967 2330 2033 2357 so-

258 2380 387 2420 cietas
418 2381 633 2421 hominum
665 2382 775 2422 inter
805 2383 918 2435 ipsos
951 2388 992 2422 et
1022 2383 1131 2421 vitae
1164 2381 1283 2434 quasi
1319 2382 1596 2420 communitas
1626 2381 1880 2427 continetur,
1912 2380 2031 2420 cuius

207 2452 243 2482 35
259 2450 397 2496 partes
429 2443 537 2483 duae
569 2450 686 2484 sunt:
718 2444 892 2490 iustitia,
922 2444 963 2483 in
997 2457 1077 2497 qua
1109 2444 1275 2483 virtutis
1308 2449 1370 2482 est
1401 2443 1601 2496 splendor
1631 2444 1853 2490 maximus,
1875 2455 1928 2483 ex
1949 2456 2032 2496 qua

258 2506 333 2544 viri
364 2506 461 2545 boni
494 2507 785 2552 nominantur,
818 2511 859 2546 et
889 2506 984 2546 huic
1015 2506 1237 2545 coniuncta
1271 2503 1567 2553 beneficentia,
1600 2518 1724 2558 quam
1756 2505 1933 2545 eandem
1965 2505 2031 2545 vel

259 2568 560 2619 benignitatem
594 2569 658 2608 vel
689 2568 983 2608 liberalitatem
1016 2568 1219 2621 appellari
1251 2568 1360 2607 licet.
1422 2567 1503 2607 Sed
1527 2568 1712 2607 iustitiae
1738 2568 1916 2619 primum
1939 2580 2030 2606 mu-

260 2644 338 2669 nus
370 2637 452 2677 est,
494 2636 538 2670 ut
570 2644 620 2671 ne
653 2632 717 2671 cui
752 2632 843 2683 quis
876 2638 1023 2670 noceat
1054 2631 1133 2670 nisi
1167 2631 1387 2670 lacessitus
1420 2631 1596 2677 iniuria,
1637 2629 1813 2676 deinde,
1845 2635 1890 2670 ut
1920 2642 2032 2668 com-

262 2693 456 2732 munibus
488 2707 563 2746 pro
596 2694 885 2734 communibus
917 2699 1070 2739 utatur,
1104 2693 1275 2745 privatis
1307 2698 1351 2732 ut
1380 2693 1478 2732 suis.
1540 2689 1607 2731 ³⁴21.
1641 2692 1746 2732 Sunt
1776 2698 1916 2731 autem
1947 2691 2032 2744 pri-

354 2848 363 2877 t
410 2848 469 2878 rite
493 2848 524 2878 in
549 2857 670 2879 rasura
696 2848 803 2879 habet
828 2848 851 2879 B
889 2865 931 2870 -—-
965 2848 995 2879 5.
1024 2848 1281 2886 niaqnttudoque
1305 2852 1466 2879 seruetur.
1495 2851 1562 2877 tum
1587 2856 1604 2878 c
1633 2864 1667 2868 —
1705 2855 1781 2877 cum
1806 2845 1896 2877 ΑἍΒ1
1914 2846 1938 2876 H
1956 2845 2028 2877 ab:

264 2899 333 2925 tum
357 2894 397 2926 Αἵ
411 2894 476 2927 13²0
505 2915 538 2919 -—
566 2897 595 2927 6.
618 2899 648 2927 in
671 2898 708 2927 iis
730 2898 750 2928 b
779 2915 812 2919 —-
840 2897 870 2927 7.
892 2899 965 2927 item
991 2898 1142 2927 Pearce:
1170 2901 1276 2928 antem
1304 2899 1327 2929 C
1344 2907 1361 2929 o
1417 2897 1465 2929 Cf.
1487 2897 1504 2937 ξ
1526 2898 1571 2928 lt.
1601 2914 1635 2918 —
1670 2896 1701 2927 8.
1729 2899 1774 2927 est
1798 2894 1981 2926 adhibenda
2006 2894 2030 2925 C

265 2946 381 2984 (etiam
405 2946 452 2979 bs:
488 2947 670 2977 adhibenda
694 2950 738 2977 est
769 2955 786 2977 c
828 2963 862 2969 -—
902 2946 931 2977 9.
959 2947 1006 2977 his
1029 2947 1127 2977 ΑΒΗ
1145 2948 1215 2980 ab,
1249 2948 1309 2984 hijs·
1333 2955 1373 2982 ος
1415 2949 1496 2978 item
1523 2956 1555 2978 v.
1576 2947 1627 2978 47.
1657 2964 1692 2969 —
1730 2946 1827 2977 rebus
1850 2953 1920 2976 om.
1948 2952 1966 2975 c
1993 2960 2029 2967 —

266 2995 317 3025 ⁴5.
337 2995 483 3026 ducimus
507 3005 545 3027 c:
573 2998 711 3027 dicimus
734 2997 894 3028 ABllab
924 3014 958 3018 —
995 2997 1046 3028 47.
1067 2998 1283 3027 assentiamus
1307 3005 1324 3028 c
1354 3015 1385 3018 —
1416 2998 1466 3028 118.
1494 2997 1650 3028 debebunt
1674 3005 1692 3027 c
1720 3012 1753 3018 —
1782 2996 1835 3026 ⁶20.
1860 2993 2033 3033 conferunt

265 3047 364 3083 atquc
388 3045 534 3082 difficiles
563 3054 580 3077 c
618 3064 653 3068 —
689 3047 741 3077 22.
768 3055 864 3084 opere
894 3047 977 3077 abc
1017 3063 1051 3068 -
1090 3046 1141 3076 ¹⁴23.
1170 3048 1359 3077 audiuimus
1382 3048 1405 3077 Α
1423 3048 1474 3078 ab
1491 3055 1530 3078 o:
1570 3047 1724 3077 audimus
1747 3045 1886 3083 BH(‘?)0
1914 3060 1949 3066 -
1976 3043 2028 3074 25.

265 3093 299 3123 in
322 3093 394 3123 ueri
418 3096 630 3133 nes-ligatione
655 3098 678 3126 Α
696 3096 717 3126 Β
736 3096 757 3126 Η
775 3096 827 3127 ab
854 3096 970 3134 (iidem
995 3097 1090 3126 recte
1116 3096 1146 3125 in
1173 3097 1243 3126 ueri
1269 3096 1522 3135 inuestigatione
1546 3096 1629 3135 §affl
1655 3104 1699 3134 p;
1725 3096 1758 3125 in
1782 3093 2032 3132 inuestigatione

266 3143 338 3173 ueri
363 3150 380 3172 c
409 3160 441 3165 —
474 3144 527 3173 ⁶26.
554 3146 689 3182 aqendis
711 3146 772 3176 Ab
798 3146 957 3184 (qm-endis
982 3145 1012 3175 in
1041 3146 1163 3183 marg.)
1193 3163 1224 3167 —
1254 3146 1306 3176 ⁶27.
1335 3146 1571 3176 intermissione
1593 3146 1717 3176 AHab
1745 3143 1794 3183 (in
1814 3143 1878 3174 ΑΗ
1905 3141 1966 3173 litt.
1991 3149 2032 3172 ne

269 3191 404 3223 deletae
430 3195 540 3232 sunm
572 3196 653 3234 fiunt
680 3196 930 3226 intermissiones
955 3194 1119 3225 Halmius.
1143 3210 1178 3216 —
1206 3194 1256 3224 28.
1284 3195 1407 3225 reditus
1432 3204 1500 3225 om.
1522 3203 1539 3225 c
1569 3211 1601 3216 —
1629 3195 1810 3231 aquatione
1833 3191 1968 3232 <litteris
1990 3198 2031 3221 ne

269 3243 462 3282 expunctis)
489 3245 513 3273 Α
550 3260 583 3265 -
623 3245 756 3282 quiescit
779 3252 797 3275 c
835 3262 871 3267 —
909 3244 960 3275 ΞΘ.
989 3244 1183 3283 οοῃηὶιὶοηὶε
1207 3246 1252 3274 A:
1284 3244 1493 3284 cogitationis
1516 3243 1644 3274 BHab
1661 3250 1679 3273 c
1718 3260 1752 3265 —
1790 3242 1842 3273 34.
1869 3239 2030 3279 cognitio-

269 3292 381 3330 nixque
406 3292 465 3323 ΒΗ
481 3300 524 3323 a:
557 3294 749 3333 cognitionis
773 3302 808 3328 c;
835 3294 1108 3333 coyitationisque
1132 3293 1187 3324 Ab
1215 3310 1247 3314 —
1276 3294 1327 3324 325.
1347 3298 1420 3323 sunt
1445 3302 1484 3324 c:
1513 3301 1583 3324 om.
1605 3293 1703 3324 ΑΒΗ
1720 3293 1794 3329 ab3
1821 3290 1917 3331 [sunt]
1942 3296 1961 3320 ο
1985 3305 2029 3312 -

269 3341 420 3381 splendor
442 3345 486 3372 est
510 3341 533 3373 B
548 3348 566 3373 c
592 3359 627 3364 —-
660 3342 711 3374 36.
731 3344 904 3375 coniuncta
927 3347 972 3375 est
995 3342 1095 3382 benef.
1122 3350 1140 3373 c
1168 3359 1202 3364 -
1229 3342 1450 3383 beneficientia
1474 3343 1498 3374 C
1527 3359 1562 3364 —
1590 3341 1642 3373 38.
1668 3342 1795 3373 iniuria
1818 3347 1887 3372 om.
1905 3347 1939 3379 p.

2133 3584 2135 3586 -
2135 3403 2138 3418 .„
2136 3340 2152 3365 ..δ
2139 3218 2155 3233 .·
