2249 3624
379 137 459 180 464
762 138 831 178 DE
862 137 1068 178 FINIBUS
1099 137 1361 179 BONORUM
1390 138 1458 178 ET
1489 138 1755 180 MALORUM

379 252 526 293 dolore
556 263 702 292 vacare
732 262 839 302 opus
871 253 934 289 est
964 254 1004 289 et
1034 249 1196 289 valere:
1237 250 1296 290 sic
1326 251 1452 303 igitur
1482 250 1524 289 in
1554 250 1722 290 homine
1753 250 1955 304 perfectio
1985 254 2065 294 ista
2094 255 2135 294 in

379 327 429 354 eo
461 313 744 367 potissimum,
777 310 891 364 quod
925 316 988 350 est
1018 312 1242 363 optimum,
1282 311 1322 352 id
1355 318 1415 351 est
1444 313 1485 351 in
1519 312 1692 360 virtute,
1724 313 1930 354 laudatur.
1990 317 2135 370 Itaque

377 377 477 416 mihi
507 389 591 415 non
623 374 721 414 satis
754 373 951 413 videmini
984 374 1271 422 considerare,
1303 374 1415 428 quod
1448 375 1526 414 iter
1557 375 1608 413 sit
1637 380 1809 415 naturae
1831 390 2021 431 quaeque
2041 393 2137 431 pro-

378 439 545 493 gressio.
597 439 687 477 Non
720 435 849 482 enim,
893 435 1005 488 quod
1036 435 1132 476 facit
1162 437 1203 475 in
1235 435 1447 489 frugibus,
1491 442 1558 484 ut,
1590 451 1681 476 cum
1714 437 1764 476 ad
1797 440 1953 491 spicam
1984 441 2138 493 perdu-

344 504 483 546 5xe1·it
523 501 573 540 ab
613 499 764 545 herba,
812 497 1023 550 relinquat
1063 503 1102 537 et
1137 512 1211 551 pro
1243 499 1375 538 nihilo
1408 497 1556 538 habeat
1586 499 1777 546 herbam,
1823 500 1934 540 idem
1964 501 2064 541 facit
2093 502 2136 541 in

374 565 562 609 homine,
606 575 700 601 cum
741 573 837 600 cum
879 560 928 598 ad
970 560 1141 599 rationis
1181 561 1369 600 habitum
1409 561 1664 615 perduxerit.
1731 562 1902 616 Semper
1932 564 2042 603 enim
2082 564 2138 603 ita

375 626 546 668 assumit
586 623 769 676 aliquid,
811 627 856 661 ut
895 635 963 669 ea,
1006 635 1112 675 quae
1151 624 1281 675 prima
1313 623 1496 670 dederit,
1539 637 1626 662 non
1657 623 1834 663 deserat.
1895 623 1960 663 38.
1993 625 2137 679 Itaque

374 689 566 730 sensibus
597 687 802 726 rationem
834 684 1028 724 adiunxit
1059 689 1099 723 et
1128 685 1289 724 ratione
1322 686 1467 724 effecta
1500 699 1647 725 sensus
1679 699 1763 725 non
1796 686 1979 739 reliquit.
2031 688 2082 727 Ut
2103 688 2138 727 si

374 753 536 792 cultura
576 749 746 796 vitium,
785 747 902 787 cuius
940 747 1019 786 hoc
1055 761 1204 786 munus
1238 753 1317 795 est,
1357 753 1402 787 ut
1434 745 1587 786 efficiat
1617 753 1661 787 ut
1693 748 1786 788 vitis
1821 762 1912 788 cum
1945 750 2136 789 omnibus

324 815 558 869 iopartibus
601 813 688 851 suis
728 824 852 863 quam
895 810 1047 862 optime
1089 823 1132 849 se
1172 810 1323 849 habeat
1355 834 1426 857 —-,
1469 810 1540 849 sed
1584 811 1641 849 sic
1684 810 1995 863 intellegamus,
2041 812 2138 851 licet

373 878 505 924 enim,
535 881 579 915 ut
610 888 683 914 vos
715 886 884 926 quoque
917 871 1079 918 soletis,
1112 871 1265 924 lingere
1297 871 1458 924 aliquid
1485 871 1662 911 docendi
1694 885 1818 911 causa
1839 887 1913 911 —:
1947 874 1980 913 si
2011 874 2137 926 igitur

371 939 444 980 illa
475 939 638 979 cultura
668 937 810 976 vitium
844 935 886 974 in
917 935 1000 973 vite
1032 934 1129 972 insit
1160 935 1270 986 ipsa,
1312 940 1468 979 cetera,
1513 934 1656 980 credo,
1689 934 1807 981 velit,
1847 948 1953 987 quae
1985 935 2035 974 ad
2068 949 2136 975 co-

372 1002 538 1041 lendam
570 1001 695 1040 vitem
727 997 982 1043 attinebunt,
1025 997 1133 1035 sicut
1162 1001 1304 1042 antea,
1345 1010 1388 1035 se
1431 1002 1566 1035 autem
1600 996 1792 1036 omnibus
1824 997 1919 1036 vitis
1951 997 2135 1050 partibus

371 1062 578 1118 praeferat
608 1065 846 1112 statuatque
879 1059 981 1098 nihil
1013 1072 1103 1097 esse
1135 1058 1281 1097 melius
1314 1058 1356 1096 in
1386 1058 1470 1097 vite
1502 1072 1625 1111 quam
1658 1072 1722 1097 se:
1756 1058 1946 1098 similiter
1970 1072 2135 1108 sensus,

324 1141 359 1169 ⁴5
373 1140 466 1167 cum
498 1124 674 1165 accessit
703 1123 754 1162 ad
786 1127 994 1167 naturam,
1027 1126 1165 1159 tuetur
1194 1120 1306 1159 illam
1330 1121 1517 1173 quidem,
1550 1121 1621 1159 sed
1646 1121 1769 1160 etiam
1793 1134 1837 1160 se
1860 1125 2011 1169 tuetur,
2043 1135 2135 1161 cum

373 1195 509 1230 autem
540 1190 751 1239 assumpta
783 1189 845 1223 est
871 1183 996 1228 ratio,
1029 1186 1144 1221 tanto
1167 1183 1207 1221 in
1233 1182 1448 1221 dominatu
1472 1183 1653 1230 locatur,
1686 1188 1730 1222 ut
1751 1183 1892 1222 omnia
1912 1183 1982 1223 illa
2003 1184 2136 1236 prima

371 1257 546 1292 naturae
587 1249 713 1288 huius
753 1246 907 1286 tutelae
950 1244 1219 1283 subiciantur.
1280 1242 1345 1283 39.
1386 1246 1530 1298 Itaque
1572 1259 1657 1284 non
1700 1245 1878 1285 discedit
1908 1246 1959 1285 ab
1991 1259 2135 1286 eorum

372 1314 610 1358 curatione,
654 1310 806 1363 quibus
846 1307 1081 1360 praeposita
1114 1307 1234 1346 vitam
1276 1321 1438 1347 omnem
1472 1308 1594 1347 debet
1625 1308 1876 1360 gubernare,
1918 1314 1965 1348 ut
1996 1309 2135 1348 mirari

373 1377 473 1418 satis
503 1377 678 1415 istorum
709 1370 1031 1410 inconstantiam
1064 1382 1145 1408 non
1180 1370 1348 1422 possim.
1406 1371 1644 1410 Naturalem
1677 1371 1787 1410 enim
1818 1371 2134 1423 appetitionem,

321 1452 358 1482 ρο
373 1452 498 1493 quam
528 1440 678 1476 vocant
708 1429 863 1485 ὁρμήν,
897 1432 1081 1484 itemque
1114 1431 1315 1479 officium,
1348 1433 1480 1485 ipsam
1513 1433 1634 1472 etiam
1661 1433 1854 1472 virtutem
1877 1433 2022 1473 volunt
2043 1446 2134 1473 esse

371 1515 512 1542 earum
552 1511 711 1543 rerum,
751 1507 858 1549 quae
890 1494 1119 1533 secundum
1158 1501 1346 1533 naturam
1379 1501 1487 1534 sunt.
1541 1495 1641 1533 Cum
1673 1501 1809 1534 autem
1841 1494 1893 1534 ad
1925 1509 2133 1534 summum

369 1564 523 1604 bonum
557 1560 702 1601 volunt
733 1558 966 1612 pervenire,
999 1556 1237 1596 transiliunt
1278 1557 1417 1596 omnia
1449 1563 1488 1596 et
1519 1557 1600 1595 duo
1632 1557 1752 1596 nobis
1784 1569 1909 1609 opera
1940 1570 2016 1609 pro
2047 1570 2132 1596 uno

369 1627 631 1679 relinquunt,
670 1626 716 1660 ut
753 1620 834 1659 alia
874 1632 1106 1666 sumamus,
1147 1618 1228 1657 alia
1268 1625 1534 1672 expetamus,
1578 1620 1716 1672 potius
1764 1632 1888 1672 quam
1928 1633 2012 1659 uno
2050 1619 2133 1659 fine

369 1695 593 1741 utrumque
625 1683 936 1724 concluderent.
1546 1680 1550 1685 “

321 1762 357 1791 25
482 1750 571 1788 XV.
613 1745 680 1786 40.
735 1747 786 1784 At
825 1745 935 1784 enim
982 1745 1061 1784 iam
1106 1743 1252 1783 dicetis
1302 1744 1492 1784 virtutem
1542 1758 1623 1783 non
1670 1757 1793 1796 posse
1835 1744 2054 1792 constitui,
2098 1743 2132 1783 si

370 1826 436 1860 ea,
470 1825 576 1865 quae
609 1814 727 1850 extra
758 1808 951 1847 virtutem
984 1807 1083 1852 sint,
1125 1805 1175 1845 ad
1208 1806 1326 1844 beate
1359 1806 1579 1845 vivendum
1615 1806 1860 1858 pertineant.
1916 1806 2040 1854 Quod
2070 1811 2134 1845 to-

370 1881 455 1915 tum
494 1878 637 1913 contra
677 1877 752 1911 est.
814 1869 1023 1909 Introduci
1063 1869 1172 1907 enim
1206 1869 1333 1907 virtus
1371 1868 1487 1906 nullo
1520 1867 1646 1907 modo
1679 1873 1834 1920 potest,
1867 1868 1948 1908 nisi
1980 1869 2133 1915 omnia,

371 1950 479 1991 quae
511 1935 620 1987 leget
651 1946 844 1987 quaeque
876 1931 1040 1978 reiciet,
1072 1944 1194 1969 unam
1227 1930 1461 1970 referentur
1492 1930 1543 1968 ad
1575 1942 1792 1969 summam.
1848 1931 1950 1969 Nam
1982 1932 2016 1970 si
2047 1944 2135 1970 om-

370 2001 467 2039 nino
509 2011 557 2038 ea
600 1997 885 2049 neglegemus,
930 1995 970 2033 in
1009 1994 1226 2032 Aristonea
1266 1993 1364 2032 vitia
1410 1998 1450 2032 et
1499 1997 1669 2044 peccata
1710 1991 1942 2032 incidemus
1985 1993 2135 2032 oblivi-

320 2073 356 2102 30
372 2074 640 2114 scemurque,
679 2072 785 2112 quae
825 2057 966 2096 virtuti
1004 2056 1083 2108 ipsi
1124 2055 1330 2107 principia
1370 2054 1635 2094 dederimus:
1680 2054 1744 2093 sin
1785 2067 1834 2093 ea
1869 2068 1956 2094 non
1995 2055 2136 2108 negle-

371 2137 514 2177 gemus
556 2135 694 2175 neque
735 2127 872 2160 tamen
913 2119 962 2159 ad
1000 2117 1122 2157 finem
1162 2118 1311 2157 summi
1343 2118 1440 2157 boni
1473 2117 1721 2164 referemus,
1762 2131 1846 2156 non
1878 2117 2053 2156 multum
2085 2117 2135 2157 ah

369 2187 487 2226 Erilli
526 2185 693 2225 levitate
730 2182 1036 2228 aberrabimus;
1082 2180 1256 2219 duarum
1296 2180 1404 2219 enim
1438 2181 1613 2219 vitarum
1645 2179 1764 2219 nobis
1796 2185 1916 2219 erunt
1946 2179 2134 2219 instituta

372 2248 590 2302 capienda.
641 2245 756 2285 Facit
790 2245 898 2284 enim
931 2244 1000 2282 ille
1029 2243 1110 2282 duo
1137 2243 1322 2282 seiuncta
1353 2243 1499 2282 ultima
1520 2243 1736 2289 bonorum,
1769 2255 1888 2295 quae,
1919 2247 1966 2281 ut
1997 2247 2137 2281 essent

371 2324 486 2357 vera,
527 2309 725 2361 coniungi
758 2308 1011 2347 debuerunt:
1054 2319 1162 2345 nunc
1199 2306 1255 2345 ita
1293 2311 1559 2358 separantur,
1602 2310 1646 2344 ut
1687 2305 1871 2344 diiuncta
1907 2305 2008 2353 sint,
2049 2317 2134 2358 quo

321 2385 358 2413 3⁰)
374 2373 476 2412 nihil
506 2377 643 2426 potest
673 2385 764 2410 esse
795 2369 1044 2424 perversius.
1105 2365 1169 2407 4-1.
1202 2369 1348 2421 Itaque
1380 2374 1523 2407 contra
1555 2374 1617 2407 est
1648 2381 1694 2407 ac
1727 2368 1887 2415 dicitis3
1919 2380 2014 2407 nam
2037 2380 2134 2406 con-

459 2560 490 2590 2.
517 2558 550 2589 id
573 2560 618 2589 est
642 2556 768 2588 eodem
787 2565 854 2596 quo
873 2555 890 2595 g
910 2557 948 2587 35
967 2554 1175 2595 compendio
1194 2554 1250 2584 BE
1270 2571 1303 2575 —
1333 2554 1362 2584 3.
1385 2554 1444 2584 iler-
1467 2554 1505 2582 sis
1525 2554 1567 2583 D:
1596 2554 1720 2583 intersit
1743 2553 1767 2583 B
1788 2570 1821 2574 —-
1849 2552 1880 2584 4.
1899 2561 1964 2583 Ιηοη
1988 2552 2072 2584 enim
2088 2569 2136 2576 -—

369 2609 563 2649 perduoeeril
592 2607 722 2638 Nonius
753 2617 784 2647 p.
815 2607 887 2636 225.
916 2622 950 2626 —
986 2606 1056 2635 Nem
1083 2605 1164 2634 enim
1193 2613 1260 2634 om.
1288 2604 1312 2633 B
1340 2621 1373 2624 —
1408 2607 1443 2633 ul
1467 2603 1550 2643 cum]
1579 2604 1700 2633 niolam
1723 2604 1853 2633 Nemus
1880 2619 1914 2624 —
1936 2602 2138 2641 produxerit

374 2661 396 2690 Β
413 2660 456 2698 E,
482 2659 543 2691 sed
569 2657 674 2688 iidem
698 2666 731 2687 v.
759 2655 994 2695 (5ρε)·(1ιι,ι-σι·ῖ[.
1022 2672 1051 2675 —
1084 2655 1112 2684 7.
1142 2664 1202 2683 nnn
1229 2654 1270 2683 13:
1299 2662 1338 2683 ne
1362 2654 1390 2683 M
1407 2654 1431 2683 O
1454 2671 1484 2674 —
1513 2654 1636 2693 Imque]
1663 2653 1801 2692 alqueB
1822 2654 1900 2691 (non
1918 2651 1953 2690 E)
1975 2668 2011 2675 -
2037 2651 2067 2683 8.
2086 2660 2136 2682 re-

372 2710 467 2748 liquit
490 2709 533 2739 B:
561 2707 714 2746 relinquit
738 2706 762 2736 O
791 2723 823 2727 —
853 2705 882 2735 9.
910 2704 1056 2734 omnibns
1077 2703 1227 2742 partibus
1250 2703 1315 2732 suls
1339 2703 1382 2732 B:
1406 2702 1558 2741 pambus
1581 2704 1646 2733 suls
1670 2702 1816 2733 ommibus
1841 2702 1865 2732 Ο
1886 2718 1920 2722 -
1948 2700 2000 2732 43.
2028 2701 2135 2732 omni-

373 2758 429 2789 bus
453 2767 523 2789 om.
543 2758 565 2788 B
593 2759 671 2794 (non
690 2756 724 2793 E)
753 2773 783 2777 —
815 2753 866 2785 ll.
894 2754 1006 2784 melitis
1029 2762 1092 2784 csse
1117 2754 1140 2784 B
1165 2769 1198 2774 —
1237 2754 1286 2783 15,
1314 2761 1346 2782 se
1369 2756 1477 2782 luetur
1501 2752 1580 2782 EG:
1612 2753 1638 2782 si
1662 2756 1771 2783 tuetur
1794 2752 1839 2786 B;
1865 2754 1975 2781 tuetur
1997 2759 2030 2782 se
2052 2751 2077 2782 Ο
2096 2767 2131 2772 -

376 2809 426 2839 16.
453 2811 497 2838 εει
519 2816 549 2838 r.
568 2807 611 2837 B:
638 2815 666 2836 r.
685 2809 729 2836 cst
747 2805 812 2835 ΜΟ
841 2822 872 2826 —
902 2808 995 2834 [αιιία
1022 2803 1080 2833 1315
1110 2821 1141 2824 —-
1172 2803 1210 2833 48
1251 2802 1293 2842 nl]
1320 2806 1347 2832 el
1372 2802 1394 2832 B
1413 2802 1434 2831 E
1462 2818 1494 2822 -—
1524 2802 1576 2832 219.
1605 2804 1740 2832 islorwn
1757 2799 1995 2840 Wesenberg:
2022 2809 2135 2831 eorum

374 2857 475 2889 codd.
499 2858 533 2888 et
557 2857 582 2886 O
602 2873 636 2876 —
661 2855 779 2894 possim
805 2855 847 2885 C:
871 2862 1003 2893 possum
1028 2854 1067 2886 B;
1095 2853 1253 2890 possimus
1278 2850 1379 2881 codd.
1408 2850 1490 2880 dett.
1519 2853 1553 2881 et
1577 2852 1601 2881 O
1630 2869 1663 2872 —
1696 2851 1746 2881 253.
1773 2854 1966 2889 eepetamus
1988 2859 2069 2882 nos:
2095 2859 2135 2881 ea

371 2910 522 2947 petamus
545 2906 568 2936 B
585 2905 623 2935 E:
655 2907 848 2942 appetamus
866 2904 902 2933 O.
931 2902 980 2933 (js,
1008 2901 1024 2940 ξ
1046 2902 1083 2932 ’20
1109 2903 1142 2931 ct
1167 2910 1238 2931 xar.
1266 2900 1343 2931 lect.
1371 2909 1402 2939 p.
1423 2900 1497 2937 1168,
1517 2900 1546 2930 6.
1571 2918 1603 2922 -
1632 2899 1684 2932 24.
1713 2904 1886 2938 utrumque
1908 2900 2135 2931 concluderent

374 2958 396 2988 Β
411 2957 457 2988 D:
485 2955 597 2986 omnia
621 2954 816 2984 conc-ludant.
840 2952 942 2983 codd.
963 2951 1068 2982 dett:
1098 2955 1269 2989 utrumque
1286 2950 1480 2980 concludam!
1498 2950 1522 2980 O
1544 2968 1577 2972 —
1604 2950 1655 2980 25.
1683 2950 1750 2980 iam
1775 2950 1884 2981 dicetis
1906 2950 1952 2981 D:
1979 2958 2059 2980 nam
2080 2949 2133 2979 di-

371 3006 500 3043 citisB3
529 3003 628 3046 [nam]
655 3004 759 3033 dicitis
783 3004 831 3040 M;
859 3006 981 3033 notura
1005 3002 1110 3032 (licias
1134 3001 1157 3030 O
1184 3016 1216 3021 -—
1246 3001 1298 3030 ³20
1325 3003 1397 3029 sun!
1423 3000 1445 3029 B
1476 3017 1506 3020 —
1538 3000 1588 3030 28.
1615 2999 1705 3040 leyel]
1731 2999 1794 3039 leyi
1816 3000 1858 3036 B;
1886 2999 1991 3039 elliyel
2015 3000 2052 3030 G.
2079 2998 2129 3029 Cf.

375 3065 407 3096 p.
428 3055 502 3092 466,
524 3055 572 3084 21.
594 3053 666 3091 4Ἳ3,
688 3053 736 3083 28.
760 3070 794 3074 —
823 3053 941 3085 relic-iel
966 3053 989 3082 B
1010 3068 1042 3072 —
1071 3051 1253 3088 reseremw·
1278 3050 1319 3079 13:
1354 3048 1542 3088 reserantur
1566 3052 1589 3077 ‹)
1611 3067 1644 3070 —
1664 3058 1701 3079 ea
1727 3049 1902 3080 Brennus:
1928 3056 1987 3078 nos
2010 3046 2129 3085 codd.;

419 3112 476 3134 nos
497 3104 527 3133 M
555 3119 588 3124 —
623 3102 675 3132 29.
703 3103 903 3141 neylesyemus
935 3100 1140 3131 Lambinus:
1174 3099 1366 3138 ›1‹›57li5]in11‹s
1391 3097 1493 3128 codd.
1526 3116 1555 3120 -
1590 3099 1768 3129 incidemus
1791 3101 1819 3129 et
1837 3100 1976 3137 peccata
1998 3097 2067 3128 ΒΜ
2093 3113 2127 3118 -

374 3154 426 3184 30.
454 3152 652 3192 negligemus
680 3152 721 3181 B:
753 3152 964 3189 intelligemus
989 3150 1030 3185 133
1065 3148 1256 3187 ncfjlfflnnns
1287 3147 1393 3177 (fetori
1418 3146 1519 3177 codd.
1550 3164 1582 3167 —
1612 3147 1663 3177 82.
1690 3148 1774 3178 erilll
1798 3147 1877 3178 BE:
1908 3145 2022 3176 Herilli
2045 3145 2077 3176 M
2091 3146 2127 3176 O.

375 3202 423 3233 Cf.
450 3202 497 3237 ΙΙ,
523 3200 541 3239 g
567 3200 619 3230 35.
648 3215 681 3220 —
715 3199 945 3230 cibem-ammas
971 3201 1048 3237 gnon
1073 3198 1275 3235 aberramus)
1304 3197 1325 3226 B
1342 3197 1364 3226 E
1399 3213 1432 3217 —
1466 3196 1518 3227 34.
1546 3198 1591 3227 ι’[ιι
1615 3197 1802 3228 Manutius:
1828 3196 1892 3227 isla
1917 3194 2020 3227 codd.
2047 3196 2082 3226 et
2104 3195 2129 3225 O

377 3269 412 3274 —
438 3251 484 3292 ut}
508 3254 536 3282 el
561 3251 584 3281 B
613 3267 646 3271 —
675 3250 819 3280 seiuncta
844 3250 886 3286 133
914 3249 1075 3280 disiuncta
1099 3250 1134 3279 Ο.
