2249 3624
594 130 681 170 Lm.
713 128 783 168 111.
827 127 923 168 CAP-
952 125 1138 166 X—xl.
1176 123 1235 178 §§
1267 121 1459 164 3t-38.
1826 113 1899 158 ‘llil

151 261 234 288 non
266 245 574 299 comparatione
606 257 698 283 cum
730 242 839 288 aliis,
872 240 994 280 dulce
1027 253 1117 279 esse
1139 238 1332 284 sentitur,
1365 237 1423 276 sic
1445 236 1600 276 bonum
1622 234 1719 280 hoc,
1751 233 1801 273 de
1823 246 1906 287 quo

152 311 329 363 agimus,
361 314 424 347 est
454 307 555 346 illud
589 306 756 360 quidem
789 304 954 356 plurimi
980 301 1303 348 aestimandum,
1335 300 1407 340 sed
1431 314 1478 339 ea
1504 299 1734 339 aestimatio
1757 309 1908 349 genere

152 373 278 418 valet,
311 385 392 411 nou
416 370 710 422 magnitudine.
758 368 857 405 Nam
891 380 981 404 eum
1016 364 1267 409 aestimatio,
1301 376 1408 417 quae
1439 360 1536 412 ἀξία
1569 361 1737 406 dicitur,
1770 372 1908 412 neque

152 436 194 475 in
225 436 346 474 bouis
378 438 593 472 numerata
625 431 675 468 sit
706 443 781 468 uec
813 442 956 467 rursus
984 429 1022 466 in
1050 427 1180 473 malis,
1205 432 1590 480 quantumcumque
1614 436 1662 462 eo
1684 422 1910 468 addideris,

153 499 193 537 in
227 512 301 537 suo
333 508 484 548 genere
517 492 712 532 manebit.
763 491 854 529 Alia
888 498 946 529 est
981 491 1106 542 igitur
1137 489 1301 542 propria
1334 488 1566 528 aestimatio
1589 486 1769 533 virtutis,
1801 490 1940 538 quae5

152 573 320 612 genere,
359 571 441 597 non
486 554 710 595 crescendo
749 553 871 592 valet.
931 551 997 591 2353.
1037 554 1118 591 Nec
1156 565 1252 590 vero
1296 550 1630 603 perturbationes
1661 548 1909 593 animorum,

151 634 257 675 quae
285 621 407 659 vitam
437 616 722 670 insipientium
746 615 937 653 miseram
961 614 1238 666 acerbamque
1261 613 1458 658 reddunt,
1491 625 1594 665 quas
1616 611 1761 650 Graeci
1781 605 1910 658 πάθη

150 682 379 736 appellant,
411 685 596 732 poteram
630 690 705 729 ego
728 676 898 715 verbum
932 676 1067 727 ipsum
1095 677 1371 727 interpretans
1394 675 1560 713 morbos
1582 673 1807 727 appellare,
1839 670 1910 710 sed

150 758 233 784 non
265 742 505 782 conveniret
535 740 585 779 ad
617 739 777 777 omnia:
814 738 906 790 quis
930 739 1039 776 enim
1063 737 1389 776 misericordiam
1412 743 1482 776 aut
1504 737 1635 789 ipsam
1658 735 1911 774 iracundiam

151 806 336 845 morbum
370 804 476 843 solet
509 803 647 841 dicere
661 804 677 840 ’ἲ
710 807 749 840 at
782 800 842 839 illi
875 800 1019 838 dicunt
1050 797 1225 846 7121‘)‹›,·:
1265 799 1318 837 sit
1351 799 1474 850 igitur
1504 798 1773 851 perturbatiO,
1805 800 1962 850 quaem

150 868 318 907 nomine
355 867 445 918 ipso
478 865 627 904 vitiosa
659 862 859 901 declarari
894 861 1056 900 videtur
1097 859 1188 914 [uec
1221 874 1294 900 eae
1333 862 1670 913 perturbationes
1701 862 1739 900 vi
1771 860 1914 912 aliqua

149 929 325 969 naturali
359 923 616 978 moventur],
650 937 881 976 omnesque
913 937 986 962 eac
1013 930 1109 962 sunt
1131 937 1283 975 genere
1306 929 1519 976 quattuor,
1551 924 1737 976 partibus
1758 922 1912 975 plures,

150 991 386 1043 aegritudo,
418 989 617 1034 formido,
649 987 800 1033 libido,
833 998 1041 1038 quamque
1075 986 1203 1024 Stoici
1235 987 1442 1025 communi
1475 987 1642 1025 nomine
1665 984 1850 1036 corporis
1873 988 1914 1022 et

150 1054 276 1093 animi
316 1050 477 1106 ιζὺωινψ
514 1050 743 1104 appellant,
787 1061 863 1099 ego
894 1048 1003 1087 malo
1043 1048 1240 1086 laetitiam
1272 1048 1505 1101 appellare,
1547 1048 1665 1100 quasi
1696 1045 1913 1099 gestientis

150 1117 275 1155 animi
323 1115 544 1154 elationem
591 1111 888 1165 voluptariam:
935 1110 1267 1163 perturbationes
1313 1116 1451 1150 autem
1498 1110 1613 1149 nulla
1656 1115 1828 1149 naturae
1874 1107 1963 1147 vim

151 1183 485 1223 commoventur,
525 1176 749 1228 omniaque
792 1186 840 1213 ea
881 1179 977 1213 sunt
1018 1173 1241 1225 opiniones
1272 1186 1319 1212 ac
1351 1172 1503 1212 iudicia
1534 1172 1734 1212 levitatis:
1771 1172 1913 1224 itaque

150 1240 213 1279 his
247 1240 415 1292 sapiens
448 1252 611 1290 semper
641 1237 815 1279 vacabit.

265 1302 334 1340 XI.
367 1300 431 1340 36.
465 1301 596 1340 (hune
628 1306 786 1346 autem,
819 1298 928 1351 quod
960 1298 1181 1338 honestum
1213 1298 1286 1345 sit,
1323 1298 1363 1337 id
1395 1311 1485 1338 esse
1517 1303 1685 1351 propter
1716 1311 1758 1337 se
1790 1311 1915 1351 expe-

153 1364 345 1410 tendum,
378 1376 596 1403 commune
628 1362 748 1401 nobis
781 1366 843 1401 est
874 1374 966 1399 cum
999 1361 1224 1400 multorum
1256 1361 1431 1401 aliorum
1455 1360 1799 1414 philosophorum
1821 1375 1916 1400 sen-

155 1428 306 1467 tentiis.
378 1427 543 1465 Praeter
583 1424 693 1465 enim
735 1429 817 1463 tres
859 1422 1118 1476 disciplinas,
1160 1437 1267 1477 quae
1307 1424 1503 1464 virtutem
1540 1437 1562 1464 a
1601 1437 1761 1463 summo
1803 1424 1914 1463 bono
1930 1427 1966 1456 ‘20

152 1489 399 1535 excludunt,
441 1488 586 1527 ceteris
627 1486 819 1526 omnibus
864 1485 1130 1538 philosophis
1160 1486 1264 1526 haec
1296 1492 1358 1526 est
1388 1487 1541 1526 tuenda
1573 1487 1800 1535 sententia,
1833 1500 1916 1527 ma-

152 1551 262 1590 xime
286 1557 424 1590 tamen
444 1550 605 1596 Stoicis,
629 1549 698 1602 qui
723 1548 823 1587 nihil
847 1547 960 1587 aliud
984 1548 1026 1586 in
1050 1548 1254 1588 bonorum
1276 1563 1450 1589 numero
1472 1549 1553 1589 nisi
1577 1549 1799 1590 honestum
1824 1563 1916 1590 esse

151 1614 385 1653 voluerunt.
438 1613 518 1652 Sed
549 1612 651 1651 haec
684 1611 851 1664 quidem
885 1616 947 1649 est
970 1609 1180 1663 perfacilis
1204 1616 1244 1650 et
1265 1612 1538 1665 perexpedita
1562 1611 1764 1652 defensio.
1811 1612 1916 1661 Quis

153 1682 214 1715 est
247 1675 355 1714 enini
394 1680 465 1714 aut
497 1674 589 1727 quis
632 1686 829 1726 umquam
860 1672 939 1712 fuit
968 1677 1038 1712 aut
1069 1673 1241 1713 avaritia
1272 1679 1354 1713 tam
1386 1673 1548 1713 ardenti
1580 1679 1650 1713 aut
1682 1680 1764 1714 tam
1797 1675 1917 1714 effre-

153 1738 260 1777 natis
293 1737 609 1790 cupiditatibus,
648 1741 690 1775 ut
720 1735 893 1774 eandem
927 1735 1041 1774 illam
1072 1749 1178 1783 rem,
1210 1749 1335 1788 quam
1366 1736 1544 1789 adipisci
1575 1737 1732 1776 scelere
1766 1737 1965 1790 quovis25

153 1800 271 1847 velit,
305 1813 387 1839 non
419 1799 555 1838 multis
588 1798 774 1851 partibus
807 1798 922 1837 malit
953 1798 1004 1837 ad
1036 1812 1148 1845 sese,
1189 1799 1311 1838 etiam
1343 1800 1457 1838 omni
1487 1799 1731 1853 impunitate
1762 1812 1916 1853 propo-

154 1863 248 1909 sita,
281 1863 369 1902 sine
399 1861 579 1901 facinore
612 1874 733 1914 quam
756 1860 838 1899 -illo
871 1861 995 1900 modo
1024 1861 1276 1913 pervenire?
1326 1858 1392 1900 37.
1417 1861 1550 1909 Quam
1572 1875 1670 1901 vero
1693 1862 1915 1901 utilitatem

153 1931 224 1964 aut
255 1938 380 1978 quem
411 1923 589 1963 fructum
620 1929 808 1976 petentes
840 1924 947 1963 scire
980 1923 1170 1976 cupimus
1202 1924 1292 1971 illa,
1325 1937 1431 1977 quae
1463 1924 1627 1964 occulta
1657 1923 1778 1964 nobis
1805 1928 1915 1971 sunt,

154 2000 236 2040 quo
270 1986 392 2026 modo
423 1991 666 2026 moveantur
696 1986 935 2039 quibusque
967 1985 1018 2026 de
1051 1986 1188 2026 causis
1221 1999 1270 2026 ea
1300 1991 1518 2026 versentur
1548 1986 1591 2026 in
1623 1987 1771 2026 caelo?
1810 1986 1915 2034 Quis

154 2055 290 2089 autem
322 2056 403 2088 tam
432 2048 662 2101 agrestibus
694 2047 896 2087 institutis
928 2048 1049 2096 vivit,
1080 2054 1152 2088 aut
1183 2048 1276 2102 quis
1309 2054 1452 2088 contra
1478 2048 1617 2088 studia
1637 2054 1810 2089 naturae
1832 2054 1915 2089 tam
1929 2054 1965 2083 30

154 2111 419 2151 vehementer
447 2110 662 2158 obduruit,
694 2115 739 2150 ut
770 2124 793 2150 a
823 2110 948 2150 rebus
979 2110 1215 2163 cognitione
1238 2111 1375 2164 dignis
1405 2111 1627 2151 abhorreat
1647 2124 1804 2165 easque
1825 2111 1916 2151 sine

154 2173 368 2226 voluptate
401 2178 470 2213 aut
499 2173 674 2213 utilitate
707 2173 850 2226 aliqua
880 2186 963 2212 non
996 2175 1185 2228 requirat
1215 2178 1256 2214 et
1285 2187 1361 2227 pro
1393 2174 1524 2214 nihilo
1550 2176 1697 2228 putet?
1729 2178 1799 2214 aut
1821 2175 1915 2227 quis

156 2241 217 2275 est
247 2237 317 2288 qui
349 2236 547 2275 maiorum
579 2241 649 2276 aut
670 2236 960 2276 Africanorum
982 2242 1052 2276 aut
1073 2237 1182 2284 eius,
1217 2250 1342 2290 quem
1366 2241 1409 2277 tu
1431 2238 1473 2276 in
1495 2250 1567 2277 ore
1589 2250 1754 2290 semper
1774 2237 1916 2283 habes,

156 2297 295 2349 proavi
329 2298 426 2345 mei,
459 2303 775 2352 ceterorumque
807 2299 986 2338 virorum
1017 2298 1187 2338 fortium
1219 2304 1345 2353 atque
1377 2300 1490 2339 omni
1516 2300 1671 2339 virtute
1701 2305 1917 2353 praestan-

156 2359 256 2399 tium
286 2359 409 2407 facta,
451 2360 582 2408 dicta,
625 2361 798 2401 consilia
829 2373 1088 2413 cognoscens
1119 2362 1235 2401 nulla
1265 2362 1404 2401 animo
1435 2360 1643 2402 afficiatur
1671 2362 1964 2415 voluptatetffi

155 2419 219 2459 38.
253 2421 354 2469 Quis
394 2428 531 2462 autem
571 2423 749 2463 honesta
791 2424 832 2462 in
875 2423 1031 2463 familia
1066 2424 1283 2464 institutus
1314 2429 1356 2464 et
1386 2425 1585 2465 educatus
1616 2424 1799 2478 ingenue
1830 2437 1916 2464 non

238 2552 268 2583 Ξ.
295 2561 333 2583 ea
356 2553 561 2585 estimacione
584 2563 615 2594 9.
643 2554 667 2585 E
696 2571 730 2576 —-
766 2553 797 2584 3.
824 2554 907 2584 axia
932 2554 996 2586 ΑΒ
1025 2572 1060 2576 -
1087 2554 1163 2585 dicit
1187 2555 1211 2585 B
1240 2572 1274 2576 —
1300 2553 1331 2586 4.
1358 2563 1415 2586 nec
1438 2554 1520 2585 AB:
1548 2563 1649 2594 neque
1673 2554 1698 2585 O
1726 2572 1760 2576 —
1785 2553 1914 2595 rursus]

151 2602 236 2633 rtsus
258 2605 283 2634 A
298 2603 321 2633 B
341 2620 375 2625 ——
403 2604 433 2634 6.
458 2604 523 2635 Nec
546 2612 622 2635 vero
640 2603 720 2644 cet.]
746 2604 870 2635 Totum
895 2604 988 2635 hunc
1012 2603 1128 2635 locum
1146 2604 1189 2635 de
1215 2604 1318 2634 animi
1337 2603 1661 2644 perturbationibus
1678 2604 1793 2646 inepte
1812 2605 1916 2636 inter-

152 2652 304 2692 positum
335 2655 456 2685 censet
485 2653 694 2694 Madvigius,
730 2653 927 2684 eiciendum
959 2653 1049 2684 Bake
1085 2653 1129 2684 ad
1154 2653 1225 2684 Cic.
1253 2653 1296 2684 de
1322 2654 1424 2693 Legg.
1452 2662 1484 2694 p.
1511 2653 1587 2685 ⁶262.
1623 2670 1658 2676 —
1693 2654 1724 2686 7.
1750 2655 1913 2686 reddunt:

154 2700 310 2740 (quas--
327 2703 492 2734 declarari
515 2703 678 2743 ridetww)
703 2712 761 2734 nec
785 2704 809 2735 O
837 2722 871 2726 —
905 2712 1000 2743 yrece
1019 2703 1117 2742 pathe
1145 2704 1208 2734 AB
1224 2703 1247 2733 E
1276 2720 1310 2725 —
1345 2702 1374 2733 9.
1401 2704 1586 2734 conveniret
1610 2704 1801 2736 Manutius:
1836 2714 1916 2736 con-

152 2751 257 2782 ueniet
280 2751 380 2784 codd.
410 2771 445 2776 —
472 2753 734 2784 misericordiam
757 2762 827 2784 om.
855 2753 898 2791 B,
925 2754 1037 2793 spatio
1061 2761 1184 2784 vacuo.
1214 2770 1249 2774 —
1283 2753 1334 2783 40.
1358 2753 1476 2792 pathos
1499 2753 1562 2783 AB
1590 2770 1623 2775 -
1651 2754 1764 2796 igilur]
1790 2764 1866 2796 erqo
1890 2756 1914 2786 B

156 2801 233 2838 (non
257 2800 293 2839 E)
321 2818 355 2823 —
382 2802 433 2834 41.
459 2803 528 2843 ipso
552 2804 668 2834 ciliosa
693 2812 763 2834 om.
785 2804 808 2834 B
836 2820 870 2825 —
898 2811 955 2833 nec
971 2820 989 2825 -
1004 2820 1021 2825 -
1040 2806 1210 2833 movemur
1234 2802 1351 2842 spuria
1376 2810 1454 2833 esse
1473 2802 1606 2843 primus
1625 2803 1708 2834 vidit
1725 2805 1915 2844 Madvigius

157 2865 190 2870 —
218 2857 273 2879 nec
302 2858 340 2880 ea
369 2859 384 2882 e
410 2852 658 2891 perturbatione
688 2853 738 2883 sui
768 2853 831 2883 ΑΒ
848 2852 889 2889 Ε;
924 2862 980 2883 nec
1003 2853 1063 2884 hac
1088 2852 1351 2893 perturbationes
1372 2853 1405 2883 vi
1429 2854 1453 2883 Ο
1481 2869 1516 2874 —-
1544 2853 1596 2884 ΛΞ.
1623 2862 1679 2884 eae
1703 2853 1913 2893 Madvigius:

154 2898 208 2930 hee
223 2900 267 2937 G;
292 2900 352 2931 hae
367 2901 468 2932 codd.
489 2901 574 2933 dett.
595 2903 629 2932 et
646 2902 726 2933 edd.
746 2903 825 2933 ante
845 2902 1039 2939 Davisiu1n;
1066 2902 1122 2933 hcc
1139 2903 1216 2938 BE;
1245 2911 1314 2933 oni.
1334 2904 1359 2933 Α
1379 2903 1423 2942 (in
1441 2911 1562 2934 rasura
1580 2904 1682 2934 unius
1699 2903 1869 2941 vocabuli)
1889 2904 1914 2934 O

157 2965 192 2971 -
212 2948 262 2979 ⁴3.
279 2950 408 2988 firmido
430 2951 453 2981 B
469 2951 492 2981 E
514 2969 548 2973 —
577 2950 628 2982 44.
647 2951 771 2981 hedone?
789 2952 832 2983 A:
859 2951 999 2982 hcdonen
1025 2952 1049 2982 B
1072 2970 1104 2974 -
1136 2954 1183 2983 18.
1205 2954 1338 2983 Omnem
1362 2955 1471 2983 autem
1488 2954 1513 2984 A
1533 2970 1570 2976 -
1597 2953 1651 2984 ⁶22.
1670 2952 1787 2983 Stoicis
1806 2952 1915 2983 Laeb—

155 2999 303 3024 mannus
329 2994 387 3033 (ad
412 2995 549 3025 Lucret.
576 3003 609 3035 p.
636 2995 726 3033 223=¹):
757 2994 916 3025 hissloicis
947 2998 1051 3032 (uuus
1077 2996 1233 3035 instoicis)
1260 2996 1384 3030 codd:
1416 2997 1464 3027 his
1487 3005 1569 3028 cum
1593 2995 1762 3028 Lanibino
1787 2997 1835 3033 M;
1868 2996 1917 3026 his

155 3040 290 3082 [Stoicis]
316 3043 341 3074 Ο
361 3061 395 3066 —-
422 3044 474 3074 ⁶23.
500 3044 578 3075 haec
603 3052 673 3074 0111.
694 3044 716 3074 B
744 3061 779 3066 —
803 3046 1019 3084 perexpedita
1035 3047 1081 3076 A:
1108 3047 1261 3085 eaepedila
1286 3046 1350 3076 ΒΜ
1376 3062 1411 3067 -
1438 3046 1492 3077 Ξ5.
1517 3045 1565 3086 ut]
1590 3049 1619 3077 ec
1643 3047 1666 3077 B
1682 3047 1706 3077 E
1734 3063 1768 3068 —-
1802 3046 1914 3086 quam]

154 3097 254 3127 quam
276 3100 376 3131 quam
399 3094 425 3124 A
441 3094 464 3123 B
493 3110 527 3115 —-
559 3093 612 3124 026.
638 3094 716 3132 imp.
741 3095 921 3133 postposita
944 3096 967 3126 B
996 3113 1030 3117 —
1064 3096 1117 3126 w.
1144 3105 1206 3134 quo
1229 3095 1325 3125 modo
1348 3098 1543 3126 moveantur
1566 3103 1635 3126 oni.
1662 3096 1685 3126 B
1714 3113 1748 3118 —
1778 3104 1817 3126 ea
1839 3104 1916 3126 ver—

154 3144 269 3172 santur
292 3144 335 3179 Α;
369 3151 426 3181 ea,
452 3152 538 3183 quae
560 3148 737 3174 uersancur
760 3145 793 3183 (i.
821 3154 852 3176 e.
879 3153 1028 3186 corpora
1053 3143 1228 3182 caelestia)
1254 3144 1444 3183 Madvigius
1469 3144 1502 3175 in
1527 3144 1645 3175 adnot.
1671 3162 1706 3167 —
1734 3143 1786 3175 3⁴.
1813 3143 1915 3174 obdu-

152 3191 243 3221 rauit
266 3192 368 3223 ΑΒΕ
396 3210 431 3214 -—
458 3194 510 3224 32.
535 3193 575 3233 ec]
601 3196 659 3223 aut
683 3194 706 3224 B
738 3210 774 3216 —-
809 3194 860 3226 33.
889 3198 947 3225 auc
970 3193 1056 3234 Astu]
1084 3197 1120 3225 uc
1147 3194 1217 3233 Afr.
1248 3194 1458 3226 Goerenzius
1483 3194 1653 3235 probante
1678 3193 1847 3233 Madvigio
1875 3208 1910 3215 -

153 3238 248 3271 habes
271 3249 339 3272 om.
365 3243 391 3272 A
415 3259 457 3265 -
481 3241 534 3274 34.
561 3251 622 3281 que
646 3251 714 3274 om.
740 3244 779 3274 A.
