2249 3624
273 241 381 284 ⁴032
1010 239 1291 282 CICERONIS

273 349 385 395 Quae
414 347 531 386 simul
561 348 750 395 existant,
781 357 944 393 cernes;
976 355 1082 394 quae
1110 349 1295 394 tempore
1328 343 1473 382 eodem

272 410 544 461 Praecipitent
570 409 739 457 obitum,
770 413 970 446 nocturno
998 412 1183 457 tempore
1212 417 1374 444 nosces.

371 486 476 531 Iam,
507 483 626 522 simul
654 488 698 521 ut
726 494 877 533 supero
907 493 950 519 se
978 485 1107 518 totum
1134 479 1289 518 lumine
1318 480 1518 519 Cancer

270 546 446 596 Extulit,
476 544 680 596 extemplo
708 544 818 583 cedit
845 542 1014 593 delapsa
1043 542 1226 591 Corona,

271 610 319 648 Et
346 609 434 648 loca
462 609 634 647 convisit
660 605 791 646 cauda
819 611 940 644 tenus
967 605 1096 643 infera
1122 605 1264 643 Piscis.

271 671 484 710 Diinidiam
514 671 663 709 retinet
690 668 819 708 stellis
847 667 1037 706 distincta
1067 668 1226 707 Corona

272 736 432 773 Partem
463 735 585 772 etiam
614 744 783 783 supera,
814 737 938 782 atque
967 729 1045 769 alia
1074 729 1125 768 de
1154 736 1270 781 parte
1299 729 1465 781 repulsa
1496 737 1577 769 est:

273 799 401 844 Quam
432 802 569 835 tamen
595 795 826 845 insequitur
855 794 1008 842 Piscis,
1040 806 1118 832 nec
1147 799 1256 832 totus
1285 793 1336 832 ad
1371 793 1540 833 umbras

272 861 468 908 Tractus,
499 857 573 897 sed
601 869 751 908 supero
781 861 992 894 contectus
1025 867 1197 906 corpore
1226 855 1348 893 cedit.

272 924 404 973 Atque
434 922 625 960 humeros
652 931 785 972 usque
816 932 837 958 a
864 918 1040 970 genibus
1067 917 1306 969 clarumque
1335 918 1520 958 recondit

269 984 549 1035 Anguitenens
578 981 724 1021 validis
753 993 944 1032 magnum
972 993 994 1020 a
1023 980 1252 1019 cervicibus
1280 982 1482 1030 Anguem.

271 1050 356 1086 Iam
385 1060 482 1086 vero
510 1045 786 1097 Arctophylax
813 1057 894 1083 non
923 1056 1054 1095 aequa
1084 1050 1201 1094 parte
1230 1050 1413 1093 secatur,

272 1111 372 1149 Nam
398 1109 564 1148 brevior
588 1108 697 1147 clara
729 1107 830 1146 caeli
861 1106 912 1145 de
936 1112 1054 1158 parte
1077 1106 1269 1154 videtur,

271 1172 454 1223 Amplior
480 1172 660 1209 infernas
688 1169 888 1220 depulsus
916 1169 1103 1220 possidet
1131 1169 1301 1207 umbras

273 1235 472 1281 Quattuor
499 1234 562 1271 hic
589 1233 733 1271 obiens
763 1245 902 1271 secum
931 1231 1139 1270 deducere
1177 1231 1290 1282 signa

274 1296 470 1346 Signifero
500 1295 605 1334 solet
632 1307 682 1333 ex
711 1294 824 1344 orbi,
856 1301 941 1333 tum
970 1295 1101 1333 serius
1130 1294 1240 1344 ipse,

274 1359 376 1398 Cum
404 1371 554 1410 supera
583 1371 676 1397 sese
705 1359 868 1397 satiavit
894 1357 1011 1407 luce,
1050 1356 1229 1405 recedit,

272 1423 368 1461 Post
395 1422 573 1460 mediam
600 1421 746 1460 labens
773 1421 881 1459 claro
910 1433 1002 1459 cum
1032 1432 1203 1472 corpore
1237 1426 1413 1459 noctem.

273 1485 380 1523 Haec
407 1484 583 1524 obscura
611 1490 758 1522 tenens
786 1484 988 1522 convestit
1016 1483 1152 1522 sidera
1181 1482 1320 1521 tellus:

274 1550 324 1587 At
350 1555 466 1598 parte
497 1560 548 1586 ex
575 1547 650 1586 alia
679 1547 799 1586 claris
828 1559 919 1585 cum
948 1546 1109 1585 lucibus
1137 1552 1232 1585 enat

275 1611 422 1659 Orion,
453 1610 634 1648 humeris
662 1615 701 1647 et
727 1609 808 1648 lato
836 1614 1005 1660 pectore
1037 1608 1216 1659 fulgens,

272 1674 321 1712 Et
348 1673 489 1711 dextra
520 1673 700 1710 retinens
729 1684 809 1710 non
833 1683 995 1710 cassum
1025 1670 1187 1710 luminis
1217 1683 1373 1709 ensem.

373 1747 456 1786 Sed
484 1759 574 1786 cum
605 1746 656 1785 de
684 1747 804 1784 terris
832 1747 893 1785 vis
922 1752 985 1784 est
1012 1747 1213 1797 patefacta
1242 1746 1444 1792 Leonis,

273 1812 437 1857 Omnia,
467 1823 572 1861 quae
602 1810 760 1849 Cancer
787 1808 1000 1860 praeclaro
1029 1809 1175 1848 detulit
1205 1815 1323 1858 ortu,

273 1872 435 1913 Cedunt
462 1872 695 1920 obscurata,
725 1871 845 1910 simul
873 1872 933 1909 vis
962 1883 1109 1922 magna
1131 1870 1292 1922 Aquilai

272 1935 436 1974 Pellitur
465 1947 510 1973 ac
539 1935 644 1972 flexo
674 1933 896 1972 considens
926 1946 1096 1984 corpore
1126 1934 1253 1972 Nixus

270 1998 350 2036 Iam
382 2010 531 2047 supero
559 1998 686 2036 ferme
715 1996 913 2048 depulsus
942 1996 1094 2035 lumine
1128 1996 1254 2034 cedit:

272 2059 354 2098 Sed
381 2058 542 2098 laevum
570 2071 700 2109 genus
728 2065 850 2110 atque
879 2058 1092 2097 inlustrem
1120 2058 1268 2108 linquit
1294 2059 1335 2096 in
1364 2058 1444 2096 alto

271 2122 467 2161 Plantam.
525 2123 625 2160 Tum
655 2128 794 2160 contra
824 2123 1005 2160 exoritur
1033 2121 1185 2160 clarum
1219 2126 1341 2171 caput
1376 2119 1535 2171 Hydrae

270 2185 319 2222 Et
345 2185 480 2235 Lepus
509 2190 549 2222 et
576 2186 779 2235 Procyon,
811 2185 880 2235 qui
910 2197 1004 2223 sese
1032 2184 1213 2222 fervidus
1242 2184 1361 2222 infert

271 2249 372 2285 Ante
402 2248 576 2286 Canem:
606 2246 701 2285 inde
731 2248 852 2287 Canis
882 2247 1053 2297 vestigia
1082 2248 1214 2298 prima
1244 2246 1447 2285 videntur.

369 2322 456 2359 Non
484 2334 616 2372 pauca
645 2333 666 2360 e
696 2321 809 2360 caelo
835 2321 1049 2372 depellens
1077 2322 1209 2371 signa,
1241 2327 1411 2372 repente

270 2384 461 2422 Exoritur
494 2384 682 2435 pandens
717 2384 903 2423 inlustria
930 2384 1082 2423 lumina
1115 2385 1280 2433 Virgo.

273 2446 391 2484 Cedit
419 2446 527 2485 clara
555 2445 675 2484 Fides
709 2446 908 2498 Cyllenia,
944 2447 1140 2496 mergitur
1166 2446 1271 2484 unda

270 2507 515 2559 Delphinus,
546 2507 665 2546 simul
697 2507 902 2558 obtegitur
931 2507 1103 2559 depulsa
1127 2508 1302 2557 Sagitta,

270 2573 402 2620 Atque
432 2571 527 2608 Avis
561 2569 612 2608 ad
644 2582 844 2609 summam
874 2569 1047 2609 caudam
1078 2570 1314 2620 primasque
1349 2569 1523 2608 recedit*

270 2633 416 2670 Pinnas
448 2638 487 2670 et
515 2645 686 2683 magnus
711 2634 864 2683 pariter
896 2632 1101 2672 delabitur
1128 2633 1282 2671 Amnis,

271 2695 340 2732 Hic
367 2695 506 2745 Equus
537 2708 559 2734 a
586 2696 719 2746 capite
749 2702 788 2734 et
814 2696 932 2746 longa
963 2696 1121 2734 cervice
1150 2695 1330 2734 latescit:

1958 409 2030 449 595

1935 486 2032 522 35⁰

1963 732 2036 771 600

1937 798 2035 835 355

1962 1046 2034 1084 605

1936 1110 2035 1146 360

1964 1358 2037 1395 610
2084 1398 2087 1399 ⁷

1938 1422 2035 1458 365

1962 1670 2034 1710 615

1935 1749 2034 1783 320

1961 1995 2036 2034 620

1934 2061 2033 2096 375

1959 2319 2032 2358 625

1932 2384 2032 2420 380

1959 2631 2033 2669 630

1932 2696 2031 2732 385

357 2862 430 2893 348.
457 2864 601 2894 existunt
626 2863 679 2894 CS
706 2880 741 2886 —-
770 2863 844 2895 350.
871 2865 941 2895 lam
964 2864 1062 2896 simul
1087 2867 1120 2894 ιιι
1142 2872 1257 2903 supero
1282 2865 1320 2894 P:
1349 2865 1420 2894 Iam
1443 2863 1541 2895 simul
1567 2871 1605 2893 ac
1623 2863 1735 2901 primo
1762 2871 1896 2901 superos
1913 2863 1967 2894 CS
1992 2878 2026 2883 —

270 2916 372 2943 lotum
397 2912 550 2943 Grotius:
579 2921 649 2943 om.
679 2914 764 2944 CSP
792 2931 825 2936 —
853 2914 974 2945 lumine
992 2915 1032 2945 P:
1058 2914 1192 2953 flamine
1210 2913 1265 2943 CS
1291 2930 1325 2934 —
1354 2913 1428 2944 354.
1455 2912 1586 2951 repulsa
1610 2915 1654 2942 est
1679 2912 1717 2942 P:
1745 2912 1855 2942 reuisa
1873 2912 1953 2949 (oin.
1973 2913 2031 2950 est)

272 2963 326 2992 (IS
354 2979 388 2983 —
415 2962 488 2993 356.
515 2963 623 2993 Iactus
641 2963 714 3000 CS,
745 2964 860 2994 Tactus
883 2966 906 2995 P
935 2981 967 2985 —
996 2963 1070 2994 358.
1096 2964 1305 3003 Inquitenens
1323 2963 1377 2993 CS
1403 2979 1437 2984 —
1465 2971 1485 2992 α
1511 2970 1579 2992 om.
1608 2962 1663 2992 CS
1684 2977 1717 2983 —
1749 2961 1822 2992 359.
1850 2961 1936 2992 Nam
1951 2970 2030 2992 uero

272 3011 345 3046 CS,
372 3011 441 3042 lam
465 3020 541 3043 uere
565 3014 588 3042 P
616 3029 649 3033 —
678 3012 752 3044 363.
779 3016 847 3044 lum
873 3015 911 3044 P:
939 3022 1013 3044 cum
1038 3014 1094 3044 CS
1119 3031 1160 3035 ——
1184 3013 1250 3051 ipse
1275 3012 1347 3043 CS:
1374 3012 1427 3042 ille
1450 3012 1507 3044 ΡΟ
1525 3029 1565 3033 -
1591 3010 1664 3042 364.
1683 3011 1826 3041 sociauit
1842 3012 1877 3046 P,
1893 3011 2031 3042 sociauit

272 3061 326 3091 CS
354 3078 387 3083 -—
415 3061 488 3091 365.
514 3063 672 3092 conueslit
694 3065 735 3094 P:
762 3063 924 3094 conuertit
949 3063 1014 3094 CS.
1043 3061 1094 3093 Cf.
1122 3071 1152 3091 V.
1179 3062 1253 3092 ⁶262.
1282 3079 1321 3083 —-
1349 3062 1427 3092 Post
1451 3070 1482 3090 v.
1510 3060 1583 3091 365.
1612 3061 1775 3100 repetunt
1792 3068 1936 3090 versum
1953 3059 2026 3090 353.

272 3111 362 3140 CSP
389 3126 422 3131 -
450 3110 523 3141 367.
551 3115 626 3141 enat
650 3112 717 3142 CS:
749 3116 840 3143 errat
865 3113 920 3144 ΡΟ
947 3130 980 3134 -
1010 3112 1084 3142 370.
1112 3112 1201 3142 Fort.
1229 3112 1291 3141 Sed
1314 3120 1388 3142 cum
1411 3110 1565 3142 terribilis
1580 3111 1629 3140 vis
1645 3111 1712 3141 cet.
1731 3111 1788 3140 On.
1811 3129 1842 3134 -
1866 3110 1938 3141 373.
1958 3110 2029 3141 Pel-

270 3160 349 3189 ltlur
373 3168 393 3189 a
415 3160 502 3199 [ῖς-το
527 3161 561 3195 Ρ,
589 3160 720 3192 Pellitur
753 3162 867 3193 delen-0
893 3162 963 3200 HS,
1001 3161 1134 3192 Pellitur
1168 3161 1293 3200 deflexo
1324 3162 1347 3191 (j
1384 3178 1425 3182 —
1460 3160 1622 3199 confidens
1657 3159 1783 3190 IICSP
1823 3175 1856 3180 -—
1891 3167 2027 3198 corpore

272 3210 314 3239 P:
336 3213 467 3248 pectore
484 3209 572 3240 Hcs
597 3226 638 3231 —
662 3209 734 3241 375.
762 3211 856 3249 liquit
879 3212 903 3242 P
931 3228 964 3232 -
992 3210 1059 3240 alto
1084 3210 1196 3241 HCS:
1223 3210 1327 3240 altu-m
1342 3210 1399 3241 ΡΟ
1425 3226 1459 3231 —
1487 3209 1561 3240 376.
1587 3209 1727 3240 Planum
1752 3209 1778 3239 H
1799 3225 1832 3230 —
1853 3208 1927 3239 377.
1943 3217 2026 3247 pro-

269 3258 341 3288 cion
367 3259 458 3289 HCS
486 3275 520 3280 —
546 3257 621 3290 380.
646 3261 791 3297 pandens
815 3260 931 3299 HCS,
957 3260 1131 3298 Heinsius,
1158 3258 1367 3292 Wakefield:
1405 3260 1546 3291 candens
1570 3260 1593 3291 P
1630 3276 1663 3281 —
1701 3258 1776 3290 383.
1806 3261 1841 3288 ac
1863 3265 2025 3288 summam

274 3307 296 3337 Η
323 3324 364 3329 —-
388 3307 462 3339 385.
489 3315 584 3338 aecus
610 3304 660 3340 11¹.
