2249 3624
634 159 724 199 Lm.
749 160 799 198 11.
838 160 934 200 en».
957 160 1170 200 v1-vn.
1207 159 1266 212 §ss
1299 157 1489 200 42:24.
1863 157 1944 199 689

187 268 312 320 igitur
351 265 516 318 cognito
556 265 779 304 dicendum
824 272 909 314 est,
950 280 1133 319 quonam
1173 267 1295 306 modo
1336 267 1550 307 hominum
1583 266 1719 306 studia
1751 265 1801 305 ad
1834 266 1945 305 utili-

185 335 290 369 tates
330 333 491 367 nostras
533 327 700 367 allicere
743 335 870 381 atque
912 330 1095 368 excitare
1129 330 1351 383 possimus.
1412 331 1529 377 Quae
1562 330 1594 368 si
1629 329 1791 381 longior
1820 327 1947 367 fuerit

185 392 315 430 oratio
346 403 438 429 cum
470 390 757 442 magnitudine
790 392 981 431 utilitatis
1015 398 1298 445 comparetur:
1332 393 1386 431 ita
1416 392 1593 431 fortasse
1626 391 1749 430 etiam
1781 391 1947 430 brevior

183 452 401 492 videbitur.

295 512 361 553 21.
395 514 697 568 Quaecumque
730 516 852 567 igitur
882 516 1074 556 homines
1107 516 1264 556 homini
1297 517 1481 556 tribuunt
1512 516 1563 556 ad
1588 530 1681 556 eum
1705 517 1977 568 augendum-'1

182 583 305 632 atque
350 577 684 623 honestandum,
727 585 796 617 aut
836 579 1156 618 benevolentiae
1189 579 1318 630 gratia
1359 579 1539 626 faciunt,
1585 593 1677 619 cum
1718 581 1857 632 aliqua
1896 577 1947 619 (le

183 654 306 680 causa
347 640 587 693 quempiam
629 639 830 692 diligunt,
878 648 949 680 aut
992 642 1184 687 honoris,
1231 642 1264 680 si
1307 643 1424 680 cuius
1473 642 1664 681 virtutem
1715 642 1948 695 suspiciunt

183 716 391 757 quemque
423 703 595 755 dignum
628 702 797 742 fortuna
830 718 952 755 quam
986 704 1241 757 amplissima
1274 709 1432 756 putant,
1465 710 1535 743 aut
1557 705 1622 743 cui
1645 704 1768 743 fidem
1793 704 1949 743 habent

183 771 222 805 et
253 766 358 805 hene
390 765 512 805 rebus
545 765 630 803 suis
664 766 882 805 consulere
915 767 1189 813 arbitrantur,
1230 772 1299 805 aut
1332 767 1450 805 cuius
1491 781 1591 819 opes
1624 773 1835 814 metuunt,
1877 771 1949 806 aut

183 834 346 875 contra,
378 841 399 867 a
434 828 586 880 quibus
618 827 776 880 aliquid
810 835 1065 881 exspectant,
1098 834 1143 868 ut
1174 843 1263 869 cum
1297 842 1416 881 reges
1448 830 1725 882 popularesve
1756 830 1947 869 homines
1964 834 1998 862 ¹0

183 891 426 944 largitiones
458 890 619 944 aliquas
651 897 905 943 proponunt,
937 897 1008 930 aut
1039 897 1250 944 postremo
1282 892 1417 944 pretio
1445 906 1491 931 ac
1515 892 1704 931 mercede
1727 892 1947 938 ducuntur,

182 966 290 1006 quae
323 953 613 993 sordidissima
646 959 707 992 est
738 954 806 993 illa
839 954 1006 1006 quidem
1040 954 1146 993 ratio
1180 959 1220 993 et
1251 953 1588 1006 inquinatissima
1621 959 1661 993 ct
1691 954 1762 1001 iis,
1796 955 1866 1007 qui
1900 967 1948 993 ea

183 1021 398 1062 tenentur,
442 1021 482 1054 et
510 1015 612 1062 illis,
654 1016 725 1068 qui
766 1015 817 1054 ad
857 1029 946 1055 eam
986 1016 1209 1067 confugere
1241 1020 1459 1055 conantur.
1520 1014 1587 1054 22
1624 1016 1730 1056 Male
1763 1017 1872 1055 enim
1905 1030 1948 1055 se

182 1091 248 1118 res
279 1076 423 1124 babet,
465 1090 581 1124 cum,
623 1077 737 1131 quod
771 1079 924 1118 virtute
960 1076 1067 1118 effici
1104 1078 1248 1125 debet,
1289 1077 1329 1117 id
1364 1083 1586 1130 temptatur
1618 1079 1806 1131 pecunia.
1868 1078 1947 1118 Sed

183 1141 382 1194 quoniam
414 1152 498 1179 non
531 1153 757 1193 numquam
790 1140 869 1179 hoc
897 1140 1130 1180 subsidium
1153 1139 1436 1180 necessarium
1461 1146 1534 1186 est,
1558 1154 1680 1193 quem
1705 1140 1755 1180 ad
1780 1140 1947 1179 modum
1965 1147 2000 1174 ⁴5

182 1203 235 1242 sit
272 1202 471 1242 utendum
512 1216 560 1242 eo
593 1202 803 1250 dicemus,
848 1203 882 1241 si
915 1204 1028 1256 prius
1061 1204 1111 1242 iis
1144 1204 1194 1242 de
1228 1203 1376 1249 rebus,
1419 1216 1524 1255 quae
1557 1203 1695 1242 virtuti
1729 1203 1948 1256 propiores

182 1271 298 1312 sunt,
335 1265 578 1304 dixerimus.
638 1266 773 1317 Atque
806 1266 929 1305 etiam
963 1266 1174 1305 subiciunt
1205 1278 1248 1304 se
1280 1264 1470 1305 homines
1501 1265 1675 1318 imperio
1707 1266 1878 1304 alterius
1910 1269 1951 1304 et

181 1327 379 1380 potestati
416 1327 466 1367 de
499 1327 636 1367 causis
669 1328 875 1380 pluribus.
934 1329 1154 1368 Ducuntur
1185 1328 1294 1368 enim
1328 1333 1398 1366 aut
1429 1327 1721 1367 benevolentia
1753 1333 1793 1366 et
1823 1327 1950 1366 bene-

183 1387 371 1430 ficiorum
419 1390 704 1443 magnitudine
749 1396 822 1429 aut
865 1390 1080 1442 dignitatis
1126 1391 1381 1443 praestantia
1427 1395 1497 1429 aut
1537 1403 1610 1442 spe
1652 1390 1729 1429 sibi
1768 1389 1809 1428 id
1849 1389 1949 1429 utile

181 1451 367 1491 futurum
410 1458 481 1492 aut
520 1458 631 1492 metu
676 1466 727 1492 ne
761 1453 798 1492 vi
832 1466 978 1505 parere
1011 1460 1212 1505 cogantur
1242 1457 1313 1492 aut
1344 1465 1417 1505 spe
1449 1452 1683 1505 largitionis
1714 1453 1950 1504 promissis·
1964 1461 2001 1490 *20

183 1527 264 1568 que
296 1515 405 1567 capti
435 1520 507 1554 aut
537 1520 768 1568 postremo,
799 1521 844 1554 ut
875 1528 1000 1568 saepe
1032 1516 1074 1555 in
1106 1521 1246 1556 nostra
1268 1529 1312 1555 re
1334 1514 1502 1568 publica
1524 1513 1734 1562 videmus,
1758 1514 1949 1554 mercede

181 1576 393 1616 conducti.
463 1578 550 1617 VII.
592 1575 657 1616 93.
698 1577 892 1617 Omnium
926 1584 1063 1618 autem
1095 1592 1233 1618 rerum
1266 1591 1342 1617 nec
1374 1577 1513 1629 aptius
1546 1581 1608 1616 est
1639 1577 1861 1630 quicquam
1898 1576 1950 1616 ad

182 1652 283 1692 opes
315 1637 490 1679 tuendas
523 1653 570 1680 ac
602 1640 804 1680 tenendas
837 1654 960 1694 quam
994 1640 1111 1694 diligi
1143 1654 1220 1680 nec
1251 1639 1430 1680 alienius
1463 1652 1588 1691 quam
1620 1639 1770 1679 timeri.
1828 1639 1951 1678 Prae-

182 1701 292 1741 clare
324 1701 433 1741 enim
465 1703 650 1743 Ennius:

408 1764 562 1813 Quem
602 1771 829 1806 metuunt
868 1765 1107 1806 oderunt:
1154 1778 1297 1819 quem
1335 1764 1555 1817 quisque
1595 1763 1704 1803 odit
1735 1762 2001 1816 periisse25

1397 1827 1612 1880 expetit.

181 1889 410 1930 Multorum
450 1896 588 1930 autem
631 1891 739 1931 odiis
779 1892 918 1931 nullas
950 1904 1052 1945 opes
1084 1903 1209 1943 posse
1242 1889 1467 1936 obsistere,
1508 1889 1540 1928 si
1573 1893 1694 1928 antea
1724 1887 1803 1927 fuit
1833 1888 1951 1940 igno-

182 1957 288 2000 tum,
320 1966 452 2006 nuper
484 1959 546 1992 est
577 1954 805 2007 cognitum.
865 1955 949 1994 Nec
983 1966 1081 1993 vero
1113 1953 1236 1992 huius
1270 1952 1436 2004 tyranni
1468 1951 1626 1998 solum,
1669 1963 1795 2003 quem
1826 1950 1950 1989 armis

182 2027 383 2068 oppressa
412 2014 582 2069 pertulit
613 2017 756 2056 civitas
788 2022 991 2070 paretque
1024 2030 1116 2055 cum
1149 2014 1328 2054 maxime
1360 2019 1547 2061 mortuo,
1586 2013 1781 2052 interitus
1813 2012 1951 2051 decla-

181 2083 263 2124 rat,
296 2084 496 2131 quantum
531 2079 673 2119 odium
706 2079 922 2119 hominum
957 2078 1093 2118 valeat
1124 2077 1176 2116 ad
1210 2082 1389 2129 pestem,
1412 2076 1484 2115 sed
1509 2075 1767 2129 reliquorum
1791 2074 1949 2114 similes
1964 2085 2003 2114 30

183 2140 322 2179 exitus
354 2145 642 2193 tyrannorum,
675 2155 853 2195 quorum
886 2141 997 2181 haud
1030 2140 1116 2179 fere
1149 2140 1371 2192 quisquam
1406 2138 1529 2178 talem
1557 2137 1768 2177 interitum
1792 2136 1949 2189 effugit.

181 2202 315 2241 Malus
348 2204 457 2242 enim
490 2208 552 2242 est
585 2209 722 2243 custos
755 2204 1042 2243 diuturnitatis
1075 2208 1210 2241 metus
1243 2206 1470 2254 contraque
1501 2198 1793 2240 benevolentia
1814 2198 1949 2237 fidelis

182 2264 248 2304 vel
279 2264 330 2304 ad
362 2266 698 2318 perpetuitatem.
768 2263 833 2305 24.
879 2266 957 2305 Sed
992 2266 1062 2313 iis,
1102 2264 1172 2317 qui
1206 2264 1242 2302 vi
1275 2276 1498 2316 oppressos
1531 2262 1707 2315 imperio
1741 2266 1949 2308 coercent,

183 2327 237 2366 sit
266 2340 364 2366 sane
394 2327 631 2367 adhibenda
664 2329 850 2376 saevitia,
883 2333 929 2368 ut
961 2328 1040 2367 eris
1072 2327 1114 2366 in
1144 2325 1337 2372 famulos,
1370 2325 1404 2365 si
1436 2325 1556 2365 aliter
1586 2324 1717 2364 teneri
1748 2337 1832 2363 non
1854 2336 1950 2376 pos-

183 2394 306 2429 sunt:
353 2391 425 2443 qui
464 2403 561 2431 vero
603 2391 646 2429 in
683 2391 814 2430 libera
855 2391 1018 2430 civitate
1058 2390 1113 2429 ita
1155 2402 1198 2427 se
1242 2388 1475 2434 instruunt,
1515 2392 1561 2426 ut
1600 2392 1858 2433 metuantur,
1897 2385 2000 2427 iis35

183 2451 287 2491 nihil
319 2457 457 2505 potest
488 2466 579 2493 esse
611 2452 860 2493 dementius.
913 2452 1113 2501 Quamvis
1145 2451 1254 2491 enim
1287 2451 1369 2490 sint
1399 2449 1613 2489 demersae
1636 2449 1748 2501 leges
1770 2448 1948 2488 alicuius

271 2645 301 2676 t.
327 2653 391 2685 quo
413 2646 508 2676 *modo
533 2644 570 2676 Βι
599 2661 631 2667 ——
670 2644 701 2680 4,
728 2645 860 2675 uidetur
883 2653 901 2675 o
939 2661 972 2666 -
1011 2644 1041 2676 6.
1068 2642 1305 2675 beniuolentiae
1329 2642 1353 2673 C
1381 2642 1441 2681 (sic
1458 2640 1603 2681 ubique)
1633 2656 1668 2663 -
1709 2641 1739 2672 7.
1765 2641 1948 2681 suscipiunt

183 2692 316 2726 B¹Hab
344 2712 378 2717 —-
407 2696 459 2726 Μ.
482 2699 646 2734 postremo
665 2695 773 2734 prelio
797 2698 855 2725 aul
878 2694 1023 2725 mercede
1047 2694 1213 2725 ducuntur
1236 2692 1366 2723 Nonius
1392 2701 1424 2731 p.
1441 2691 1515 2722 ³283.
1537 2707 1572 2712 —
1602 2690 1652 2721 ⁴2.
1680 2691 1774 2732 quae]
1791 2693 1845 2723 sed
1869 2701 1887 2724 c
1910 2712 1943 2717 -—

183 2744 275 2775 ethis
297 2752 331 2784 a,
356 2745 461 2784 ethijs
485 2752 502 2775 o
531 2762 564 2766 —
593 2744 645 2775 43.
664 2753 736 2776 eam
761 2752 797 2775 c:
825 2753 864 2775 ea
888 2744 1019 2775 ssllab
1048 2759 1083 2765 —
1113 2743 1162 2774 46,
1182 2743 1231 2773 his
1255 2741 1400 2777 BHab‚
1426 2741 1487 2779 hijs
1511 2747 1528 2770 c
1556 2756 1591 2761 --
1614 2742 1806 2779 propriores
1830 2742 1944 2781 Hab;

181 2793 310 2832 priores
333 2802 351 2824 o
391 2811 425 2816 ——
465 2794 516 2825 ⁴8.
542 2794 721 2824 Ducuntur
743 2797 853 2824 autem
878 2797 935 2824 out
966 2801 983 2824 o
1022 2810 1054 2814 —
1094 2796 1121 2824 ei
1147 2794 1296 2823 Pearce:
1324 2793 1383 2821 aut
1408 2791 1461 2821 Co
1500 2806 1535 2811 —
1573 2789 1622 2820 20.
1647 2791 1883 2831 promissisque
1907 2800 1944 2823 c:

180 2843 470 2881 promissionisque
494 2843 631 2878 Bilaln
655 2843 990 2882 promissionibusque
1014 2841 1080 2873 alii.
1108 2859 1143 2863 —
1176 2842 1230 2872 ⁵21.
1256 2843 1291 2871 ut
1314 2848 1409 2878 saepe
1425 2855 1472 2860 --
1489 2838 1639 2869 camiac-zi
1663 2839 1794 2871 Nonius
1818 2850 1852 2881 p.
1870 2842 1944 2874 274.

188 2907 222 2913 ——
248 2892 300 2923 23.
327 2894 462 2923 luendas
486 2901 526 2923 ac
550 2896 688 2924 tenentes
710 2893 751 2928 b;
779 2893 933 2924 tenendas
956 2902 996 2924 ac
1019 2893 1156 2924 tuendas
1180 2892 1206 2922 ll
1233 2908 1267 2912 —
1296 2891 1348 2921 25.
1369 2890 1507 2920 oderunt
1532 2889 1573 2919 C:
1600 2888 1695 2918 odere
1720 2896 1738 2919 0
1766 2907 1801 2911 —
1823 2892 1947 2929 perisse

187 2941 210 2971 C
238 2956 271 2962 -
299 2941 352 2972 26.
371 2941 502 2982 expetit]
519 2943 608 2981 cupit
632 2950 649 2973 c
678 2959 712 2964 -
742 2943 792 2974 ⁶27.
810 2952 904 2982 posse
928 2952 996 2974 om.
1019 2951 1037 2973 c
1062 2960 1104 2964 —
1128 2942 1180 2973 ⁶28.
1199 2942 1303 2972 solum
1321 2940 1453 2970 interitu
1471 2947 1564 2977 quem
1588 2938 1737 2978 (interitu
1753 2942 1945 2981 superscr.)

185 2989 206 3020 b
229 3007 272 3013 —
295 2990 347 3021 29.
363 2995 523 3031 paretque
545 3000 619 3022 cum
643 2992 789 3022 maazi'me
812 2996 942 3023 mortuo
967 3000 984 3022 c
1011 2994 1053 3031 (in
1073 3000 1140 3031 quo
1159 2993 1277 3021 tamen
1302 2990 1389 3020 baec
1415 2988 1523 3018 verba
1550 2996 1596 3018 m.
1616 2995 1688 3018 sce.
1708 2986 1822 3019 deleta
1839 2992 1944 3029 suun:

186 3044 325 3079 apparet
340 3066 346 3072 .
361 3042 454 3072 cuius
476 3049 633 3072 maxume
658 3042 777 3071 mortui
809 3042 848 3078 υς
883 3044 1022 3081 apparet
1038 3065 1044 3072 .
1059 3041 1151 3071 cuius
1174 3040 1322 3070 maoeime
1341 3038 1455 3077 portui
1479 3038 1597 3073 1311a;
1624 3044 1664 3067 ac
1684 3041 1781 3075 paret
1803 3048 1877 3070 cum
1900 3049 1943 3071 m.

185 3092 314 3120 mortuo
339 3089 505 3122 Halmius.
535 3107 570 3112 —
597 3091 649 3121 30.
676 3091 787 3121 ualeat
811 3098 847 3120 c:
873 3091 960 3121 ualet
985 3091 1008 3121 Β
1024 3091 1049 3121 Η
1065 3091 1150 3121 abo
1178 3106 1212 3110 —
1239 3089 1358 3119 slmiles
1382 3096 1450 3117 om.
1470 3095 1490 3126 p
1517 3103 1552 3108 —
1586 3086 1638 3117 34.
1664 3085 1744 3116 haut
1768 3095 1800 3125 a,
1827 3092 1885 3119 aut
1910 3091 1946 3120 131

190 3155 224 3160 -
262 3139 359 3170 talem
382 3140 548 3171 interilum
580 3140 627 3171 C:
665 3140 833 3170 interitum
858 3139 1075 3178 (0111.!alem)
1100 3148 1142 3179 p3
1180 3139 1348 3169 interilum
1374 3136 1494 3176 [talem]
1529 3144 1547 3167 ο
1588 3153 1623 3157 -
1664 3135 1716 3167 32.
1743 3141 1948 3177 contr-aquae

187 3185 727 3228 benivolentia--perpetuitatem
752 3189 882 3220 Nonius
909 3198 940 3229 p.
957 3190 1032 3220 527.
1060 3206 1093 3210 -
1122 3189 1173 3219 33.
1200 3188 1262 3217 hiis
1287 3187 1326 3225 ll,
1352 3186 1400 3216 his
1423 3193 1456 3222 a,
1482 3186 1544 3224 hijs
1567 3193 1585 3216 c
1613 3202 1647 3207 —
1675 3185 1843 3217 cohercent
1866 3188 1946 3218 abc

190 3251 225 3257 ——
252 3236 303 3268 34.
329 3241 364 3268 ut
387 3239 451 3268 eris
479 3247 559 3269 nos:
592 3241 627 3268 ut
649 3239 728 3269 eriis
751 3238 794 3276 B,
827 3241 917 3269 utere
939 3239 980 3269 iis
1002 3239 1041 3277 b,
1075 3243 1166 3269 utere
1188 3237 1250 3267 hiis
1274 3236 1320 3275 11,
1355 3238 1445 3267 utere
1468 3235 1517 3266 his
1545 3243 1583 3274 a,
1614 3238 1755 3266 utamur
1777 3236 1823 3267 eis
1846 3244 1881 3275 c,
1913 3240 1948 3267 ut

186 3283 270 3316 heris
293 3293 312 3316 ο
349 3303 384 3308 -
422 3287 475 3318 35.
500 3287 548 3319 his
570 3287 594 3319 Β
609 3287 636 3318 Η
651 3294 690 3327 a,
716 3288 778 3319 hiis
799 3288 833 3326 b,
858 3287 920 3326 hijs
943 3295 973 3319 0.

250 3349 367 3381 Cimo
394 3351 428 3381 T.
450 3352 502 3384 lv.
1608 3344 1662 3385 44
