2249 3624
241 135 324 179 84⁶2
915 142 986 182 DE
1015 142 1083 182 RE
1114 143 1340 183 PUBLICA

358 246 506 286 «Orbi»
538 259 614 299 pro
645 247 734 286 orbe
756 247 982 287 Ciceronem
1010 249 1055 287 de
1086 261 1129 287 re
1152 249 1314 300 publica
1343 249 1444 288 libro
1462 249 1502 288 V:
1537 249 1652 289 «orbi
1675 255 1878 292 terrarum
1901 265 2015 293 com-

241 307 498 361 prehensos»
535 338 545 348 .
568 339 577 349 .
602 340 609 348 .
650 309 807 349 Plinius
837 310 966 349 eodem
996 310 1097 349 libro
1125 311 1177 350 Vl
1201 317 1327 351 notat.
1392 310 1704 364 (Charisius
1735 312 1766 354 I.
1797 326 1838 365 p.
1857 311 1937 353 442
1969 316 2012 363 P,

240 384 280 422 p.
298 367 378 408 »139
411 371 474 410 ed.
497 369 618 423 Keil.)

354 433 408 472 M.
433 434 586 472 Tullius
616 433 660 472 de
689 446 731 472 re
755 433 865 485 publ.
899 435 965 474 lib.
995 435 1042 474 V.-
1083 436 1197 489 quod
1229 437 1440 477 molestias
1471 436 1699 478 senectutis
1731 451 1831 478 suae
1863 440 2012 480 vestris

209 494 411 535 5familiis
442 495 655 546 impertire
687 502 846 548 posset.
911 494 1133 548 (Nonius
1172 513 1209 539 v.
1240 500 1445 550 impertire
1477 513 1516 551 p.
1534 496 1615 551 37.)

351 558 424 597 IX.
458 555 525 598 [Η.
556 559 701 598 Postea
729 559 801 598 hoc
831 561 950 599 etiam
980 561 1132 600 addidit
1161 562 1351 612 (Seneca)
1381 563 1664 602 insulsissime:
1718 562 1846 615 «Aput
1881 564 2013 616 ipsum

239 632 412 672 quoque»
455 621 584 671 inquit
629 622 880 661 «Ciceronem
917 624 1089 662 ini-enies
1126 624 1246 663 etiam
1275 625 1318 664 in
1340 638 1467 677 prosa
1497 626 1677 664 oratione
1706 627 1921 678 quaedam,
1962 640 2013 667 ea:

239 682 378 734 quibus
408 683 610 735 intelleqas
640 684 754 723 illum
782 697 862 724 non
884 687 1105 737 perdidisse
1135 700 1316 738 operam,
1358 687 1460 739 quod
1490 687 1670 727 Ennium
1700 689 1833 739 lcqit».
1895 690 2015 729 Ponit

238 745 372 784 deinde
401 759 499 797 quae
529 746 634 797 apud
665 747 890 787 Ciceronem
920 750 1177 801 reprehendat
1205 750 1321 801 quasi
1350 751 1556 795 Enniana,
1589 750 1691 801 quod
1721 751 1778 789 ita
1807 752 2015 803 scripserit

191 808 282 845 ⁴0in
312 807 426 846 libris
461 808 505 846 de
542 821 586 848 re
608 809 794 860 publica:
844 811 895 850 Ut
925 811 1116 851 Menelao
1148 812 1303 852 Laconi
1347 811 1554 865 quaedam
1592 811 1670 852 fuit
1712 813 2013 866 suaviloquens

239 869 492 917 iucunditas,
524 877 558 910 et
587 872 690 923 quod
718 873 798 911 alio
825 873 867 912 in
888 874 971 913 loco
991 875 1165 913 dixerit:
1197 874 1575 927 breviloquentiam
1605 875 1649 913 in
1681 875 1857 915 dicendo
1889 876 2013 916 colat.

241 928 300 983 (A.
324 931 527 972 Gellius
565 940 667 972 noct.
691 941 764 974 att.
799 935 900 983 XII,
933 934 978 983 Ξ),
1009 935 1037 988 §
1062 935 1113 987 6.)

352 995 507 1034 Horum
540 995 799 1036 obstinatione
829 998 1046 1038 libertatem
1076 1000 1291 1047 temeritas,
1325 1000 1591 1039 constantiam.
1621 999 1791 1039 audacia
1812 1013 2012 1053 praeceps,

238 1056 498 1108 eloquentiam
527 1059 663 1097 inanis
692 1060 883 1111 quaedam
914 1062 1099 1101 imitatur
1123 1063 1289 1114 fluentia
1320 1063 1512 1114 loquendi,
1545 1075 1716 1114 quarum
1737 1065 1889 1102 artium
1908 1076 2016 1103 scae-

188 1123 224 1151 45
238 1119 372 1166 ritate,
405 1126 448 1158 ut
472 1121 625 1160 Tullius
654 1122 868 1169 adseverat,
899 1124 1010 1175 nefas
1040 1130 1094 1163 est
1126 1125 1355 1176 reliqionem
1385 1125 1511 1176 decipi
1532 1125 1758 1164 iudicantis·
1800 1125 1870 1166 Ait
1889 1127 2013 1167 enim:

240 1180 428 1235 Cumque
460 1183 564 1222 nihil
596 1189 679 1223 tam
710 1185 1003 1238 incorruptum
1046 1199 1137 1225 esse
1178 1186 1330 1227 debeat
1366 1188 1407 1227 in
1439 1201 1483 1227 re
1512 1187 1679 1241 publica
1711 1201 1834 1240 quam
1868 1190 2015 1230 suffra-

238 1243 363 1296 gium,
397 1258 521 1297 quam
553 1248 771 1294 sententia,
803 1261 887 1287 non
920 1248 1119 1301 intellego
1151 1262 1224 1288 cur
1254 1250 1325 1303 qui
1351 1264 1397 1290 ea
1420 1251 1600 1303 pecunia
1622 1251 1856 1303 corruperit
1877 1265 2014 1304 poena

239 1306 389 1358 dignus
431 1309 504 1356 sit,
546 1309 618 1362 qui
659 1310 900 1364 eloquentia
943 1311 1110 1350 laudem
1143 1313 1267 1351 etiam
1292 1312 1411 1352 ferat.
1471 1313 1572 1352 Mihi
1605 1313 1775 1366 quidem
1807 1312 1886 1353 hoc
1918 1314 2013 1366 plus

238 1369 335 1409 mali
378 1369 516 1410 facere
558 1372 723 1412 videtur
764 1373 836 1426 qui
876 1374 1063 1413 oratione
1106 1387 1232 1427 quam
1273 1375 1343 1427 qui
1386 1376 1520 1428 pretio
1553 1375 1736 1414 iudicem
1769 1377 2013 1430 corrumpit,

187 1432 353 1484 “20quod
400 1433 579 1484 pecunia
627 1449 893 1487 corrumpere
940 1436 1190 1487 prudentem
1241 1450 1364 1476 nemo
1417 1442 1582 1490 potest,
1633 1437 1814 1478 dicendo
1861 1443 2013 1491 potest.

240 1492 540 1545 (Ammianus
572 1497 903 1537 Marcellinus
943 1498 969 1537 l.
1002 1499 1146 1546 XXX,
1179 1514 1212 1539 c.
1235 1498 1280 1547 4,
1312 1498 1340 1552 §
1366 1497 1446 1552 Ἰ10.)

349 1558 404 1597 M.
430 1558 582 1598 'sullius
611 1561 655 1599 de
686 1573 728 1599 re
751 1561 858 1612 publ.
891 1561 955 1600 lib.
980 1562 1028 1600 1⁷:
1081 1562 1196 1609 Quae
1229 1575 1322 1601 cum
1356 1562 1498 1614 Scipio
1540 1562 1740 1610 dixisset,
1784 1563 2013 1604 admodum

236 1620 419 1672 probans
451 1622 700 1670 Mummius;
752 1629 841 1662 erat
872 1624 981 1663 enim
1016 1624 1114 1664 odio
1147 1626 1173 1676 ἦ
1208 1638 1385 1678 quorum
1429 1624 1645 1664 rhetorum
1688 1626 1861 1666 inbutus
1906 1656 1915 1665 .
1953 1657 1962 1666 .
1999 1657 2009 1666 .

238 1680 451 1733 (Nonius
491 1698 529 1723 v.
566 1685 721 1725 inbuere
752 1700 791 1738 p.
811 1683 919 1737 5521.)

187 1745 223 1774 25
352 1747 486 1785 Cicero
525 1748 569 1786 de
607 1760 649 1786 re
682 1749 842 1800 publica
881 1750 980 1788 libro
1011 1750 1059 1788 V.-
1109 1755 1195 1789 tum
1238 1750 1279 1789 in
1323 1750 1525 1803 optimam
1573 1755 1757 1803 segetem
1797 1750 2013 1805 praeclara

238 1814 379 1848 essent
409 1823 552 1862 sparsa
583 1811 756 1850 semina.
818 1809 1216 1862 (Commentator
1246 1826 1526 1866 anonymus
1568 1812 1621 1852 ad
1655 1814 1776 1866 Verg.
1818 1813 1961 1865 Georq.
1994 1812 2017 1851 I

236 1871 324 1910 init.
346 1871 452 1923 apud
471 1873 648 1912 Bandini
674 1874 799 1913 Catal.
821 1874 930 1913 codd.
953 1875 1021 1914 lat.
1043 1875 1133 1914 bibl.
1157 1873 1283 1914 Laur.
1317 1876 1374 1923 ΙΙ,
1406 1872 1515 1928 348.)

838 2102 1067 2148 LIBER
1098 2101 1419 2148 SEXTUS.

351 2200 382 2239 Ι.
418 2197 457 2239 vl.
492 2201 546 2239 M.
565 2201 716 2239 Tullius
742 2201 786 2239 de
807 2201 974 2252 republ.
1000 2200 1062 2239 tib.
1088 2200 1154 2238 VJ.-
1186 2200 1332 2239 Totam
1364 2200 1489 2251 igitur
1519 2205 1715 2252 expectas
1748 2199 2012 2252 prudentiam

185 2266 222 2296 30
237 2263 360 2302 huius
391 2264 585 2309 rectoris,
626 2277 733 2316 quae
771 2264 906 2316 ipsum
941 2277 1092 2302 nomen
1124 2262 1205 2301 hoc
1237 2268 1357 2302 nacta
1389 2268 1451 2301 est
1483 2275 1535 2301 ex
1567 2262 1844 2314 providendo.
1906 2262 2015 2316 (No-

237 2326 347 2365 nius
382 2339 416 2363 v.
442 2325 669 2375 prudentia.
704 2338 796 2378 pag.
820 2323 904 2376 42.)

348 2388 397 2426 In
426 2387 574 2426 Politia
605 2401 676 2426 sua
707 2388 803 2427 dicit
838 2389 990 2427 Tullius
1026 2390 1085 2427 rei
1117 2388 1299 2439 publicae
1338 2394 1529 2426 rectorem
1571 2400 1767 2426 summum
1805 2388 1938 2428 cirum
1979 2396 2014 2429 et

236 2450 507 2490 doctissimum
537 2464 615 2489 esse
645 2450 792 2498 debere,
829 2451 883 2489 ita
916 2457 955 2489 ut
985 2451 1143 2501 sapiens
1172 2450 1222 2489 sit
1254 2456 1287 2489 et
1313 2451 1438 2488 iustus
1463 2456 1495 2488 et
1517 2456 1738 2501 temperans
1759 2456 1793 2489 et
1814 2452 2010 2503 eloquens,

237 2519 280 2551 ut
303 2514 432 2564 possit
457 2514 578 2565 facile
609 2519 790 2551 currente
820 2513 1041 2564 eloquentia
1070 2514 1196 2551 animi
1228 2521 1375 2552 secreta
1405 2513 1456 2551 ad
1482 2513 1690 2564 reqendam
1705 2513 1854 2564 plebem
1875 2516 2014 2566 expri-

187 2577 224 2606 35
238 2588 353 2614 mere.
405 2576 516 2614 Scire
547 2575 666 2613 etiam
695 2575 798 2613 debet
828 2577 905 2624 ius,
943 2576 1119 2614 Graecas
1149 2588 1261 2614 nosse
1292 2577 1458 2622 litteras,
1491 2576 1594 2627 quod
1615 2577 1776 2615 Catonis
1792 2577 1900 2628 sacto
1914 2590 2014 2629 pro-

237 2637 364 2682 batur,
396 2639 464 2689 qui
496 2639 535 2676 in
566 2651 721 2676 summa
751 2644 941 2676 senectute
976 2638 1142 2677 Graecis
1172 2639 1316 2677 litteris
1348 2651 1509 2690 operam
1538 2639 1639 2677 dans
1668 2638 1859 2677 indicarit
1889 2653 2015 2691 quan-

238 2706 321 2739 tum
349 2701 535 2739 utilitatis
565 2701 762 2739 haberent.
842 2698 1290 2753 (Commentarius
1331 2714 1406 2740 ms.
1438 2701 1480 2739 in
1515 2699 1596 2739 Cic.
1629 2700 1679 2740 de
1710 2700 1868 2740 invent.
1900 2701 2012 2754 apud

240 2762 455 2802 Osannum
488 2777 527 2815 p.
550 2761 660 2814 349.)

351 2826 405 2864 M.
431 2826 583 2865 Tullius
612 2826 656 2865 de
687 2839 729 2865 re
752 2826 860 2877 publ.
893 2826 958 2864 lib.
983 2826 1053 2863 VI:
1106 2825 1241 2873 Quam
1275 2826 1327 2864 ob
1360 2839 1447 2865 rem
1488 2839 1532 2865 se
1564 2831 1780 2878 comparet
1809 2826 1879 2866 hic
1911 2826 2014 2867 civis

188 2886 295 2925 40ita
326 2894 552 2933 necessest,
584 2894 629 2927 ut
661 2889 714 2928 sit
747 2894 892 2928 contra
924 2887 1038 2934 haec,
1062 2902 1168 2940 quae
1191 2893 1342 2928 statum
1366 2889 1544 2928 civitatis
1568 2894 1827 2941 permovent,
1849 2903 2015 2943 semper

240 2954 439 2988 armatus.
500 2948 722 3000 (Nonius
755 2964 792 2989 v.
824 2963 1058 3002 comparare
1089 2964 1129 3002 p.
1153 2948 1268 3002 ὁ256.)

326 3077 356 3108 4.
383 3078 523 3107 molestis
539 3096 586 3100 -—
602 3079 749 3117 familias
774 3079 877 3110 codd.
906 3096 941 3101 —
969 3080 1216 3109 ³23.mmm1ius
1239 3078 1357 3113 codd„
1376 3080 1459 3110 item
1477 3079 1666 3118 Bamberg.
1696 3096 1731 3101 —
1758 3080 1843 3110 enim
1866 3079 1963 3110 nimis
1987 3080 2012 3110 O

242 3145 276 3149 —-
305 3136 446 3165 quorum
470 3127 572 3158 codd.
602 3129 889 3167 (‹›tiz111113a=nl›.jj:
918 3130 1060 3168 quodam
1085 3131 1127 3165 Ο,
1161 3131 1365 3159 (Ji-accoi'mn
1390 3131 1491 3168 Lion,
1526 3129 1602 3159 fort.
1629 3129 1846 3166 antiquorum
1879 3145 1922 3151 —
1956 3130 2008 3160 25.

240 3177 345 3207 Deest
372 3176 480 3215 [ragin
522 3178 551 3207 in
579 3178 690 3213 editt,
717 3179 878 3209 inilicaxit
899 3180 959 3209 Th.
981 3180 1190 3209 Mommsen.
1222 3196 1253 3200 —
1282 3180 1413 3217 semrom
1431 3179 1630 3217 praeclarae
1654 3178 1732 3209 cod.
1761 3194 1796 3200 —-
1825 3177 1878 3208 ³26.
1895 3179 2012 3209 semita

241 3225 343 3255 codd.
375 3243 408 3247 —
437 3226 488 3256 30.
518 3226 592 3258 tort.
620 3227 688 3265 ipsa
713 3245 755 3250 —
791 3228 843 3258 32.
872 3228 1017 3259 Videtur
1042 3229 1096 3259 liic
1121 3230 1396 3259 commentarius
1421 3228 1525 3259 Grillii
1551 3236 1642 3264 esse,
1670 3228 1768 3259 cuius
1793 3236 1873 3268 pars
1898 3229 2010 3259 exstat

239 3274 273 3305 in
300 3275 377 3306 cod.
397 3275 582 3315 Bamherg.
614 3293 647 3298 —-
675 3275 726 3308 410.
755 3286 811 3309 nec
835 3281 880 3309 est
904 3277 1008 3309 codd.
1039 3295 1073 3300 —-
1101 3281 1305 3309 commovent
1328 3279 1455 3316 Moser,
1479 3281 1675 3317 pervertunt
1691 3276 1814 3309 Lamb.
1838 3279 1873 3309 et
1896 3277 1963 3309 alii.
