2249 3624
453 166 540 206 LIB.
573 165 603 204 Ι.
644 164 740 205 cst.
771 163 1218 204 XXXIII—XXXIV.
1262 161 1321 216 §§
1353 160 1541 202 79—83.
1801 159 1882 200 ⁶235

115 285 358 326 quaererem
391 285 443 311 ex
474 285 523 310 eo
555 271 674 310 cuius
706 283 876 310 suorum
900 270 1046 309 similis
1074 270 1219 310 fuisset
1241 269 1422 309 Africani
1446 266 1583 308 fratris
1607 280 1748 320 nepos,
1780 267 1884 306 facie

114 334 179 375 vel
211 335 359 386 patris,
392 334 475 373 vita
507 333 693 372 omnium
736 332 993 385 perditorum
1027 333 1082 372 ita
1115 333 1287 378 similis,
1330 338 1374 371 ut
1416 336 1525 371 esset
1562 329 1681 369 facile
1714 329 1888 368 deterri-

114 409 227 440 mus;
270 396 388 434 cuius
429 397 552 434 etiam
596 395 740 433 similis
781 396 819 433 Ι).
853 395 1009 441 Crassi,
1041 401 1081 434 et
1112 395 1312 448 sapientis
1351 400 1391 433 et
1423 393 1658 446 eloquentis
1690 397 1730 431 et
1767 390 1887 444 primi

111 457 314 503 hominis,
355 471 486 510 nepos
519 456 830 509 multorumque
861 457 1038 496 aliorum
1071 458 1275 496 clarorum
1311 457 1515 500 virorum,
1557 467 1663 507 quos
1696 452 1798 493 nihil
1830 457 1889 490 at-

114 519 216 558 tinet
247 519 482 566 nominare,
527 524 700 571 nepotes
734 525 771 556 et
806 519 892 558 lilii.
944 520 1024 557 Sed
1059 519 1158 572 quid
1193 520 1389 569 agimus?
1429 518 1602 557 oblitine
1635 530 1776 555 snmus
1809 517 1920 554 hocs

111 594 221 620 nune
253 581 374 620 nobis
406 595 497 620 esse
531 581 816 633 propositum,
850 594 939 619 cnm
974 581 1073 620 satis
1107 581 1157 619 de
1189 582 1434 620 aeternitate
1467 579 1740 625 dixissemus,
1773 592 1823 616 ne
1855 578 1889 617 si

111 643 331 683 interirent
369 643 538 696 quidem
585 642 733 688 animi,
775 642 1000 695 quicquam
1041 643 1135 682 mali
1177 657 1268 682 esse
1309 644 1348 681 in
1383 644 1542 682 morie?
1594 642 1640 681 A.
1671 642 1758 693 Ego
1791 654 1888 680 vero

113 707 407 752 memineram,
452 705 521 744 sed
563 710 600 743 te
633 704 684 741 de
723 705 966 743 aeternitate
1000 705 1206 743 dicentem
1239 706 1431 744 aberrare
1463 718 1484 744 a
1519 704 1735 757 proposito
1767 702 1889 742 facile

114 768 315 822 patiebar.

227 830 421 869 XXXlV.
454 827 520 868 82).
564 831 618 869 M.
653 829 785 867 Video
819 835 856 868 te
889 828 970 867 alte
1002 834 1190 881 spectare
1223 835 1262 868 et
1294 830 1399 868 velle
1431 830 1473 868 in
1507 830 1665 868 caelum
1699 829 1942 881 inigi·are.lo

106 882 244 945 'Spero
285 891 371 930 fore
415 899 456 930 ut
488 892 703 943 contingat
734 891 773 930 id
807 891 939 930 nobis.
987 892 1067 929 Sed
1110 890 1194 938 sac,
1227 898 1270 930 ut
1308 892 1374 931 isti
1408 892 1570 937 volunt,
1612 892 1773 931 animos
1811 904 1892 929 non

111 967 326 994 remanere
358 960 454 1006 post
487 961 682 992 mortem:
718 953 839 993 video
873 967 972 999 nos,
1005 954 1037 992 si
1071 954 1125 992 ita
1159 955 1233 999 sit,
1266 955 1420 1006 privari
1445 968 1518 1006 spe
1542 954 1742 993 beatioris
1765 954 1890 992 vitae.

112 1017 210 1056 Mali
253 1030 350 1056 vero
390 1015 487 1068 quid
531 1015 665 1054 adfert
706 1016 782 1054 ista
825 1016 1060 1054 sententia?
1122 1017 1201 1054 Fac
1242 1018 1350 1056 enim
1395 1017 1453 1054 sic
1496 1017 1676 1055 animum
1710 1016 1894 1060 interire,

111 1085 157 1118 ut
188 1092 362 1131 corpus:
404 1092 501 1117 num
535 1078 660 1130 igitur
692 1078 847 1130 aliquis
880 1078 1002 1116 dolor
1034 1084 1104 1117 aut
1135 1078 1301 1117 omnino
1341 1085 1437 1130 post
1471 1084 1642 1118 mortem
1675 1091 1823 1117 sensus
1854 1078 1893 1116 in

114 1154 290 1193 corpore
325 1143 416 1180 est?
451 1142 580 1179 Nemo
614 1140 653 1178 id
680 1140 849 1193 quidem
877 1140 999 1187 dicit,
1033 1140 1108 1179 etsi
1132 1141 1415 1179 Democritum
1440 1140 1654 1179 insimulat
1677 1140 1946 1192 Epicurus‚l5

113 1203 357 1242 Democritii
403 1208 568 1253 negant.
636 1204 693 1241 Ne
741 1203 780 1241 in
825 1204 963 1242 animo
1003 1202 1172 1256 quidem
1215 1203 1340 1255 igitur
1371 1216 1518 1242 sensus
1552 1208 1759 1248 remanet3
1806 1203 1896 1254 ipse

115 1267 227 1306 enim
268 1278 475 1318 nusquam
522 1271 597 1304 est.
659 1265 732 1304 Ubi
773 1264 896 1317 igitur
928 1265 1079 1304 malum
1112 1270 1196 1311 est,
1235 1265 1434 1318 quoniam
1470 1264 1569 1304 nihil
1602 1265 1768 1304 tertium
1802 1267 1896 1304 est‘?

113 1341 164 1368 an
211 1325 443 1381 [quoniam]
493 1327 584 1380 ipse
625 1327 752 1367 animi
791 1327 1003 1367 discessus
1035 1342 1056 1367 a
1089 1341 1261 1380 corpore
1305 1341 1386 1367 non
1431 1325 1474 1366 sit
1505 1327 1595 1366 sine
1629 1326 1801 1366 dolore?
1848 1327 1899 1367 Ut

114 1389 280 1430 credam
313 1390 369 1428 ita
402 1402 514 1436 esse,
547 1403 671 1442 quam
704 1396 767 1430 est
804 1390 845 1429 id
877 1390 1104 1441 exiguum!
1154 1389 1236 1429 Sed
1269 1390 1418 1429 salsum
1449 1403 1540 1429 esse
1572 1389 1752 1429 arbitror
1783 1396 1823 1429 et
1855 1387 1900 1429 sit

112 1453 362 1506 plerumque
400 1453 489 1491 sine
527 1466 673 1498 sensu,
717 1466 799 1491 non
842 1465 1071 1504 numquam
1111 1452 1235 1491 etiam
1276 1466 1368 1491 cum
1401 1452 1637 1505 voluptate:
1678 1456 1948 1504 totumquew

115 1516 196 1555 hoc
229 1515 319 1554 leve
352 1520 438 1561 est,
472 1515 780 1568 qualecumque
804 1521 888 1554 est:
921 1515 967 1553 fit
998 1514 1109 1553 enim
1132 1513 1182 1553 ad
1214 1520 1413 1568 punctum
1436 1515 1650 1566 temporis.
1701 1512 1767 1552 83.
1791 1513 1898 1551 Illud

118 1579 232 1630 angit
258 1577 324 1617 vel
356 1577 495 1630 potius
529 1579 762 1624 excruciat,
796 1577 1007 1617 discessus
1039 1577 1089 1616 ab
1122 1578 1315 1616 omnibus
1347 1577 1420 1624 iis,
1453 1590 1561 1630 quae
1590 1581 1686 1616 sunt
1717 1577 1827 1615 bona
1859 1576 1899 1615 in

209 1739 240 1769 ⁴.
265 1739 351 1779 facie
375 1739 431 1769 avi
454 1738 505 1769 vel
522 1738 633 1777 patris
650 1738 686 1769 C.
709 1739 742 1769 F.
767 1738 946 1770 Hermann
972 1739 1005 1769 in
1029 1740 1115 1770 Mus.
1136 1738 1244 1770 [iheu.
1264 1739 1303 1770 N.
1323 1739 1354 1770 S.
1376 1738 1418 1769 IV
1444 1747 1477 1779 p.
1497 1738 1572 1770 348.
1591 1756 1633 1760 —
1659 1738 1711 1769 40.
1737 1738 1900 1777 migrare.

118 1790 156 1822 Α.
183 1790 287 1830 Spero
312 1789 337 1820 Ο
361 1807 403 1811 -—
434 1789 486 1819 4⁶2.
512 1788 600 1819 vides
631 1787 790 1825 Wolfius¹
820 1789 844 1819 O
866 1806 901 1811 —-
929 1789 1028 1819 vitae.
1055 1789 1100 1819 M.
1120 1789 1202 1820 Mali
1227 1790 1252 1820 O
1272 1806 1305 1810 —
1335 1789 1388 1820 113.
1415 1789 1637 1819 senteiiteizcia
1661 1789 1684 1818 R
1707 1805 1740 1810 —
1763 1788 1815 1818 46.
1835 1788 1904 1818 De-

114 1841 258 1872 mocritii
282 1838 449 1878 Bentley:
476 1839 684 1870 democritici
709 1840 746 1870 C.
776 1839 878 1878 «Ego,
906 1840 943 1869 ut
960 1837 1120 1877 oremus,
1147 1839 1353 1877 Democritii,
1379 1839 1471 1870 sicut
1495 1837 1661 1869 scribitur
1685 1837 1803 1875 11,52.
1832 1837 1901 1868 Fin.

115 1891 142 1929 1,
169 1890 221 1921 «17.
250 1889 304 1926 lV,
333 1889 383 1920 lsi.
413 1890 450 1920 N.
478 1889 518 1919 D.
547 1890 569 1925 l,
597 1890 637 1919 73
665 1888 738 1928 (bis)
765 1890 799 1919 et
824 1890 880 1925 111,
899 1888 939 1919 82
966 1888 1212 1928 (Archetypus‚
1240 1891 1277 1919 ut
1294 1888 1445 1925 videtur,
1473 1889 1710 1926 Democriteus,
1736 1888 1774 1918 ut
1790 1887 1902 1918 Divin.

116 1941 161 1977 ll,
188 1939 253 1978 3¹).
288 1938 337 1970 Cf.
365 1937 501 1978 Madvig
524 1938 567 1969 ad
595 1939 664 1970 Fin.
687 1938 725 1975 V,
752 1938 791 1968 Υ16
818 1939 883 1978 (ΙΙΙ,
905 1940 943 1969 40
970 1937 1135 1970 meliores
1161 1938 1280 1970 codd:
1306 1939 1521 1977 Aristotelios,
1549 1939 1633 1969 dett.
1656 1937 1903 1977 Aristotelicos).

117 1990 167 2020 De
194 1990 288 2019 Orat.
316 1989 341 2025 l,
369 1987 408 2018 4⁶.)
434 1996 498 2027 ego
524 1997 565 2018 ex
592 1988 670 2019 cod.
698 1988 765 2018 lirt'.
787 1988 994 2028 (Democriti)
1021 1998 1084 2029 pro
1102 1989 1316 2020 Democrilici
1333 1990 1457 2030 scripsi
1475 1990 1681 2021 Democritii.
1709 1989 1763 2020 Sic
1782 1989 1905 2019 Cicero

119 2039 318 2078 Epicuriciis
343 2046 537 2077 numquam
563 2038 664 2074 dicit,
692 2046 836 2078 semper
859 2039 1041 2077 Epicureus
1073 2039 1155 2078 (aut,
1182 2040 1219 2070 ut
1244 2040 1306 2077 ΙΙΙ,
1334 2039 1386 2071 33.
1414 2038 1531 2070 Famil.
1561 2040 1651 2076 Xlll,
1681 2040 1711 2077 l,
1737 2040 1756 2070 ⁶2
1780 2040 1906 2078 Epicu—

117 2088 238 2129 riost»
265 2088 320 2119 W.
351 2104 384 2108 -
415 2088 465 2118 118.
494 2089 651 2126 quoniam
676 2096 745 2118 om.
772 2087 982 2126 Lambinus,
1011 2088 1154 2119 seclusit
1171 2088 1380 2127 Tregderus.
1411 2089 1501 2127 «Ego
1520 2089 1638 2124 deleo;
1666 2097 1747 2120 nani
1766 2097 1808 2119 nc
1827 2089 1907 2127 quia
1956 2105 1960 2112 ι

117 2138 265 2180 quidem
290 2139 349 2168 aut
373 2138 461 2175 quod
485 2138 671 2168 serendum
697 2139 806 2168 erat.»
835 2138 887 2169 W.
912 2156 941 2159 —
975 2139 1026 2169 49.
1053 2140 1117 2169 Sed
1143 2139 1201 2169 W:
1232 2143 1261 2169 et
1286 2140 1330 2174 (23
1358 2142 1392 2169 αι
1417 2140 1456 2170 Ο.
1484 2139 1545 2170 «Et
1571 2139 1676 2179 (quod
1702 2138 1831 2170 Klotzio
1852 2140 1907 2170 est

120 2189 190 2220 und
214 2188 297 2218 noch
321 2187 422 2227 dazu)
449 2189 523 2218 tum
549 2187 693 2218 denium
721 2187 802 2218 ferri
830 2189 978 2228 poterat,
1006 2189 1033 2219 si
1059 2187 1220 2219 abesset:
1256 2190 1292 2219 Ul
1315 2190 1450 2220 credam
1474 2190 1524 2220 ita
1548 2198 1625 2220 esse.
1662 2191 1762 2221 Nunc
1786 2190 1906 2230 requi-

117 2240 210 2270 ritur
234 2239 291 2268 aut
315 2238 372 2274 At,
400 2239 435 2268 ut
461 2236 607 2268 Orellius
635 2246 675 2268 ex
700 2238 865 2268 Boulierii
891 2238 1093 2269 coniectura
1121 2239 1260 2279 scripsit
1289 2239 1356 2278 (IV,
1385 2239 1403 2270 8
1428 2239 1571 2271 Arc-het.
1598 2243 1627 2270 et
1652 2248 1714 2280 pro
1739 2241 1805 2279 αι)7
1833 2241 1903 2277 aut,

118 2290 155 2320 ut
180 2296 244 2328 ego
270 2286 408 2325 malim,
441 2288 514 2323 Secz,
549 2288 591 2319 cs.
619 2288 659 2326 ll,
688 2286 747 2319 47:
783 2287 818 2318 Si
845 2288 893 2327 (Ξ
922 2287 968 2326 ut)
994 2288 1075 2318 nihil
1103 2292 1182 2320 esset
1213 2289 1323 2327 aliud,
1355 2290 1437 2320 mliii
1461 2293 1539 2321 esset
1562 2290 1690 2321 homine
1714 2290 1904 2329 deformius.

118 2339 182 2370 Sed
204 2341 336 2377 praesto
355 2340 399 2368 est
417 2355 434 2359 -
447 2354 463 2359 —
478 2337 578 2367 ratio.
600 2338 623 2375 l,
642 2336 702 2368 49:
730 2340 772 2367 uc
796 2338 845 2368 ita
861 2338 913 2374 sit,
940 2339 1020 2376 quid
1036 2355 1053 2360 —
1068 2356 1085 2361 —
1101 2339 1310 2378 gloriosum?
1332 2341 1400 2371 Nec
1416 2344 1524 2372 lamen
1541 2342 1592 2380 (z
1608 2341 1682 2372 Non
1701 2341 1829 2379 tamen)
1843 2359 1861 2363 -
1874 2358 1904 2372 -.

121 2390 231 2420 Uc--
248 2388 414 2426 adferret,
440 2404 488 2409 —-
505 2388 694 2427 f1·a.nyeret‚·
733 2390 779 2418 lot
802 2391 941 2418 aulem
966 2390 1033 2419 cet.
1072 2388 1103 2427 (ἓ
1130 2390 1169 2420 45
1195 2390 1335 2421 Arcliet.
1363 2391 1409 2421 Et
1441 2392 1600 2429 quoniam
1630 2399 1693 2431 pro
1725 2392 1793 2422 Set
1817 2399 1907 2431 quo-

120 2437 261 2477 niam.)»
289 2437 342 2468 W.
374 2454 407 2458 -
437 2436 489 2467 22.
516 2437 565 2467 liis
590 2437 613 2467 C
643 2454 678 2458 —
711 2438 844 2468 «Miror
868 2438 1087 2477 Tregder-um
1112 2447 1155 2469 ex
1180 2438 1254 2470 solo
1280 2440 1426 2471 Gudiani
1452 2440 1627 2472 collatoris
1652 2440 1695 2471 dc
1722 2442 1745 2472 R
1771 2440 1908 2472 silentio

119 2489 169 2521 sic
195 2487 399 2528 scripsisse:
428 2487 586 2517 discessus
612 2486 661 2517 ab
686 2487 833 2518 omnibus
856 2487 915 2523 iis,
943 2497 1028 2525 quae
1051 2492 1125 2519 sunt
1149 2488 1233 2519 bona
1260 2489 1314 2529 (cs.
1343 2490 1386 2520 de
1412 2490 1477 2521 hac
1501 2492 1706 2522 attractione
1733 2490 1906 2523 Emendd.

121 2539 206 2579 Epp.
234 2545 266 2577 p.
295 2536 330 2575 8)
364 2536 399 2566 in
431 2538 512 2567 cita.
546 2537 642 2575 l'ide,
678 2545 717 2567 ne
742 2537 924 2577 (discessus)
948 2538 1046 2568 molis
1069 2539 1133 2568 dici
1157 2540 1267 2570 vei-ius
1293 2541 1408 2578 possit.
1442 2541 1479 2571 ln
1506 2541 1528 2571 R
1555 2540 1634 2579 fuit,
1660 2543 1698 2572 ut
1722 2541 1755 2572 in
1781 2541 1908 2572 ceteris

122 2588 240 2625 codd..
268 2596 289 2618 α
314 2586 420 2618 malis.
456 2587 545 2625 Sed,
572 2590 609 2618 ut
635 2587 857 2628 Archetypus
882 2597 903 2618 α
928 2597 997 2618 nou
1022 2588 1223 2625 habuisset,
1258 2592 1375 2621 tamen
1402 2592 1497 2621 recte
1523 2592 1619 2621 esset
1643 2591 1813 2622 additum.
1855 2593 1907 2622 An

122 2638 282 2670 Ciceroni
307 2636 418 2675 licuit,
448 2639 484 2668 ut
508 2638 630 2668 reditus
646 2637 821 2675 Narbone,
849 2638 899 2669 sic
916 2638 1072 2669 discessus
1091 2640 1189 2669 malis
1205 2639 1325 2671 dicere
1337 2641 1353 2670 ‘l
1379 2641 1447 2680 Ego
1466 2641 1509 2671 ad
1528 2641 1567 2679 V,
1587 2641 1638 2672 80.
1659 2640 1907 2672 demonstrare

122 2688 278 2720 conabor
302 2687 520 2727 antiquiores
546 2695 672 2726 prosae
699 2687 865 2718 orationis
890 2688 1082 2727 scriptores
1109 2688 1340 2727 (Ciceronem,
1369 2691 1574 2723 Caesarem,
1600 2689 1813 2728 Sallustium,
1839 2691 1909 2721 Ne-

121 2739 253 2780 potem)
283 2747 324 2769 ne
349 2737 451 2768 verba
475 2736 619 2777 quidem
646 2746 727 2769 cum
754 2736 1048 2778 inseparabilibus
1073 2737 1252 2777 particulis
1277 2739 1342 2776 dis,
1377 2747 1432 2777 re,
1458 2748 1490 2769 se
1517 2740 1709 2780 composita
1735 2748 1907 2780 umquam

123 2788 166 2820 de
192 2790 289 2820 motu
315 2787 430 2827 aliquo
456 2787 521 2818 nisi
545 2787 662 2818 addita
689 2788 949 2828 praepositione
975 2786 1043 2826 (ab,
1070 2796 1124 2825 eas,
1151 2786 1201 2826 de)
1227 2787 1399 2826 posuisse.
1437 2788 1486 2819 (If.
1511 2788 1648 2830 Madvig
1673 2790 1690 2830 ἓ
1715 2790 1789 2829 264,
1818 2799 1850 2821 n.
1874 2789 1905 2821 3.

123 2841 175 2870 An
199 2838 397 2878 Tregderus
420 2837 518 2868 malis
541 2837 770 2868 materialiter·
794 2838 948 2877 positum
973 2839 1021 2877 (Ξ
1046 2835 1202 2875 «nialis»)
1228 2836 1368 2876 intelligi
1394 2837 1529 2869 voluit?
1554 2840 1608 2871 Sic
1634 2843 1730 2872 certe
1755 2841 1863 2872 auth.
1883 2839 1903 2871 l.

123 2887 313 2919 dicendum
339 2888 401 2919 suit
423 2888 516 2918 mala
540 2890 600 2918 aut
622 2891 698 2918 ante
722 2887 763 2918 ab
787 2887 956 2925 omnibus,
990 2895 1074 2926 quae
1097 2890 1171 2917 sunt
1198 2887 1229 2917 in
1254 2888 1344 2925 vila,
1378 2888 1502 2919 bonis.
1538 2889 1588 2921 Cs.
1616 2891 1671 2927 111,
1698 2890 1739 2920 20
1763 2890 1797 2920 in
1820 2891 1907 2921 invi-

123 2938 278 2970 dentiam.
306 2938 379 2968 Non
403 2937 476 2967 dixi
499 2937 665 2968 invidiam
691 2937 761 2977 (ubi
786 2939 906 2969 tamen
925 2937 1049 2968 Cicero
1075 2936 1222 2968 fortasse
1245 2937 1294 2968 sic
1310 2938 1468 2978 scripsit,
1493 2940 1532 2970 ut
1556 2942 1610 2971 est
1626 2940 1719 2980 apud
1736 2941 1905 2971 Nonium:

123 2988 165 3019 in
187 2989 364 3024 invidiam3
393 2986 435 3018 cf.
463 2986 481 3026 g
506 2986 547 3018 54
573 2989 605 3018 et
622 2988 662 3025 V,
683 2988 756 3025 4⁴4,
788 2988 846 3018 ubi
865 2987 1088 3028 Archetypus
1113 2987 1147 3017 in
1171 2988 1251 3018 ante
1276 2987 1331 3018 i'n-
1355 2988 1493 3027 omisit).
1521 2997 1554 3029 p.
1575 2988 1692 3020 Caelio
1718 2989 1795 3030 §32
1818 2998 1908 3021 cum

123 3037 218 3068 istius
246 3037 394 3068 mulieris
423 3038 535 3074 viro;
563 3037 702 3076 fratre
726 3038 815 3069 volui
840 3039 946 3069 dicere
971 3039 1012 3078 (ν.
1038 3036 1140 3069 Orell.
1168 3036 1242 3068 Vol.
1272 3038 1311 3068 ΙΙ.
1337 3039 1373 3069 P.
1401 3039 1427 3068 ll
1453 3047 1486 3078 p.
1514 3038 1588 3070 639.
1615 3039 1651 3071 T.
1678 3040 1718 3071 D.
1745 3040 1784 3078 V,
1812 3039 1905 3078 405);

125 3087 161 3118 T.
187 3087 227 3117 D.
254 3087 286 3120 Ι,
313 3086 353 3117 93
378 3090 472 3118 ante
495 3091 621 3126 tempus
639 3104 704 3119 --.
733 3089 827 3127 Quod
851 3089 982 3119 candem
1007 3087 1157 3127 tempus?
1182 3089 1231 3128 (Ξ
1256 3088 1356 3119 Rosc.
1384 3090 1501 3119 Amet.
1530 3088 1548 3128 ἓ
1574 3088 1626 3120 74.
1658 3090 1731 3121 Cat.
1753 3090 1795 3121 M.
1816 3089 1833 3129 S
1853 3090 1905 3125 45;

127 3144 177 3167 or.
204 3137 238 3167 in
262 3136 298 3167 T.
326 3136 436 3168 Cand.
464 3146 497 3177 p.
524 3137 564 3168 89
590 3137 645 3168 ed.
673 3138 798 3169 Baiteri
824 3139 1038 3179 praepositio
1064 3138 1223 3169 additur:
1254 3138 1279 3169 A
1304 3138 1608 3178 quibus-—petis?
1632 3140 1657 3170 A
1676 3138 1908 3179 principibus?

127 3202 176 3208 -—
190 3186 215 3217 A
239 3186 471 3217 senatoribus?
488 3204 504 3209 -
522 3205 540 3210 -
556 3187 601 3218 Ab
625 3189 769 3228 equestri
792 3188 933 3219 ordine?
948 3206 996 3211 —-
1012 3189 1038 3220 Α
1058 3188 1149 3228 plebe
1159 3188 1188 3228 5³)
1213 3190 1264 3219 An
1287 3187 1487 3227 Tregder-us
1512 3197 1580 3219 non
1606 3188 1718 3220 solum
1737 3189 1906 3225 discessus,

129 3235 193 3267 sed
218 3237 322 3267 etiam
348 3245 369 3267 α
393 3235 533 3277 intelligi
559 3245 662 3277 posse
688 3239 844 3278 putavit?
870 3239 941 3278 Ego
967 3247 1037 3270 non
1062 3246 1167 3279 posse
1193 3238 1288 3278 puto,
1315 3246 1386 3268 non
1411 3237 1488 3278 plus
1510 3247 1615 3278 quam
1641 3238 1727 3269 infra
1752 3240 1786 3269 et
1810 3240 1828 3277 5·
1852 3236 1905 3275 84,

129 3285 190 3318 ubi
213 3286 309 3319 idem
333 3286 477 3318 dicitur:
510 3295 532 3317 α
564 3286 680 3326 malis,
712 3295 778 3319 izon
801 3296 823 3319 a
847 3287 956 3328 bonis,
991 3289 1025 3319 et
1049 3287 1067 3328 ἓ
1092 3288 1133 3320 δῦ
1157 3292 1272 3319 utrum
1295 3288 1426 3320 candem
1448 3297 1471 3320 a
1493 3288 1585 3320 bonis
1607 3297 1652 3320 αη
1676 3297 1697 3320 a
1719 3288 1817 3320 malis
1840 3287 1907 3318 dis-
