2249 3624
348 162 429 203 400
952 161 1023 200 DE
1054 159 1280 200 DEORUM
1309 159 1526 200 NATURA

349 269 536 309 omnium
568 280 653 307 non
685 265 807 305 modo
840 265 1175 318 superstitionem
1207 266 1378 314 tollunt,
1409 266 1451 305 in
1483 278 1565 319 qua
1587 265 1696 305 inest
1719 266 1846 305 timor
1864 265 2000 305 inanis
2022 265 2120 306 deo-

347 346 458 378 rum,
491 331 564 371 sed
596 329 719 368 etiam
741 327 1008 379 religionem,
1042 341 1150 380 quae
1173 327 1347 367 deorum
1369 327 1483 367 cultu
1504 327 1574 379 pio
1597 327 1846 367 continetur.
1890 324 1985 367 448.
2007 327 2120 376 Quid

346 394 397 441 ii,
431 394 502 446 qui
535 392 732 431 dixerunt
764 395 891 429 totam
923 389 973 428 de
1005 389 1068 428 dis
1099 390 1388 429 inmortalibus
1421 390 1660 442 opinionem
1695 388 1829 429 fictam
1853 403 1944 429 esse
1965 391 2017 430 ab
2045 390 2122 429 ho-

346 456 529 495 minibus
563 453 823 506 sapientibus
856 453 914 491 rei
946 453 1137 505 publicae
1169 465 1315 499 causa,
1354 457 1420 498 ut,
1459 464 1567 503 quos
1597 451 1703 490 ratio
1735 464 1820 490 non
1851 457 2015 504 posset,
2047 465 2121 492 eos

314 527 331 554 5
346 517 397 557 ad
419 515 600 556 officium
624 514 770 566 religio
794 514 984 560 duceret,
1007 527 1147 553 nonne
1170 527 1335 552 omnem
1357 514 1603 566 religionem
1624 513 1813 554 funditus
1836 514 2120 554 sustulerunt?

347 579 459 626 Quid
490 577 689 617 Prodicus
724 576 839 623 Cius,
873 577 945 629 qui
979 590 1048 623 ea,
1081 589 1188 629 quae
1212 576 1461 628 prodessent
1482 576 1695 616 hominum
1720 576 1848 623 vitae,
1881 577 2055 615 deorum
2078 576 2121 615 in

345 653 520 680 numero
552 639 693 678 habita
726 652 816 677 esse
840 639 966 686 dixit,
1000 652 1124 692 quam
1149 639 1315 678 tandem
1338 639 1586 691 religionem
1608 638 1813 691 reliquit?
1861 635 1953 677 119.
1978 638 2121 686 Quid?

347 704 418 755 qui
452 708 522 741 aut
551 701 670 740 fortis
703 706 774 740 ant
805 701 940 741 claros
972 707 1043 741 aut
1074 701 1255 754 potentis
1287 702 1398 741 viros
1430 701 1601 740 tradunt
1632 706 1727 753 post
1751 705 1926 740 mortem
1944 700 1995 740 ad
2019 700 2120 740 deos

346 764 586 817 pervenisse
619 776 776 816 eosque
800 776 890 802 esse
918 765 1054 816 ipsos,
1090 777 1194 816 quos
1216 776 1292 802 nos
1315 764 1474 810 colere,
1508 763 1666 816 precari
1689 763 1965 815 venerarique
1988 763 2122 802 solea-

295 838 330 867 40
346 840 458 872 mus,
492 839 630 864 nonne
664 831 858 878 expertes
891 832 987 865 sunt
1016 825 1266 877 religionum
1299 826 1517 865 omnium?
1564 826 1683 873 Quae
1710 825 1815 865 ratio
1838 826 2017 864 maxime
2040 830 2122 864 tra-

346 895 454 928 ctata
485 888 535 927 ab
559 888 794 927 Euhemero
818 894 894 934 est,
927 901 1051 940 quem
1074 894 1216 927 noster
1237 893 1278 926 et
1303 888 1598 940 interpretatus
1621 893 1662 926 et
1684 892 1850 927 secutus
1873 892 1936 926 est
1957 892 2122 940 praeter

344 955 504 990 ceteros
535 951 709 989 Ennius.
756 950 816 989 Ab
847 951 1083 989 Euhemero
1115 956 1252 989 autem
1277 956 1317 989 et
1338 955 1492 989 mortes
1514 955 1553 989 et
1575 949 1809 1002 sepulturae
1832 948 2121 989 demonstran-

343 1019 410 1053 tur
441 1013 629 1052 deorum.
677 1013 823 1052 Utrum
854 1013 982 1065 igitur
1011 1012 1079 1052 hic
1112 1009 1378 1052 confirmasse
1401 1011 1569 1051 videtur
1599 1012 1846 1063 religionem
1869 1024 1920 1051 an
1950 1010 2118 1064 penitus

344 1081 471 1116 totam
502 1075 757 1115 sustulisse?
805 1074 962 1115 Omitto
994 1075 1235 1114 Eleusinem
1266 1080 1451 1114 sanctam
1482 1075 1595 1114 illam
1627 1079 1668 1113 et
1699 1080 1937 1127 augustam,

294 1151 329 1180 45
627 1138 715 1177 Ubi
746 1137 1048 1177 initiantur
1078 1142 1266 1190 gentes
1298 1150 1507 1176 orarum
1540 1137 1782 1184 ultimae,

343 1207 562 1255 praetereo
595 1200 921 1240 Samothraciam
955 1213 1108 1253 eaque,
1142 1212 1249 1252 quae
1281 1199 1428 1238 Lemni

656 1264 926 1302 Nocturno
960 1261 1108 1301 aditu
1139 1261 1358 1301 occulta
1389 1262 1640 1301 coluntur

656 1324 1024 1365 Silvestribus
1056 1324 1310 1377 saepibus
1343 1324 1528 1372 densa,

343 1390 494 1443 quibus
533 1388 753 1441 explicatis
796 1387 848 1426 ad
880 1387 1172 1440 rationemque
1203 1387 1408 1426 revocatis
1440 1400 1579 1426 rerum
1611 1386 1743 1439 magis
1786 1392 1932 1426 natura
1963 1399 2119 1440 cogno-

291 1464 328 1493 20
343 1453 472 1493 scitur
502 1464 627 1504 quam
660 1449 848 1489 deorum.

455 1514 603 1553 XLIII.
636 1510 730 1554 111‘20.
764 1512 865 1551 Mihi
898 1511 1068 1565 quidem
1109 1511 1233 1552 etiam
1265 1511 1548 1559 Democritus,
1584 1511 1648 1551 vir
1678 1524 1851 1564 magnus
1884 1511 1928 1551 in
1957 1511 2117 1565 primis,

342 1577 458 1617 cuius
488 1575 674 1615 fontibus
707 1576 914 1627 Epicurus
944 1575 1132 1614 hortulos
1164 1587 1263 1613 suos
1296 1573 1512 1626 inrigavit,
1546 1579 1692 1614 nutare
1714 1574 1878 1614 videtur
1907 1575 1951 1614 in
1971 1579 2119 1614 natura

341 1640 528 1679 deorum.
579 1639 685 1676 Tum
724 1638 834 1677 enim
868 1643 1011 1676 censet
1051 1636 1254 1688 imagines
1286 1636 1505 1676 divinitate
1537 1636 1746 1689 praeditas
1776 1636 1917 1676 inesse
1947 1637 1991 1676 in
2025 1637 2119 1676 uni-

339 1701 536 1741 versitate
567 1713 719 1747 rerum‚
752 1705 837 1738 tum
870 1699 1079 1752 principia
1108 1699 1272 1745 mentis,
1304 1712 1412 1752 quae
1435 1699 1516 1739 sint
1536 1700 1580 1738 in
1603 1699 1749 1738 eodem
1774 1700 1983 1747 universo,
2015 1698 2116 1739 deos

289 1777 326 1806 25
341 1777 433 1804 esse
466 1763 588 1809 dicit,
620 1769 707 1802 tum
739 1764 971 1802 animantes
1004 1762 1230 1814 imagines,
1264 1774 1370 1813 quae
1397 1761 1462 1801 vel
1495 1761 1694 1814 prodesse
1724 1761 1847 1800 nobis
1870 1761 2032 1802 soleant
2051 1761 2118 1802 vel

339 1840 516 1873 nocere,
547 1831 635 1865 tum
657 1825 839 1877 ingentis
863 1825 1063 1878 quasdam
1086 1823 1287 1876 imagines
1311 1828 1550 1877 tantasque,
1583 1829 1630 1863 ut
1652 1824 1892 1864 universum
1914 1824 2115 1864 mundum

339 1889 660 1942 conplectantur
681 1888 964 1926 extrinsecus:
990 1900 1097 1939 quae
1121 1886 1293 1939 quidem
1316 1887 1457 1926 omnia
1479 1892 1577 1926 sunt
1598 1886 1732 1939 patria
1750 1887 1972 1927 Democriti
1991 1900 2117 1941 quam

337 1951 574 1991 Democrito
607 1950 810 2002 digniora.
874 1946 964 1988 1121.
997 1949 1100 1997 Quis
1124 1949 1233 1987 enim
1258 1949 1357 1988 istas
1379 1949 1583 2001 imagines
1608 1948 1954 2002 conprehendere
1978 1948 2116 1989 animo

336 2015 510 2068 potest?
558 2013 650 2066 quis
683 2012 905 2051 admirari?
951 2013 1045 2065 quis
1085 2017 1157 2051 aut
1198 2011 1312 2051 cultu
1351 2017 1424 2051 aut
1464 2011 1669 2064 religione
1709 2010 1856 2064 dignas
1897 2010 2116 2051 iudicare?

287 2078 540 2130 30Epicurus
572 2089 670 2115 vero
702 2088 755 2114 ex
787 2075 936 2114 animis
966 2074 1181 2113 hominum
1212 2075 1394 2114 extraxit
1423 2074 1623 2114 radicitus
1648 2073 1917 2126 religionem,
1948 2087 2042 2114 cum
2073 2075 2116 2113 in

339 2139 401 2179 dis
424 2137 715 2178 inmortalibus
740 2143 781 2176 et
804 2150 925 2189 opem
949 2143 988 2176 et
1012 2139 1185 2189 gratiam
1209 2137 1390 2176 sustulit.
1440 2136 1542 2176 Cum
1568 2137 1677 2176 enim
1701 2137 1901 2189 optimam
1925 2142 1965 2175 et
1995 2148 2115 2188 prae-

337 2200 633 2259 stantissimam
674 2204 866 2238 naturam
907 2198 973 2238 dei
1016 2199 1125 2239 dicat
1163 2213 1275 2246 esse,
1318 2206 1443 2252 negat
1473 2200 1585 2239 idern
1618 2213 1709 2239 esse
1741 2200 1784 2238 in
1816 2199 1895 2238 deo
1928 2198 2114 2251 gratiam.

337 2263 465 2303 Tollit
504 2261 569 2309 id,
612 2261 724 2315 quod
768 2261 948 2300 maxime
988 2262 1205 2313 proprium
1238 2267 1300 2301 est
1330 2263 1512 2315 optimae
1545 2261 2012 2314 praestantissimaeque
2042 2273 2115 2300 na-

338 2332 470 2366 turae.
518 2324 627 2373 Quid
661 2324 771 2363 enim
804 2324 951 2363 melius
983 2329 1054 2363 aut
1086 2323 1188 2376 quid
1220 2325 1498 2378 praestantius
1530 2324 1714 2363 bonitate
1746 2329 1787 2363 et
1806 2320 2113 2363 beneficentia?

287 2403 323 2432 35
340 2389 435 2436 Qua
465 2401 559 2428 cum
592 2400 731 2427 carere
763 2387 887 2426 deum
918 2386 1062 2433 vultis,
1095 2387 1305 2426 neminem
1339 2386 1417 2426 deo
1450 2400 1528 2427 nec
1549 2387 1673 2426 deum
1705 2400 1781 2426 nec
1812 2386 2024 2426 hominem
2047 2399 2114 2425 ca-

338 2465 449 2499 rum,
493 2450 705 2490 neminem
743 2450 794 2489 ab
842 2463 892 2489 eo
939 2449 1089 2497 amari,
1135 2449 1346 2489 neminem
1388 2449 1504 2502 diligi
1543 2449 1679 2489 vultis.
1743 2450 1805 2489 Ita
1848 2448 1896 2488 fit
1945 2453 1992 2488 ut
2029 2461 2113 2488 non

427 2637 457 2667 4.
483 2636 718 2675 supet-stionem
740 2636 768 2666 A
803 2652 835 2656 —
870 2634 902 2665 ἱ).
931 2634 1014 2674 Quid
1044 2635 1067 2665 ii
1098 2643 1167 2665 om.
1196 2634 1219 2665 C
1248 2651 1282 2656 —
1317 2634 1347 2665 6.
1370 2635 1532 2674 prodiyus
1555 2632 1583 2666 <21
1610 2651 1644 2655 —
1685 2634 1760 2665 Cius
1781 2633 1978 2665 Victorius:
2011 2632 2113 2664 chiuis

338 2687 402 2718 AB
419 2688 465 2717 C2
493 2686 582 2717 clzins
606 2687 653 2722 E;
682 2685 763 2717 Ceus
787 2686 811 2716 O
840 2703 873 2707 —
902 2685 932 2715 7.
959 2685 1100 2724 reliquid
1125 2682 1160 2715 Β11
1189 2702 1224 2706 -
1252 2684 1303 2715 -Η,
1331 2685 1500 2715 euhemero
1525 2683 1626 2715 A²Ct
1663 2684 1854 2715 heuhemero
1878 2684 1927 2721 B;
1960 2683 2113 2715 heumero

338 2739 397 2773 A¹;
430 2737 557 2768 hemero
583 2736 606 2767 E
642 2753 676 2757 —
711 2736 762 2766 1¹2.
790 2735 1036 2765 demonstratur
1059 2737 1085 2765 Α
1120 2752 1155 2755 -
1190 2734 1239 2765 43.
1266 2734 1298 2764 hi
1323 2732 1362 2765 Α1
1389 2752 1423 2756 -
1459 2733 1511 2766 44.
1538 2735 1636 2765 omito
1661 2736 1687 2765 Α
1716 2751 1751 2756 -
1785 2733 1957 2765 eleusinem
1979 2733 2108 2766 ACE:

338 2784 483 2817 eleusine}
507 2787 530 2817 B
549 2796 554 2823 ;
581 2785 735 2816 Eleusina
761 2785 797 2815 Ο.
826 2784 875 2815 Cf.
903 2794 935 2824 p.
957 2783 1031 2821 246,
1052 2784 1104 2815 20.
1127 2802 1160 2806 —
1190 2784 1241 2814 115.
1268 2784 1428 2815 horarum
1452 2786 1477 2815 A
1497 2781 1558 2820 C¹;
1585 2785 1662 2814 ora'z'
1678 2782 1823 2824 Bentley
1841 2785 1873 2815 in
1892 2785 1972 2815 Hor.
1994 2784 2108 2815 Carm.

339 2837 363 2873 Ι,
390 2836 442 2869 35,
470 2835 521 2866 29.
548 2853 590 2856 -
616 2835 668 2866 16,
693 2835 931 2865 samon-actam
957 2835 1020 2865 AC
1049 2851 1082 2855 —
1110 2842 1213 2872 eaque
1239 2836 1310 2872 (que
1327 2834 1360 2865 in
1378 2834 1460 2872 ras.)
1486 2835 1513 2864 A
1533 2850 1566 2855 ——
1601 2832 1647 2864 17.
1675 2833 1804 2865 occulta
1826 2834 1980 2865 coluntur
2003 2833 2109 2873 aditu,

338 2886 401 2918 sed
426 2885 551 2917 additis
577 2885 828 2926 transponendi
853 2885 955 2921 notis,
984 2884 1008 2915 C
1036 2901 1070 2905 —
1101 2884 1151 2915 48.
1178 2883 1328 2922 saepibus
1352 2892 1421 2915 om.
1447 2884 1471 2915 C
1492 2900 1525 2905 -
1555 2883 1606 2915 49.
1634 2885 1862 2922 rationemque
1888 2883 2009 2923 (quein
2027 2881 2108 2922 ras.)

336 2938 364 2967 A
397 2954 431 2958 -
466 2937 516 2966 ¹22.
543 2937 696 2974 epicurus
725 2944 814 2966 corr.
847 2944 889 2965 ex
919 2934 1084 2973 epicurius
1113 2936 1139 2964 A
1176 2951 1210 2955 —
1247 2937 1362 2964 notare
1396 2930 1431 2964 13¹
1470 2951 1503 2955 —
1548 2934 1601 2964 ⁴23.
1627 2937 1733 2965 censet
1763 2942 1853 2965 corr.
1881 2942 1923 2965 ex
1952 2933 2053 2964 censit
2082 2933 2109 2963 A

339 3003 374 3007 —
403 2987 502 3016 inesse
532 2986 561 3016 z'n
591 2986 738 3016 uniuersi
766 2988 840 3015 sunt
867 2985 899 3015 in
925 2984 1035 3015 eodem
1058 2985 1212 3014 uniuerso
1237 2984 1311 3015 deos
1334 2992 1398 3014 esse
1422 2984 1455 3014 in
1479 2982 1694 3015 uniuersitate
1722 2984 1800 3014 dicit
1830 2986 1900 3023 tum
1928 2983 2110 3014 animantes

336 3035 469 3073 (verbis
494 3039 566 3065 sunl
591 3037 623 3065 et
650 3036 679 3065 in
705 3035 922 3065 unium-sicam
945 3034 1127 3074 expunctis
1151 3036 1256 3073 atque
1281 3032 1325 3064 ab
1351 3031 1428 3071 alia,
1458 3033 1522 3064 sed
1547 3032 1686 3072 antiqua
1714 3041 1819 3064 manu
1843 3031 1953 3064 verbo
1976 3033 2051 3062 sunt
2073 3031 2108 3061 in

338 3087 494 3125 margine
520 3086 572 3115 bis
596 3084 813 3116 substitutis:
842 3087 908 3115 late
931 3092 1043 3114 rerum
1067 3087 1135 3113 lum
1156 3084 1323 3122 principia
1348 3087 1467 3114 mentes
1491 3092 1576 3122 quae
1593 3082 1680 3122 sunt)
1697 3084 1724 3114 A
1743 3100 1779 3104 —
1806 3081 1858 3113 24.
1885 3083 2008 3112 mentes
2029 3080 2108 3111 ΑΒι

338 3137 402 3168 CE
430 3153 464 3157 —-
490 3136 553 3166 sint
580 3134 820 3166 Heindortius:
851 3137 926 3165 sunt.
950 3132 1030 3165 ³210.
1058 3133 1107 3165 Cf.
1135 3133 1421 3164 Schoemannum
1448 3132 1536 3163 Diss.
1565 3133 1590 3163 11
1616 3140 1650 3172 p.
1671 3132 1723 3162 46.
1751 3132 1778 3161 V
1802 3140 1836 3172 p.
1856 3131 1908 3161 42.
1930 3147 1966 3152 —
1991 3129 2026 3160 in
2050 3137 2106 3159 eo-

337 3186 409 3217 dem
432 3185 602 3216 uniuersos
625 3185 698 3214 deos
724 3185 748 3215 C
777 3201 808 3206 -
838 3184 890 3214 25.
917 3184 1041 3214 soleant
1065 3183 1111 3214 E:
1149 3182 1249 3213 solent
1273 3185 1298 3213 A
1313 3183 1336 3212 B
1353 3183 1376 3213 C
1393 3183 1417 3213 Ο
1443 3198 1478 3203 -
1505 3183 1558 3213 27.
1580 3182 1683 3221 paria
1707 3182 1731 3213 C
1747 3182 1772 3213 E
1800 3198 1834 3203 —
1862 3189 1963 3220 quam
1986 3180 2107 3210 Demo-

336 3237 419 3267 crito
444 3244 513 3266 om.
532 3232 571 3266 Α1
592 3252 627 3256 -
653 3235 705 3266 30.
732 3235 898 3272 eptem-tus
913 3230 951 3265 A¹
972 3251 1007 3255 -
1034 3233 1068 3264 in
1092 3231 1246 3264 Halmius
1266 3230 1352 3271 (coll.
1372 3241 1404 3263 V.
1424 3231 1475 3271 32)
1494 3241 1500 3262 z
1527 3240 1597 3263 om.
1618 3230 1646 3263 <21
1661 3232 1685 3263 O
1703 3249 1745 3254 ——
1769 3231 1822 3262 34.
1844 3229 2104 3271 praestantissu-

338 3295 429 3318 mam
453 3294 543 3317 corr.
567 3293 610 3317 ex
630 3285 833 3324 praestantis
855 3292 1018 3315 summam
1041 3283 1066 3315 B
1094 3299 1129 3304 -
1156 3281 1210 3315 34.
1237 3282 1322 3315 enim
1346 3280 1398 3316 21:
1425 3283 1511 3315 enim
1535 3281 1602 3323 [est]
1629 3282 1654 3314 O
1682 3298 1716 3304 —-
1746 3280 1825 3322 quid
1848 3288 1919 3313 om.
1946 3277 1997 3312 A¹.
