2249 3624
271 200 353 243 866
994 200 1064 239 DE
1095 200 1320 240 LEGIBUS

272 309 386 349 omni
424 308 502 348 hac
540 306 822 361 disputatione
865 306 923 346 sic
962 306 1139 359 intelligi
1180 307 1300 354 volo,
1341 307 1404 346 ius
1443 307 1555 360 quod
1589 307 1724 347 dicam
1755 314 1906 349 natura
1936 322 2042 357 esse,

271 378 426 411 tantam
459 376 596 411 autem
629 382 721 408 esse
753 368 1033 420 corruptelam
1065 369 1198 408 malae
1230 368 1562 417 consuetudinis,
1593 375 1639 409 ut
1669 371 1720 410 ab
1751 384 1800 411 ea
1829 376 2041 426 tamquam

270 433 441 486 igniculi
474 433 799 484 exstinguantur
827 443 851 470 a
881 436 1029 470 natura
1061 430 1146 470 dati
1178 431 1506 484 exorianturque
1539 437 1580 471 et
1611 433 1912 474 confirmentur
1941 434 2044 474 vitia

270 495 489 536 contraria.
536 494 657 542 Quod
691 493 737 539 si,
770 506 854 546 quo
886 493 1012 532 modo
1045 498 1108 532 est
1138 499 1300 540 natura,
1333 493 1392 533 sic
1412 493 1569 533 iudicio
1591 494 1784 536 homines
1815 495 2042 543 humani,

238 561 315 598 5ut
344 558 403 597 ait
432 561 575 610 poeta,
614 555 744 594 nihil
785 569 808 595 a
844 569 893 595 se
931 554 1154 595 alienum
1191 559 1453 608 putarent,
1488 556 1696 597 coleretur
1723 557 1790 597 ius
1822 571 1959 611 aeque
1989 559 2041 597 ab

269 620 474 660 omnibus.
536 618 696 666 Quibus
736 619 846 658 enim
884 618 991 657 ratio
1031 623 1177 657 natura
1218 618 1313 656 data
1344 622 1427 664 est,
1469 617 1601 658 isdem
1634 619 1759 658 etiam
1792 624 1905 658 recta
1936 620 2042 660 ratio

270 684 363 723 data
397 688 482 728 est,
528 695 626 734 ergo
659 686 700 720 et
730 681 823 727 lex,
864 693 971 734 quae
1014 685 1078 720 est
1116 684 1229 719 recta
1260 680 1366 719 ratio
1397 680 1440 719 in
1472 680 1655 721 iubendo
1687 687 1727 721 et
1757 682 1962 721 vetando:
2009 682 2043 721 si

268 746 358 792 lex,
399 746 464 784 ius
503 757 687 797 quoque.
756 744 808 783 Et
850 742 1045 782 omnibus
1088 742 1224 789 ratio;
1274 742 1337 781 ius
1378 742 1506 794 igitur
1548 742 1689 782 datum
1731 748 1794 782 est
1824 743 2042 784 omnibus:

268 813 467 861 recteque
500 807 692 845 Socrates
734 805 945 846 exsecrari
985 818 1080 844 eum
1124 804 1307 851 solebat,
1350 805 1422 857 qui
1454 804 1613 856 primus
1647 805 1865 845 utilitatem
1899 818 1922 844 a
1952 806 2043 845 iure

220 870 545 915 iOseiunxisset3
589 868 629 907 id
668 869 778 908 enim
821 867 1078 921 querebatur
1115 872 1239 920 caput
1278 879 1370 905 esse
1402 866 1629 906 exitiorum
1662 867 1864 906 omnium.
1924 867 2042 907 Unde

268 939 330 973 est
367 933 439 972 illa
478 931 740 985 Pythagorea
776 944 881 970 vox:
927 928 1035 950 ³¹³*ss
1095 926 1164 968 34.
1211 930 1274 968 Ex
1315 942 1399 981 quo
1439 929 1720 981 perspicitur,
1767 942 1894 983 quom
1934 929 2042 969 hanc

266 995 600 1036 benevolentiam
643 998 726 1032 tam
767 993 849 1032 late
889 991 1104 1045 longeque
1146 991 1341 1030 diffusam
1372 990 1433 1029 vir
1465 991 1633 1043 sapiens
1664 992 1706 1031 in
1737 991 1920 1046 aliquem
1951 992 2042 1046 pari

265 1059 418 1098 virtute
450 1056 683 1110 praeditum
716 1055 960 1101 contulerit,
1002 1060 1090 1094 tum
1121 1053 1227 1093 illud
1260 1051 1392 1099 effici,
1432 1053 1546 1105 quod
1578 1053 1830 1106 quibusdam
1861 1055 2042 1095 incredi-

264 1121 349 1162 bile
390 1119 602 1165 videatur,
647 1119 700 1158 sit
739 1122 879 1157 autem
920 1116 1229 1162 necessarium,
1283 1120 1329 1155 ut
1378 1116 1512 1155 nihilo
1563 1129 1606 1156 se
1646 1117 1737 1169 ipse
1777 1117 1872 1169 plus
1913 1130 2040 1171 quam

216 1183 440 1223 walterum
473 1181 631 1233 diligat.
693 1179 802 1228 Quid
844 1178 955 1219 enim
997 1184 1061 1219 est
1100 1178 1214 1231 quod
1247 1177 1434 1225 differat,
1476 1191 1569 1217 cum
1603 1178 1686 1217 sint
1717 1184 1865 1219 cuncta
1895 1179 2040 1231 paria?

266 1245 390 1294 Quod
430 1244 464 1284 si
504 1244 708 1283 interesse
749 1241 966 1295 quippiam
1011 1241 1217 1280 tantulum
1250 1240 1373 1279 modo
1406 1240 1588 1293 potuerit
1619 1240 1662 1279 in
1693 1241 1896 1288 amicitia,
1939 1241 2042 1280 ami-

265 1307 384 1348 citiae
415 1319 570 1346 nomen
602 1307 682 1345 iam
714 1304 937 1351 occiderit,
980 1303 1099 1343 cuius
1132 1309 1195 1342 est
1226 1316 1274 1342 ea
1305 1303 1390 1349 vis,
1432 1308 1500 1349 ui,
1541 1303 1665 1342 simul
1697 1308 1824 1356 atque
1857 1303 1934 1343 sibi
1966 1303 2042 1343 ali-

265 1371 366 1424 quid
399 1368 503 1409 alter
532 1368 743 1414 maluerit,
776 1367 891 1406 nulla
923 1367 988 1406 sit.
1050 1366 1168 1413 Quae
1202 1365 1553 1418 praemuniuntur
1585 1365 1726 1404 omnia
1756 1365 1923 1419 reliquo
1955 1379 2041 1405 ser-

265 1433 379 1472 moni
412 1430 776 1483 disputationique
807 1434 1001 1476 nostrae,
1044 1441 1127 1481 quo
1170 1427 1335 1467 facilius
1372 1428 1437 1467 ius
1476 1428 1519 1467 in
1551 1433 1702 1467 natura
1733 1441 1825 1467 esse
1856 1429 2039 1481 positum

214 1503 251 1531 ρο
264 1494 449 1546 intellegi
481 1493 623 1546 possit.
674 1493 734 1531 De
767 1505 849 1545 quo
872 1505 996 1545 quom
1020 1503 1231 1543 perpauca
1253 1490 1422 1537 dixero,
1445 1495 1531 1530 tum
1557 1489 1609 1530 ad
1631 1491 1694 1530 ius
1718 1489 1837 1530 civile
1859 1490 2039 1537 veniam,

265 1571 316 1598 ex
349 1570 430 1611 quo
462 1555 565 1594 haec
597 1555 731 1594 omnis
764 1560 826 1594 est
856 1558 954 1593 nata
985 1553 1134 1593 oratio.

376 1619 487 1659 XIII.
534 1615 599 1656 35.
650 1617 696 1666 Q.
739 1618 800 1656 Tu
838 1629 936 1656 vero
974 1616 1058 1654 iam
1089 1627 1298 1668 perpauca
1329 1613 1515 1661 scilicet;
1565 1627 1618 1653 ex
1649 1613 1714 1653 his
1747 1613 1883 1660 enim,
1929 1627 2038 1667 quae

264 1682 407 1724 dixisti
439 1687 458 1695 ⁴
480 1682 503 1692 ’”“
536 1680 692 1726 Attico,
725 1679 890 1718 videtur
920 1678 1021 1717 mihi
1055 1676 1223 1730 quidem
1258 1682 1369 1716 certe
1403 1690 1454 1715 ex
1486 1680 1633 1715 natura
1666 1681 1803 1716 ortum
1836 1689 1928 1715 esse
1958 1677 2037 1716 ius.

262 1747 342 1786 Atc.
383 1747 445 1784 An
478 1743 579 1783 mihi
610 1742 731 1781 aliter
761 1741 894 1780 videri
925 1740 1079 1793 possit,
1123 1752 1219 1778 cum
1251 1738 1354 1778 haec
1384 1739 1465 1778 iam
1498 1737 1682 1791 perfecta
1713 1738 1817 1785 sint,
1857 1740 2038 1791 primum

211 1817 247 1845 25
264 1807 382 1862 quasi
414 1805 656 1845 muneribus
690 1805 863 1843 deorum
896 1816 971 1842 nos
1004 1815 1096 1842 esse
1127 1802 1354 1841 instructos
1386 1806 1428 1840 et
1459 1806 1648 1847 ornatos,
1681 1800 1867 1840 secundo
1897 1806 2037 1840 autem

262 1871 355 1910 loco
388 1882 511 1908 unam
546 1880 637 1906 esse
668 1867 886 1905 hominum
918 1865 1028 1904 inter
1057 1865 1173 1917 ipsos
1205 1863 1374 1903 vivendi
1405 1876 1547 1916 parem
1571 1868 1605 1901 et
1627 1876 1889 1903 communem
1909 1862 2039 1902 ratio-

263 1945 372 1979 nem,
405 1929 558 1970 deinde
590 1942 732 1969 omnes
765 1929 876 1968 inter
907 1941 951 1967 se
982 1926 1163 1966 naturali
1196 1925 1378 1979 quadam
1409 1924 1673 1977 indulgentia
1705 1926 1763 1973 [et
1785 1925 2038 1965 benevolen-

354 2138 383 2167 4.
409 2136 460 2166 ius
484 2142 554 2164 om.
574 2134 611 2171 C,
639 2132 773 2163 addidit
796 2132 961 2163 Pearcius
989 2149 1023 2153 —
1051 2140 1114 2169 quo
1139 2131 1176 2161 de
1201 2130 1309 2160 (licam
1332 2130 1458 2170 Zumpt
1482 2147 1524 2152 —
1547 2132 1674 2159 natura
1700 2128 1907 2160 Lambinus:
1933 2131 2036 2159 natu-

263 2197 339 2219 ram
363 2187 387 2218 C
403 2186 447 2222 O3
475 2185 549 2224 ipse
575 2182 711 2214 malim:
739 2186 863 2213 natura
886 2182 987 2212 inesse
1011 2199 1053 2203 —
1077 2181 1107 2212 3.
1136 2180 1283 2220 agniculi
1309 2180 1335 2210 II
1365 2197 1397 2201 -
1425 2181 1493 2211 emt.
1520 2179 1579 2210 AB
1607 2195 1641 2200 —
1670 2178 1702 2210 4.
1722 2186 1786 2217 quo
1801 2186 1846 2209 m.
1864 2177 1949 2208 iubet
1966 2180 2036 2209 nat.

265 2237 391 2268 Davies
419 2252 454 2257 —
481 2235 512 2265 5.
535 2237 633 2272 pocla
656 2235 692 2263 ut
714 2231 796 2262 nihil
819 2228 891 2262 A¹B
919 2248 953 2252 —
981 2231 1147 2275 aeqquess
1177 2247 1211 2251 —
1239 2228 1445 2260 abominibus
1461 2230 1486 2260 A
1517 2246 1552 2250 —
1580 2228 1611 2259 6.
1630 2231 1755 2258 natura
1771 2228 1848 2258 AB:
1877 2230 2040 2258 anatum

266 2287 331 2318 ΗΟ
358 2287 437 2326 (non
463 2286 545 2315 item
570 2282 608 2321 A)
636 2299 670 2303 —
698 2282 813 2312 iisdem
837 2282 862 2312 O
889 2298 923 2303 —
961 2281 992 2312 8.
1020 2284 1049 2311 ec
1074 2281 1118 2311 C:
1145 2280 1185 2310 At
1210 2280 1234 2310 O
1259 2288 1301 2310 ex
1325 2281 1446 2310 vetere
1472 2279 1581 2314 coni.;
1617 2278 1660 2310 cf.
1687 2277 1806 2309 Feldh.
1833 2276 1878 2307 ad
1901 2276 1934 2307 h.
1955 2275 1976 2308 l.
2004 2277 2040 2307 et

265 2337 307 2368 M.
328 2334 490 2375 Seyfferti
515 2331 628 2364 Schol.
650 2333 721 2363 Lat.
743 2333 767 2367 l,
788 2331 847 2362 487
876 2348 911 2353 —
939 2330 970 2362 9.
997 2339 1018 2361 α
1035 2331 1105 2361 iure
1129 2330 1270 2361 Davies:
1299 2333 1442 2360 naturae
1467 2329 1505 2367 C,
1532 2337 1554 2358 a
1576 2331 1704 2359 natura
1728 2328 1753 2359 O
1780 2343 1816 2349 -
1845 2327 1896 2357 40.
1915 2327 2040 2357 seiunc-

263 2387 363 2417 :cissec
388 2386 410 2416 B
427 2386 453 2416 H
492 2402 527 2407 -
565 2382 673 2421 capud
699 2381 777 2412 3¹11
816 2398 849 2402 —
889 2381 975 2411 uncle
998 2383 1043 2411 est
1067 2380 1260 2410 Manutius:
1293 2379 1378 2409 unde
1401 2379 1488 2409 enim
1513 2378 1550 2414 C.
1578 2377 1641 2409 sed
1665 2376 1775 2408 habet
1797 2377 1825 2407 A
1848 2376 1935 2407 unde
1958 2384 2036 2416 sup.

264 2435 323 2467 lin.
351 2444 395 2466 m
418 2435 456 2469 22
482 2434 567 2464 unde
591 2433 691 2463 etiam
715 2431 739 2462 O
766 2432 800 2461 et
824 2429 956 2470 aliquot
982 2428 1084 2460 codd.
1112 2429 1197 2460 dett.
1247 2429 1324 2469 Ipse
1350 2427 1481 2465 malim,
1509 2436 1591 2459 cum
1616 2427 1707 2458 absit
1729 2427 1815 2457 unde
1838 2435 1856 2457 a
1882 2425 1960 2457 cod.
1979 2423 2036 2457 A¹z

265 2487 347 2517 Hinc
370 2486 427 2516 illa
462 2501 495 2505 —
538 2484 589 2513 Η.
614 2482 824 2521 pithaqoreia
849 2481 871 2511 B
898 2481 943 2520 {ia
967 2489 1009 2510 ex
1035 2479 1154 2516 corn),
1177 2478 1423 2518 pliyluqoraeia
1446 2479 1471 2509 A
1500 2478 1586 2517 (aeia
1609 2478 1643 2508 in
1668 2476 1765 2515 ras),
1788 2476 1988 2516 phitagorea
2011 2475 2040 2506 H

269 2553 303 2557 —
329 2534 406 2574 vox]
431 2542 499 2564 vac
523 2533 561 2563 de
584 2532 736 2562 amicitia
758 2531 848 2561 locus
873 2530 915 2565 C}
944 2528 1118 2569 glossema
1144 2529 1178 2559 in
1203 2527 1320 2559 locum
1345 2528 1539 2559 sententiae
1558 2527 1799 2566 Pythagoreae
1824 2534 1862 2557 se
1887 2525 2039 2563 intrusit,

268 2593 357 2624 quae
375 2583 494 2614 verbis
514 2582 654 2613 Graecis
673 2580 781 2611 relata
801 2579 905 2611 fuisse
924 2579 1080 2615 videtum
1100 2577 1321 2609 intercidisse
1339 2577 1427 2608 haec
1444 2578 1584 2617 putant:
1611 2573 1657 2607 τὰ
1681 2574 1756 2607 τῶν
1780 2573 1903 2614 φίλων
1927 2569 2039 2605 κοινὰ

268 2635 332 2664 καὶ
360 2632 490 2673 (Lami).
511 2634 545 2662 et
562 2632 648 2662 Mos.
669 2632 708 2669 el)
734 2629 866 2669 (pillau
892 2627 1051 2670 ἰσότητα
1077 2646 1112 2650 -
1153 2628 1203 2658 42.
1233 2627 1339 2658 beniu,
1367 2628 1405 2662 C,
1433 2629 1470 2658 ut
1493 2635 1637 2667 semper
1664 2643 1698 2647 —
1725 2627 1794 2657 iam
1819 2622 1860 2656 Η1
1887 2641 1919 2647 -
1947 2625 2042 2665 longe

268 2686 291 2715 B
309 2685 333 2715 Η
363 2700 396 2705 -
425 2679 591 2721 αἰὶᾳιιῖιΒῙ
611 2697 645 2702 -
675 2680 725 2711 43.
746 2681 817 2710 illut
835 2681 861 2710 A
888 2696 923 2700 —
951 2678 1049 2719 elicit
1067 2679 1126 2709 AB
1155 2694 1191 2699 —
1221 2676 1271 2708 44.
1292 2676 1342 2717 sii]
1361 2677 1397 2707 Si
1421 2677 1462 2715 H,
1488 2677 1533 2707 sic
1557 2676 1617 2707 AB
1644 2692 1679 2697 —-
1710 2675 1811 2706 nihilo
1837 2673 1920 2705 edd.
1937 2676 2038 2706 vett.:

267 2734 301 2764 in
325 2733 378 2763 illo
403 2732 428 2764 C
457 2749 490 2753 —
523 2738 555 2761 se
579 2730 645 2769 ipse
669 2730 811 2770 scripsi:
838 2737 911 2768 sepe
936 2729 975 2765 Η,
1002 2737 1068 2759 sese
1092 2728 1152 2758 AB
1168 2727 1192 2758 O
1219 2726 1294 2765 (sed
1320 2729 1343 2757 A
1371 2728 1483 2757 totum
1507 2734 1599 2763 voc„
1626 2726 1649 2756 B
1676 2724 1764 2755 duas
1789 2723 1924 2756 medias
1947 2723 2041 2755 litte-

268 2791 324 2813 ras
349 2783 382 2812 in
407 2790 476 2812 ras.
504 2778 619 2818 habet)
660 2797 694 2801 —
736 2780 786 2810 115.
813 2782 932 2809 cuncla
956 2778 1020 2809 sint
1046 2774 1255 2815 1··e}dhuegel
1280 2784 1412 2813 errore,
1440 2777 1477 2806 ut
1499 2774 1639 2805 videtur
1665 2791 1701 2796 —
1738 2774 1790 2805 46.
1817 2774 1990 2813 quidpiam
2014 2774 2039 2805 Ο

270 2849 304 2854 —-
324 2832 357 2861 in
374 2830 535 2867 amicilia,
554 2829 723 2859 amicitiae
747 2837 863 2859 nomen
888 2828 955 2858 iarn
980 2826 1131 2858 Vahlen:
1160 2826 1360 2856 inamililiae
1383 2827 1538 2856 momenta
1560 2825 1628 2862 AB,
1654 2824 1723 2854 iam
1738 2823 1908 2855 amicitiae
1923 2831 2041 2854 nomen

269 2881 308 2918 ΙΙ,
336 2889 391 2910 am
410 2904 415 2910 .
435 2880 504 2909 iam
527 2887 642 2909 nomen
667 2878 798 2918 aliquot
822 2877 922 2915 (leth,
950 2877 1120 2907 anticiliae
1145 2884 1259 2906 nomen
1285 2876 1310 2905 Ο
1337 2891 1370 2896 -
1411 2875 1462 2906 18.
1489 2874 1576 2905 alter
1602 2874 1646 2904 H:
1673 2873 1770 2904 alteri
1793 2873 1853 2904 AB
1880 2881 1969 2904 corr.
1997 2881 2040 2904 ex

268 2927 389 2966 alterii,
416 2938 515 2967 quam
538 2929 634 2958 alleri
659 2931 702 2963 t).
736 2928 819 2958 alter
843 2935 944 2964 quam
969 2926 1066 2956 alleri
1089 2923 1221 2954 Vahlen
1248 2924 1280 2954 in
1308 2924 1478 2955 «Zeilschr.
1497 2924 1553 2963 fiir
1569 2923 1620 2954 (lie
1636 2926 1753 2954 Osterr.
1773 2923 1913 2961 Gymn.»
1940 2922 2037 2961 4860,

270 2988 302 3019 p.
324 2980 356 3009 41
388 2986 440 3017 sq.
470 2995 504 2999 —
533 2986 593 3016 que
619 2977 665 3014 13¹,
693 2986 759 3015 qua
785 2977 823 3013 ΙΙ,
851 2985 913 3015 quo
938 2976 1011 3006 AB2
1037 2974 1111 3013 [scil
1135 2983 1152 3004 ο
1177 2975 1203 3004 A
1228 2973 1261 3004 in
1286 2975 1368 3011 ras.)
1398 2991 1432 2995 —
1468 2974 1520 3004 ΞΟ.
1548 2981 1622 3003 cum
1647 2972 1710 3003 1311
1736 2988 1770 2993 —
1809 2972 1863 3003 Ἥ.
1889 2975 1934 3003 est
1956 2975 2040 3003 ηαια,

271 3030 294 3059 C
321 3030 415 3065 (nala
439 3030 466 3059 A
491 3029 523 3058 in
548 3028 648 3065 ras.):
683 3031 763 3057 nala
787 3029 833 3057 est
857 3028 881 3056 O
920 3042 954 3046 —
994 3025 1046 3055 22.
1071 3032 1243 3063 perpauca.
1267 3024 1403 3053 suala-et
1426 3025 1451 3053 A
1464 3023 1504 3059 H,
1527 3030 1718 3060 perpaucas
1740 3022 1830 3052 ualet
1852 3021 1924 3052 licet
1948 3022 1971 3052 B
1999 3038 2035 3044 —

269 3079 316 3108 his
341 3080 362 3109 A
377 3079 418 3108 B:
455 3078 511 3108 siis
536 3078 579 3113 ΙΙ,
614 3077 653 3107 iis
676 3077 701 3107 Ο
748 3094 782 3098 -
827 3076 880 3106 23.
907 3075 1007 3105 attico
1041 3074 1141 3104 B¹Hz
1181 3072 1280 3102 allice
1303 3072 1396 3106 AB&
1434 3071 1540 3102 adhuc
1573 3069 1783 3109 Feldliiigel;
1820 3071 1901 3100 satis
1930 3070 2035 3107 Bake,

268 3127 332 3157 nisi
355 3127 434 3165 quid
448 3127 554 3157 Attico
570 3126 700 3156 videtur
726 3126 885 3159 Ursinus:
913 3121 1064 3152 similem
1089 3121 1314 3157 sententiani,
1334 3123 1372 3151 ut
1397 3121 1479 3151 «nisi
1496 3120 1594 3150 aliter
1604 3119 1708 3150 Attico
1724 3119 1888 3157 videtur»,
1905 3119 2035 3158 requiri

271 3185 311 3207 ex
337 3184 506 3215 responso
533 3175 630 3205 Attici
656 3176 779 3205 confici
806 3171 956 3202 xidetur.
987 3189 1020 3193 —
1060 3169 1113 3201 ⁰24.
1140 3170 1252 3200 uidere
1276 3171 1300 3200 A
1314 3170 1351 3200 Bt
1390 3187 1424 3191 —
1462 3170 1514 3200 25.
1540 3178 1598 3199 nos
1623 3169 1669 3199 11:
1695 3168 1788 3199 nobis
1810 3168 1890 3207 ΑΒ,
1917 3167 1981 3199 sed
2005 3167 2037 3198 bi

270 3225 301 3255 in
329 3225 351 3255 B
376 3226 582 3264 punctatum
615 3222 674 3259 (de
702 3223 723 3253 Β
750 3222 879 3252 erravit
905 3220 1013 3258 Bake)
1058 3236 1091 3242 -
1133 3219 1186 3250 26.
1210 3228 1328 3257 parem
1351 3221 1377 3249 A
1403 3227 1525 3250 rasura
1551 3227 1589 3249 ex
1614 3221 1745 3257 partem
1787 3233 1822 3239 —
1864 3220 1894 3249 et
1917 3215 2031 3248 Klotz:

270 3283 339 3305 om.
368 3276 392 3303 C
408 3274 431 3302 Ο
471 3290 505 3293 -
543 3280 747 3301 communem
773 3272 816 3301 C:
855 3277 1121 3308 communemque
1145 3269 1169 3299 O
1202 3269 1252 3306 (in
1279 3269 1301 3299 B
1327 3276 1389 3306 que
1413 3277 1460 3299 m.
1480 3268 1498 3297 2
1524 3276 1602 3308 sup.
1628 3275 1770 3299 versum
1796 3266 1877 3299 add.
1904 3266 1968 3306 est)
1995 3282 2031 3287 —-

270 3323 321 3351 ⁶27.
349 3321 484 3359 quidam
509 3320 545 3349 Β1
572 3337 605 3341 -
634 3323 663 3350 ct
687 3319 907 3351 beniuolentia
930 3322 956 3351 A
981 3319 1015 3350 in
1039 3326 1150 3358 marg.
1177 3316 1286 3348 habet
1309 3326 1328 3348 a
1353 3326 1400 3348 m.
1427 3317 1638 3349 recentiore.
