2249 3624
560 146 646 185 Lm.
669 147 699 185 Ι.
740 145 838 185 Cap.
863 145 1249 185 xxxl--xxle
1289 143 1348 196 §§
1387 141 1553 182 110—,1
1572 141 1630 182 16.
1897 140 1970 181 671

214 252 379 307 tyranni
412 251 549 291 vultus
581 251 847 305 aspiciendus
879 251 972 291 suit.
1033 248 1048 289 sl
1069 248 1125 290 13.
1161 251 1293 298 Quam
1327 251 1454 290 multa
1491 263 1638 302 passus
1670 254 1732 288 est
1763 249 1905 289 Ulixes
1937 249 1979 288 in

212 315 285 356 illo
324 327 462 354 errore
500 314 725 361 diuturno,
768 328 861 354 cum
903 320 943 354 et
975 314 1242 360 mulieribus,
1288 314 1321 353 si
1355 313 1469 353 Circe
1501 319 1540 352 et
1574 312 1750 365 Calypso
1782 312 1979 351 mulieres

212 377 491 431 appellandae
524 382 644 422 suut,
676 376 898 416 inserviret
928 383 969 416 et
1000 378 1041 415 in
1075 376 1195 416 onmi‘
1218 390 1410 415 sermone
1443 375 1636 415 omnibus
1666 375 1891 414 adfabilem
1925 371 1982 428 [et

212 435 456 491 iucundum]
499 452 591 478 esse
624 451 668 478 se
701 439 850 478 vellet!
912 439 1033 478 Domi
1067 453 1164 478 vero
1198 440 1321 478 etiam
1355 439 1630 478 contumelias
1662 452 1875 478 servorum
1908 451 1981 477 an-

211 502 487 555 cillarumque
528 501 718 554 pertulit,
763 507 807 541 ut
837 501 888 541 ad
922 502 962 540 id
995 502 1244 555 aliquando.
1290 501 1401 554 quod
1443 501 1656 554 cupiebat,
1698 502 1869 541 veniret.
1930 503 2011 539 At⁵

210 564 318 604 Aiax
367 576 452 617 quo
500 564 638 604 animo
690 564 866 603 traditur
915 564 1050 603 milies
1091 570 1291 617 oppetere
1332 569 1505 603 mortem
1547 577 1671 617 quam
1709 563 1780 603 illa
1820 562 1979 616 perpeti

211 626 439 666 maluisset.
517 626 636 674 Quae
682 625 1014 678 contemplantes
1063 626 1301 680 expendere
1349 627 1586 679 oportebit,
1647 627 1748 679 quid
1801 627 1980 679 quisque

209 687 361 728 habeat
402 688 492 735 sui,
534 702 669 742 eaque
713 689 923 728 moderari
963 702 1041 728 nec
1079 689 1186 729 velle
1219 690 1424 742 experiri,
1464 702 1586 742 quam
1621 703 1664 728 se
1695 689 1832 728 aliena
1863 689 1983 728 dece-

210 757 305 791 ant:
357 751 397 790 id
441 751 552 791 enim
596 764 788 791 maxume
830 764 1043 804 quemque
1083 751 1225 798 decet,
1273 751 1383 804 quod
1427 758 1488 790 est
1528 752 1733 804 cuiusque
1772 766 1980 792 maxume.

210 810 304 853 ¹ll4.
338 814 469 853 Suum
502 814 680 868 quisque
714 813 840 866 igitur
870 819 1016 853 noscat
1047 814 1263 866 ingenium
1295 827 1520 866 acremque
1553 828 1596 853 se
1636 821 1675 854 et
1705 815 1909 854 bonorum
1941 821 2032 854 ettO

208 876 404 917 vitiorum
436 890 609 916 suorum
641 876 821 916 iudicem
855 876 1066 930 praebeat,
1099 891 1151 916 ne
1184 877 1363 917 scaenici
1397 877 1489 929 plus
1519 891 1642 929 quam
1666 891 1740 917 nos
1763 877 1983 917 videantur

208 939 365 980 habere
396 940 659 993 prudentiae.
710 939 775 978 llli
806 940 917 978 enim
951 952 1035 978 non
1069 946 1274 993 optumas,
1306 940 1378 978 sed
1412 940 1490 978 sibi
1512 940 1982 980 accommodatissumas

208 1002 370 1043 fabulas
402 1003 583 1055 eligunt:
632 1002 703 1055 qui
745 1015 847 1042 voce
886 1001 980 1041 freti
1013 1009 1131 1049 sunt,
1172 1002 1390 1054 Epigonos
1421 1003 1697 1056 Medumque,
1738 1003 1808 1054 qui
1848 1008 1982 1054 gestu,

208 1065 510 1119 Melanippam,
544 1065 936 1119 Clytaemnestram,
969 1078 1133 1118 semper
1154 1065 1359 1117 Rupilius,
1383 1079 1506 1117 quem
1531 1079 1606 1117 ego
1630 1066 1813 1112 memini,
1835 1066 1982 1105 Antio-

209 1141 323 1182 pam,
366 1142 451 1168 non
489 1141 615 1181 saepe
647 1130 837 1181 Aesopus
869 1128 1051 1167 Aiacem.
1121 1128 1232 1180 Ergo
1265 1128 1414 1167 histrio
1445 1127 1525 1167 hoc
1556 1126 1714 1168 videbit
1745 1130 1784 1167 in
1818 1142 1980 1174 scaena,
1997 1135 2032 1163 1¹5

209 1204 294 1230 non
334 1191 493 1231 videbit
530 1191 698 1244 sapiens
738 1191 800 1230 vir
837 1191 879 1230 in
920 1191 1030 1230 vita?
1090 1190 1152 1230 Ad
1185 1204 1288 1244 quas
1320 1191 1449 1243 igitur
1480 1204 1544 1230 res
1577 1192 1781 1245 aptissimi
1813 1192 1981 1238 erimus,

209 1252 253 1292 in
296 1253 347 1293 iis
387 1253 650 1306 potissimum
691 1253 1018 1293 elaborabimus.
1089 1254 1162 1294 Sin
1202 1254 1431 1307 aliquando
1473 1255 1702 1294 necessitas
1734 1269 1809 1294 nos
1851 1256 1901 1295 ad
1935 1268 1984 1294 ea

211 1314 458 1363 detruserit,
498 1329 606 1368 quae
646 1316 779 1356 nostri
821 1316 979 1368 ingenii
1020 1330 1104 1357 non
1137 1322 1282 1362 erunt,
1321 1317 1458 1356 omnis
1490 1316 1729 1356 adhibenda
1761 1319 1838 1357 erit
1869 1331 1982 1364 cura,

210 1378 450 1425 meditatio,
493 1378 735 1431 diligentia,
777 1384 821 1418 ut
861 1392 908 1418 ea
950 1379 983 1418 si
1024 1393 1108 1419 non
1153 1379 1304 1419 decore
1346 1385 1387 1419 at
1427 1393 1550 1432 quam
1582 1379 1752 1419 minime
1783 1380 1982 1420 indecore

208 1440 347 1481 facere
379 1442 612 1495 possimus,
645 1455 721 1481 nec
754 1447 834 1481 tam
868 1447 930 1481 est
961 1442 1205 1482 enitendum
1237 1447 1283 1482 ut
1313 1442 1446 1488 bona,
1477 1455 1586 1494 quae
1617 1443 1738 1483 nobis
1769 1442 1865 1483 data
1895 1456 1981 1483 non
1997 1446 2033 1476 20

211 1503 314 1551 sint,
347 1517 574 1556 sequamur
605 1518 730 1557 quam
762 1510 809 1544 ut
839 1504 940 1543 vitia
973 1504 1195 1557 fugiamus.

353 1566 529 1606 XXXII.
570 1564 664 1606 ¹1l5.
710 1568 768 1607 Ae
799 1566 962 1606 duabus
993 1567 1044 1606 iis
1077 1567 1291 1620 personis,
1324 1580 1428 1621 quas
1461 1580 1585 1620 supra
1618 1567 1729 1615 dixi,
1762 1569 1881 1608 tertia
1911 1569 1983 1609 ad-

212 1629 424 1681 iungitur,
467 1642 593 1682 quam
635 1643 756 1670 casus
793 1630 925 1683 aliqui
964 1636 1034 1669 aut
1074 1636 1236 1683 ternpus
1269 1630 1456 1682 inponit:
1499 1635 1646 1683 quarta
1677 1631 1824 1678 etiam,
1857 1646 1983 1685 quam

211 1691 424 1731 nobismet
454 1692 530 1745 ipsi
563 1693 716 1732 iudicio
750 1698 890 1732 nostro
923 1693 1301 1732 accommodamus.
1362 1694 1462 1732 Nam
1494 1706 1644 1745 regna,
1676 1694 1875 1746 imperia,
1908 1708 1983 1735 no-

210 1753 373 1801 bilitas,
404 1754 605 1801 honores,
640 1755 830 1802 divitiae,
864 1768 966 1807 opes
998 1769 1150 1809 eaque,
1184 1769 1292 1809 quae
1324 1762 1421 1795 sunt
1451 1755 1515 1795 his
1547 1758 1772 1805 contraria,
1811 1758 1854 1797 in
1885 1760 2032 1798 casu25

213 1817 292 1856 sita
324 1815 581 1870 temporibus
614 1818 924 1870 gubernantur:
959 1818 1039 1870 ipsi
1070 1825 1209 1858 autem
1232 1832 1376 1869 gerere
1399 1832 1523 1871 quam
1548 1833 1768 1871 personam
1792 1821 1982 1868 velimus,

213 1892 237 1919 a
266 1885 407 1919 nostra
436 1880 650 1920 voluntate
683 1878 972 1933 proficiscitur.
1033 1882 1180 1934 ltaque
1213 1895 1256 1920 se
1288 1881 1360 1920 alii
1391 1882 1442 1921 ad
1474 1881 1798 1934 philosophiam,
1830 1883 1901 1923 alii
1931 1884 1983 1923 ad

211 1942 277 1982 ius
309 1942 450 1989 civile,
495 1943 565 1982 alii
605 1944 656 1983 ad
699 1944 980 1996 eloquentiam
1021 1944 1251 1997 applicant,
1290 1944 1560 1997 ipsarumque
1600 1945 1798 1984 virtutum
1830 1947 1871 1985 in
1903 1946 1984 1985 alia

212 2005 319 2045 alius
360 2005 515 2044 mavult
558 2006 782 2045 excellere.
855 2002 949 2045 slis).
990 2005 1180 2054 Quorum
1219 2019 1317 2046 vero
1358 2012 1494 2059 patres
1527 2012 1598 2046 aut
1631 2008 1808 2046 maiores
1840 2007 1984 2061 aliqua

212 2067 345 2120 gloria
375 2068 696 2119 praestiterunt,
739 2069 767 2107 ii
807 2068 978 2107 student
1022 2069 1271 2122 plerumque
1305 2070 1451 2108 eodem
1486 2070 1528 2108 in
1561 2083 1711 2122 genere
1743 2070 1879 2110 laudis
1912 2073 2034 2110 eir-30

212 2129 385 2177 cellere,
426 2136 471 2169 ut
502 2129 551 2177 Q.
584 2132 746 2170 Mucius
779 2131 820 2169 P.
852 2130 879 2170 f.
912 2131 955 2170 in
987 2132 1078 2171 iure
1111 2132 1245 2177 civili,
1285 2132 1404 2171 Pauli
1446 2130 1555 2172 tilius
1596 2132 1816 2172 Africanus
1857 2134 1899 2172 in
1940 2146 1984 2172 re

211 2191 393 2231 militari.
465 2192 643 2240 Quidam
685 2199 822 2233 autem
859 2192 912 2232 ad
953 2206 1022 2232 eas
1063 2194 1235 2241 laudes,
1280 2207 1384 2246 quas
1425 2208 1449 2234 a
1487 2195 1674 2246 patribus
1716 2200 1982 2247 acceperunt,

211 2253 373 2293 addunt
402 2253 585 2306 aliquam
619 2268 749 2302 suam,
783 2261 827 2294 ut
856 2255 922 2294 hic
956 2255 1065 2295 idem
1088 2256 1308 2296 Africanus
1342 2257 1585 2310 eloquentia
1616 2258 1843 2297 cumulavit
1863 2257 1985 2297 belli-

212 2329 301 2356 cam
333 2316 530 2369 gloriam,
563 2318 676 2370 quod
708 2318 818 2358 idem
849 2317 947 2357 fecit
978 2318 1235 2365 Timotheus,
1269 2319 1454 2359 Cononis
1485 2318 1610 2366 filius,
1643 2320 1728 2372 qui,
1761 2334 1852 2359 cum
1884 2319 1985 2359 belli

211 2378 337 2418 laude
371 2392 455 2418 non
486 2378 660 2419 inferior
690 2378 840 2420 fuisset
871 2394 995 2433 quam
1028 2387 1168 2434 pater,
1201 2381 1252 2421 ad
1286 2394 1376 2421 eam
1408 2381 1573 2421 laudem
1606 2383 1819 2422 doctrinae
1851 2388 1891 2422 et
1921 2383 2034 2422 in-35

213 2441 324 2493 genii
356 2441 530 2494 gloriam
562 2442 726 2482 adiecit.
776 2444 840 2483 Fit
869 2448 1008 2483 autem
1039 2444 1252 2484 interdum
1275 2450 1320 2484 ut
1341 2458 1425 2485 non
1450 2445 1555 2485 nulli
1577 2445 1730 2485 omissa
1752 2446 1984 2486 imitatione

300 2627 332 2658 Ξ.
357 2627 510 2659 mulieres
531 2627 668 2668 fuerunt
690 2629 866 2660 inseruit-ee
890 2636 908 2660 ο
935 2648 971 2652 -
998 2630 1029 2662 3.
1056 2634 1085 2662 et
1107 2632 1285 2663 iocundum
1309 2639 1375 2671 cp3
1402 2640 1471 2663 om.
1491 2631 1554 2663 AB
1571 2632 1597 2663 H
1612 2640 1632 2663 a
1648 2631 1668 2663 b
1696 2649 1730 2654 -
1763 2631 1795 2664 4.
1820 2641 1852 2664 se
1876 2640 1942 2664 esse
1965 2640 1984 2664 o

214 2692 250 2699 ——
277 2677 308 2709 5.
331 2679 521 2717 perueniret
545 2685 563 2709 c
592 2695 626 2701 —
654 2679 685 2711 6.
713 2679 817 2710 milies
841 2680 884 2711 C:
913 2679 1031 2711 ⁴nn‘llies
1055 2687 1074 2711 o
1101 2698 1135 2702 —
1174 2681 1205 2712 8.
1233 2682 1382 2721 expediri
1408 2682 1434 2714 11
1473 2698 1509 2703 -
1550 2682 1606 2711 40.
1628 2690 1724 2713 mam.
1751 2691 1858 2714 suum.
1887 2684 1985 2722 Quis-

213 2735 276 2766 que
299 2727 352 2766 Cp
377 2727 454 2767 (sed
473 2728 529 2759 hic
547 2737 642 2759 suum
661 2731 739 2769 post
756 2730 923 2769 inyenium
948 2731 1101 2768 inserit);
1128 2740 1349 2762 nzaoe.suu1n.
1377 2732 1481 2762 Suum
1506 2732 1640 2770 quisque
1665 2739 1683 2763 ο
1712 2749 1746 2754 -
1774 2742 1869 2764 suum
1893 2734 1985 2772 quis-

213 2785 275 2817 que
291 2794 338 2800 --
355 2777 515 2809 bonorum
537 2782 567 2809 et
590 2779 758 2810 malorum,
780 2788 916 2810 suorum
938 2780 1079 2811 iudicem
1100 2781 1258 2820 praebeat
1283 2782 1412 2812 Nonius
1439 2791 1472 2821 p.
1487 2780 1562 2812 ⁵241.
1593 2797 1627 2802 —
1661 2782 1829 2821 ingenium
1852 2792 1892 2814 ac
1915 2792 1986 2815 rem

212 2829 243 2857 ει
265 2834 296 2857 se
321 2833 339 2858 c
365 2843 400 2849 —
428 2828 480 2859 Μ.
507 2828 648 2859 scaenici
674 2829 822 2860 Assab:
850 2830 970 2860 scenica
995 2830 1020 2860 Η
1037 2838 1087 2861 co
1116 2849 1149 2853 —
1184 2840 1242 2862 nos
1266 2840 1444 2871 superscr.
1464 2840 1511 2861 nn.
1531 2840 1602 2861 sec.
1624 2831 1657 2862 in
1683 2839 1701 2862 c
1728 2848 1761 2854 —
1798 2832 1849 2863 43.
1875 2834 1985 2865 mede·

214 2883 334 2915 amque
365 2885 412 2916 ep
455 2895 488 2900 -
532 2877 584 2909 ⁴4.
612 2879 834 2918 melanippam
858 2879 934 2910 Ha:
973 2881 1189 2920 ηιείυηίρραητ
1214 2882 1255 2917 Β,
1290 2881 1514 2919 menalippam
1540 2881 1630 2912 Abc
1669 2898 1703 2902 —
1745 2882 1986 2920 clytemeslram

213 2924 309 2956 ΑΒΗ
326 2926 391 2963 ab,
425 2926 652 2958 clitimescram
675 2936 704 2958 c.
749 2928 798 2959 (js.
827 2937 859 2968 p.
879 2929 954 2966 577,
974 2930 1027 2961 32.
1070 2948 1105 2953 —
1147 2932 1339 2970 anchiopcim
1367 2930 1460 2961 llab
1499 2948 1532 2952 —-
1580 2932 1626 2961 ¹5.
1653 2931 1740 2962 Nam
1763 2942 1858 2972 saepe
1889 2942 1910 2965 a
1948 2950 1982 2955 —-

214 2983 313 3006 scena
337 2976 430 3007 1100
470 2994 504 2998 —
553 2978 604 3008 ⁴7.
631 2978 665 3008 in
688 2978 737 3008 his
760 2978 878 3017 Biia,
914 2980 947 3009 in
970 2980 1031 3018 hijs
1062 2987 1079 3011 c
1119 2998 1152 3002 —
1192 2982 1243 3012 ¹¹9.
1270 2982 1297 3011 si
1322 2990 1385 3010 non
1411 2981 1540 3019 optime.
1568 2985 1602 3010 a!-
1627 2990 1690 3011 non
1714 2982 1864 3013 indecore
1893 2990 1911 3014 e
1947 2999 1982 3005 ——

214 3024 266 3055 ΞΟ.
292 3020 361 3055 ιαοῆ
383 3025 417 3063 (1.
438 3034 467 3056 e.
487 3027 606 3065 tamen)
631 3028 695 3058 AB
713 3027 773 3059 Hb
801 3044 836 3050 -
871 3029 963 3059 'nobis
987 3039 1056 3061 om.
1075 3039 1096 3070 p
1122 3033 1201 3070 {non
1221 3034 1249 3061 ρ’»
1279 3048 1311 3051 —-
1340 3040 1402 3059 non
1428 3033 1504 3060 sunt
1527 3030 1605 3060 slata
1630 3038 1648 3061 c
1676 3047 1710 3052 —
1745 3031 1797 3061 2¹.
1825 3040 1985 3071 assequa-

216 3081 292 3103 mur
315 3080 397 3112 epo
426 3092 460 3096 —
488 3076 540 3107 22.
567 3077 616 3107 his
641 3078 713 3113 lla,
740 3078 801 3116 hijs
825 3084 842 3107 c
871 3095 904 3099 —-
932 3080 1078 3110 diximus
1102 3088 1120 3110 c
1148 3098 1179 3101 —
1212 3082 1262 3111 253.
1290 3081 1410 3118 aliquis
1434 3083 1458 3110 A
1475 3087 1525 3119 cp
1552 3097 1585 3100 —
1616 3080 1666 3111 22.
1688 3081 1765 3119 ipsis
1789 3088 1807 3112 e
1836 3099 1869 3103 —-
1896 3082 1985 3112 nobi-

215 3123 292 3154 litas
317 3124 446 3163 Unger:
474 3124 675 3156 nobilitatem
701 3127 723 3157 (ζ
739 3134 777 3165 p;
810 3126 993 3158 nobililales
1019 3137 1036 3160 ο
1070 3146 1104 3151 -
1140 3131 1192 3161 225.
1221 3130 1354 3161 ‹linitias
1380 3130 1402 3159 C
1419 3138 1438 3168 p
1466 3146 1500 3150 —
1527 3132 1701 3161 contraria
1725 3134 1759 3161 ut
1784 3131 1913 3162 casibus
1935 3133 1984 3163 ita

217 3172 417 3212 temporibus
440 3181 477 3211 c;
515 3177 688 3206 contraria
720 3180 754 3206 ut
787 3180 861 3207 sunt
892 3186 972 3208 casu
996 3178 1192 3218 temporibus
1221 3187 1242 3218 p
1284 3197 1317 3200 —
1360 3179 1412 3209 26.
1440 3186 1541 3218 quam
1563 3188 1740 3218 personam
1763 3191 1876 3221 μᾶνιν-ε
1900 3190 1917 3213 c
1945 3199 1980 3203 —

217 3222 271 3253 28.
298 3223 501 3264 amplificant
524 3225 578 3256 Ab
612 3241 647 3247 —
688 3226 717 3256 in
744 3226 810 3256 alio
834 3227 903 3258 alia
927 3229 1012 3258 alius
1035 3228 1056 3259 b
1088 3245 1122 3250 —
1156 3228 1208 3259 30.
1235 3228 1267 3258 Ιιί
1292 3227 1356 3260 Ba.
1383 3227 1427 3257 hii
1452 3228 1491 3265 11,
1517 3228 1563 3267 huj
1587 3236 1605 3260 c
1634 3246 1668 3252 —
1706 3231 1816 3263 eodem
1838 3232 1980 3270 BHcp:

219 3279 333 3304 comm
355 3273 442 3305 Aah
476 3291 510 3296 —
550 3274 603 3306 34.
628 3275 752 3307 mutius
777 3276 800 3308 C
829 3291 864 3298 —
890 3276 981 3309 ciuili
1004 3281 1034 3310 et
1053 3278 1149 3318 pauli
1172 3285 1191 3309 ο
1216 3294 1250 3300 -
1276 3277 1383 3309 Paulli
1407 3284 1444 3316 03
1478 3278 1529 3310 sic
1553 3277 1698 3320 ubique.
