2249 3624
516 152 604 192 Lm.
635 151 685 190 11.
725 148 823 190 CAP.
855 147 1108 189 xr-xm.
1145 145 1204 201 §§
1236 144 1484 188 lea—426.
1825 143 1876 186 47

237 266 323 306 XL.
356 261 448 304 4⁶25.
481 264 553 304 Sin
584 264 671 317 agis
701 262 981 304 verecundius
1012 266 1053 302 et
1083 275 1147 302 me
1177 274 1369 309 accusas,
1400 273 1482 301 non
1506 259 1619 314 quod
1647 260 1729 300 tuis
1752 261 1880 300 ratio-

125 329 247 369 nibus
277 342 361 368 non
391 327 621 374 adsentiar,
654 326 726 366 sed
758 325 867 379 quod
899 325 1047 372 nullis,
1078 325 1237 366 vincam
1269 324 1454 363 animum
1485 323 1637 376 cuique
1669 322 1881 363 adsentiar

125 391 317 444 deligam.
356 389 490 438 Quem
513 389 805 441 potissimum?
830 388 987 441 quem?
1017 387 1320 435 Democritum3
1353 399 1518 439 semper
1539 385 1664 432 enim,
1687 390 1732 424 ut
1753 385 1880 432 scitis,

125 453 341 494 studiosus
371 451 598 491 nobilitatis
628 450 701 490 sui.
756 451 940 502 Urgcbor
969 451 1049 490 iam
1081 450 1267 489 omnium
1298 455 1481 489 vestrum
1512 448 1706 489 convitio.
1761 449 1880 487 Tune

125 520 196 555 aut
226 516 348 553 inane
380 513 603 566 quicquam
636 519 756 565 putes
788 526 899 559 esse,
931 526 1023 553 eum
1056 513 1111 553 ita
1140 512 1332 565 conpleta
1354 517 1395 552 et
1415 511 1602 552 conferta
1622 511 1706 550 sint
1727 511 1913 557 omnia‚5

123 583 168 616 ut
204 581 261 622 et,
300 587 384 628 quo
426 573 525 626 quid
557 574 792 614 movebitur
822 588 1066 626 corporum,
1106 587 1249 626 corpus
1280 574 1421 622 cedat,
1464 579 1527 622 et,
1568 586 1650 626 qua
1681 573 1882 627 quodque

124 637 312 683 cesserit,
348 635 461 676 aliud
498 635 594 675 ilico
626 636 935 688 subsequatur?
975 642 1048 676 aut
1077 642 1238 676 atomos
1269 637 1397 684 ullas,
1437 650 1459 676 e
1490 636 1642 690 quibus
1674 634 1882 690 quidquid

124 697 345 745 efficiatur,
385 697 548 737 illarum
585 698 637 737 sit
676 697 1029 737 dissimillimum?
1068 704 1139 738 aut
1174 699 1264 739 sine
1295 699 1437 752 aliqua
1467 703 1606 738 mente
1636 712 1723 738 rem
1753 697 1881 737 ullam

124 758 230 801 effici
270 772 394 813 posse
434 760 720 812 praeclaram?
762 764 821 806 et,
865 772 958 798 cum
997 760 1038 799 in
1082 774 1166 800 uno
1208 761 1364 801 mundo
1407 765 1578 800 ornatus
1617 760 1686 801 hic
1716 765 1800 800 tam
1830 759 1884 799 sit

124 822 344 869 mirabilis,
386 821 700 861 innumerabilis
739 834 863 875 supra
901 821 1033 870 infra,
1075 823 1221 862 dextra
1262 823 1451 869 sinistra,
1497 828 1592 863 ante
1623 829 1735 876 post,
1777 822 1932 862 aliosw

124 885 372 930 dissimiles,
403 884 508 923 alios
541 884 726 923 eiusdem
757 884 869 923 modi
903 885 1081 924 mundos
1113 888 1233 924 esse?
1265 890 1325 932 et,
1357 890 1402 925 ut
1426 898 1503 925 nos
1532 899 1644 925 nunc
1673 885 1801 924 simus
1831 882 1883 923 ad

124 947 274 987 Baulos
313 946 594 998 Puteolosque
633 946 869 993 videamus,
908 946 968 985 sic
1006 946 1334 986 innumerabiles
1370 947 1540 1000 paribus
1570 949 1612 987 in
1643 946 1745 986 locis
1778 958 1884 993 esse,

125 1010 280 1050 eisdem
311 1008 572 1055 nominibus,
612 1008 865 1054 honoribus,
904 1009 1026 1048 rebus
1057 1009 1206 1062 gestis,
1238 1009 1437 1061 ingeniis,
1468 1008 1633 1056 formis,
1665 1008 1884 1055 aetatibus,

123 1072 256 1112 isdem
288 1071 338 1112 de
369 1071 493 1110 rebus
524 1071 812 1124 disputantes?
844 1076 904 1118 et,
936 1072 970 1110 si
1002 1085 1112 1110 nunc
1142 1076 1215 1111 aut
1245 1071 1279 1111 si
1303 1071 1426 1111 etiam
1449 1071 1703 1111 dormientes
1724 1069 1882 1123 aliquid

123 1135 263 1175 animo
294 1133 434 1174 videre
465 1132 700 1181 videamur,
730 1133 933 1185 imagines
965 1133 1229 1173 extrinsecus
1260 1134 1303 1173 in
1331 1134 1490 1173 animos
1512 1138 1677 1173 nostros
1699 1145 1774 1185 per
1794 1140 1932 1171 cor—15

123 1210 199 1250 pus
230 1197 495 1249 inrumpere?
540 1196 601 1234 Tu
633 1208 730 1235 vero
763 1196 840 1235 ista
870 1209 922 1235 ne
954 1195 1153 1235 asciveris
1174 1209 1279 1236 neve
1299 1195 1426 1235 fueris
1448 1194 1738 1235 conmenticiis
1759 1193 1883 1233 rebus

124 1258 339 1298 adsensus.
397 1257 509 1296 Nihil
546 1257 701 1297 sentire
740 1262 802 1297 est
832 1258 982 1297 melius
1014 1270 1138 1311 quam
1169 1263 1252 1298 tam
1281 1271 1409 1311 prava
1438 1258 1606 1297 sentire.
1667 1253 1761 1296 4⁶26.
1791 1257 1884 1295 Non

124 1333 221 1373 ergo
260 1319 300 1358 id
337 1320 490 1371 agitur,
529 1324 575 1359 ut
615 1319 772 1372 aliquid
812 1320 994 1360 adsensu
1033 1334 1127 1359 meo
1159 1321 1450 1374 comprobem:
1491 1333 1600 1374 quae
1630 1325 1675 1360 tu
1706 1319 1801 1360 vide
1832 1330 1884 1357 ne

122 1381 374 1435 inpudenter
404 1382 529 1421 etiam
560 1382 766 1435 postules,
804 1395 889 1421 non
927 1382 1060 1422 solum
1091 1382 1365 1435 adroganter,
1404 1383 1650 1437 praesertim
1681 1395 1776 1422 cum
1806 1381 1886 1421 ista

123 1450 193 1485 tua
224 1444 323 1484 mihi
354 1457 405 1484 ne
436 1444 669 1497 probabilia
692 1444 862 1498 quidem
884 1445 1118 1485 videantur.
1168 1447 1254 1485 Nec
1280 1447 1390 1485 enim
1412 1445 1729 1492 divinationem,
1761 1456 1884 1497 quam
1898 1450 1934 1479 20

123 1507 330 1560 probatis,
369 1506 497 1546 ullam
528 1519 620 1546 esse
651 1506 850 1554 arbitror,
894 1506 1111 1560 fatumque
1142 1508 1268 1556 illud,
1301 1521 1384 1562 quo
1416 1507 1556 1548 omnia
1586 1506 1792 1547 contineri
1824 1504 1887 1544 di-

125 1570 238 1616 citis,
269 1574 506 1609 contemno.
557 1569 616 1609 Ne
648 1567 965 1609 exaedificatum
991 1570 1164 1624 quidem
1192 1570 1305 1611 hunc
1325 1570 1526 1610 mundum
1547 1569 1688 1611 divino
1710 1567 1885 1610 consilio

125 1632 342 1678 existimo,
372 1637 496 1684 atque
526 1631 637 1671 haud
668 1631 753 1672 scio
784 1645 836 1672 an
866 1633 924 1672 ita
953 1633 1020 1672 sit.

236 1694 342 1733 XLI.
389 1694 470 1733 Sed
510 1707 583 1733 cur
624 1694 766 1747 rapior
806 1695 850 1734 in
893 1695 1120 1735 invidiam?
1162 1696 1313 1735 licetne
1351 1709 1428 1748 per
1466 1708 1540 1735 vos
1579 1695 1741 1735 nescire
1773 1693 1882 1747 quod

124 1757 293 1796 nescio?
325 1770 377 1796 an
409 1757 560 1796 Stoicis
592 1756 693 1809 ipsis
725 1757 834 1797 inter
865 1770 908 1797 se
939 1758 1195 1811 disceptare,
1227 1772 1320 1797 cum
1348 1757 1399 1797 iis
1421 1771 1506 1797 non
1532 1758 1700 1798 licebit?
1730 1756 1885 1796 Zenoni
1899 1762 1936 1791 25

124 1825 164 1859 et
204 1819 377 1872 reliquis
418 1819 504 1858 fere
547 1818 697 1858 Stoicis
736 1819 882 1859 aether
912 1820 1074 1859 videtur
1108 1834 1294 1860 summus
1326 1820 1448 1869 deus,
1487 1826 1626 1860 mente
1656 1819 1885 1873 praeditus,

123 1895 206 1935 qua
237 1881 377 1921 omnia
408 1886 616 1934 regantur.
668 1880 912 1929 Cleanthes,
946 1882 1016 1935 qui
1047 1883 1167 1935 quasi
1191 1883 1393 1922 maiorum
1416 1887 1479 1922 est
1498 1882 1684 1935 gentium
1707 1882 1885 1928 Stoicus,

124 1944 300 1984 Zenonis
346 1943 531 1990 auditor,
574 1943 704 1983 solem
745 1943 950 1984 dominari
991 1948 1032 1984 et
1068 1958 1206 1984 rerum
1245 1945 1370 1997 potiri
1410 1950 1540 1998 putat.
1599 1945 1661 1985 Ita
1700 1945 1886 1998 cogimur

124 2005 385 2046 dissensione
416 2005 667 2057 sapientium
700 2005 914 2046 dominum
946 2010 1135 2046 nostrum
1175 2007 1392 2059 ignorare,
1433 2007 1587 2060 quippe
1620 2007 1694 2060 qui
1724 2008 1886 2047 nescia-

125 2082 237 2116 mus,
269 2068 345 2108 soli
376 2080 428 2107 an
458 2067 614 2108 aetheri
646 2067 889 2109 serviamus.
935 2067 1044 2109 Solis
1075 2073 1213 2109 autem
1234 2068 1565 2121 magnitudinem
1585 2069 1752 2123 —ipse
1773 2070 1884 2110 enim
1898 2070 1936 2100 30

209 2320 240 2351 l.
267 2328 418 2351 accussas
439 2320 466 2351 A
494 2337 528 2342 —
555 2318 586 2352 4.
612 2320 757 2360 w·9ebar
780 2320 817 2351 B¹
845 2338 879 2342 -
906 2320 1049 2351 conuitio
1073 2320 1158 2352 AB:
1184 2320 1330 2351 convicio
1354 2320 1379 2351 Ο
1399 2336 1434 2342 -
1461 2321 1491 2352 5.
1516 2324 1615 2360 putas
1638 2322 1661 2352 B
1682 2339 1716 2344 —
1742 2292 1844 2362 colna
1859 2324 1885 2353 A

125 2386 158 2391 -
179 2369 209 2401 6.
227 2374 263 2401 ut
278 2373 307 2401 ει
322 2379 354 2401 r:
381 2374 416 2401 uc
433 2378 503 2401 om.
519 2370 589 2408 AB,
609 2373 637 2401 et
654 2379 724 2401 om.
743 2371 801 2401 EG
822 2388 855 2392 —-
876 2378 939 2408 quo
956 2371 1034 2409 quid
1052 2370 1184 2402 Christ:
1212 2370 1298 2409 quod
1314 2369 1418 2401 codd.
1435 2372 1468 2402 et
1483 2371 1525 2407 Ο;
1552 2370 1670 2402 malim
1687 2372 1805 2403 tamen
1823 2381 1887 2411 quo

122 2420 279 2460 quidque;
306 2420 349 2451 de
368 2429 405 2450 re
424 2419 465 2450 cf.
482 2420 619 2451 Lucret.
636 2421 660 2459 1,
679 2420 741 2451 370
759 2428 837 2460 sqq.
853 2437 887 2442 —
914 2428 1032 2459 corpus
1047 2420 1141 2450 cedat
1157 2419 1279 2459 scripsi
1295 2429 1301 2449 :
1328 2420 1421 2450 cedat
1437 2419 1538 2450 codd.
1559 2421 1594 2451 et
1610 2421 1652 2458 O;
1677 2421 1816 2452 cedatur
1831 2421 1886 2453 alii

121 2468 336 2508 maluerunt,
363 2469 407 2500 ad
431 2470 640 2501 sententiam
665 2472 778 2508 recte,
804 2468 868 2500 sed
894 2470 1012 2500 nescio
1038 2477 1107 2508 quo
1131 2470 1234 2510 pacto
1252 2468 1413 2509 displicet
1437 2478 1547 2509 genus
1568 2471 1761 2510 passivum.
1788 2472 1835 2511 (ut
1858 2474 1887 2503 et

121 2527 327 2558 quacumque
348 2522 520 2550 moveatur
536 2528 665 2558 corpus,
692 2527 732 2550 ca
748 2519 841 2549 aliud
855 2519 947 2550 cedat
964 2518 1165 2557 Lambinus,
1190 2522 1226 2551 ut
1248 2520 1278 2551 ei
1301 2520 1387 2558 quod
1402 2519 1584 2551 movebitur
1605 2521 1738 2560 corpori
1752 2522 1889 2553 cedatur

121 2568 298 2607 Davies)—
319 2569 468 2608 quodque
486 2570 637 2601 Ernesti:
659 2569 801 2609 quidque
814 2569 959 2601 codd.-
976 2570 1006 2600 7.
1022 2570 1096 2601 ilico
1113 2569 1195 2600 ABE
1214 2569 1274 2608 (ico
1290 2570 1316 2600 A
1334 2570 1367 2600 in
1384 2569 1486 2608 ras.):
1506 2570 1592 2600 illico
1606 2570 1660 2601 GO
1675 2587 1710 2592 —
1730 2572 1889 2612 quicquid

119 2619 147 2649 A
160 2619 184 2649 B
200 2635 236 2641 —
263 2618 314 2650 40.
339 2619 485 2650 sinisslra
500 2621 524 2651 A
547 2637 581 2642 —
610 2620 661 2650 ll.
680 2628 791 2650 sumus
807 2637 824 2643 -
838 2638 854 2643 -
871 2620 1020 2650 uidemus
1036 2621 1061 2650 G
1081 2637 1116 2641 -
1144 2618 1196 2650 lli.
1222 2619 1336 2650 iisdem
1358 2620 1399 2650 ΑΞ
1411 2620 1488 2650 1320
1509 2636 1544 2642 —
1570 2620 1769 2659 disputantis
1791 2622 1829 2653 B¹
1848 2639 1884 2645 —

122 2668 172 2698 ⁴5.
192 2669 370 2699 eaetrisecus
385 2666 424 2700 Al
439 2686 474 2690 —
503 2670 555 2700 46.
573 2678 652 2700 uero
676 2674 728 2700 sta
744 2667 784 2700 A¹
799 2687 832 2691 —
862 2670 914 2700 1¹7.
934 2672 1094 2708 quantam
1115 2677 1262 2708 prauam
1278 2669 1315 2699 13¹
1337 2686 1371 2690 —
1399 2668 1451 2699 48.
1470 2669 1558 2708 quod
1579 2672 1615 2700 tu
1631 2670 1775 2708 Davies3
1803 2673 1838 2702 at
1854 2680 1886 2702 v.

121 2716 257 2756 Madvig
274 2718 297 2755 1,
317 2726 350 2757 p.
368 2718 447 2749 487:
476 2718 658 2749 «Finxerat
675 2719 796 2749 Cicero
814 2727 851 2749 se
869 2719 1069 2749 Democrito
1087 2718 1266 2753 assentiri;
1293 2708 1439 2757 uigebat
1458 2726 1539 2749 eum
1556 2718 1752 2752 Stoicorum
1771 2722 1889 2753 convi-

123 2766 232 2803 cium3
259 2767 339 2798 hinc
363 2766 519 2807 intelligit
542 2776 609 2799 non
634 2770 704 2799 tam
730 2768 764 2799 id
788 2777 806 2799 a
831 2769 954 2800 Stoicis
979 2769 1043 2808 agi,
1070 2769 1107 2798 ut
1130 2766 1261 2807 aliquid
1285 2766 1510 2807 comprobet,
1541 2776 1648 2808 quam
1671 2771 1709 2800 ut
1732 2770 1888 2810 ipsorum

123 2815 316 2847 Stoicorum
335 2816 509 2856 dogmata.
536 2818 610 2848 Non
632 2826 722 2858 erqo,
748 2818 873 2859 inquit,
900 2818 933 2849 id
950 2818 1074 2858 aqum,
1099 2820 1136 2848 ut
1159 2817 1286 2854 aliquid
1308 2825 1442 2848 assensu
1463 2825 1534 2848 meo
1557 2818 1780 2857 comprobem;
1805 2828 1890 2860 quae

123 2867 177 2903 tu,
206 2865 297 2902 vide,
330 2875 370 2897 ne
399 2866 604 2905 impudenter
627 2869 709 2906 cet.,
743 2868 764 2898 i.
793 2876 823 2899 e.
849 2871 884 2898 uc
907 2876 964 2905 ea,
998 2876 1084 2906 quae
1107 2870 1142 2897 tu
1168 2866 1307 2905 prObaS,
1339 2866 1546 2905 comprobem
1568 2876 1702 2899 assensu
1723 2877 1794 2900 meo
1819 2871 1885 2901 cet.

124 2913 234 2953 Supra
259 2914 277 2953 g
303 2915 382 2946 425:
415 2916 465 2946 sin
489 2916 562 2956 ayis
582 2917 796 2948 verecundius
819 2921 848 2949 ct
870 2926 921 2948 me
944 2926 1097 2954 accusas,
1134 2924 1200 2946 non
1224 2916 1311 2955 quod
1333 2916 1397 2947 tuis
1418 2917 1602 2948 rationibus
1624 2926 1689 2949 non
1711 2919 1886 2957 assentiar,

124 2962 177 2993 sed
207 2962 292 3000 quod
321 2964 419 2995 nullis
450 2966 539 2995 cet.»
573 2982 608 2986 —
641 2966 694 2996 ⁶2⁴.
723 2966 905 3005 probabitis
938 2966 974 2997 B¹
1008 2984 1043 2989 —
1073 2966 1263 3006 factumque
1292 2967 1318 2996 A
1353 2983 1388 2988 —
1426 2966 1507 2997 illud
1542 2967 1674 2999 Christ:
1708 2969 1789 3000 illud
1823 2978 1890 3001 esse

125 3014 151 3042 A
166 3012 189 3042 B
203 3011 227 3042 E
243 3013 267 3042 G
281 3020 347 3049 rv;
373 3013 454 3044 illud
476 3014 575 3046 etiam
597 3014 620 3046 b
635 3016 680 3052 O;
707 3016 847 3047 videtur
870 3024 934 3048 esse
958 3025 999 3047 ex
1023 3016 1127 3047 ullam
1151 3023 1214 3047 6556
1230 3013 1320 3046 male
1338 3016 1539 3056 repetitum.
1563 3035 1597 3039 —
1624 3018 1678 3050 22.
1696 3023 1888 3059 contempno

125 3062 152 3092 A
178 3078 212 3082 -
238 3062 393 3094 mondum
415 3064 455 3094 A¹
482 3081 516 3086 -—
543 3064 596 3095 23.
623 3065 716 3104 atqui
740 3066 866 3097 Davies
891 3065 981 3097 male
1001 3083 1035 3087 —-
1062 3067 1115 3097 25.
1141 3074 1215 3096 cum
1238 3065 1278 3095 iis
1301 3065 1345 3096 B:
1372 3074 1446 3096 cum
1469 3066 1518 3096 his
1540 3067 1566 3097 A
1581 3068 1688 3104 GrV,
1715 3068 1753 3098 de
1775 3068 1824 3098 his
1847 3068 1885 3105 Ε,

124 3111 204 3141 mihi
231 3119 305 3142 cum
332 3112 381 3142 his
409 3113 452 3146 Oz
486 3114 583 3153 mihi,
617 3115 712 3155 quod
742 3117 836 3147 omni
866 3117 1071 3147 auctoritate
1101 3114 1240 3146 videtur
1263 3122 1402 3152 carcre,
1435 3115 1545 3147 inanis
1570 3118 1624 3147 est
1647 3116 1881 3158 interpolatim

126 3168 207 3191 nam
231 3161 285 3191 est
307 3162 495 3193 sententia:
522 3171 566 3194 an
590 3164 712 3195 Stoicis
736 3165 820 3205 ipsis
845 3166 934 3197 inter
957 3175 995 3197 se
1019 3165 1218 3205 disceptare
1242 3163 1378 3203 licebit,
1404 3173 1475 3196 non
1490 3164 1607 3197 licebit
1623 3164 1714 3204 aliis,
1741 3167 1885 3206 quinon

127 3211 207 3240 sunt
231 3211 305 3242 eius
329 3212 464 3250 sectae,
501 3214 620 3244 contra
651 3222 711 3245 eos
742 3214 950 3256 disputare?
979 3233 1013 3238 —-
1050 3216 1102 3247 28.
1123 3215 1228 3254 potiri
1259 3215 1292 3246 in
1316 3224 1387 3247 ras.
1414 3215 1520 3248 habet
1542 3216 1567 3247 B
1595 3234 1629 3238 —
1661 3216 1773 3255 itaque
1795 3215 1821 3247 E
1846 3232 1880 3237 ——

127 3260 312 3299 sapientum
334 3268 355 3291 v
369 3261 394 3292 O
415 3278 449 3285 —-
475 3260 529 3294 30.
552 3264 813 3304 magnitudinem
834 3265 862 3296 A
875 3265 899 3296 B
914 3265 957 3296 E:
982 3265 1176 3305 magnitudo
1199 3265 1226 3296 G
1239 3264 1339 3297 Orv.
