2249 3624
534 137 620 176 Lm.
655 136 720 174 lV.
760 134 855 174 Cn».
889 133 1291 174 xxvi—XXVIII.
1333 131 1392 185 §§
1424 130 1477 171 ἥδ
1499 130 1619 171 -ssl
1884 128 1964 169 323

199 252 411 300 optumum
443 242 517 289 sit,
551 241 735 293 neglecta
771 240 909 280 multis
943 240 1180 293 implicatur
1212 239 1434 279 erroribus.
1481 236 1546 276 539.
1570 237 1629 276 Ad
1655 243 1694 277 te
1717 239 1841 291 igitur
1863 240 1964 279 mibi

198 310 276 349 iam
310 305 589 345 convertenda
624 304 756 342 omnis
790 303 921 341 oratio
954 309 1037 343 est:
1071 303 1240 341 sinmlas
1273 302 1380 340 enim
1406 315 1607 354 quaerere
1631 308 1669 340 te
1692 302 1742 341 de
1763 304 1966 355 sapiente,

197 368 361 423 quaeris
393 373 531 407 autem
564 366 739 405 fortasse
773 366 823 404 de
857 372 908 405 te.

306 432 455 470 Earum
491 430 617 481 igitur
650 430 1028 481 perturbationum,
1064 442 1167 481 quas
1201 429 1402 480 exposui,
1437 428 1572 467 varia(¹
1601 435 1697 467 sunt
1719 431 1967 469 curationes.

196 496 294 534 Nam
328 506 465 546 neque
498 492 630 531 omnis
663 492 879 542 aegritudo
912 506 990 530 una
1024 492 1184 530 ratione
1217 491 1406 533 sedatur:
1447 491 1525 529 alia
1559 497 1619 529 est
1652 492 1760 530 enim
1796 492 2000 544 lugeiiti‚5

195 556 273 596 alia
295 555 505 594 miseranti
528 559 596 593 ant
617 553 819 592 invidenti
844 552 1077 592 adhibenda
1098 553 1321 596 nwdicina:
1345 560 1405 591 est
1425 554 1548 592 etiam
1574 555 1612 592 in
1637 556 1832 594 omnibus
1851 560 1969 608 quat·

196 625 286 658 tuor
320 616 701 669 pertnrbationibus
735 616 801 654 illa
834 616 1059 660 distinctio,
1093 622 1227 654 utrum
1260 615 1308 653 ad
1336 616 1568 654 universam
1598 617 1968 668 perturbationem,

194 693 299 733 qnae
323 685 384 718 est
409 678 647 732 aspernatio
681 678 853 716 rationis
876 684 944 716 aut
969 678 1178 729 adpetitus
1203 678 1502 723 veliementior,
1533 692 1583 716 an
1617 680 1665 717 ad
1695 680 1893 730 singulas,
1926 687 1968 719 ut

194 742 242 782 ad
269 747 436 786 metum,
469 740 711 783 lubidinem,
746 740 926 792 reliquas
962 739 1108 778 melius
1131 738 1376 778 adhibeatur
1399 741 1547 787 oratio,
1581 747 1621 779 et
1645 748 1779 780 utrum
1812 743 1968 782 illudne

196 818 276 844 non
301 803 488 843 videatur
519 816 641 854 aegre
673 802 909 846 ferundum,
943 816 994 840 ex
1018 816 1101 855 qno
1134 808 1326 854 suscepta
1360 803 1409 840 sit
1443 804 1671 854 aegritudo,
1705 820 1755 844 an
1781 808 1965 846 omnium
1984 819 2018 847 4ο

195 881 328 908 rerum
371 865 552 906 tollenda
594 866 763 904 omnino
805 864 1041 917 aegritudo,
1086 871 1125 903 ut
1166 865 1197 903 si
1241 865 1336 917 quis
1374 879 1496 917 aegre
1530 866 1633 906 t‘erat
1664 882 1708 906 se
1741 881 1965 921 pauperem

195 943 305 976 esse,
346 928 442 967 idne
482 927 689 981 disputes,
733 933 1020 980 paupertatem
1063 927 1215 966 malum
1251 941 1331 965 non
1367 942 1478 974 esse,
1516 942 1565 967 an
1600 929 1811 970 hominem
1844 946 1968 984 aegre

194 993 299 1032 ferre
333 991 435 1030 nihil
468 997 673 1043 oportere.
722 991 923 1029 Nimirum
957 989 1033 1028 hoe
1080 990 1247 1036 melius,
1292 1004 1366 1036 ne,
1408 992 1440 1029 si
1483 991 1586 1031 forte
1630 993 1681 1031 de
1723 1001 1968 1047 paupertate

196 1068 276 1095 non
312 1054 591 1107 persuaseriS‚
623 1054 673 1092 sit
707 1052 960 1104 aegritudini
985 1052 1324 1099 eoncedendum3
1357 1053 1620 1105 aegritudine
1644 1062 1779 1095 antem
1804 1058 1967 1096 sublata

196 1118 372 1172 propriis
405 1116 655 1162 rationibus,
689 1116 842 1169 quibus
875 1115 961 1153 lieri
998 1116 1058 1154 usi
1094 1129 1259 1161 sumuS,
1294 1113 1472 1167 quodam
1499 1117 1620 1157 modo
1644 1120 1766 1158 etiam
1791 1133 1968 1172 pauper·
1987 1133 2018 1160 15

195 1182 286 1220 tatis
319 1179 471 1218 malum
506 1179 677 1218 tollitur.

306 1242 495 1282 xxvm.
528 1240 580 1279 (ὶο
627 1241 706 1281 Sed
741 1242 875 1280 omnis
908 1242 997 1281 eius
1032 1242 1142 1281 modi
1179 1242 1437 1294 perturbatio
1469 1243 1596 1282 animi
1630 1244 1865 1297 placatione
1898 1249 1969 1287 ab·

194 1307 330 1347 luatur
370 1305 438 1344 illa
481 1304 673 1357 quidem,
716 1318 807 1343 cum
842 1304 995 1344 doceas
1027 1319 1102 1344 nec
1134 1305 1288 1344 bonum
1324 1304 1423 1343 illud
1459 1319 1573 1354 esse,
1611 1321 1663 1346 ex
1695 1323 1779 1361 quo
1814 1310 1968 1351 laetitia

193 1375 264 1411 aut
295 1368 424 1408 libido
457 1367 627 1413 oriatur,
662 1380 736 1407 nec
770 1368 943 1414 malum,
977 1382 1027 1406 ex
1061 1380 1146 1421 quo
1178 1374 1249 1407 aut
1281 1374 1414 1407 metus
1445 1375 1515 1408 aut
1546 1371 1791 1422 aegritudo:
1826 1388 1967 1414 verum

195 1439 333 1472 tamen
364 1429 464 1470 haec
497 1436 559 1469 est
590 1436 699 1469 certa
731 1437 769 1469 et
802 1431 971 1483 propria
1003 1430 1186 1477 sanatio,
1230 1431 1262 1469 si
1302 1430 1452 1470 doceas
1489 1432 1600 1484 ipsas
1632 1435 1970 1486 perturbationes
1985 1447 2022 1474 20

197 1509 270 1548 per
301 1507 345 1534 se
378 1507 469 1532 esse
502 1492 675 1532 vitiosas
707 1506 783 1533 nec
814 1493 969 1532 habere
993 1493 1218 1546 quicquam
1252 1499 1324 1532 aut
1354 1494 1544 1533 naturale
1575 1502 1647 1535 aut
1678 1500 1971 1548 necessarium,

198 1563 243 1597 ut
272 1557 406 1610 ipsam
438 1554 744 1607 aegritudinem
779 1555 899 1594 leniri
934 1556 1146 1603 videmus,
1179 1569 1270 1595 cum
1305 1556 1510 1596 obicimus
1543 1560 1824 1600 maerentibus
1856 1560 1973 1602 inbe-

197 1619 408 1659 cillitatem
452 1618 578 1657 animi
620 1617 875 1666 ecfeminati,
919 1632 1100 1672 cumque
1140 1632 1283 1658 eorum
1328 1620 1570 1670 gravitatem
1612 1624 1973 1680 constantiamque

195 1681 431 1728 laudamus,
464 1680 535 1733 qui
570 1694 652 1719 non
687 1681 923 1720 turbulente
955 1682 1138 1721 humana
1170 1682 1393 1734 patiantur.
1443 1682 1564 1730 Quod
1588 1685 1756 1738 quidem
1786 1687 1892 1727 solet
1913 1690 1973 1729 eis

195 1745 318 1785 etiam
350 1742 558 1790 accidere,
590 1744 660 1797 qui
692 1744 762 1783 illa
796 1744 902 1783 mala
933 1758 1025 1784 esse
1056 1750 1250 1791 censent,
1292 1743 1462 1784 ferenda
1496 1751 1633 1786 tamen
1666 1761 1801 1802 aequo
1833 1751 1972 1791 animo
1988 1760 2025 1788 Ξῖ)

194 1808 461 1848 arbitrantur.
519 1808 638 1846 Putat
678 1806 828 1859 aliquis
871 1821 963 1847 esse
1006 1807 1261 1860 voluptatem
1303 1807 1479 1855 bonnm,
1522 1809 1629 1849 alius
1670 1818 1806 1852 autem
1845 1828 1972 1867 pecu-

195 1872 326 1917 niam,
367 1875 504 1910 tamen
548 1875 588 1909 et
618 1869 688 1908 ille
720 1870 769 1908 ab
802 1870 1124 1922 intemperantia
1157 1875 1196 1909 et
1226 1870 1294 1909 hic
1326 1870 1376 1909 ab
1408 1872 1582 1911 avaritia
1615 1876 1779 1915 avocari
1819 1882 1972 1930 potest.

194 1934 268 1974 Illa
306 1938 442 1973 autem
483 1931 611 1971 altera
652 1932 756 1971 ratio
789 1938 827 1971 et
860 1932 1010 1979 oratio,
1045 1946 1151 1986 quae
1184 1933 1306 1972 simul
1340 1938 1379 1973 et
1411 1935 1652 1987 opinionem
1684 1936 1830 1978 falsam
1863 1940 1974 1981 tollit

197 2002 236 2037 et
277 1994 581 2048 aegritudinem
625 1994 824 2041 detrahit,
865 2001 927 2034 est
960 2008 1006 2034 ea
1039 1995 1209 2048 quidem
1242 1996 1403 2043 utilior,
1447 1997 1516 2036 sed
1559 2011 1653 2037 raro
1695 2000 1861 2053 proficit
1902 2017 1974 2044 ne-

197 2073 277 2113 que
317 2064 381 2098 est
420 2057 469 2096 ad
511 2057 657 2110 volgus
703 2057 954 2097 adhibenda.
1011 2056 1078 2097 sst.
1111 2058 1327 2106 Quaedam
1369 2065 1506 2099 autem
1547 2067 1644 2100 sunt
1675 2065 2026 2116 aegritudi'nes,30

199 2135 302 2176 quas
332 2122 471 2161 levare
504 2121 575 2160 illa
606 2119 814 2160 medicina
846 2121 962 2160 nullo
996 2121 1123 2161 modo
1156 2122 1305 2174 possit,
1338 2129 1383 2162 ut
1415 2123 1447 2162 si
1472 2124 1567 2177 quis
1590 2138 1713 2178 aegre
1739 2125 1845 2167 ferat
1868 2128 1972 2168 nihil

196 2185 238 2224 in
279 2198 321 2224 se
363 2198 455 2224 esse
498 2183 682 2230 virtutis,
724 2183 825 2222 nihil
866 2183 1016 2231 animi,
1060 2184 1164 2223 nihil
1197 2184 1339 2233 oflicii,
1379 2186 1480 2225 nihil
1519 2187 1768 2237 honestatis,
1808 2197 1976 2245 propter

199 2247 305 2286 mala
344 2246 379 2285 is
413 2246 583 2299 quidem
616 2252 814 2299 angatur,
859 2246 930 2285 sed
968 2247 1049 2287 alia
1081 2247 1283 2301 quaedam
1319 2249 1371 2287 sit
1401 2248 1450 2287 ad
1485 2262 1578 2288 eum
1611 2251 1873 2293 admovenda
1905 2267 1975 2294 cu-

199 2310 303 2350 ratio
335 2315 375 2349 et
415 2308 509 2348 talis
543 2309 731 2361 quidem,
775 2322 883 2362 quae
922 2310 1056 2362 possit
1088 2323 1179 2349 esse
1212 2310 1396 2349 omnium
1431 2311 1553 2350 etiam
1588 2312 1638 2351 de
1671 2316 1819 2354 ceteris
1850 2316 1975 2356 rebus

200 2371 525 2425 discrepantium
559 2371 920 2425 philosophorum.
966 2373 1079 2412 Inter
1110 2373 1243 2412 omnis
1276 2373 1386 2412 enim
1420 2376 1644 2414 convenire
1672 2383 1835 2430 oportet
1866 2392 1976 2419 com-
1990 2385 2026 2415 35

200 2434 404 2474 motiones
446 2435 681 2474 animorum
723 2448 743 2474 a
783 2441 894 2475 recta
927 2436 1087 2475 ratione
1120 2448 1286 2475 aversas
1319 2448 1409 2474 esse
1442 2436 1634 2484 vitiosas,
1676 2443 1741 2486 ut,
1783 2440 1908 2480 etiam
1941 2443 1974 2482 si

201 2502 241 2536 et
270 2497 377 2537 mala
408 2497 491 2536 sint
513 2497 598 2544 illa,
630 2510 738 2550 quae
763 2504 917 2538 metum
940 2498 1317 2551 aegritudinemve,
1354 2504 1393 2538 et
1413 2498 1540 2545 bona,
1575 2513 1680 2552 quae
1705 2502 1974 2554 cupiditatem

200 2558 453 2599 laetitiamve
486 2566 702 2607 moveant,
735 2565 872 2600 tamen
906 2561 959 2600 sit
992 2561 1141 2600 vitiosa
1172 2561 1263 2613 ipsa
1295 2561 1535 2601 commotio.
1570 2563 1835 2604 Constantem
1866 2567 1975 2606 enim

202 2620 408 2674 quendam
440 2622 651 2669 volumus,
695 2622 907 2670 sedatum,
952 2636 1143 2676 gravem,
1174 2623 1357 2662 humana
1388 2625 1527 2663 omnia
1560 2630 1825 2677 spernentem
1858 2627 1975 2667 illum

203 2697 314 2732 esse,
346 2697 470 2737 quem
503 2685 813 2738 magnanimum
847 2692 887 2725 et
918 2685 1065 2725 fortem
1089 2686 1223 2725 virum
1247 2685 1438 2725 dicimus.
1472 2686 1582 2726 Talis
1606 2694 1744 2727 autem
1767 2702 1844 2729 nec
1867 2698 2028 2730 mae-40

202 2758 296 2787 rens
325 2759 403 2788 nec
434 2747 585 2787 timens
619 2760 696 2788 nec
727 2748 902 2800 cupiens
934 2762 1010 2788 nec
1042 2749 1226 2801 gestiens
1249 2761 1341 2788 esse
1365 2749 1589 2802 quisquam
1621 2755 1774 2802 potest.
1818 2751 1976 2791 Eorum

292 2964 322 2995 ⁴.
348 2964 491 2995 neclecta
515 2964 579 2995 GR
608 2981 641 2986 —
670 2963 701 2996 4.
729 2973 842 2995 eorum
867 2966 930 2996 GR
958 2982 991 2986 -
1022 2966 1051 2996 6.
1079 2965 1263 2996 adhibenda
1287 2972 1356 2995 om.
1377 2964 1414 2994 G1
1443 2980 1475 2985 -
1504 2963 1534 2993 9.
1563 2963 1761 3001 reliquiasC
1791 2982 1824 2986 —
1852 2966 1906 2997 Η.
1926 2969 1979 2996 to-

206 3011 343 3044 leranda
368 3014 392 3045 C
421 3031 454 3035 —
494 3013 545 3045 48.
572 3013 641 3054 nec]
667 3017 696 3044 et
721 3015 744 3045 C
776 3032 808 3036 —
838 3015 889 3046 49.
918 3019 975 3045 aul
999 3014 1035 3055 l]
1061 3019 1089 3046 et
1113 3015 1134 3045 l.
1163 3016 1200 3045 G¹
1233 3031 1262 3036 -
1295 3013 1348 3043 022.
1376 3016 1411 3042 u!
1436 3021 1527 3043 corr.
1555 3021 1595 3043 ex
1620 3016 1678 3043 aut
1703 3015 1725 3044 R
1754 3032 1787 3036 -
1816 3016 1889 3053 ipsa.
1915 3016 1977 3046 GR

209 3077 241 3082 —
269 3061 410 3093 obicibus
441 3063 465 3094 C
502 3079 533 3084 —-
571 3062 624 3093 23.
651 3064 820 3103 yrauitale
850 3065 1101 3102 constantiaque
1134 3065 1196 3095 Gn
1238 3081 1271 3085 —
1306 3063 1357 3093 ⁶26.
1385 3061 1584 3093 arbitratur.
1609 3066 1691 3101 puta
1716 3064 1776 3094 GR
1806 3080 1840 3086 —
1875 3065 1979 3103 aliqui

208 3111 395 3152 (superscr.
422 3114 445 3149 s)
474 3113 497 3143 R
526 3129 559 3134 -—
596 3112 646 3143 ⁴28.
674 3112 761 3151 falsa
786 3114 850 3143 GR
878 3130 911 3134 —
948 3113 1001 3144 29.
1029 3114 1238 3154 oeyritmline
1261 3113 1323 3143 GR
1354 3129 1386 3134 —
1415 3112 1563 3142 subtilior
1587 3111 1743 3152 Bentley.
1773 3130 1806 3134 —
1835 3113 1887 3144 34.
1915 3114 1978 3144 ele—

206 3168 286 3192 vare
309 3161 398 3192 Bake
425 3160 444 3193 Ι.
472 3160 493 3192 l.
522 3170 554 3201 p.
583 3161 634 3192 93.
665 3179 699 3183 -
726 3162 778 3192 33.
804 3162 895 3193 mala
920 3163 946 3193 si
971 3164 1101 3203 quidem
1126 3167 1251 3202 agatur
1276 3161 1313 3192 G¹
1341 3179 1374 3182 —
1411 3161 1464 3192 37.
1490 3164 1519 3192 et
1541 3162 1631 3192 mala
1648 3178 1698 3185 -—
1715 3165 1744 3193 et
1767 3162 1851 3193 bona
1876 3163 1979 3193 Lam-

207 3206 324 3241 binus:
352 3219 409 3241 ozec
432 3211 587 3241 mala-—
604 3219 660 3242 nec
684 3210 767 3241 bona
795 3211 818 3242 C
847 3227 881 3232 —
909 3211 961 3242 39.
987 3215 1191 3250 spernentem
1216 3214 1420 3250 Anonymus
1445 3219 1501 3251 ap.
1528 3211 1755 3243 Lambinum:
1777 3216 1978 3251 prementem

208 3256 271 3290 CO
311 3258 520 3300 Cf.1§95.
548 3259 719 3301 aggii.
747 3260 799 3292 32.
827 3259 1364 3301 33.1115345.36.1v554.
1390 3259 1418 3290 V
1443 3258 1461 3300 ἓ
1486 3258 1518 3291 4.
1548 3276 1582 3283 -
1608 3259 1663 3292 40.
1689 3262 1798 3292 virum
1823 3269 1892 3292 om.
1920 3261 1975 3292 G¹.
