2249 3624
315 240 423 283 ’1010
1052 238 1333 279 CICERONIS

315 357 420 397 quae
450 349 696 383 convertens
724 343 913 381 inferiora
943 339 1079 379 reddit
1107 351 1212 390 quae
1242 344 1337 378 sunt
1365 340 1592 390 superiora.
1632 341 1766 390 Atque
1799 339 1899 378 haec
1928 340 2064 378 omnia

317 419 367 445 ex
396 419 443 445 eo
473 418 623 456 genere
651 410 767 453 sunt,
798 415 903 454 quae
932 415 1068 440 rerum
1097 401 1292 440 adiuvant
1319 413 1489 449 causas,
1535 401 1686 451 quibus
1720 402 1846 440 utitur
1882 401 2066 439 ministe-

316 470 386 507 riis
429 469 554 517 deus,
591 480 681 506 cum
713 467 852 518 optimi
886 465 1092 515 speciem,
1134 463 1268 515 quoad
1308 464 1393 502 fieri
1430 469 1588 514 potest,
1618 464 1752 502 efficit.
1809 462 1892 502 Sed
1920 463 2067 501 existi-

317 537 428 570 mant
452 531 640 581 plerique
668 542 747 568 non
774 529 874 567 haec
904 527 1135 566 adiuvantia
1165 539 1396 574 causarum,
1426 525 1500 564 sed
1527 527 1600 565 has
1628 527 1740 578 ipsas
1767 538 1861 564 esse
1889 526 2069 563 omnium

285 600 484 641 5causas,
515 605 621 643 quae
649 593 728 630 vim
757 590 934 629 habeant
962 588 1226 639 refrigerandi
1259 588 1518 637 calfaciendi,
1550 587 1841 627 concrescendi
1870 587 2068 638 liquendi,

318 661 485 694 careant
512 661 647 693 autem
675 654 781 692 omni
808 652 1085 702 intellegentia
1114 657 1236 701 atque
1266 651 1446 699 ratione,
1485 663 1590 702 quae
1621 652 1698 689 nisi
1728 651 1769 688 in
1798 651 1931 689 animo
1961 649 2070 689 nulla

318 717 396 756 alia
433 718 473 755 in
510 723 652 755 natura
680 716 950 766 reperiantur.
1005 714 1174 752 Animus
1204 718 1337 751 autem
1368 724 1534 750 sensum
1566 725 1727 751 omnem
1757 712 1894 763 effugit
1929 711 2070 751 oculo-

318 793 422 818 rum.
476 782 528 818 At
554 780 680 828 ignis,
712 782 858 819 anima,
889 789 1009 827 aqua,
1040 782 1148 815 terra
1177 788 1346 826 corpora
1376 781 1471 813 sunt
1499 787 1630 826 eaque
1666 780 1902 813 cernuntur.
1956 773 2070 812 lllum

319 848 476 891 autem,
515 842 583 892 qui
619 840 924 890 intellegentiae
958 839 1268 889 sapientiaeque
1298 850 1341 876 se
1370 843 1592 876 amatorem
1620 838 1856 888 profitetur,
1898 847 2071 874 necesse

268 912 302 940 40
319 911 381 943 est
407 904 680 954 intellegentis
709 903 990 953 sapientisque
1020 906 1188 939 naturae
1216 900 1370 950 primas
1399 912 1545 938 causas
1573 904 1835 950 conquirere,
1878 897 1973 937 dein
2001 910 2046 937 se

318 966 472 1005 cundas
509 978 646 1005 earum
684 977 839 1011 rerum,
877 975 982 1013 quae
1011 962 1247 1001 necessario
1277 967 1441 999 movent
1468 960 1594 1010 alias,
1637 973 1729 999 cum
1756 961 1872 1012 ipsae
1901 960 1952 999 ab
1981 960 2070 999 aliis

316 1035 542 1067 moventur.
597 1028 796 1075 Quocirca
825 1025 944 1064 nobis
973 1026 1031 1064 sic
1060 1037 1182 1062 cerno
1212 1036 1304 1062 esse
1335 1023 1588 1073 faciendum,
1628 1029 1673 1062 ut
1715 1024 1766 1062 de
1796 1028 1970 1074 utroque
1997 1034 2072 1060 nos

317 1091 483 1142 quidem
523 1091 705 1129 dicamus
745 1100 896 1139 genere
935 1099 1171 1136 causarum,
1215 1087 1435 1137 separatim
1468 1091 1602 1124 autem
1641 1084 1691 1123 de
1731 1086 1803 1133 iis,
1846 1096 1951 1136 quae
1981 1097 2073 1123 cum

262 1186 264 1188 ,
316 1153 595 1203 intellegentia
623 1157 716 1191 sunt
743 1151 969 1189 efficientes
998 1149 1366 1200 pulcherrimarum
1394 1160 1531 1186 rerum
1561 1154 1683 1198 atque
1712 1153 1995 1199 optumarum,
2034 1152 2074 1185 et

266 1222 302 1251 45
318 1216 367 1254 cle
395 1217 468 1265 iis,
516 1227 620 1266 quae
650 1219 842 1253 vacantes
868 1212 1085 1264 prudentia
1116 1211 1388 1250 inconstantia
1418 1210 1740 1261 perturbataque
1781 1210 1973 1248 efficiunt.
2015 1211 2073 1248 Ac

317 1278 368 1316 de
404 1278 611 1317 oculorum
650 1276 816 1328 quidem
852 1277 1010 1323 causis,
1052 1281 1095 1313 ut
1130 1275 1331 1313 haberent
1358 1286 1445 1312 eam
1476 1275 1579 1322 vim,
1619 1284 1741 1323 quam
1769 1285 1878 1312 nunc
1905 1273 2071 1322 habent,

317 1342 415 1380 satis
449 1341 574 1379 ferme
609 1352 702 1378 esse
741 1338 893 1377 dictum
922 1344 1033 1389 puto.
1088 1339 1274 1376 Maxuma
1303 1342 1439 1375 autem
1469 1348 1608 1374 eorum
1640 1335 1792 1374 utilitas
1821 1334 1968 1374 donata
1996 1334 2073 1373 ho—

315 1405 470 1443 minum
506 1404 643 1454 generi
680 1402 847 1440 deorum
885 1413 1056 1439 munere
1096 1400 1294 1450 deinceps
1331 1399 1572 1451 explicetur.
1628 1400 1775 1437 Rerum
1814 1398 1921 1436 enim
1950 1401 2074 1448 optu-

316 1479 473 1505 marum
509 1466 781 1515 cognitionem
818 1463 936 1502 nobis
978 1462 1081 1501 oculi
1123 1461 1360 1501 attulerunt.
1416 1463 1514 1500 Nam
1553 1461 1681 1509 haec,
1713 1472 1818 1510 quae
1848 1465 1912 1498 est
1938 1458 2074 1498 habita

265 1532 302 1561 20
318 1528 368 1566 de
409 1528 674 1566 universitate
716 1526 843 1564 oratio
886 1538 906 1564 a
948 1525 1087 1573 nobis,
1132 1522 1240 1562 haud
1277 1535 1470 1574 umquam
1507 1528 1618 1561 esset
1644 1524 1834 1571 inventa,
1877 1533 2074 1571 sineque

317 1589 453 1629 sidera
483 1601 618 1640 neque
648 1588 707 1627 sol
737 1600 872 1638 neque
903 1586 1061 1626 caelum
1091 1586 1168 1625 sub
1197 1585 1405 1624 oculorum
1427 1590 1639 1635 aspectum
1659 1583 1808 1623 cadere
1829 1585 2072 1635 potuissent.

317 1653 431 1690 Nunc
459 1664 555 1690 vero
585 1651 675 1690 dies
704 1656 930 1701 noctesque
960 1649 1089 1688 oculis
1118 1650 1326 1699 cognitae,
1355 1653 1439 1686 tum
1465 1659 1652 1686 mensum
1672 1657 1954 1697 annorumque
1975 1657 2075 1684 con-

317 1715 529 1753 versiones
566 1720 605 1752 et
640 1725 854 1752 numerum
895 1712 1147 1751 machinatae
1176 1717 1271 1750 sunt
1298 1716 1337 1748 et
1367 1711 1543 1761 spatium
1570 1709 1769 1760 temporis
1797 1707 2009 1746 dimensae
2038 1712 2078 1746 et

318 1776 369 1816 ad
398 1777 682 1827 quaestionem
712 1775 833 1813 totius
861 1780 1030 1813 naturae
1061 1773 1310 1825 inpulerunt.
1367 1772 1525 1819 Quibus
1554 1784 1603 1809 ex
1633 1771 1758 1809 rebus
1779 1769 2075 1822 philosophiam

268 1845 305 1876 25
320 1838 456 1890 adepti
494 1849 658 1886 sumus,
701 1849 780 1888 quo
813 1832 920 1874 bono
957 1835 1112 1874 nullum
1149 1834 1395 1885 optabilius,
1443 1833 1598 1872 nullum
1633 1833 1911 1884 praestantius
1939 1843 2076 1882 neque

321 1900 459 1940 datum
487 1905 549 1938 est
575 1899 803 1938 mortalium
836 1899 976 1948 generi
997 1897 1166 1936 deorum
1185 1909 1385 1936 concessu
1405 1902 1527 1947 atque
1548 1908 1716 1935 munere
1737 1906 1873 1946 neque
1895 1893 2072 1934 dabitur.

1073 1961 1092 1981 a:
1195 1961 1214 1981 a
1317 1960 1335 1980 a

421 2024 651 2063 Defenstrix
690 2035 828 2070 quoque
869 2022 1012 2060 Cicero
1053 2023 1093 2060 in
1134 2023 1298 2061 Timaeo
1339 2023 1501 2068 protulit.
1558 2020 1870 2066 <Priscianus
1908 2019 1958 2058 de
1993 2019 2075 2058 XII.

321 2099 428 2125 vers.
459 2088 559 2125 Aen.
590 2097 623 2123 c.
653 2086 689 2123 2.
721 2085 755 2135 §-
790 2085 870 2133 16.)

406 2201 436 2231 ¹2.
464 2198 651 2230 ministeriis
679 2197 790 2228 CEG:
821 2197 980 2227 ministris
1003 2204 1082 2225 cuni
1113 2195 1271 2226 Pei-ionio
1295 2195 1319 2225 O
1343 2211 1375 2215 —
1404 2194 1435 2225 3.
1453 2193 1564 2223 obtimi
1579 2194 1605 2223 A
1628 2211 1661 2215 —
1681 2193 1790 2232 quoad
1807 2202 1895 2225 corr.
1917 2202 1957 2225 ex
1974 2194 2080 2233 quod-

321 2252 364 2282 ad
398 2252 422 2281 (j
453 2268 484 2271 —
520 2252 623 2288 polest
654 2251 681 2278 el
709 2247 783 2286 fecit
813 2248 836 2277 Α
848 2243 947 2285 B¹V¹,
981 2249 1084 2285 potest
1112 2245 1215 2284 effecit
1246 2243 1410 2275 ΒῖΕΟΥ2
1440 2260 1471 2264 -
1509 2242 1700 2273 eoeisiimant
1723 2242 1829 2273 Henr.
1863 2242 2075 2284 Stephanus:

321 2302 495 2332 aestimant
512 2302 537 2330 A
548 2300 585 2337 Β,
606 2299 756 2329 eslinmnt
771 2297 794 2327 Ε
808 2297 844 2332 V,
864 2296 1024 2327 extimant
1042 2296 1066 2325 G
1086 2310 1119 2314 —
1139 2295 1170 2324 5.
1191 2301 1275 2332 quae
1290 2293 1360 2323 uim
1375 2291 1515 2322 habeant
1531 2291 1753 2331 refrigerandi
1769 2308 1786 2313 —
1802 2308 1820 2313 —
1836 2291 1979 2330 liquendi
1996 2294 2020 2323 G
2032 2292 2076 2322 V:

323 2359 406 2389 qaae
423 2351 491 2380 uim
508 2348 648 2379 habeant
662 2347 800 2386 sriycris
817 2349 846 2376 et
863 2345 983 2376 caloris
1000 2352 1084 2383 quae
1100 2343 1168 2373 uim
1189 2342 1328 2373 habeant
1342 2344 1437 2381 (quae
1453 2350 1524 2372 cuni
1543 2341 1684 2372 habeant
1700 2341 1736 2379 B,
1756 2349 1816 2380 quc
1831 2341 1899 2372 uim
1911 2341 2027 2373 habent
2043 2343 2078 2381 E)

321 2399 543 2440 refriqerandi
558 2415 573 2419 -
590 2415 607 2419 -
625 2396 767 2436 liquendi
794 2395 905 2432 ABE3
934 2403 1019 2435 quae
1042 2394 1106 2424 vim
1135 2392 1275 2422 habeant
1295 2391 1431 2431 frigoris
1458 2393 1488 2421 et
1511 2391 1643 2429 caloris,
1666 2391 1880 2421 concretionis
1899 2394 1928 2421 et
1944 2391 2081 2429 liquoris

323 2450 347 2480 Ο
379 2466 412 2469 -
442 2446 636 2487 calfaciendi
663 2447 687 2476 Α
700 2442 750 2475 132:
776 2444 958 2484 calficiencli
987 2441 1071 2480 ss¹V,
1100 2440 1310 2480 calefaciendi
1338 2441 1411 2472 GV.
1438 2440 1523 2471 Vide
1542 2440 1583 2471 ad
1603 2448 1636 2480 p.
1656 2439 1730 2477 445,
1751 2441 1782 2472 6.
1816 2458 1849 2462 —
1882 2441 1912 2472 6.
1932 2439 2079 2481 careant]

322 2498 462 2529 calleant
479 2498 512 2528 in
530 2505 639 2535 marg.
660 2495 685 2524 V
706 2512 740 2516 -
761 2494 792 2529 8.
810 2498 844 2524 at
860 2502 950 2524 corr.
969 2501 1011 2523 ex
1027 2492 1070 2522 ad
1087 2492 1110 2522 B
1133 2506 1166 2512 -
1186 2492 1282 2530 ignis,
1300 2491 1426 2529 anima,
1445 2500 1546 2530 aqua,
1566 2493 1657 2521 terra
1674 2499 1755 2521 nos:
1780 2490 1866 2530 ignis
1882 2498 1972 2530 aqua
1989 2493 2081 2521 terra

326 2549 350 2580 C
366 2548 440 2582 EG;
464 2548 549 2587 iynis
571 2549 600 2577 et
622 2553 712 2584 aqua
733 2546 763 2575 ct
784 2544 901 2575 anima
923 2547 952 2573 et
977 2546 1066 2572 terra
1093 2541 1129 2571 O.
1158 2539 1208 2571 Cf.
1235 2548 1254 2580 p
1296 2539 1391 2577 4008,
1418 2540 1469 2570 Ὦ.
1500 2557 1534 2561 -
1561 2547 1690 2579 eaquae
1712 2541 1738 2570 Α
1766 2556 1799 2560 -
1828 2540 1867 2570 40
1905 2540 1977 2571 dein
2001 2540 2078 2571 AB:

326 2598 437 2629 deinde
454 2597 477 2627 E
488 2598 511 2627 G
522 2596 546 2625 V
557 2596 581 2626 O
610 2612 643 2616 —
669 2594 827 2625 secundas
849 2601 964 2624 earam
980 2599 1093 2622 rerum
1110 2590 1133 2620 C
1146 2589 1169 2620 Ε
1182 2592 1206 2619 G
1220 2599 1224 2618 :
1255 2590 1413 2620 secundas
1428 2597 1547 2620 causas
1562 2597 1675 2619 rerum
1692 2597 1807 2619 earum
1823 2589 1848 2619 Ο
1875 2606 1905 2612 -
1937 2589 1970 2620 Μ
2008 2597 2082 2620 cum

327 2643 448 2678 A²ssE:
477 2654 546 2675 om.
574 2642 645 2675 A¹G
658 2643 696 2680 V,
725 2641 849 2682 [quum]
868 2642 892 2672 Ο
911 2641 1010 2682 (qaae
1028 2638 1207 2670 necessario
1221 2641 1382 2669 moventes
1398 2639 1484 2669 alias
1500 2639 1590 2677 ipsae
1607 2638 1686 2669 Car.
1704 2638 1756 2668 Fr.
1776 2638 2023 2677 Hermannus.)
2044 2655 2078 2660 —

328 2696 379 2727 43.
406 2696 442 2726 de
465 2695 512 2725 his
538 2696 563 2724 A
574 2694 612 2731 V,
632 2694 668 2724 de
683 2693 744 2724 hiis
762 2693 817 2723 EG
839 2709 872 2713 —
895 2691 946 2723 lt.
966 2690 1174 2722 oblumarurn
1192 2691 1215 2719 A
1239 2706 1271 2708 —
1296 2689 1344 2719 15.
1364 2689 1401 2719 cle
1417 2688 1466 2718 liis
1481 2687 1556 2725 AV,
1576 2688 1613 2718 de
1629 2688 1689 2717 hiis
1706 2687 1762 2718 EG
1785 2704 1817 2709 —
1847 2689 1897 2719 ⁴7.
1915 2689 2082 2719 hominum

330 2745 440 2775 CEG:
467 2744 608 2774 humano
632 2744 657 2773 O
687 2759 719 2763 —
748 2741 798 2772 119.
818 2741 1033 2781 cognitionem
1047 2739 1070 2770 C
1083 2738 1139 2769 EG
1179 2738 1376 2777 cognitiones
1392 2738 1416 2767 O
1436 2754 1468 2758 —-
1495 2736 1686 2768 adtulerunt
1702 2738 1727 2767 A
1749 2753 1781 2756 —
1812 2736 1865 2768 ⁶20.
1884 2737 1973 2768 haud
1989 2745 2079 2768 corr.

331 2803 370 2824 ex
389 2796 445 2823 aa!
462 2793 485 2823 Β
506 2809 541 2814 -
570 2793 620 2822 24.
640 2793 771 2830 aspecta
788 2792 812 2820 A
826 2787 932 2819 B¹GV
954 2806 985 2809 -
1013 2788 1053 2817 22
1085 2785 1162 2826 tum]
1181 2795 1255 2816 cum
1273 2788 1297 2817 G
1322 2804 1352 2808 —-
1380 2795 1525 2817 mensum
1540 2786 1618 2817 AB:
1638 2786 1796 2816 mensium
1814 2786 1956 2818 EGVO.
1977 2786 2026 2817 Cf.
2047 2794 2079 2826 p.

330 2841 404 2879 5¹41,
426 2842 475 2872 Ξῖ.
495 2841 568 2878 883,
586 2840 619 2873 8.
647 2858 680 2861 —
708 2840 760 2871 23.
785 2839 932 2877 spacium
956 2837 1014 2866 BG
1032 2854 1065 2857 —
1092 2835 1253 2875 temporis]
1280 2836 1340 2866 llic
1365 2835 1482 2867 delicit
1498 2835 1535 2873 V,
1556 2843 1624 2865 uno
1643 2833 1719 2865 solio
1738 2836 1908 2873 sequente
1927 2837 2080 2866 exsecto.

334 2909 367 2912 —
400 2891 452 2922 ¹24.
473 2891 676 2930 filosophiam
698 2891 721 2920 Α
755 2907 787 2910 —
819 2887 872 2918 26.
901 2894 1003 2925 neque
1024 2885 1175 2915 clabitur:
1208 2886 1286 2923 quia
1306 2886 1445 2924 pertinet
1461 2885 1504 2915 ad
1520 2893 1626 2915 mores
1642 2886 1708 2915 cet.
1730 2883 1788 2924 (de
1806 2884 1874 2915 fato
1893 2883 1923 2923 S.
1951 2884 1978 2921 ’1)
2004 2887 2026 2915 Α
2040 2883 2080 2920 Β;

330 2949 434 2980 neque
459 2939 601 2970 dabitur.
634 2938 778 2977 Explicit
810 2937 954 2967 Thinteus
971 2935 1117 2974 platonis
1142 2936 1249 2965 marci
1271 2935 1341 2973 [acy
1368 2934 1530 2966 Ciceronis
1554 2938 1581 2965 et
1611 2937 1719 2964 celera
1753 2933 1794 2967 E;
1825 2932 2082 2972 subscriptione

332 2991 427 3020 caret
454 2990 491 3020 G.
522 2990 620 3028 «Pag.
651 2987 690 3019 47
719 2988 754 3018 B.
785 2986 840 3017 ed.
866 2985 984 3025 Steph.
1013 2984 1098 3014 haec
1127 2986 1263 3014 exstant
1286 2983 1433 3015 Platonis
1452 2983 1560 3014 verba
1579 2978 1662 3013 οὔθ’
1686 2977 1766 3023 ἥξει
1782 2980 1872 3012 ποτὲ
1889 2979 1938 3023 τῷ
1958 2980 2083 3023 θνητῷ

332 3047 427 3080 γει-ει
451 3035 618 3081 δωρηθέν
643 3048 683 3067 εκ
713 3034 808 3067 θεῶν
839 3052 873 3057 -
901 3058 908 3072 ,
934 3035 965 3064 in
992 3042 1081 3073 quae
1111 3033 1179 3063 cxit
1206 3033 1271 3063 hoc
1306 3032 1483 3064 Ciceronis
1514 3031 1756 3071 fragmentum.
1809 3031 1892 3061 Hinc
1919 3031 2083 3061 orationis

333 3087 523 3118 Platonicae
549 3089 691 3127 paginae
715 3086 812 3118 XLVI
838 3084 1115 3116 desiderantur.»
1134 3083 1191 3113 Oa.
1212 3100 1245 3104 —
1280 3082 1333 3115 ¹28.
1353 3082 1451 3120 Quod
1469 3091 1501 3122 p.
1522 3081 1561 3112 45
1581 3082 1605 3112 D
1625 3081 1656 3111 in
1675 3080 1812 3111 Graecis
1830 3082 1882 3110 est
1896 3080 2084 3124 σωτηρίαν

334 3135 404 3181 γὰρ
430 3134 474 3177 ἢν
502 3139 536 3166 01'
565 3135 642 3166 θεοὶ
670 3134 735 3176 τῆς
760 3130 890 3174 ὅψεως
914 3127 1208 3173 έμηχαινήσαιψντω
1238 3129 1305 3172 τὴν
1329 3130 1401 3162 τῶν
1423 3128 1627 3175 βλεφάρων
1656 3127 1790 3170 φύσιν,
1830 3129 1999 3162 insolitam
2028 3130 2083 3160 de-

333 3187 494 3227 fenstricis
518 3194 639 3216 xoccm
665 3185 819 3224 flagitare
845 3182 1000 3223 potuisse
1018 3181 1153 3212 censuit
1170 3181 1246 3211 Car.
1268 3181 1319 3212 Fr.
1339 3181 1570 3212 Hermannus.
