2249 3624
937 595 995 654 M.
1033 595 1223 655 TULLII
1260 595 1567 656 CICERONIS

626 754 768 810 DE
840 755 1327 814 DEORUM
1402 757 1882 816 NATURA

913 916 1145 964 LIBER
1183 918 1596 966 SECUNDUS.

472 1226 504 1265 Ι.
536 1222 573 1266 l.
609 1225 726 1274 Quae
757 1237 850 1265 cum
875 1225 993 1266 Cotta
1019 1226 1220 1275 dixisset,
1250 1232 1338 1268 tuin
1360 1227 1567 1276 Velleius,
1598 1228 1659 1268 Ne
1683 1240 1774 1281 ego,
1806 1228 1965 1282 inquit,
1996 1229 2142 1271 incau-

358 1293 448 1337 tus,
480 1288 551 1342 qui
583 1302 677 1329 cum
707 1287 958 1329 Academico
989 1294 1031 1329 et
1061 1291 1209 1330 eodem
1240 1290 1409 1331 rhetore
1441 1290 1640 1344 congredi
1671 1296 1845 1331 conatus
1883 1292 1975 1332 sim.
2036 1294 2140 1334 Nam

357 1365 498 1406 neque
542 1352 792 1391 indisertum
832 1351 1131 1393 Academicum
1173 1353 1486 1406 pertimuissem
1527 1367 1604 1393 nec
1635 1353 1726 1393 sine
1757 1354 1838 1394 ista
1869 1355 2140 1409 philosophia

356 1415 569 1455 rhetorem
604 1415 794 1468 quamvis
827 1414 1116 1469 eloquentem;
1158 1429 1296 1469 neque
1334 1417 1446 1457 enim
1487 1417 1658 1456 flumine
1690 1417 1920 1457 conturbor
1950 1418 2140 1459 inanium

325 1478 581 1519 5verborum
614 1490 692 1516 nec
724 1477 956 1517 subtilitate
987 1479 1308 1527 sententiarum,
1342 1479 1375 1519 si
1408 1479 1611 1519 orationis
1644 1484 1708 1519 est
1738 1479 1919 1520 siccitas.
1971 1482 2035 1521 Tu
2066 1495 2140 1522 au-

356 1546 462 1587 tem,
505 1539 645 1587 Cotta,
686 1545 864 1593 utraque
905 1554 949 1580 re
981 1541 1173 1581 valuisti:
1212 1555 1367 1582 corona
1397 1542 1471 1582 tibi
1503 1546 1543 1581 et
1573 1541 1735 1582 iudices
1766 1541 2003 1584 defuerunt.
2055 1543 2139 1585 Sed

356 1603 408 1644 ad
440 1603 520 1642 ista
550 1602 682 1649 alias,
714 1616 825 1642 nunc
848 1603 1075 1651 Lucilium,
1108 1604 1142 1643 si
1174 1604 1254 1657 ipsi
1277 1605 1541 1645 commodum
1564 1609 1647 1652 est,
1678 1605 1914 1645 audiamus.
1959 1603 1998 1646 2.
2031 1607 2138 1647 Tum

354 1665 534 1705 Balbus:
574 1665 766 1705 Eundem
799 1665 991 1718 equidem
1024 1666 1193 1706 mallem
1224 1667 1370 1707 audire
1405 1668 1586 1714 Cottam,
1619 1667 1739 1716 dum,
1782 1681 1864 1722 qua
1895 1668 2137 1723 eloquentia

354 1728 484 1769 falsos
524 1728 625 1768 deos
667 1728 857 1775 sustulit,
904 1730 1049 1769 eadem
1091 1743 1214 1769 veros
1256 1731 1439 1770 inducat.
1489 1731 1564 1769 Est
1605 1731 1716 1770 enim
1748 1736 1789 1770 et
1818 1730 2064 1785 philosophi
2095 1736 2138 1772 et

304 1805 342 1835 ⁴0
355 1789 563 1846 pontificis
596 1796 637 1831 et
669 1791 815 1831 Cottae
847 1792 899 1831 de
930 1792 994 1831 dis
1035 1792 1330 1833 inmortalibus
1360 1793 1516 1833 habere
1547 1806 1633 1832 non
1665 1799 1873 1833 errantem
1905 1799 1946 1834 et
1976 1808 2136 1848 vagam,

354 1861 400 1895 ut
421 1854 683 1901 Academici,
715 1854 809 1901 sed,
840 1859 885 1894 ut
916 1855 1063 1902 nostri,
1095 1855 1286 1895 stabilem
1309 1861 1547 1908 certamque
1571 1857 1834 1896 sententiam.
1867 1857 1970 1897 Nam
1992 1862 2137 1897 contra

354 1919 584 1972 Epicurum
624 1916 724 1957 satis
762 1931 973 1972 superque
1013 1918 1169 1957 dictum
1203 1923 1278 1958 est.
1336 1919 1418 1958 Sed
1450 1931 1552 1958 aveo
1583 1918 1750 1966 audire,
1782 1923 1828 1958 tu
1858 1919 1966 1971 ipse,
2001 1919 2134 1968 Cotta,

356 1981 459 2036 quid
498 1980 668 2022 sentias.
717 1981 800 2027 An,
847 1980 1003 2033 inquit,
1043 1981 1198 2020 oblitus
1232 1995 1297 2029 es,
1329 1980 1433 2034 quid
1463 1981 1585 2020 initio
1618 1981 1818 2029 dixerim,
1852 1981 2020 2023 facilius
2055 1996 2134 2032 me,

354 2046 510 2085 talibus
558 2044 806 2098 praesertim
845 2043 897 2083 de
938 2043 1084 2091 rebus,
1125 2044 1227 2097 quid
1268 2058 1353 2084 non
1393 2044 1589 2083 sentirem
1630 2057 1756 2097 quam
1793 2044 1895 2098 quid
1937 2046 2136 2087 sentirem

305 2119 342 2149 46
355 2121 480 2161 posse
512 2107 677 2148 dicere?
728 2105 767 2147 3.
800 2106 924 2155 Quod
956 2107 991 2146 si
1024 2107 1223 2147 haberem
1255 2107 1434 2160 aliquid,
1468 2106 1580 2160 quod
1612 2106 1816 2160 liqueret,
1848 2112 1989 2148 tamen
2009 2113 2050 2149 te
2072 2108 2133 2150 vi-

357 2171 498 2210 cissim
530 2171 676 2210 audire
707 2168 878 2217 vellem,
910 2184 1003 2210 cum
1036 2171 1126 2223 ipse
1158 2175 1242 2210 tam
1274 2170 1402 2209 multa
1433 2169 1652 2209 dixissem.
1708 2170 1813 2208 Tum
1844 2170 2023 2211 Balbus:
2056 2171 2135 2211 Ge·-

355 2246 443 2273 ram
461 2233 535 2273 tibi
559 2246 717 2272 morem
741 2237 781 2272 et
801 2246 921 2285 agam
938 2246 1064 2286 quam
1082 2230 1340 2272 brevissume
1362 2236 1533 2285 poter03
1557 2231 1714 2272 etenim
1734 2232 1936 2274 convictis
1957 2232 2131 2287 Epicuri

356 2295 570 2336 erroribus
612 2295 739 2348 longa
777 2295 828 2334 de
859 2309 953 2335 mea
985 2295 1267 2349 disputatione
1300 2295 1486 2335 detracta
1517 2296 1652 2335 oratio
1684 2300 1760 2335 est.
1815 2295 1996 2335 Omnino
2028 2295 2135 2337 divi-

355 2359 461 2399 dunt
490 2358 622 2398 nostri
651 2363 779 2398 totam
811 2358 933 2398 istam
966 2357 1016 2398 de
1050 2358 1113 2397 dis
1145 2358 1438 2398 inmortalibus
1470 2358 1763 2411 quaestionem
1793 2357 1835 2397 in
1863 2358 1993 2412 partis
2016 2363 2135 2412 quat-

304 2435 341 2466 20
356 2426 463 2462 tuor.
509 2421 692 2461 Primum
723 2420 877 2461 docent
908 2434 999 2461 esse
1022 2421 1146 2469 deos,
1179 2420 1332 2460 deinde
1356 2420 1502 2474 quales
1535 2421 1637 2468 sint,
1671 2425 1758 2460 tum
1781 2419 1984 2461 mundum
2006 2421 2057 2461 ab
2079 2420 2132 2461 iis

355 2484 656 2532 administrari,
697 2489 913 2537 postremo
954 2484 1175 2524 consulere
1216 2497 1286 2524 eos
1328 2484 1454 2523 rebus
1492 2483 1700 2524 humanis.
1745 2484 1831 2524 Nos
1872 2489 2010 2524 autem
2050 2482 2132 2523 hoc

354 2560 548 2589 sermone
578 2560 686 2599 quae
718 2547 858 2600 priora
890 2547 972 2586 duo
1005 2552 1103 2587 sunt
1134 2560 1371 2595 sumamus3
1404 2546 1572 2586 tertium
1604 2552 1645 2586 et
1666 2550 1885 2600 quartum,
1917 2547 2017 2599 quia
2046 2558 2131 2585 ma-

352 2611 439 2651 iora
477 2614 596 2658 sunt,
638 2615 739 2663 puto
772 2623 864 2650 esse
896 2610 941 2649 in
972 2610 1084 2650 aliud
1125 2615 1288 2663 tempus
1320 2608 1565 2649 differenda.
1618 2609 1790 2649 Minime
1827 2623 1949 2657 vero,
1990 2608 2131 2663 inquit

356 2673 497 2721 Cotta;
528 2686 625 2713 nam
656 2678 697 2713 et
727 2673 851 2713 otiosi
883 2686 1027 2714 sumus
1060 2677 1100 2713 et
1130 2672 1179 2711 iis
1212 2672 1263 2711 de
1294 2671 1419 2712 rebus
1449 2672 1631 2725 agimus,
1664 2684 1772 2725 quae
1793 2677 1891 2713 sunt
1911 2672 2036 2713 etiam
2056 2682 2129 2712 ne-

304 2750 341 2782 25
355 2735 478 2790 gotiis
509 2736 843 2789 anteponendae.

466 2799 517 2838 II.
548 2796 589 2839 4.
634 2799 740 2839 Tum
780 2798 991 2847 Lucilius,
1035 2800 1097 2839 Ne
1142 2812 1263 2852 egere
1295 2798 1465 2852 quidem
1496 2798 1681 2846 videtur,
1728 2797 1891 2852 inquit,
1938 2797 2126 2839 oratione

352 2862 487 2917 prima
527 2875 636 2915 pars.
692 2861 804 2910 Quid
845 2862 956 2902 enim
996 2865 1134 2915 potest
1172 2875 1265 2902 esse
1305 2867 1389 2902 tam
1420 2866 1610 2915 apertum
1641 2866 1810 2914 tamque
1841 2861 2124 2914 perspicuum,

353 2939 447 2966 cum
478 2925 639 2966 caelum
670 2924 940 2979 suspeximus
972 2924 1254 2978 caelestiaque
1286 2924 1554 2978 contemplati
1584 2937 1749 2973 sumus,
1782 2936 1908 2977 quam
1937 2935 2029 2964 esse
2049 2921 2124 2962 ali-

439 3104 469 3135 ⁴.
495 3111 536 3135 ne
558 3104 622 3134 AB
638 3103 685 3135 C:
712 3112 778 3134 non
802 3103 850 3140 E;
876 3102 948 3135 Nae
972 3103 997 3135 O
1018 3119 1052 3125 —
1080 3103 1110 3135 3.
1137 3104 1335 3136 indesertum
1359 3113 1450 3136 corr.
1470 3105 1504 3135 in
1527 3103 1723 3135 indisertum
1738 3104 1784 3141 A3
1809 3103 2020 3135 indissertum
2042 3101 2066 3132 B
2082 3113 2116 3122 -—

350 3154 382 3187 8.
408 3154 528 3185 malem
553 3152 677 3192 (altera
701 3153 711 3183 l
735 3153 928 3193 superscr.)
957 3154 985 3184 A
1018 3169 1053 3174 —
1086 3154 1138 3185 42.
1166 3154 1245 3186 abeo
1272 3155 1373 3193 AB1;
1406 3154 1507 3186 habeo
1537 3154 1655 3186 B2CE
1687 3170 1722 3176 —-
1756 3153 1808 3185 43.
1836 3152 1952 3193 inquid
1973 3154 2001 3184 A
2026 3166 2061 3173 —
2087 3156 2119 3182 es

349 3212 441 3236 corr.
469 3212 510 3234 ex
535 3205 580 3234 est
603 3204 630 3233 A
656 3219 690 3224 —
718 3203 804 3241 quod
827 3203 862 3233 in
885 3203 979 3234 initio
1005 3203 1028 3234 C
1049 3219 1084 3224 —
1113 3202 1164 3235 44.
1193 3205 1279 3245 quod
1302 3213 1368 3236 non
1391 3206 1431 3236 Al
1451 3222 1486 3227 —
1513 3205 1566 3236 46.
1592 3204 1683 3244 ipsae
1706 3205 1733 3235 A
1754 3221 1787 3226 —
1815 3203 1867 3234 49.
1889 3200 2018 3242 parteis
2035 3200 2059 3231 Β
2079 3215 2114 3222 —-

347 3253 401 3285 20.
428 3252 468 3284 ab
491 3252 540 3283 his
563 3250 593 3285 ‘21
619 3267 655 3275 -
682 3252 735 3284 23.
760 3252 897 3284 minimo
921 3261 1012 3286 corr.
1030 3253 1065 3285 in
1080 3253 1214 3287 minime
1231 3255 1256 3286 B
1284 3271 1319 3276 —-
1346 3254 1399 3288 24.
1426 3257 1457 3288 et
1478 3254 1528 3286 his
1551 3253 1581 3288 ⁵21
1600 3271 1635 3276 ——
1662 3254 1715 3286 25.
1742 3252 1971 3294 anteponenda
1991 3250 2058 3283 AC
2079 3265 2113 3272 —

345 3302 399 3335 26.
424 3303 554 3335 uideeor
576 3302 629 3334 ΑΙ.
