2249 3624
906 241 1245 282 FRAGMENTA.
1876 238 1957 279 959

202 347 244 388 id
271 347 399 386 sciet‘?
451 345 549 392 Quis
575 344 771 384 iudicabit
799 356 877 382 non
907 345 1030 383 fuisse
1059 345 1254 383 caiisaiw.l
1280 365 1328 371 -
1364 343 1504 391 Finget
1540 343 1676 382 fuisse.
1710 365 1755 372 -
1783 344 1858 389 Qui
1887 354 1956 380 re-

202 410 387 450 fellemus
415 408 597 460 potuisse
626 420 706 446 non
735 407 847 456 daie,
879 408 911 446 si
940 407 1163 445 noluisset?
1188 428 1231 433 —
1250 407 1293 445 Vi
1324 412 1510 456 ereptum
1543 418 1635 444 esse
1665 405 1784 444 dicet.
1841 406 1955 451 Quae

202 479 338 525 potest
378 472 608 523 eloquentia
649 471 893 522 disputando
936 471 1058 518 ignoti
1101 470 1272 508 hominis
1312 468 1604 520 impudentiam
1647 470 1882 507 confutare?
1910 490 1957 495 —-

201 536 261 575 20.
299 536 386 574 Non
414 546 530 584 agam
561 534 682 583 igitur
716 546 807 571 cum
841 533 915 571 ista
951 531 1173 572 Sardorum
1211 533 1513 583 conspiratione
1550 537 1590 569 et
1622 544 1712 570 eum
1743 542 1956 581 expresso,

203 603 342 637 coacto
371 595 668 646 sollicitatoque
698 595 875 646 periurio
905 594 1121 642 subtiliter,
1157 606 1291 644 neque
1320 607 1396 633 acu
1423 592 1626 645 quaedam
1655 593 1868 632 enucleata
1898 601 1993 632 ar-5

203 665 394 711 gumenta
422 658 675 708 conquiram,
706 658 780 695 sed
810 662 948 695 contra
978 657 1173 707 impetum
1203 657 1322 694 istum
1352 655 1510 694 illorum
1542 656 1695 707 impetu
1724 668 1797 706 ego
1822 661 1959 694 nostro

204 733 443 761 concurram
479 726 603 771 atque
645 720 870 769 confligam.
939 720 1027 757 Non
1056 725 1118 758 est
1147 731 1250 757 unus
1279 719 1372 756 milii
1401 719 1576 770 quisque
1611 732 1661 758 ex
1688 718 1845 758 illorum
1876 720 1961 758 acie

203 783 518 836 protrahendus,
548 795 684 834 neque
706 795 797 821 eum
818 782 987 830 singulis
1009 781 1304 821 decertandum
1332 787 1455 832 atque
1475 781 1763 833 pugnandumn
1794 787 1873 820 tota
1901 787 1964 820 est

205 848 314 887 acies
341 845 406 886 illa
436 858 516 885 uno
544 846 699 896 impetu
728 845 1041 896 prosternenda.

304 909 365 949 21.
406 909 478 947 Est
506 909 611 946 enini
640 920 765 945 unum
795 907 1015 945 maximum
1045 907 1166 944 totius
1200 906 1411 945 Sardiniae
1449 907 1755 946 frumentarium
1793 907 1960 955 crimen,
1979 913 2015 942 to

207 971 257 1011 de
286 983 366 1022 quo
394 971 572 1010 Triarius
606 982 744 1008 omnes
782 969 935 1009 Sardos
975 970 1260 1019 interrogavit,
1303 968 1412 1020 quod
1453 982 1583 1019 genus
1625 983 1704 1008 uno
1745 970 1962 1008 testimonii

206 1034 370 1073 foedere
400 1039 439 1072 et
458 1045 664 1072 consensu
683 1033 862 1071 omnium
886 1038 949 1072 est
966 1032 1260 1070 confirmatum.
1317 1032 1435 1078 Quod
1456 1044 1530 1082 ego
1561 1034 1714 1071 crimen
1742 1038 1962 1084 antequam

207 1097 371 1147 attingo,
402 1102 496 1148 peto
517 1109 539 1134 a
557 1096 688 1143 vobis,
718 1094 889 1142 iudices,
920 1101 962 1134 ut
982 1107 1045 1133 me
1068 1096 1189 1133 totius
1218 1100 1380 1133 nostrae
1409 1094 1659 1133 defensionis
1687 1096 1803 1146 quasi
1831 1108 1962 1146 quae*

207 1158 300 1197 dam
333 1159 468 1197 iacere
507 1158 771 1198 fundamenta
810 1158 1029 1209 patiamini.
1096 1159 1208 1204 Quae
1237 1159 1268 1195 si
1299 1163 1437 1207 erunt,
1469 1164 1511 1197 ut
1536 1170 1627 1197 mea
1656 1159 1755 1197 ratio
1784 1164 1823 1196 et
1850 1159 1964 1210 eogi-

206 1222 301 1260 tatio
329 1221 426 1270 sert,
462 1222 594 1272 posita
623 1227 663 1259 et
691 1222 931 1268 constituta,
970 1219 1122 1259 nullam
1158 1221 1430 1259 accusationis
1466 1226 1623 1271 partem
1660 1221 1962 1272 pertimescam.
1983 1225 2015 1253 15

207 1284 267 1323 22.
310 1285 448 1323 Dicam
490 1285 596 1322 enim
632 1284 806 1334 primum
845 1283 895 1322 de
923 1284 1012 1335 ipso
1041 1295 1192 1333 genere
1226 1284 1520 1333 accusationis,
1556 1289 1697 1335 postea
1726 1284 1776 1322 de
1807 1285 1963 1335 Sardis,

208 1352 291 1385 tum
321 1349 442 1385 etiam
469 1359 600 1398 pauc-a
630 1346 680 1384 de
709 1346 884 1385 Scauro:
918 1345 1067 1396 quibus
1097 1345 1222 1384 rebus
1251 1345 1464 1396 explicatis
1494 1352 1576 1384 tum
1606 1345 1784 1398 denique
1812 1346 1864 1386 ad
1890 1348 1966 1386 hoc

209 1408 402 1448 horribile
430 1415 470 1447 et
498 1408 802 1447 tormidolosum
832 1408 1138 1447 frumentarium
1167 1409 1321 1447 crimen
1347 1407 1555 1447 accedam.

309 1472 370 1510 23.
415 1470 533 1519 Quod
560 1477 623 1510 est
652 1472 771 1521 igitur
798 1471 874 1509 hoe
901 1471 1189 1519 accusationis,
1218 1471 1358 1520 Triari,
1388 1472 1548 1521 genus:>
1608 1472 1802 1522 Primum,
1833 1478 1876 1511 ut
1902 1474 1966 1512 in-

213 1535 404 1585 quisitum
433 1547 514 1572 non
543 1535 651 1573 ieris.
707 1536 820 1581 Quae
849 1534 920 1572 suit
945 1535 1020 1573 ista
1050 1540 1130 1572 tam
1160 1535 1295 1580 ferox,
1331 1539 1413 1573 tam
1442 1534 1648 1585 explorata
1682 1535 1799 1574 huius
1827 1536 1968 1586 oppri-
1983 1538 2019 1568 20

211 1596 348 1635 mendi
378 1596 555 1635 fiducia?
608 1597 748 1634 Pueris
786 1596 904 1634 nobis
943 1596 1107 1635 audisse
1137 1597 1279 1634 videor
1310 1597 1350 1634 L.
1382 1595 1540 1635 Aelium
1576 1595 1809 1636 libertinum
1838 1597 1969 1636 homi—

212 1671 306 1698 nem
345 1659 547 1698 literatum
585 1672 631 1698 ac
666 1660 860 1708 facetum,
897 1672 987 1698 cum
1020 1659 1288 1698 ulcisceretur
1323 1660 1482 1710 patroni
1516 1660 1705 1709 iniurias,
1743 1673 1891 1699 nomen
1920 1662 1967 1708 Q.

213 1722 417 1768 Muttonis,
448 1722 620 1760 hominis
648 1721 932 1770 sordidissimi,
973 1721 1183 1760 detulisse.
1246 1724 1277 1760 A
1306 1734 1386 1772 quo
1416 1734 1507 1760 cum
1536 1729 1818 1773 quaereretur,
1849 1735 1971 1774 quam

216 1785 467 1836 provinciam
495 1790 565 1823 aut
592 1796 713 1835 quam
742 1783 849 1822 diem
877 1785 1040 1822 testium
1079 1783 1326 1835 postularet,
1359 1784 1501 1824 horam
1528 1784 1605 1823 sibi
1634 1790 1838 1834 octavam,
1875 1785 1970 1824 dum

214 1847 255 1884 in
282 1846 366 1884 soro
395 1846 561 1884 bovario
589 1847 827 1897 inquireret,
857 1846 1089 1899 postulavit.
1154 1847 1214 1885 24.
1244 1847 1327 1884 Hoc
1355 1851 1397 1885 tu
1424 1847 1533 1885 idem
1561 1846 1631 1885 tibi
1659 1848 1698 1885 in
1724 1849 1773 1885 M.
1802 1847 1971 1886 Aemilio
1985 1850 2026 1880 25

217 1909 370 1948 Scauro
399 1909 549 1959 putasti
580 1921 673 1947 esse
701 1908 929 1947 iaciendum
946 1910 962 1946 1’
990 1932 1033 1936 —
1059 1908 1219 1947 «Delata
1248 1910 1369 1957 enim,
1398 1910 1543 1960 inquit,
1572 1922 1695 1948 eausa
1724 1909 1775 1948 ad
1804 1922 1867 1948 me
1890 1911 1972 1948 Ro-

215 1984 306 2010 mae
335 1977 436 2010 est».
466 1993 513 1999 ——
541 1971 648 2018 Quid
662 1972 679 2008 ἱ)
705 1970 757 2010 ad
786 1984 850 2009 me
879 1970 1001 2009 Siculi
1039 1984 1173 2009 nonne
1206 1973 1374 2010 Romam
1409 1983 1575 2010 causam
1613 1971 1772 2011 Siciliae
1809 1972 1973 2011 detule—

216 2034 336 2072 runt'?
378 2034 498 2084 Atqui
527 2033 711 2072 homines
740 2033 967 2084 prudentes
996 2039 1155 2081 natura,
1185 2033 1317 2072 callidi
1347 2045 1438 2083 usu,
1468 2033 1650 2072 doctrina
1679 2034 1840 2073 eruditi.
1893 2036 1974 2074 Ta-

217 2108 312 2134 men
342 2108 416 2146 ego
451 2096 546 2134 mihi
584 2096 816 2147 provinciae
855 2108 1024 2135 causam
1060 2096 1099 2134 in
1128 2096 1378 2147 provinciam
1412 2096 1544 2147 ipsam
1580 2095 1907 2146 cognoscendam
1936 2101 1977 2135 et

219 2259 403 2300 disputem?
437 2260 542 2301 quid?
567 2285 574 2292 .
603 2285 610 2292 .
638 2286 644 2292 .
671 2269 705 2301 p.
731 2261 782 2292 ⁶2.:
816 2262 890 2293 Non
919 2261 1060 2292 habuisti
1091 2262 1177 2301 quod
1207 2262 1325 2293 dares?
1355 2261 1504 2293 habuisse
1530 2270 1562 2293 se
1585 2262 1674 2293 dicit.
1723 2262 1801 2301 Quis
1823 2262 1857 2293 id
1878 2262 1978 2305 sciet?

219 2310 292 2348 quis
315 2311 348 2341 id
371 2311 529 2342 iudicavit
552 2320 617 2342 non
640 2310 764 2350 fuisse?
809 2312 952 2343 Causam
973 2312 1068 2352 finyit
1090 2312 1199 2351 fuisse.
1249 2313 1350 2351 Quem
1378 2312 1584 2350 refellemus?
1629 2312 1773 2342 Potuisse
1804 2321 1865 2342 non
1898 2313 1979 2344 dare

220 2367 271 2390 se:
296 2360 453 2399 noluisse,
487 2364 521 2391 ut
545 2365 691 2400 ereptum
722 2370 786 2392 esse
811 2362 939 2393 diceret.
969 2379 1003 2383 —
1033 2361 1143 2400 Quid?
1173 2371 1237 2392 uon
1266 2361 1407 2392 habuisti
1438 2362 1524 2400 quod
1555 2360 1679 2391 dares?
1706 2379 1739 2384 —
1767 2362 1924 2394 Habuisse
1946 2371 1980 2394 se

221 2409 313 2441 dicet.
343 2427 377 2431 -
407 2411 485 2449 Quis
508 2411 543 2441 id
565 2410 648 2441 seit?
695 2412 774 2450 Quis
796 2412 829 2442 id
852 2413 1035 2443 indicavit?
1080 2413 1154 2444 Non
1176 2412 1274 2452 fuisse
1299 2413 1456 2443 causam?
1483 2429 1517 2433 —
1545 2412 1658 2452 Finqet
1679 2411 1788 2451 fuisse.
1839 2414 1900 2452 Qui
1922 2422 1978 2444 re—

219 2458 364 2498 fellemus
388 2460 549 2499 potuisse,
582 2470 646 2491 ηοη
677 2461 758 2492 dare
788 2462 814 2492 si
844 2462 1022 2494 noluisset?
1078 2463 1114 2494 t'i
1146 2463 1260 2500 Beier,
1295 2463 1394 2493 cuius
1426 2463 1460 2493 et
1491 2461 1608 2493 Heinr.
1635 2462 1802 2493 adnotatt.
1835 2462 1978 2495 consule

221 2509 315 2549 apud
340 2510 445 2550 ipsos.
495 2511 617 2541 Nostra
642 2511 674 2541 in
700 2509 849 2542 lectione
881 2512 1062 2544 offendunt
1094 2514 1209 2545 statim
1245 2512 1325 2542 ista:
1363 2520 1427 2542 non
1450 2510 1608 2550 habuisti,
1634 2512 1719 2550 quod
1742 2511 1865 2543 dares?
1908 2512 1979 2543 Ha-

222 2557 326 2590 baisse
347 2568 380 2591 se
403 2560 505 2591 dicet:
538 2560 569 2591 in
595 2560 648 2591 his
673 2561 767 2591 enim
792 2563 825 2592 et
851 2563 1009 2594 Ciceroni
1035 2565 1069 2594 et
1093 2563 1203 2593 Sardo
1234 2560 1334 2602 plane
1368 2561 1547 2591 convenit:
1583 2569 1645 2591 cur
1674 2561 1788 2600 igitur,
1822 2564 1880 2594 aut
1909 2571 1979 2603 quo

223 2608 292 2640 fine
317 2618 358 2640 ea
382 2609 425 2641 de
455 2619 493 2642 re
518 2611 608 2641 inter
636 2618 673 2641 se
705 2610 927 2651 disceptant?
958 2621 1073 2653 neque
1106 2614 1267 2643 iuvamur
1298 2611 1414 2642 Heinr.
1449 2611 1600 2651 suspic.:
1642 2620 1720 2641 num
1750 2612 1916 2643 habuisti?
1942 2630 1978 2636 --

224 2668 305 2691 cum
330 2661 374 2691 ita
400 2660 687 2701 respondendum
713 2660 852 2692 fuisset:
885 2662 959 2693 Non
981 2663 1130 2695 habuisse
1152 2672 1184 2694 se
1207 2663 1300 2693 dicet.
1352 2662 1427 2699 Fac,
1455 2662 1526 2692 Cic.
1553 2661 1758 2701 scripsisse:
1787 2663 1895 2701 Quid?
1919 2663 1981 2694 ha-

224 2708 332 2748 buisti,
359 2711 445 2750 quod
468 2720 531 2742 non
556 2710 677 2741 dares?
722 2711 878 2742 Habuisse
899 2721 931 2742 se
955 2714 1055 2744 diret:
1088 2714 1151 2744 erit
1175 2711 1412 2743 controversia
1447 2711 1537 2741 inter
1562 2712 1766 2750 utrumque:
1802 2711 1982 2744 «Habuisti

225 2767 369 2790 eausam
394 2760 595 2800 legitimam,
622 2769 686 2792 eur
710 2770 778 2791 non
804 2761 931 2792 dares‘?
979 2762 1123 2793 Habui».
1179 2763 1265 2797 Scit,
1292 2762 1399 2797 recte,
1434 2761 1527 2800 puto.
1554 2760 1590 2790 B.
1619 2761 1819 2791 Lectionem
1843 2762 1882 2792 A.
1910 2764 1984 2801 quis

225 2809 259 2840 id
280 2810 440 2841 iudicavit
464 2810 587 2849 (unde:
615 2811 773 2841 indicat-il
796 2810 869 2841 scil.
889 2812 1018 2843 Scauro
1044 2813 1123 2844 fecit
1140 2812 1189 2850 B.)
1214 2811 1374 2842 vitiosam
1400 2817 1543 2840 censeo.
1590 2810 1720 2842 Sensus
1743 2812 1883 2842 nostrae
1909 2816 1977 2844 est:

229 2859 315 2896 «Qui
338 2860 442 2891 iudex
465 2860 721 2901 pronuntiabit,
749 2870 815 2891 non
842 2860 946 2892 fuisse
971 2869 1133 2898 causam,
1161 2870 1222 2892 cur
1246 2869 1313 2891 non
1339 2859 1469 2890 dares?
1516 2859 1579 2896 Qui
1601 2859 1818 2899 refellemus,
1851 2861 1980 2894 licitum

228 2908 337 2939 Sardo
362 2908 480 2947 fuisse,
508 2919 576 2941 non
601 2909 685 2941 dare
712 2910 775 2949 (ius
801 2918 882 2941 eum
907 2909 1072 2943 habuisse
1097 2919 1165 2941 non
1191 2908 1320 2947 dandi),
1347 2909 1375 2939 si
1401 2907 1611 2939 noluissem
1648 2910 1813 2942 Ceterum
1831 2912 1862 2942 in
1882 2920 1982 2943 men-

228 2958 300 2989 tem
324 2958 407 2990 mihi
431 2959 543 2990 venit:
571 2960 634 2998 Qui
656 2958 862 2998 refellemus?
890 2977 923 2981 —
950 2960 1151 2999 Pomscisse:
1176 2968 1239 2990 non
1264 2959 1346 2989 dare
1369 2967 1400 2989 se
1422 2959 1580 2995 noluisse,·
1613 2960 1661 2998 (ut
1685 2960 1850 2992 divinavit
1878 2963 1983 2994 etiam

228 3006 266 3038 B.
285 3016 304 3039 e
322 3007 400 3039 lect.
421 3010 472 3046 A.)
496 3009 528 3038 vi
551 3012 698 3048 ereptum
722 3016 787 3039 esse
810 3008 903 3039 dicet.
949 3010 1133 3048 Poposcisse
1156 3010 1338 3042 scaurum.
1360 3007 1449 3047 (υἱὲ.
1467 3008 1532 3046 48.)
1558 3016 1595 3039 se
1613 3008 1757 3049 quidem
1781 3013 1984 3052 promptum

230 3056 336 3089 fuisse
354 3057 398 3088 ad
414 3057 571 3089 dandum
596 3066 658 3098 pro
682 3057 800 3089 debito
825 3066 907 3095 suo;
935 3057 1157 3089 nihilominus
1175 3059 1207 3088 vi
1231 3057 1296 3088 sibi
1322 3060 1355 3088 et
1380 3058 1504 3089 iniuste
1529 3061 1689 3099 ereptum
1708 3068 1787 3091 esse
1805 3069 1823 3091 a
1840 3062 1982 3094 Scauro.

232 3123 267 3128 —-
295 3108 326 3138 5.
350 3116 454 3146 neque
476 3108 533 3139 T.:
558 3116 617 3138 nec
639 3110 698 3144 Α.;
730 3116 834 3146 neque
863 3112 964 3138 acuta
995 3108 1159 3149 quaedam
1182 3111 1211 3139 et
1235 3107 1405 3138 enucleam
1428 3107 1616 3147 Kreyssigii
1640 3110 1729 3141 coni.
1764 3127 1798 3132 -
1825 3110 1854 3141 6.
1881 3111 1985 3150 impe-

231 3158 301 3187 tum
324 3157 421 3188 istum
444 3157 576 3188 illorum
600 3160 660 3189 A.:
687 3158 844 3196 impetum
866 3158 1003 3189 istorum
1027 3158 1063 3189 T.
1091 3175 1125 3179 —
1153 3158 1183 3188 7.
1209 3157 1432 3196 unusquisque
1454 3157 1534 3188 milii
1558 3160 1596 3190 Α.
1626 3176 1660 3181 ——
1693 3158 1744 3191 44.
1769 3159 1985 3199 fundamenta

230 3206 338 3238 iacere
360 3207 397 3238 T.
427 3225 459 3230 —
486 3208 541 3239 24.
576 3208 611 3239 L.
627 3207 766 3246 Aelium]
790 3207 840 3237 sic
863 3208 920 3244 P.;
945 3216 1086 3239 Lami-it
1109 3207 1160 3246 T.,
1191 3207 1336 3237 Vaelium
1351 3208 1389 3237 Α.
1419 3222 1453 3229 -
1492 3207 1546 3238 22.
1572 3217 1612 3238 ac
1634 3208 1777 3248 facetum
1801 3218 1871 3244 om.
1890 3212 1929 3242 A.
1947 3229 1982 3234 -

234 3254 294 3286 Titi
325 3256 363 3295 Q.
395 3257 553 3288 Muttonis
582 3257 620 3291 T.
655 3274 690 3279 —
724 3257 777 3287 ⁶27.
817 3257 954 3288 Romam
983 3257 1039 3288 T.:
1080 3257 1200 3288 Romae
1230 3257 1268 3288 A.
1304 3272 1339 3277 —
1374 3256 1427 3288 28.
1455 3257 1562 3297 adque
1590 3258 1733 3291 homines
1763 3260 1806 3291 M.
1834 3258 1917 3300 (scil.
1944 3262 1982 3293 Α.

233 3304 358 3346 adqui).
388 3323 423 3329 —
449 3307 503 3339 29.
530 3310 559 3339 et
582 3307 661 3338 disc.
689 3315 756 3339 om.
778 3307 817 3338 A.
