2249 3624
266 174 349 217 826
940 174 1010 214 DE
1040 174 1109 213 RE
1140 172 1366 214 PUBLICA

378 283 494 323 XXI.
537 280 606 323 32.
655 283 704 321 In
743 282 843 321 libro
881 293 1030 333 quoque
1069 280 1114 319 de
1150 291 1193 319 re
1225 279 1387 331 publica
1424 279 1591 319 secundo
1632 278 1675 319 id
1708 280 1839 332 ipsum
1875 281 2035 322 verbum

266 343 564 398 (superesse)
597 346 731 385 Cicero
756 345 869 396 pom't
897 355 976 382 mm
1005 348 1146 382 temere
1174 343 1471 382 transeundum.
1507 343 1629 382 Verba
1657 356 1707 382 ex
1737 356 1780 383 eo
1811 343 1911 384 libro
1940 345 2036 385 haec

266 415 376 449 sunt:
408 410 498 450 Non
530 420 734 461 gravarer,
766 406 895 453 Laeli,
927 405 1008 445 nisi
1040 411 1080 445 et
1110 407 1186 445 hos
1218 405 1326 445 velle
1357 410 1546 459 putarem
1579 411 1621 446 et
1651 406 1742 459 ipse
1774 420 1971 459 cuperem
1993 412 2034 447 te

267 484 436 525 quoque
466 472 650 524 aliquam
679 474 838 523 partem
868 468 995 507 huius
1025 468 1159 508 nostri
1190 468 1394 508 sermonis
1425 467 1644 520 attingere,
1672 469 1918 521 praesertim
1941 482 2035 509 cum

233 534 355 574 sheri
387 535 477 588 ipse
509 533 666 574 dixeris
705 538 747 573 te
782 531 903 571 nobis
935 532 1059 571 etiam
1092 530 1421 584 superfuturum.
1482 530 1638 570 Verum
1670 531 1712 570 id
1743 531 1914 584 quidem
1944 528 2035 571 fieri

264 610 350 636 non
381 602 540 651 potest;
572 609 626 636 ne
657 595 767 635 desis
793 608 939 634 omnes
970 600 1011 634 te
1042 607 1248 646 rogamus.
1310 590 1518 646 (Gellius
1549 599 1652 632 noct.
1674 594 1755 633 Act.
1789 594 1820 641 Ι,
1841 592 1909 642 ⁶22,
1931 592 1959 647 §
1981 591 2034 646 8.)

374 661 431 700 M.
461 660 614 698 Tullius
642 659 686 698 de
715 671 758 698 re
781 657 892 710 publ.
923 657 987 697 lib.
1009 658 1093 696 III:
1124 656 1199 696 sed
1227 655 1433 695 iuventuti
1462 660 1631 695 nostrae
1663 655 1833 696 minime
1862 657 2036 697 audien-

263 719 364 761 dus:
409 722 567 775 quippe
607 721 642 761 si
681 721 739 760 ita
770 720 920 767 sensit,
960 724 1008 759 ut
1037 719 1249 772 loquitur,
1291 722 1352 758 est
1381 717 1506 758 homo
1537 717 1752 772 impurus3
1806 718 1871 758 sin
1900 718 2036 767 aliter,

262 785 373 837 quod
414 783 544 832 malo,
585 784 719 824 oratio
761 788 824 823 est
864 787 1003 822 tamen
1041 781 1250 821 immanis.
1321 777 1549 833 (Nonius
1591 794 1630 821 v.
1665 781 1849 834 impurus
1877 795 1918 835 p.
1939 779 2035 823 3⁶24.

210 857 246 886 40
261 859 298 885 v.
330 847 501 886 immane
530 859 568 901 p.
589 844 699 898 3⁶23.)

373 909 506 948 XXII.
544 907 611 951 33.
643 908 900 960 Suscipienda
929 909 1056 960 ἱρέων
1085 908 1146 947 dei
1176 908 1241 948 leoe
1274 912 1340 952 est,
1373 917 1491 958 quam
1521 907 1578 947 M.
1605 906 1759 946 Tullius
1788 907 1832 946 in
1861 907 1961 948 libro
1993 907 2038 947 de

260 983 302 1010 re
319 971 425 1022 publ.
450 973 564 1012 tertio
579 985 704 1024 paene
725 972 862 1011 divina
891 984 981 1010 voce
1011 971 1204 1023 depi'noeit,
1237 971 1352 1010 cuius
1382 982 1462 1021 eqo,
1492 981 1538 1008 ne
1562 969 1687 1021 plura
1708 969 1894 1016 dicerem,
1918 970 2037 1010 verba

260 1034 434 1073 subieci:
472 1034 546 1074 Est
577 1035 746 1088 quidem
777 1047 875 1075 vera
906 1033 975 1073 lex
1006 1038 1121 1073 recta
1151 1033 1281 1080 ratio,
1313 1035 1487 1071 naturae
1521 1044 1779 1084 congruens,
1812 1031 1963 1072 diffusa
1994 1033 2038 1072 in

262 1109 430 1144 omnes,
463 1103 679 1145 constans,
712 1098 988 1149 sempiterna,
1029 1109 1136 1149 quae
1169 1100 1288 1135 vocet
1318 1093 1369 1133 ad
1403 1091 1586 1133 officium
1617 1091 1824 1141 iubendo,
1855 1094 2036 1134 vetando

213 1170 286 1199 453
317 1157 462 1199 fraude
495 1160 715 1208 deterreat,
748 1173 852 1215 quae
885 1166 1023 1199 tamen
1057 1171 1195 1212 neque
1227 1157 1383 1210 probos
1413 1155 1568 1195 frustra
1599 1156 1714 1196 iubet
1737 1161 1810 1196 aut
1830 1161 1942 1197 vetat
1962 1170 2040 1197 nec

262 1221 474 1275 improbos
515 1223 699 1263 iubendo
740 1229 811 1263 aut
850 1222 1031 1263 vetando
1071 1227 1222 1262 movet.
1295 1219 1402 1259 Huic
1434 1218 1515 1271 legi
1548 1232 1624 1258 nec
1657 1219 1852 1271 obrogari
1883 1218 1944 1259 fas
1977 1225 2040 1260 est

263 1298 404 1337 neque
435 1284 628 1338 derogari
661 1299 712 1324 ex
742 1285 820 1325 hac
852 1284 1013 1338 aliquid
1045 1285 1142 1324 licet
1172 1296 1310 1336 neque
1342 1287 1427 1322 tota
1449 1282 1642 1335 abrogari
1665 1287 1817 1335 potest,
1839 1295 1917 1322 nec
1938 1296 2038 1323 vero

264 1353 334 1388 aut
364 1362 437 1401 per
468 1353 657 1388 senatum
696 1354 768 1388 aut
807 1362 883 1401 per
914 1347 1114 1401 populum
1146 1346 1253 1385 solvi
1284 1344 1361 1384 hac
1391 1344 1484 1396 lege
1517 1357 1763 1396 possumus,
1805 1359 1946 1399 neque
1978 1351 2041 1386 est

265 1411 530 1464 quaerendus
561 1411 807 1464 explanator
838 1415 909 1450 aut
940 1410 1145 1461 interpres
1179 1408 1268 1447 eius
1302 1406 1421 1453 alius,
1452 1419 1530 1445 nec
1562 1406 1641 1446 erit
1671 1406 1754 1446 alia
1779 1407 1847 1447 lex
1868 1409 2039 1455 Romae,

214 1483 250 1512 20
264 1473 345 1513 alia
367 1474 556 1521 Athenis,
588 1474 670 1513 alia
700 1487 826 1520 nunc,
857 1473 939 1512 alia
970 1471 1157 1525 posthac,
1189 1470 1262 1509 sed
1294 1474 1335 1508 et
1366 1481 1512 1508 omnes
1547 1474 1689 1520 gentes
1721 1473 1762 1508 et
1793 1469 1905 1509 omni
1936 1474 2041 1509 tem-

264 1549 365 1589 pore
397 1549 478 1576 una
511 1537 580 1575 lex
612 1541 653 1575 et
684 1538 938 1589 sempiterna
969 1540 1009 1574 et
1040 1532 1310 1574 immutabilis
1342 1530 1576 1571 continebit
1605 1544 1801 1584 unusque
1829 1531 1907 1571 erit
1928 1545 2041 1571 com-

265 1599 402 1638 munis
443 1600 561 1651 quasi
603 1599 799 1650 magister
838 1604 879 1638 et
914 1598 1144 1650 imperator
1180 1595 1366 1634 omnium
1406 1592 1532 1640 deus3
1579 1593 1650 1632 ille
1688 1592 1792 1646 legis
1822 1593 1948 1634 huius
1979 1594 2042 1634 in-

265 1666 424 1708 ventor,
458 1660 723 1715 disceptator,
755 1661 873 1708 lator,
906 1661 969 1700 cui
1004 1659 1077 1712 qui
1109 1671 1193 1697 non
1225 1656 1401 1710 parebit,
1433 1656 1523 1709 ipse
1556 1668 1599 1695 se
1624 1655 1757 1708 fugiet
1780 1669 1827 1695 ac
1848 1662 2041 1697 naturam

265 1722 448 1763 hominis
479 1729 725 1777 aspernatus
756 1723 834 1763 hoc
866 1724 956 1775 ipso
989 1722 1076 1761 luet
1107 1720 1311 1760 maximas
1344 1732 1520 1772 poenas,
1553 1718 1676 1758 etiam
1709 1718 1743 1757 si
1775 1723 1914 1758 cetera
1944 1732 2041 1773 sup-

215 1797 252 1826 ‘25
266 1785 393 1838 plicia
428 1799 535 1838 quae
566 1791 766 1839 putantur
797 1786 1002 1837 effugerit.
1063 1783 1387 1836 (Lactantius
1418 1783 1515 1822 Inst.
1536 1782 1616 1820 div.
1650 1781 1725 1829 VI,
1746 1779 1800 1834 8.)

380 1848 534 1888 XXIII.
581 1846 647 1889 34.
694 1849 785 1888 Scio
818 1850 857 1888 in
889 1849 988 1887 libro
1021 1847 1223 1887 Ciceronis
1259 1846 1402 1892 tertio,
1443 1845 1524 1884 nisi
1556 1844 1701 1895 fallor,
1739 1844 1784 1882 de
1814 1855 1857 1882 re
1879 1843 2042 1894 publica

267 1910 490 1962 disputari:
533 1911 694 1950 nullum
725 1911 881 1950 bellum
915 1910 1071 1963 suscipi
1104 1923 1126 1948 3
1158 1908 1321 1948 civitate
1354 1907 1511 1961 optima
1541 1906 1620 1946 nisi
1652 1911 1722 1946 aut
1751 1919 1827 1959 pro
1857 1903 1937 1946 fide
1971 1912 2043 1947 aut

268 1987 344 2026 pro
378 1973 523 2013 salute.
586 1974 691 2023 Quid
721 1981 851 2014 (tillem
880 1974 985 2013 (licat
1007 1986 1086 2025 pro
1116 1972 1241 2011 salute
1280 1972 1339 2010 *cel
1379 1970 1549 2022 intellegit*
1591 1982 1710 2022 quam
1739 1969 1905 2008 salutem
1933 1968 2039 2018 velit,

269 2036 350 2075 alio
380 2036 463 2075 loco
493 2036 792 2076 demonstrans.-
826 2037 907 2076 Sed
938 2037 1002 2076 his
1034 2036 1195 2089 poenis,
1226 2034 1366 2086 inquit,
1401 2045 1503 2086 quas
1536 2032 1659 2071 etiam
1690 2031 1925 2071 stultissimi
1948 2044 2042 2071 sen-

217 2107 255 2137 30
270 2099 391 2146 tiunt,
424 2104 620 2151 egestate,
653 2099 794 2147 exilio,
828 2098 1016 2145 vinculis,
1051 2097 1309 2144 verberibus,
1342 2096 1565 2136 elabuntur
1586 2107 1710 2148 saepe
1732 2094 1881 2146 privati
1904 2093 2044 2133 oblata

270 2161 415 2201 mortis
447 2162 674 2209 celeritate,
708 2162 946 2202 civitatibus
979 2166 1116 2201 autem
1147 2173 1259 2199 mors
1291 2160 1381 2212 ipsa
1413 2171 1548 2211 poena
1579 2163 1655 2205 est,
1687 2169 1794 2209 quae
1827 2154 1991 2196 videtur
2021 2169 2044 2196 a

270 2237 408 2277 poena
447 2224 633 2277 singulos
672 2225 899 2265 vindicare.
969 2224 1102 2263 Debet
1146 2223 1256 2263 enim
1297 2222 1522 2262 constituta
1563 2221 1622 2261 sic
1666 2232 1757 2260 esse
1789 2218 1956 2266 civitas,
1998 2223 2047 2258 ut

271 2290 439 2326 aeterna
471 2287 535 2325 sit.
586 2287 731 2339 Itaque
763 2287 904 2326 nullus
936 2286 1128 2326 interitus
1162 2290 1225 2325 est
1256 2285 1314 2324 rei
1338 2284 1532 2338 publicae
1554 2283 1756 2323 naturalis
1783 2286 1830 2321 ut
1850 2280 2044 2328 hominis,

270 2348 313 2387 in
345 2361 428 2401 quo
460 2362 569 2388 mors
601 2362 683 2387 non
716 2349 838 2388 inodo
872 2349 1110 2388 necessaria
1148 2353 1231 2394 est,
1272 2361 1417 2387 verum
1459 2346 1585 2387 etiam
1617 2344 1799 2399 optanda
1829 2355 2045 2398 persaepe.

220 2419 256 2448 35
274 2410 427 2450 Civitas
469 2415 606 2450 autem
649 2425 739 2451 cum
782 2411 967 2458 tollitur,
1010 2411 1195 2458 deletur,
1241 2409 1543 2462 exstinguitur,
1588 2407 1725 2447 simile
1764 2411 1826 2446 est
1864 2405 2046 2458 quodam

273 2473 408 2519 modo,
440 2479 485 2513 ut
515 2487 643 2526 parva
675 2473 836 2526 magnis
868 2473 1145 2519 conferamus,
1178 2486 1223 2512 ac
1257 2473 1290 2512 si
1323 2472 1456 2511 omnis
1488 2470 1554 2509 hic
1584 2468 1765 2509 mundus
1798 2467 1977 2507 intereat
2006 2471 2047 2506 et

273 2536 476 2575 concidat.
539 2534 878 2589 (Augustinus
918 2537 961 2575 de
991 2537 1098 2575 cii-it.
1129 2536 1191 2575 dei
1220 2534 1361 2581 XXII,
1386 2530 1437 2585 6.)

384 2595 451 2636 35,
487 2597 686 2647 Quattuor
715 2604 844 2637 aulem
873 2604 963 2636 sunt
992 2611 1136 2649 qencrcz
1157 2598 1360 2643 bellorum,
1386 2597 1426 2636 id
1447 2600 1501 2635 est
1522 2595 1685 2640 iustum,
1706 2593 1912 2637 iniustum,
1934 2591 2047 2631 civile

273 2666 307 2698 et
330 2660 423 2711 plus
453 2674 570 2712 quam
601 2661 725 2699 civile.
776 2662 930 2699 lustrem
960 2661 1100 2699 bellum
1131 2666 1185 2700 est
1215 2660 1317 2712 qicod
1348 2672 1398 2698 eac
1423 2658 1628 2710 praedicto
1649 2656 1849 2707 inqerz'lur
1868 2655 1913 2694 de
1933 2654 2048 2693 rebus

222 2724 446 2774 40⁷·epetitis
476 2730 545 2762 auc
569 2723 934 2775 propulsandorum
964 2723 1136 2762 hostium
1166 2736 1302 2762 causa.
1355 2722 1554 2761 Iniustum
1583 2719 1723 2758 bellum
1758 2723 1830 2763 est,
1872 2717 1975 2769 quod
2003 2716 2048 2756 de

269 2786 427 2837 furore,
468 2799 547 2824 non
576 2786 620 2825 de
650 2786 826 2837 leyitima
856 2787 1011 2825 ratione
1040 2786 1191 2832 imim,
1234 2785 1278 2824 cle
1309 2797 1384 2836 quo
1423 2784 1466 2822 in
1496 2795 1538 2822 re
1560 2781 1723 2834 publica
1753 2780 1888 2820 Cicero
1917 2778 2048 2818 dixit.-

274 2848 349 2887 llla
380 2848 536 2888 iniusta
565 2848 676 2888 bella
707 2854 825 2895 sunt,
866 2861 974 2901 quae
1006 2853 1104 2887 sunt
1134 2848 1224 2886 sine
1256 2860 1382 2887 causa
1412 2849 1629 2897 suscepta;
1667 2855 1763 2882 nam
1795 2845 1913 2880 extra
1942 2839 2049 2880 ulci-

363 2964 393 2994 t.
419 2963 568 3003 secundo]
596 2964 702 2995 immo
720 2964 790 3000 Ill„
816 2964 854 2993 ut
879 2964 974 2993 recte
999 2962 1085 2992 vidit
1108 2962 1171 2993 Mai
1200 2978 1233 2983 —
1262 2961 1314 2992 33.
1341 2961 1389 2991 ita
1413 2960 1491 2992 cod.
1512 2959 1655 2997 Frising.
1676 2957 1780 2997 (nunc
1798 2955 1931 2987 Monac.
1952 2954 2047 2994 6259)

276 3021 369 3045 saec.
396 3013 422 3043 X
465 3030 499 3034 —
542 3013 593 3043 36.
616 3021 728 3052 parva
752 3013 883 3052 magnis
907 3012 989 3043 edit.
1010 3012 1162 3043 Parisina
1191 3011 1274 3041 «18:38
1308 3012 1340 3041 et
1366 3011 1384 3041 3
1410 3009 1513 3042 codd.
1540 3018 1559 3039 a
1584 3007 1687 3039 nobis
1712 3005 1878 3045 inspecti:
1919 3005 2050 3044 magnis

275 3070 386 3101 parva
412 3062 435 3092 O
472 3079 505 3083 -—
544 3062 595 3093 33.
624 3063 881 3102 1)es‹.·1·ipsin1us
906 3061 1022 3093 locum
1048 3061 1170 3092 Isidori
1196 3069 1237 3090 ex
1263 3059 1402 3091 duobus
1426 3058 1672 3091 vetustissimis
1698 3054 1801 3087 codd.
1827 3053 2048 3086 Monacensi-

277 3111 356 3149 hus,
385 3111 591 3149 Frisingonsi
617 3114 649 3142 et
676 3110 1022 3148 Boneslictoburano,
1057 3109 1187 3141 nullam
1214 3110 1384 3141 rationein
1411 3110 1573 3141 editionis
1598 3107 1641 3138 ab
1667 3106 1793 3137 ottone
1818 3105 1960 3134 curatae
1984 3102 2049 3133 ha-

279 3162 419 3195 bentes,
454 3161 511 3199 qni
537 3169 618 3191 cuni
643 3160 825 3192 codicibus
850 3160 962 3191 malae
988 3162 1091 3191 notae
1116 3161 1293 3196 uteretur,
1328 3160 1538 3199 scriptorem
1563 3164 1668 3190 suum
1692 3153 1807 3196 potius
1833 3152 2047 3192 depravasse

278 3219 383 3251 quam
409 3210 618 3241 emendasse
644 3211 850 3242 iudicandus
876 3212 939 3241 est.
970 3228 1004 3232 —
1040 3209 1092 3240 41.
1119 3208 1187 3248 leye
1211 3210 1422 3240 temeralione
1447 3209 1530 3240 Fris.
1558 3215 1609 3248 pr.
1629 3213 1677 3236 m.
1705 3219 1741 3226 -
1768 3201 1822 3233 42.
1847 3210 1925 3232 nam
1948 3204 2048 3232 extra

276 3278 328 3283 --
350 3258 462 3299 potest]
500 3259 587 3290 haec
617 3268 758 3300 quoque
790 3260 898 3292 verba
930 3258 1027 3291 Tullii
1063 3266 1141 3289 csse
1178 3259 1274 3289 recte
1311 3257 1478 3289 intellexit
1507 3255 1718 3290 vulcanius;
1759 3250 1804 3282 ab
1835 3251 2045 3284 editionibus

278 3307 439 3341 Tullianis
464 3307 603 3339 absunt.
