2249 3624
659 149 748 188 Lm.
782 150 812 190 Ι.
856 150 954 190 CAP.
986 150 1170 188 II—IV.
1211 147 1269 201 §§
1302 147 1441 188 2-7.
1860 147 1940 188 483

169 256 282 305 Quin
314 256 436 294 etiam
470 254 669 293 memoria
703 259 843 294 nostra
876 255 1075 308 templum
1100 256 1271 294 Iunonis
1296 255 1487 306 Sospitae
1513 254 1555 292 L.
1580 254 1720 299 lulius,
1754 255 1825 306 qui
1849 269 1938 293 cum

167 319 208 358 P.
231 317 386 358 Rutilio
418 316 565 356 consul
597 315 694 364 suit,
727 317 777 356 de
809 323 978 357 senatus
1011 318 1216 357 sententia
1248 315 1394 356 rel'ccit
1424 332 1476 356 ex
1501 316 1725 364 Caeciliae,
1749 317 1939 356 Baliarici

165 380 300 426 filiae,
334 379 510 419 somnio.

276 442 347 480 ΙΙΙ.
391 440 429 480 ὃ.
469 442 605 494 Atque
644 442 769 489 haec,
812 447 857 481 ut
897 456 972 493 ego
1014 443 1213 489 arbitror,
1255 448 1416 482 veteres
1451 456 1584 481 rerum
1619 442 1746 492 magis
1780 441 1939 479 eventis

163 504 309 544 moniti
350 517 475 556 quam
515 505 675 543 ratione
713 505 825 544 docti
859 506 1154 557 probaverunt.
1219 505 1565 557 Philosophorum
1601 518 1697 542 vero
1729 503 1971 555 exquisitas>

163 566 368 620 quaedam
401 572 645 619 argumenta
678 581 751 606 cur
782 572 893 605 esset
929 581 1024 606 vera
1057 567 1258 607 divinatio
1292 568 1467 606 collecta
1500 572 1615 612 sunt,
1649 566 1865 619 equibus,
1899 571 1941 603 ut

163 629 214 668 de
246 628 561 682 antiquissumis
594 629 763 682 loquar,
799 629 1087 681 Colophonius
1122 631 1431 682 Xenophanes,
1471 644 1577 669 imus
1610 629 1681 682 qui
1715 628 1814 666 deos
1848 642 1939 666 esse

163 691 341 736 diceret,
367 691 667 730 divinationem
700 691 889 730 funditus
923 691 1102 729 sustulit.
1153 692 1317 744 ltvliqui
1351 705 1449 730 vero
1483 706 1626 729 ornnes
1661 697 1821 743 praeter
1843 691 1941 743 Epi-

162 768 306 794 curum
350 753 648 793 balbutientem
692 755 742 793 dc
784 760 930 793 natura
969 752 1143 791 deorum
1186 754 1487 792 divinationem
1522 754 1824 806 probaverunt,
1866 752 1938 791 sed

162 829 244 856 non
267 829 348 855 uno
372 815 509 855 mod0.
556 817 658 855 Nam
682 829 777 855 cum
802 816 995 854 Socrates
1019 828 1250 867 omnesque
1275 816 1475 854 Socratici
1500 818 1699 868 Zenoque
1728 823 1767 855 ct.
1792 815 1840 861 ii,
1867 815 1990 867 quito

161 878 211 918 ab
243 892 292 918 eo
325 883 465 918 essent
496 877 696 931 profecti,
729 883 945 917 manerent
976 877 1018 916 in
1046 877 1319 930 antiquorum
1346 878 1693 931 philosophorum
1721 879 1939 924 sententia,

161 947 300 981 vetere
333 940 558 980 Academia
590 946 629 980 et
661 941 950 993 Peripateticis
983 941 1364 987 consentientibus,
1407 954 1586 993 cumque
1628 940 1726 979 huic
1765 941 1822 979 rei
1856 954 1939 979 ma-

160 1016 283 1056 gnam
315 1004 601 1043 auctoritatem
638 1004 890 1056 Pythagoras
923 1003 1002 1042 iam
1035 1007 1131 1041 ante
1165 1003 1405 1050 tribuisset,
1435 1004 1504 1055 qui
1538 1004 1659 1042 etiam
1693 1003 1782 1055 ipse
1807 1016 1939 1053 augur

161 1066 289 1106 vellet
318 1080 434 1113 esse,
474 1066 765 1119 plurumisque
808 1065 912 1105 locis
949 1066 1086 1118 gravis
1128 1070 1274 1104 auctor
1305 1064 1567 1104 Democritus
1599 1065 1936 1117 praesensionem

160 1141 299 1169 rerum
342 1128 575 1168 futurarum
619 1128 921 1181 conprobaret,
963 1128 1243 1167 Dicaearchus
1276 1127 1579 1180 Peripateticus
1611 1133 1746 1166 cetera
1779 1127 1986 1166 divina-115

160 1191 286 1231 tionis
318 1204 470 1244 genera
501 1191 694 1238 sustulit,
727 1192 985 1231 somniorum
1018 1196 1056 1230 et
1089 1190 1239 1229 furoris
1271 1189 1460 1242 reliquit,
1486 1189 1791 1243 Cratippusque
1820 1188 1938 1228 sami-

159 1253 273 1293 liaris
306 1259 459 1301 noster,
492 1268 616 1307 quem
649 1267 725 1306 ego
758 1268 897 1307 parem
931 1253 1102 1293 summis
1134 1253 1422 1306 Peripateticis
1455 1253 1617 1299 iudico,
1651 1252 1781 1291 isdem
1815 1252 1937 1290 rebus

159 1315 285 1356 fidem
308 1317 470 1363 tribuit,
494 1317 657 1370 reliqua
681 1316 951 1356 divinationis
974 1329 1127 1369 genera
1151 1316 1307 1355 reiecit.
1357 1318 1394 1354 6.
1422 1315 1501 1355 Sed
1527 1329 1618 1354 cum
1643 1316 1773 1354 Stoici
1796 1315 1937 1353 onmia

159 1377 246 1418 fere
277 1378 349 1418 illa
380 1379 676 1427 defenderent,
718 1379 833 1432 quod
867 1384 908 1418 et
940 1380 1051 1418 Zeno
1093 1378 1132 1417 in
1165 1378 1252 1417 suis
1286 1378 1594 1417 commentariis
1628 1378 1746 1430 quasi
1779 1378 1937 1416 semina

161 1441 366 1494 quaedam
388 1442 628 1495 sparsisset,
652 1447 692 1481 et
713 1456 760 1481 ca
786 1441 1008 1480 Cleanthes
1040 1440 1166 1493 paulo
1198 1440 1392 1479 uberiora
1416 1439 1604 1486 fecisset,
1628 1440 1802 1479 accessit
1823 1453 1935 1478 acer·
1952 1450 1986 1478 ⁵20

159 1516 278 1542 rumo
319 1505 381 1542 vir
420 1504 590 1557 ingenio
625 1503 908 1558 Chrysippus,
951 1503 1023 1556 qui
1065 1508 1191 1542 totam
1233 1503 1283 1542 de
1322 1502 1579 1542 divinatione
1618 1502 1780 1541 duobus
1819 1502 1935 1541 libris

159 1565 385 1618 explicavit
415 1567 687 1613 sententiam,
719 1580 803 1606 uno
835 1571 1052 1619 praeterea
1083 1565 1134 1604 de
1167 1565 1341 1612 oraclis,
1375 1579 1456 1603 uno
1489 1564 1539 1604 de
1571 1565 1770 1604 somniis:
1811 1580 1933 1619 quem

159 1628 420 1681 subsequens
452 1643 581 1670 unum
613 1629 766 1669 librum
799 1628 1057 1683 Babylonius
1087 1629 1296 1680 Diogenes
1329 1627 1478 1674 edidit,
1510 1628 1599 1667 eius
1631 1627 1819 1675 auditor,
1851 1629 1934 1667 duo

158 1690 398 1744 Antipater,
436 1693 624 1746 quinque
663 1697 808 1731 noster
840 1691 1104 1731 Posidonius.
1166 1689 1246 1730 Sed
1279 1703 1302 1729 a
1336 1690 1488 1729 Stoicis
1520 1690 1584 1729 vel
1617 1691 1811 1743 princeps
1844 1691 1934 1730 eius

159 1752 427 1806 disciplinae,
460 1755 671 1795 Posidonii
695 1754 861 1802 doctor,
893 1753 1126 1806 discipulus
1148 1753 1377 1806 Antipatri,
1407 1751 1678 1805 degeneravit
1698 1753 1934 1800 Panaetius,
1948 1765 1984 1792 25

159 1829 235 1855 nec
273 1822 410 1856 tamen
451 1830 576 1858 ausus
615 1822 678 1857 est
710 1830 862 1870 negare
894 1817 975 1856 vim
1009 1830 1099 1856 esse
1132 1815 1370 1863 divinandi,
1413 1815 1486 1855 sed
1518 1815 1707 1855 dubitare
1740 1829 1784 1855 se
1815 1816 1934 1855 dixit.

161 1877 284 1926 Quod
319 1878 382 1918 illi
422 1879 464 1919 in
504 1880 646 1934 aliqua
687 1894 731 1920 re
763 1879 1038 1919 invitissumis
1076 1879 1227 1919 Stoicis
1261 1879 1401 1918 Stoico
1434 1877 1571 1918 facere
1604 1878 1741 1926 licuit,
1785 1879 1825 1918 id
1857 1892 1933 1917 nos

158 1945 204 1979 ut
234 1940 277 1979 in
308 1941 480 1995 reliquis
512 1943 638 1983 rebus
669 1943 872 1983 faciamus
905 1956 926 1982 a
951 1942 1102 1982 Stoicis
1135 1955 1218 1981 non
1251 1940 1536 1981 concedetur?
1569 1941 1812 1993 praesertim
1840 1954 1932 1980 cum

158 2002 224 2051 id,
262 2003 312 2043 de
345 2018 430 2058 quo
462 2006 659 2046 Panaetio
691 2019 775 2045 non
808 2005 960 2058 liquet,
1000 2004 1175 2058 reliquis
1209 2004 1397 2044 eiusdem
1430 2003 1677 2057 disciplinae
1710 2004 1811 2043 solis
1842 2004 1934 2042 luce

158 2065 350 2106 videatur
380 2068 547 2108 clarius.
609 2067 647 2108 7.
686 2069 766 2108 Sed
804 2067 908 2107 haec
952 2068 1121 2122 quidem
1160 2068 1251 2107 laus
1281 2066 1532 2107 Academiae
1571 2065 1984 2120 praestantissumiao

158 2128 400 2182 philosophi
441 2131 595 2171 iudicio
636 2137 677 2171 et
717 2130 957 2171 testimonio
1000 2130 1256 2183 conprobata
1290 2135 1365 2169 est.
1424 2129 1494 2168 IV.
1528 2129 1694 2168 Etenim
1727 2129 1936 2168 nobismet

158 2191 264 2244 ipsis
295 2194 617 2245 quaerentibus,
649 2194 750 2247 quid
780 2193 833 2233 sit
861 2193 911 2233 de
939 2193 1199 2232 divinatione
1229 2191 1518 2239 iudicandum,
1541 2192 1651 2245 quod
1674 2204 1697 2230 a
1721 2191 1934 2230 Carneade

159 2255 290 2295 multa
327 2261 446 2296 acute
487 2263 527 2297 et
556 2257 728 2310 copiose
760 2260 905 2296 contra
937 2256 1100 2295 Stoicos
1133 2255 1346 2308 disputata
1378 2254 1483 2301 sint,
1526 2254 1851 2307 verentibusque
1884 2267 1935 2292 ne

160 2322 315 2358 temere
346 2319 413 2358 vel
443 2318 573 2359 falsae
604 2320 664 2360 rei
695 2319 762 2359 vel
794 2333 876 2359 non
910 2320 1007 2358 satis
1041 2318 1232 2370 cognitae
1265 2317 1572 2363 adsentiamur,
1605 2316 1843 2356 faciendum
1875 2316 1936 2355 vi-

159 2379 281 2420 detur
315 2387 360 2421 ut
398 2380 620 2434 diligenter
656 2382 782 2422 etiam
815 2388 939 2434 atque
972 2382 1094 2421 etiam
1132 2385 1378 2433 argumenta
1410 2394 1503 2419 cum
1535 2379 1791 2432 argumentis
1824 2391 1984 2419 com-35

159 2456 374 2495 paremus,
405 2450 452 2485 ut
481 2444 658 2485 fecimus
690 2445 735 2485 in
765 2445 816 2486 iis
848 2444 981 2485 tribus
1012 2444 1154 2491 libris,
1187 2457 1294 2497 quos
1327 2443 1379 2482 de
1402 2448 1550 2482 natura
1572 2443 1746 2482 deorum
1769 2440 1936 2494 scripsi-

247 2639 276 2669 l.
303 2637 420 2678 sospite
442 2637 466 2668 B
496 2655 529 2660 —
565 2637 670 2668 lucius
694 2638 795 2669 ΑΒΗ
824 2655 857 2659 -
885 2638 916 2669 2.
944 2637 1126 2668 baliaricae
1152 2636 1191 2673 ll,
1217 2635 1384 2666 Balearic—2·
1410 2634 1434 2665 0
1463 2651 1495 2654 -—
1525 2633 1555 2664 3.
1582 2642 1696 2665 somno
1717 2633 1806 2673 filiae
1831 2633 1870 2663 Η1
1898 2648 1931 2654 --

160 2686 191 2720 4.
209 2688 288 2719 haee
304 2688 330 2719 A
347 2696 424 2728 sup.
445 2685 502 2718 lin.
523 2696 569 2719 m.
589 2696 641 2728 pr.
665 2706 698 2710 —
726 2691 860 2719 euentus
877 2688 918 2718 111
937 2704 970 2709 —
999 2687 1029 2718 6.
1055 2695 1136 2718 vera
1160 2686 1366 2724 suspectum
1387 2685 1459 2713 erat
1478 2682 1657 2720 Ernestio,
1676 2692 1751 2713 vere
1767 2683 1933 2719 Scliuetz·‚

161 2739 194 2769 at
218 2736 259 2768 cf.
280 2737 298 2777 ἓ
316 2737 347 2768 9.
378 2754 412 2758 —
439 2737 470 2768 7.
490 2746 571 2768 unos
595 2739 620 2768 A
647 2754 681 2759 -—
710 2739 804 2769 deum
831 2738 857 2768 Η
887 2755 919 2759 -
952 2738 1002 2768 lO.
1023 2746 1088 2767 non
1113 2745 1182 2767 om.
1202 2737 1239 2767 13¹
1261 2754 1295 2758 —
1323 2744 1432 2766 omnes
1458 2734 1493 2765 1³1
1514 2752 1547 2755 —
1575 2734 1677 2773 eliqui
1693 2736 1716 2764 A
1736 2751 1777 2756 —
1802 2734 1855 2765 Μ.
1873 2743 1938 2764 nu-

159 2792 283 2819 merent
307 2789 347 2819 Ηι
369 2806 402 2809 -
426 2788 627 2828 philosorum
645 2791 670 2819 A
691 2806 726 2810 —
756 2789 808 2820 12.
836 2789 935 2819 reteri
961 2788 1152 2819 academiae
1168 2787 1394 2826 Peripateticis
1416 2785 1688 2815 consentientibus
1711 2783 1881 2814 Davisius.
1900 2801 1934 2804 ——

161 2836 213 2869 44.
237 2838 455 2877 plurimisque
478 2836 516 2868 Α1
543 2854 577 2859 -
613 2837 664 2868 46.
690 2846 814 2877 genera
837 2838 862 2868 A
888 2846 978 2868 corr.
1007 2846 1049 2868 cx
1072 2845 1166 2877 yera.
1196 2854 1231 2859 —
1267 2837 1445 2875 Cratippus
1471 2835 1515 2871 Η,
1544 2834 1721 2873 Cratippus
1745 2842 1872 2872 quoque
1897 2842 1938 2863 cx

162 2886 264 2919 codd.
292 2887 377 2920 dett.
405 2888 574 2919 Davisius.
615 2905 649 2909 —
689 2889 741 2919 117.
762 2896 882 2928 parem
906 2889 931 2918 A
957 2896 1046 2918 corr.
1076 2896 1117 2918 ex
1138 2891 1282 2927 patrem.
1318 2904 1351 2907 —-
1391 2885 1500 2916 iudico
1526 2886 1548 2914 A
1576 2892 1653 2924 sup.
1681 2882 1737 2914 lin.
1766 2892 1811 2914 m.
1840 2884 1869 2913 9.,
1900 2900 1933 2904 -

161 2936 245 2967 idem
268 2936 320 2975 11¹,
347 2938 461 2968 iisdem
485 2938 510 2968 Ο
539 2955 574 2960 -
603 2938 653 2969 48.
680 2939 774 2969 reicit
800 2938 825 2969 Η
855 2956 888 2960 -
918 2937 969 2968 49.
996 2938 1083 2977 quod
1108 2936 1153 2967 C:
1182 2936 1258 2968 sort.
1280 2944 1374 2976 quae.
1405 2952 1439 2956 -κ
1466 2934 1572 2964 Zenon
1597 2934 1622 2964 11
1653 2950 1686 2955 -
1714 2933 1767 2964 ΞΟ,
1787 2932 1940 2964 cleanthes

163 2985 190 3016 H
214 3004 257 3009 -
279 2986 432 3018 oberiora
455 2988 506 3026 Al,
533 2987 651 3018 ubiora
677 2988 703 3018 11
732 3004 768 3009 —
794 2996 949 3019 acerumo
974 2987 1001 3018 H
1025 3005 1059 3009 —
1086 2987 1140 3018 24.
1164 2988 1202 3018 de
1226 2996 1295 3018 om.
1315 2987 1353 3017 Bl
1373 3002 1407 3006 —
1434 2985 1488 3015 ⁶227..
1509 2983 1655 3014 oraculis
1679 2984 1703 3013 O
1723 3000 1758 3004 —
1787 2982 1839 3013 23.
1859 2983 1940 3012 duos

162 3032 202 3066 A²
226 3051 261 3057 -
295 3035 348 3068 24.
373 3037 578 3076 possidonius
602 3038 671 3069 mei
697 3037 770 3069 sere
795 3046 950 3079 semper.
979 3054 1013 3058 —
1047 3038 1144 3067 stocis
1170 3037 1195 3068 H
1224 3054 1257 3058 —
1288 3037 1442 3076 princeps
1475 3033 1553 3065 cod.
1580 3033 1809 3064 pithoeanus:
1841 3033 1937 3072 prin-

162 3083 250 3124 cipe*
264 3086 302 3123 A,
324 3086 492 3125 principes
508 3087 644 3123 131HV1‚
668 3087 874 3126 principibus
889 3088 928 3118 Β2
939 3087 998 3124 V23
1026 3087 1208 3118 nominum
1227 3096 1245 3117 a
1264 3088 1377 3126 capite
1401 3084 1641 3115 derivatorum
1660 3091 1780 3114 casum
1800 3085 1939 3113 rectum

163 3132 344 3173 singularis
369 3137 509 3166 veteres
534 3136 567 3167 in
591 3137 678 3176 cipes
703 3136 868 3169 extulisse
893 3139 1057 3168 auctores
1082 3138 1163 3168 sunt
1188 3136 1366 3167 Charisius
1391 3142 1424 3174 p.
1445 3134 1483 3164 67
1510 3135 1545 3163 et
1570 3132 1764 3164 Priscianus
1792 3133 1800 3162 t
1826 3140 1859 3172 p.
1875 3132 1938 3162 755

164 3181 219 3213 ed.
239 3184 378 3216 Putsch.
402 3202 436 3208 —
463 3185 516 3216 27.
542 3186 764 3217 inuictissimis
788 3187 815 3217 Η
843 3203 877 3208 -
912 3187 966 3218 34.
991 3187 1109 3218 iuditio
1133 3188 1158 3217 A
1188 3205 1221 3208 —
1253 3186 1304 3216 32.
1332 3185 1370 3215 de
1393 3184 1566 3215 uinatione
1590 3183 1616 3214 H
1643 3199 1677 3203 -
1706 3181 1757 3212 33.
1787 3184 1887 3211 acula
1911 3183 1939 3209 et

163 3231 312 3270 copiosae
334 3233 362 3264 A
391 3251 425 3256 —
459 3234 513 3266 34.
539 3238 619 3267 teme
642 3238 683 3267 Α2
707 3253 740 3257 -
775 3237 903 3277 coynite
925 3238 953 3268 A
979 3253 1014 3259 —
1049 3236 1102 3268 35.
1129 3239 1228 3275 atque
1250 3236 1352 3266 etiam
1375 3243 1445 3266 om.
1465 3234 1503 3265 Β1
1531 3250 1565 3256 -
1593 3234 1792 3273 aryumenta
1817 3238 1889 3261 om.
1911 3229 1938 3259 11

166 3295 201 3302 -—
227 3279 279 3311 36.
303 3281 444 3321 facimus
466 3283 494 3314 V
521 3301 556 3307 -
582 3284 632 3316 his
657 3285 696 3317 C.
