<?xml version="1.0" encoding="UTF-8"?>
<!DOCTYPE html PUBLIC "-//W3C//DTD XHTML 1.0 Transitional//EN"
    "http://www.w3.org/TR/xhtml1/DTD/xhtml1-transitional.dtd">
<html xmlns="http://www.w3.org/1999/xhtml" xml:lang="en" lang="en">
 <head>
  <title>
</title>
<meta http-equiv="Content-Type" content="text/html;charset=utf-8" />
  <meta name='ocr-system' content='tesseract 3.04.00' />
  <meta name='ocr-capabilities' content='ocr_page ocr_carea ocr_par ocr_line ocrx_word'/>
</head>
<body>
  <div class='ocr_page' id='page_1' title='image "./operaquaesupersu04ciceuoft_0607.png"; bbox 0 0 2249 3624; ppageno 0'>
   <div class='ocr_carea' id='block_1_1' title="bbox 23 2601 37 3048">
    <p class='ocr_par' dir='ltr' id='par_1_1' title="bbox 23 2601 37 3048">
     <span class='ocr_line' id='line_1_1' title="bbox 23 2601 27 2641; baseline 0 0"><span class='ocrx_word' id='word_1_1' title='bbox 23 2601 27 2641; x_wconf 71' lang='lat' dir='ltr'>l</span> 
     </span>
     <span class='ocr_line' id='line_1_2' title="bbox 28 2824 37 3048; baseline 0 -263"><span class='ocrx_word' id='word_1_2' title='bbox 28 2824 37 3048; x_wconf 46' lang='grc' dir='ltr'>ἱ</span> 
     </span>
    </p>
   </div>
   <div class='ocr_carea' id='block_1_2' title="bbox 447 182 1879 239">
    <p class='ocr_par' dir='ltr' id='par_1_2' title="bbox 447 182 1879 239">
     <span class='ocr_line' id='line_1_3' title="bbox 447 182 1879 239; baseline -0.006 -10"><span class='ocrx_word' id='word_1_3' title='bbox 447 190 536 228; x_wconf 78' lang='lat' dir='ltr'>Lm.</span> <span class='ocrx_word' id='word_1_4' title='bbox 568 189 620 228; x_wconf 93' lang='lat' dir='ltr'>II.</span> <span class='ocrx_word' id='word_1_5' title='bbox 663 189 758 228; x_wconf 69' lang='lat' dir='ltr'>CAP.</span> <span class='ocrx_word' id='word_1_6' title='bbox 790 187 1241 228; x_wconf 81' lang='lat' dir='ltr'>xxxv—xxxvm.</span> <span class='ocrx_word' id='word_1_7' title='bbox 1281 185 1340 239; x_wconf 80' lang='lat'>§§</span> <span class='ocrx_word' id='word_1_8' title='bbox 1371 184 1550 225; x_wconf 78' lang='lat'>73-80.</span> <span class='ocrx_word' id='word_1_9' title='bbox 1799 182 1879 222; x_wconf 72' lang='lat'>545</span> 
     </span>
    </p>
   </div>
   <div class='ocr_carea' id='block_1_3' title="bbox 114 292 1946 2412">
    <p class='ocr_par' dir='ltr' id='par_1_3' title="bbox 114 292 1938 1097">
     <span class='ocr_line' id='line_1_4' title="bbox 115 292 1881 345; baseline -0.005 -8"><span class='ocrx_word' id='word_1_10' title='bbox 115 296 312 338; x_wconf 83' lang='lat' dir='ltr'>Bellicam</span> <span class='ocrx_word' id='word_1_11' title='bbox 343 308 429 334; x_wconf 92' lang='lat' dir='ltr'>rem</span> <span class='ocrx_word' id='word_1_12' title='bbox 461 294 744 334; x_wconf 89' lang='lat' dir='ltr'>administrari</span> <span class='ocrx_word' id='word_1_13' title='bbox 777 295 954 334; x_wconf 91' lang='lat' dir='ltr'>maiores</span> <span class='ocrx_word' id='word_1_14' title='bbox 978 294 1106 333; x_wconf 78' lang='lat' dir='ltr'>nostri</span> <span class='ocrx_word' id='word_1_15' title='bbox 1131 293 1209 333; x_wconf 91' lang='lat' dir='ltr'>nisi</span> <span class='ocrx_word' id='word_1_16' title='bbox 1234 293 1447 345; x_wconf 80' lang='lat' dir='ltr'>auspicato</span> <span class='ocrx_word' id='word_1_17' title='bbox 1472 292 1725 338; x_wconf 85' lang='lat' dir='ltr'>noluerunt;</span> <span class='ocrx_word' id='word_1_18' title='bbox 1757 304 1881 343; x_wconf 89' lang='lat' dir='ltr'>quam</span> 
     </span>
     <span class='ocr_line' id='line_1_5' title="bbox 116 353 1883 410; baseline -0.005 -10"><span class='ocrx_word' id='word_1_19' title='bbox 116 359 234 400; x_wconf 88' lang='lat' dir='ltr'>multi</span> <span class='ocrx_word' id='word_1_20' title='bbox 265 357 362 398; x_wconf 89' lang='lat' dir='ltr'>anni</span> <span class='ocrx_word' id='word_1_21' title='bbox 395 362 502 404; x_wconf 89' lang='lat' dir='ltr'>sunt,</span> <span class='ocrx_word' id='word_1_22' title='bbox 535 370 626 396; x_wconf 91' lang='lat' dir='ltr'>cum</span> <span class='ocrx_word' id='word_1_23' title='bbox 663 357 770 397; x_wconf 86' lang='lat' dir='ltr'>bella</span> <span class='ocrx_word' id='word_1_24' title='bbox 803 371 824 396; x_wconf 90' lang='lat' dir='ltr'>a</span> <span class='ocrx_word' id='word_1_25' title='bbox 857 356 1177 410; x_wconf 73' lang='lat' dir='ltr'>proconsulibus</span> <span class='ocrx_word' id='word_1_26' title='bbox 1210 361 1249 394; x_wconf 89' lang='lat' dir='ltr'>et</span> <span class='ocrx_word' id='word_1_27' title='bbox 1281 369 1301 394; x_wconf 88' lang='lat' dir='ltr'>a</span> <span class='ocrx_word' id='word_1_28' title='bbox 1335 354 1674 408; x_wconf 73' lang='lat' dir='ltr'>propraetoribus</span> <span class='ocrx_word' id='word_1_29' title='bbox 1706 353 1883 393; x_wconf 89' lang='lat' dir='ltr'>admini-</span> 
     </span>
     <span class='ocr_line' id='line_1_6' title="bbox 118 418 1884 472; baseline -0.004 -11"><span class='ocrx_word' id='word_1_30' title='bbox 118 426 310 466; x_wconf 87' lang='lat' dir='ltr'>strantur,</span> <span class='ocrx_word' id='word_1_31' title='bbox 345 420 418 472; x_wconf 91' lang='lat' dir='ltr'>qui</span> <span class='ocrx_word' id='word_1_32' title='bbox 449 420 634 472; x_wconf 89' lang='lat' dir='ltr'>auspicia</span> <span class='ocrx_word' id='word_1_33' title='bbox 665 433 747 459; x_wconf 91' lang='lat' dir='ltr'>non</span> <span class='ocrx_word' id='word_1_34' title='bbox 780 420 958 459; x_wconf 82' lang='lat' dir='ltr'>habeut!</span> <span class='ocrx_word' id='word_1_35' title='bbox 1013 418 1078 459; x_wconf 77' lang='lat'>77.</span> <span class='ocrx_word' id='word_1_36' title='bbox 1112 420 1256 471; x_wconf 77' lang='lat' dir='ltr'>Itaque</span> <span class='ocrx_word' id='word_1_37' title='bbox 1290 432 1363 456; x_wconf 84' lang='lat' dir='ltr'>nec</span> <span class='ocrx_word' id='word_1_38' title='bbox 1395 418 1528 456; x_wconf 80' lang='lat' dir='ltr'>amnis</span> <span class='ocrx_word' id='word_1_39' title='bbox 1562 423 1778 456; x_wconf 85' lang='lat' dir='ltr'>transeunt</span> <span class='ocrx_word' id='word_1_40' title='bbox 1811 429 1884 455; x_wconf 90' lang='lat' dir='ltr'>au-</span> 
     </span>
     <span class='ocr_line' id='line_1_7' title="bbox 116 478 1882 537; baseline -0.005 -13"><span class='ocrx_word' id='word_1_41' title='bbox 116 485 273 537; x_wconf 85' lang='lat' dir='ltr'>spicato</span> <span class='ocrx_word' id='word_1_42' title='bbox 318 495 394 521; x_wconf 85' lang='lat' dir='ltr'>nec</span> <span class='ocrx_word' id='word_1_43' title='bbox 433 481 618 534; x_wconf 86' lang='lat' dir='ltr'>tripudio</span> <span class='ocrx_word' id='word_1_44' title='bbox 659 482 956 535; x_wconf 86' lang='lat' dir='ltr'>auspicantur;</span> <span class='ocrx_word' id='word_1_45' title='bbox 1006 496 1099 520; x_wconf 80' lang='lat' dir='ltr'>nain</span> <span class='ocrx_word' id='word_1_46' title='bbox 1142 495 1193 519; x_wconf 77' lang='lat' dir='ltr'>ex</span> <span class='ocrx_word' id='word_1_47' title='bbox 1234 480 1495 519; x_wconf 79' lang='lat' dir='ltr'>artuninibus</span> <span class='ocrx_word' id='word_1_48' title='bbox 1535 480 1726 532; x_wconf 81' lang='lat' dir='ltr'>quidem,</span> <span class='ocrx_word' id='word_1_49' title='bbox 1770 478 1882 531; x_wconf 84' lang='lat' dir='ltr'>quod</span> 
     </span>
     <span class='ocr_line' id='line_1_8' title="bbox 118 541 1916 597; baseline -0.004 -11"><span class='ocrx_word' id='word_1_50' title='bbox 118 551 249 586; x_wconf 86' lang='lat' dir='ltr'>totum</span> <span class='ocrx_word' id='word_1_51' title='bbox 281 544 517 597; x_wconf 83' lang='lat' dir='ltr'>auspicium</span> <span class='ocrx_word' id='word_1_52' title='bbox 551 544 726 583; x_wconf 89' lang='lat' dir='ltr'>militare</span> <span class='ocrx_word' id='word_1_53' title='bbox 760 551 841 590; x_wconf 81' lang='lat' dir='ltr'>cst,</span> <span class='ocrx_word' id='word_1_54' title='bbox 884 545 962 583; x_wconf 81' lang='lat' dir='ltr'>iani</span> <span class='ocrx_word' id='word_1_55' title='bbox 995 546 1047 583; x_wconf 81' lang='lat' dir='ltr'>M.</span> <span class='ocrx_word' id='word_1_56' title='bbox 1082 542 1298 583; x_wconf 70' lang='lat' dir='ltr'>Marcellus</span> <span class='ocrx_word' id='word_1_57' title='bbox 1341 542 1409 581; x_wconf 78' lang='lat' dir='ltr'>illc</span> <span class='ocrx_word' id='word_1_58' title='bbox 1452 543 1706 595; x_wconf 82' lang='lat' dir='ltr'>quinquiens</span> <span class='ocrx_word' id='word_1_59' title='bbox 1738 541 1916 580; x_wconf 73' lang='lat' dir='ltr'>consuls</span> 
     </span>
     <span class='ocr_line' id='line_1_9' title="bbox 118 604 1884 658; baseline -0.003 -10"><span class='ocrx_word' id='word_1_60' title='bbox 118 614 249 648; x_wconf 85' lang='lat' dir='ltr'>totum</span> <span class='ocrx_word' id='word_1_61' title='bbox 282 607 422 646; x_wconf 85' lang='lat' dir='ltr'>omisit</span> <span class='ocrx_word' id='word_1_62' title='bbox 453 605 562 645; x_wconf 88' lang='lat' dir='ltr'>idem</span> <span class='ocrx_word' id='word_1_63' title='bbox 597 606 845 658; x_wconf 76' lang='lat' dir='ltr'>imperator,</span> <span class='ocrx_word' id='word_1_64' title='bbox 886 606 995 645; x_wconf 81' lang='lat' dir='ltr'>idem</span> <span class='ocrx_word' id='word_1_65' title='bbox 1038 620 1171 656; x_wconf 61' lang='lat' dir='ltr'>augur</span> <span class='ocrx_word' id='word_1_66' title='bbox 1211 613 1421 658; x_wconf 89' lang='lat' dir='ltr'>optumus.</span> <span class='ocrx_word' id='word_1_67' title='bbox 1494 605 1566 643; x_wconf 87' lang='lat' dir='ltr'>Ubi</span> <span class='ocrx_word' id='word_1_68' title='bbox 1606 618 1705 655; x_wconf 62' lang='lat' dir='ltr'>crgo</span> <span class='ocrx_word' id='word_1_69' title='bbox 1747 604 1884 643; x_wconf 88' lang='lat' dir='ltr'>avium</span> 
     </span>
     <span class='ocr_line' id='line_1_10' title="bbox 117 667 1887 722; baseline -0.002 -13"><span class='ocrx_word' id='word_1_70' title='bbox 117 670 346 710; x_wconf 76' lang='lat' dir='ltr'>divinatio?</span> <span class='ocrx_word' id='word_1_71' title='bbox 379 681 501 721; x_wconf 88' lang='lat' dir='ltr'>quae,</span> <span class='ocrx_word' id='word_1_72' title='bbox 535 669 734 722; x_wconf 88' lang='lat' dir='ltr'>quoniam</span> <span class='ocrx_word' id='word_1_73' title='bbox 767 668 818 707; x_wconf 90' lang='lat' dir='ltr'>ab</span> <span class='ocrx_word' id='word_1_74' title='bbox 851 669 914 714; x_wconf 79' lang='lat' dir='ltr'>iis,</span> <span class='ocrx_word' id='word_1_75' title='bbox 948 669 1018 721; x_wconf 89' lang='lat' dir='ltr'>qui</span> <span class='ocrx_word' id='word_1_76' title='bbox 1052 670 1238 721; x_wconf 76' lang='lat' dir='ltr'>auspicia</span> <span class='ocrx_word' id='word_1_77' title='bbox 1272 669 1383 708; x_wconf 85' lang='lat' dir='ltr'>nulla</span> <span class='ocrx_word' id='word_1_78' title='bbox 1416 667 1584 713; x_wconf 84' lang='lat' dir='ltr'>habent,</span> <span class='ocrx_word' id='word_1_79' title='bbox 1615 668 1722 706; x_wconf 84' lang='lat' dir='ltr'>bella</span> <span class='ocrx_word' id='word_1_80' title='bbox 1756 667 1887 706; x_wconf 87' lang='lat' dir='ltr'>admi-</span> 
     </span>
     <span class='ocr_line' id='line_1_11' title="bbox 115 730 1885 782; baseline -0.003 -10"><span class='ocrx_word' id='word_1_81' title='bbox 115 733 356 777; x_wconf 88' lang='lat' dir='ltr'>nistrantur,</span> <span class='ocrx_word' id='word_1_82' title='bbox 388 731 439 770; x_wconf 93' lang='lat' dir='ltr'>ab</span> <span class='ocrx_word' id='word_1_83' title='bbox 470 731 640 771; x_wconf 90' lang='lat' dir='ltr'>urbanis</span> <span class='ocrx_word' id='word_1_84' title='bbox 672 736 831 770; x_wconf 86' lang='lat' dir='ltr'>retenta</span> <span class='ocrx_word' id='word_1_85' title='bbox 864 731 1049 776; x_wconf 78' lang='lat' dir='ltr'>videtur,</span> <span class='ocrx_word' id='word_1_86' title='bbox 1081 744 1103 770; x_wconf 89' lang='lat' dir='ltr'>a</span> <span class='ocrx_word' id='word_1_87' title='bbox 1127 731 1286 770; x_wconf 71' lang='lat' dir='ltr'>bellicis</span> <span class='ocrx_word' id='word_1_88' title='bbox 1309 745 1399 770; x_wconf 77' lang='lat' dir='ltr'>esse</span> <span class='ocrx_word' id='word_1_89' title='bbox 1423 731 1596 769; x_wconf 86' lang='lat' dir='ltr'>sublata.</span> <span class='ocrx_word' id='word_1_90' title='bbox 1644 731 1692 768; x_wconf 85' lang='lat' dir='ltr'>Et</span> <span class='ocrx_word' id='word_1_91' title='bbox 1716 730 1885 782; x_wconf 80' lang='lat' dir='ltr'>quidem</span> 
     </span>
     <span class='ocr_line' id='line_1_12' title="bbox 114 792 1886 847; baseline -0.002 -14"><span class='ocrx_word' id='word_1_92' title='bbox 114 794 183 833; x_wconf 90' lang='lat' dir='ltr'>ille</span> <span class='ocrx_word' id='word_1_93' title='bbox 215 793 391 840; x_wconf 88' lang='lat' dir='ltr'>dicebat,</span> <span class='ocrx_word' id='word_1_94' title='bbox 424 793 457 832; x_wconf 92' lang='lat' dir='ltr'>si</span> <span class='ocrx_word' id='word_1_95' title='bbox 491 793 659 847; x_wconf 89' lang='lat' dir='ltr'>quando</span> <span class='ocrx_word' id='word_1_96' title='bbox 694 807 780 832; x_wconf 90' lang='lat' dir='ltr'>rem</span> <span class='ocrx_word' id='word_1_97' title='bbox 803 806 925 845; x_wconf 88' lang='lat' dir='ltr'>agere</span> <span class='ocrx_word' id='word_1_98' title='bbox 948 793 1096 840; x_wconf 82' lang='lat' dir='ltr'>vellet,</span> <span class='ocrx_word' id='word_1_99' title='bbox 1119 807 1170 832; x_wconf 92' lang='lat' dir='ltr'>ne</span> <span class='ocrx_word' id='word_1_100' title='bbox 1193 793 1467 846; x_wconf 72' lang='lat' dir='ltr'>impediretur</span> <span class='ocrx_word' id='word_1_101' title='bbox 1488 793 1709 845; x_wconf 73' lang='lat' dir='ltr'>auspiciis,</span> <span class='ocrx_word' id='word_1_102' title='bbox 1744 792 1886 832; x_wconf 84' lang='lat' dir='ltr'>lectica</span> 
     </span>
     <span class='ocr_line' id='line_1_13' title="bbox 116 855 1938 910; baseline -0.002 -14"><span class='ocrx_word' id='word_1_103' title='bbox 116 862 258 910; x_wconf 90' lang='lat' dir='ltr'>operta</span> <span class='ocrx_word' id='word_1_104' title='bbox 293 856 430 896; x_wconf 88' lang='lat' dir='ltr'>facere</span> <span class='ocrx_word' id='word_1_105' title='bbox 469 856 547 895; x_wconf 90' lang='lat' dir='ltr'>iter</span> <span class='ocrx_word' id='word_1_106' title='bbox 587 870 630 895; x_wconf 86' lang='lat' dir='ltr'>se</span> <span class='ocrx_word' id='word_1_107' title='bbox 663 855 810 895; x_wconf 89' lang='lat' dir='ltr'>solere.</span> <span class='ocrx_word' id='word_1_108' title='bbox 871 855 979 894; x_wconf 91' lang='lat' dir='ltr'>lluic</span> <span class='ocrx_word' id='word_1_109' title='bbox 1011 856 1146 895; x_wconf 86' lang='lat' dir='ltr'>simile</span> <span class='ocrx_word' id='word_1_110' title='bbox 1178 862 1260 902; x_wconf 88' lang='lat' dir='ltr'>est,</span> <span class='ocrx_word' id='word_1_111' title='bbox 1303 856 1417 908; x_wconf 85' lang='lat' dir='ltr'>quod</span> <span class='ocrx_word' id='word_1_112' title='bbox 1452 869 1526 894; x_wconf 88' lang='lat' dir='ltr'>nos</span> <span class='ocrx_word' id='word_1_113' title='bbox 1559 869 1737 907; x_wconf 78' lang='lat' dir='ltr'>augures</span> <span class='ocrx_word' id='word_1_114' title='bbox 1771 868 1889 908; x_wconf 88' lang='lat' dir='ltr'>prae-</span> <span class='ocrx_word' id='word_1_115' title='bbox 1908 862 1938 889; x_wconf 89' lang='grc'>10</span> 
     </span>
     <span class='ocr_line' id='line_1_14' title="bbox 116 916 1887 971; baseline -0.002 -13"><span class='ocrx_word' id='word_1_116' title='bbox 116 919 316 971; x_wconf 87' lang='lat' dir='ltr'>cipimus,</span> <span class='ocrx_word' id='word_1_117' title='bbox 361 931 413 958; x_wconf 89' lang='lat' dir='ltr'>ne</span> <span class='ocrx_word' id='word_1_118' title='bbox 455 919 550 970; x_wconf 72' lang='lat' dir='ltr'>iuge</span> <span class='ocrx_word' id='word_1_119' title='bbox 589 919 823 971; x_wconf 81' lang='lat' dir='ltr'>auspicium</span> <span class='ocrx_word' id='word_1_120' title='bbox 866 918 1087 965; x_wconf 79' lang='lat' dir='ltr'>obveniat,</span> <span class='ocrx_word' id='word_1_121' title='bbox 1135 925 1179 957; x_wconf 92' lang='lat' dir='ltr'>ut</span> <span class='ocrx_word' id='word_1_122' title='bbox 1222 919 1405 957; x_wconf 85' lang='lat' dir='ltr'>iumenta</span> <span class='ocrx_word' id='word_1_123' title='bbox 1446 916 1615 957; x_wconf 82' lang='lat' dir='ltr'>iubeant</span> <span class='ocrx_word' id='word_1_124' title='bbox 1657 918 1887 970; x_wconf 80' lang='lat' dir='ltr'>diiungere.</span> 
     </span>
     <span class='ocr_line' id='line_1_15' title="bbox 115 978 1889 1032; baseline -0.001 -12"><span class='ocrx_word' id='word_1_125' title='bbox 115 979 180 1020; x_wconf 84' lang='lat'>78.</span> <span class='ocrx_word' id='word_1_126' title='bbox 214 981 324 1030; x_wconf 87' lang='lat' dir='ltr'>Quid</span> <span class='ocrx_word' id='word_1_127' title='bbox 356 987 418 1021; x_wconf 88' lang='lat' dir='ltr'>est</span> <span class='ocrx_word' id='word_1_128' title='bbox 448 981 560 1021; x_wconf 88' lang='lat' dir='ltr'>aliud</span> <span class='ocrx_word' id='word_1_129' title='bbox 593 981 705 1021; x_wconf 91' lang='lat' dir='ltr'>nolle</span> <span class='ocrx_word' id='word_1_130' title='bbox 740 981 898 1020; x_wconf 90' lang='lat' dir='ltr'>moneri</span> <span class='ocrx_word' id='word_1_131' title='bbox 930 994 953 1020; x_wconf 89' lang='lat' dir='ltr'>a</span> <span class='ocrx_word' id='word_1_132' title='bbox 974 981 1094 1027; x_wconf 91' lang='lat' dir='ltr'>Iove,</span> <span class='ocrx_word' id='word_1_133' title='bbox 1127 980 1208 1020; x_wconf 91' lang='lat' dir='ltr'>nisi</span> <span class='ocrx_word' id='word_1_134' title='bbox 1242 979 1406 1019; x_wconf 87' lang='lat' dir='ltr'>efliccre</span> <span class='ocrx_word' id='word_1_135' title='bbox 1439 986 1482 1019; x_wconf 89' lang='lat' dir='ltr'>ut</span> <span class='ocrx_word' id='word_1_136' title='bbox 1512 986 1582 1019; x_wconf 91' lang='lat' dir='ltr'>aut</span> <span class='ocrx_word' id='word_1_137' title='bbox 1611 994 1661 1019; x_wconf 87' lang='lat' dir='ltr'>nc</span> <span class='ocrx_word' id='word_1_138' title='bbox 1685 978 1771 1019; x_wconf 84' lang='lat' dir='ltr'>lieri</span> <span class='ocrx_word' id='word_1_139' title='bbox 1795 993 1889 1032; x_wconf 90' lang='lat' dir='ltr'>pos-</span> 
     </span>
     <span class='ocr_line' id='line_1_16' title="bbox 117 1043 944 1097; baseline -0.001 -13"><span class='ocrx_word' id='word_1_140' title='bbox 117 1044 170 1084; x_wconf 87' lang='lat' dir='ltr'>sit</span> <span class='ocrx_word' id='word_1_141' title='bbox 199 1043 432 1097; x_wconf 86' lang='lat' dir='ltr'>auspicium</span> <span class='ocrx_word' id='word_1_142' title='bbox 464 1050 558 1091; x_wconf 88' lang='lat' dir='ltr'>aut,</span> <span class='ocrx_word' id='word_1_143' title='bbox 590 1045 624 1084; x_wconf 90' lang='lat' dir='ltr'>si</span> <span class='ocrx_word' id='word_1_144' title='bbox 656 1045 746 1092; x_wconf 84' lang='lat' dir='ltr'>liat,</span> <span class='ocrx_word' id='word_1_145' title='bbox 777 1044 944 1084; x_wconf 74' lang='lat' dir='ltr'>videri?</span> 
     </span>
    </p>

    <p class='ocr_par' dir='ltr' id='par_1_4' title="bbox 118 1105 1946 2226">
     <span class='ocr_line' id='line_1_17' title="bbox 230 1105 1889 1159; baseline -0.001 -14"><span class='ocrx_word' id='word_1_146' title='bbox 230 1106 441 1146; x_wconf 84' lang='lat' dir='ltr'><strong>XXXVII.</strong></span> <span class='ocrx_word' id='word_1_147' title='bbox 500 1108 602 1146; x_wconf 90' lang='lat' dir='ltr'>Nam</span> <span class='ocrx_word' id='word_1_148' title='bbox 642 1107 746 1146; x_wconf 94' lang='lat' dir='ltr'>illud</span> <span class='ocrx_word' id='word_1_149' title='bbox 787 1106 1012 1146; x_wconf 85' lang='lat' dir='ltr'>admodum</span> <span class='ocrx_word' id='word_1_150' title='bbox 1055 1106 1299 1152; x_wconf 85' lang='lat' dir='ltr'>ridiculum,</span> <span class='ocrx_word' id='word_1_151' title='bbox 1343 1105 1455 1159; x_wconf 89' lang='lat' dir='ltr'>quod</span> <span class='ocrx_word' id='word_1_152' title='bbox 1489 1119 1614 1158; x_wconf 76' lang='lat' dir='ltr'>negas</span> <span class='ocrx_word' id='word_1_153' title='bbox 1646 1106 1889 1145; x_wconf 83' lang='lat' dir='ltr'>Deiotarum</span> 
     </span>
     <span class='ocr_line' id='line_1_18' title="bbox 118 1166 1941 1223; baseline -0.002 -13"><span class='ocrx_word' id='word_1_154' title='bbox 118 1169 420 1223; x_wconf 85' lang='lat' dir='ltr'>auspiciorum,</span> <span class='ocrx_word' id='word_1_155' title='bbox 454 1182 560 1223; x_wconf 87' lang='lat' dir='ltr'>quae</span> <span class='ocrx_word' id='word_1_156' title='bbox 592 1170 670 1209; x_wconf 91' lang='lat' dir='ltr'>sibi</span> <span class='ocrx_word' id='word_1_157' title='bbox 704 1169 754 1209; x_wconf 92' lang='lat' dir='ltr'>ad</span> <span class='ocrx_word' id='word_1_158' title='bbox 788 1169 1033 1222; x_wconf 90' lang='lat' dir='ltr'>Pompeium</span> <span class='ocrx_word' id='word_1_159' title='bbox 1068 1166 1346 1221; x_wconf 72' lang='lat' dir='ltr'>proficiscenti</span> <span class='ocrx_word' id='word_1_160' title='bbox 1378 1168 1487 1208; x_wconf 85' lang='lat' dir='ltr'>facta</span> <span class='ocrx_word' id='word_1_161' title='bbox 1518 1169 1619 1215; x_wconf 90' lang='lat' dir='ltr'>sint,</span> <span class='ocrx_word' id='word_1_162' title='bbox 1663 1169 1889 1222; x_wconf 89' lang='lat' dir='ltr'>paenitere,</span> <span class='ocrx_word' id='word_1_163' title='bbox 1910 1175 1941 1202; x_wconf 77' lang='lat'>¹5</span> 
     </span>
     <span class='ocr_line' id='line_1_19' title="bbox 120 1228 1891 1286; baseline -0.002 -14"><span class='ocrx_word' id='word_1_164' title='bbox 120 1231 232 1286; x_wconf 90' lang='lat' dir='ltr'>quod</span> <span class='ocrx_word' id='word_1_165' title='bbox 263 1229 386 1271; x_wconf 86' lang='lat' dir='ltr'>fidem</span> <span class='ocrx_word' id='word_1_166' title='bbox 419 1238 586 1272; x_wconf 90' lang='lat' dir='ltr'>secutus</span> <span class='ocrx_word' id='word_1_167' title='bbox 618 1232 928 1286; x_wconf 87' lang='lat' dir='ltr'>amicitiamque</span> <span class='ocrx_word' id='word_1_168' title='bbox 961 1232 1106 1285; x_wconf 92' lang='lat' dir='ltr'>populi</span> <span class='ocrx_word' id='word_1_169' title='bbox 1130 1233 1304 1271; x_wconf 89' lang='lat' dir='ltr'>Romani</span> <span class='ocrx_word' id='word_1_170' title='bbox 1336 1230 1503 1270; x_wconf 84' lang='lat' dir='ltr'>functus</span> <span class='ocrx_word' id='word_1_171' title='bbox 1527 1232 1579 1270; x_wconf 91' lang='lat' dir='ltr'>sit</span> <span class='ocrx_word' id='word_1_172' title='bbox 1602 1228 1760 1278; x_wconf 81' lang='lat' dir='ltr'>oflici03</span> <span class='ocrx_word' id='word_1_173' title='bbox 1785 1230 1891 1270; x_wconf 91' lang='lat' dir='ltr'>anti-</span> 
     </span>
     <span class='ocr_line' id='line_1_20' title="bbox 120 1293 1892 1348; baseline -0.001 -14"><span class='ocrx_word' id='word_1_174' title='bbox 120 1294 309 1348; x_wconf 89' lang='lat' dir='ltr'>quiorem</span> <span class='ocrx_word' id='word_1_175' title='bbox 342 1295 451 1334; x_wconf 91' lang='lat' dir='ltr'>enim</span> <span class='ocrx_word' id='word_1_176' title='bbox 484 1295 563 1335; x_wconf 92' lang='lat' dir='ltr'>sibi</span> <span class='ocrx_word' id='word_1_177' title='bbox 595 1293 725 1335; x_wconf 88' lang='lat' dir='ltr'>fuisse</span> <span class='ocrx_word' id='word_1_178' title='bbox 757 1294 922 1334; x_wconf 91' lang='lat' dir='ltr'>laudem</span> <span class='ocrx_word' id='word_1_179' title='bbox 954 1300 995 1334; x_wconf 88' lang='lat' dir='ltr'>et</span> <span class='ocrx_word' id='word_1_180' title='bbox 1025 1294 1199 1346; x_wconf 79' lang='lat' dir='ltr'>gloriam</span> <span class='ocrx_word' id='word_1_181' title='bbox 1233 1308 1358 1347; x_wconf 88' lang='lat' dir='ltr'>quam</span> <span class='ocrx_word' id='word_1_182' title='bbox 1392 1307 1563 1346; x_wconf 83' lang='lat' dir='ltr'>regnum</span> <span class='ocrx_word' id='word_1_183' title='bbox 1597 1299 1637 1333; x_wconf 88' lang='lat' dir='ltr'>et</span> <span class='ocrx_word' id='word_1_184' title='bbox 1659 1294 1892 1346; x_wconf 87' lang='lat' dir='ltr'>possessio-</span> 
     </span>
     <span class='ocr_line' id='line_1_21' title="bbox 120 1355 1891 1411; baseline -0.002 -15"><span class='ocrx_word' id='word_1_185' title='bbox 120 1369 192 1396; x_wconf 85' lang='lat' dir='ltr'>nes</span> <span class='ocrx_word' id='word_1_186' title='bbox 232 1369 344 1396; x_wconf 88' lang='lat' dir='ltr'>suas.</span> <span class='ocrx_word' id='word_1_187' title='bbox 421 1356 553 1397; x_wconf 90' lang='lat' dir='ltr'>Credo</span> <span class='ocrx_word' id='word_1_188' title='bbox 602 1357 824 1411; x_wconf 86' lang='lat' dir='ltr'>equidem,</span> <span class='ocrx_word' id='word_1_189' title='bbox 878 1357 950 1397; x_wconf 92' lang='lat' dir='ltr'>sed</span> <span class='ocrx_word' id='word_1_190' title='bbox 989 1356 1069 1396; x_wconf 89' lang='lat' dir='ltr'>hoc</span> <span class='ocrx_word' id='word_1_191' title='bbox 1105 1356 1209 1396; x_wconf 91' lang='lat' dir='ltr'>nihil</span> <span class='ocrx_word' id='word_1_192' title='bbox 1252 1357 1302 1396; x_wconf 90' lang='lat' dir='ltr'>ad</span> <span class='ocrx_word' id='word_1_193' title='bbox 1344 1357 1554 1409; x_wconf 83' lang='lat' dir='ltr'>auspicia3</span> <span class='ocrx_word' id='word_1_194' title='bbox 1604 1370 1677 1395; x_wconf 85' lang='lat' dir='ltr'>nec</span> <span class='ocrx_word' id='word_1_195' title='bbox 1711 1356 1820 1395; x_wconf 91' lang='lat' dir='ltr'>enim</span> <span class='ocrx_word' id='word_1_196' title='bbox 1853 1355 1891 1394; x_wconf 90' lang='lat' dir='ltr'>ei</span> 
     </span>
     <span class='ocr_line' id='line_1_22' title="bbox 120 1419 1891 1473; baseline -0.001 -15"><span class='ocrx_word' id='word_1_197' title='bbox 120 1419 267 1458; x_wconf 85' lang='lat' dir='ltr'>cornix</span> <span class='ocrx_word' id='word_1_198' title='bbox 299 1431 447 1459; x_wconf 87' lang='lat' dir='ltr'>canere</span> <span class='ocrx_word' id='word_1_199' title='bbox 480 1420 613 1473; x_wconf 89' lang='lat' dir='ltr'>potuit</span> <span class='ocrx_word' id='word_1_200' title='bbox 645 1426 757 1460; x_wconf 90' lang='lat' dir='ltr'>recte</span> <span class='ocrx_word' id='word_1_201' title='bbox 789 1433 884 1459; x_wconf 91' lang='lat' dir='ltr'>eum</span> <span class='ocrx_word' id='word_1_202' title='bbox 916 1419 1076 1467; x_wconf 89' lang='lat' dir='ltr'>facere,</span> <span class='ocrx_word' id='word_1_203' title='bbox 1118 1419 1232 1472; x_wconf 88' lang='lat' dir='ltr'>quod</span> <span class='ocrx_word' id='word_1_204' title='bbox 1264 1419 1410 1472; x_wconf 92' lang='lat' dir='ltr'>populi</span> <span class='ocrx_word' id='word_1_205' title='bbox 1444 1419 1617 1459; x_wconf 82' lang='lat' dir='ltr'>Romani</span> <span class='ocrx_word' id='word_1_206' title='bbox 1659 1419 1891 1457; x_wconf 91' lang='lat' dir='ltr'>libertatem</span> 
     </span>
     <span class='ocr_line' id='line_1_23' title="bbox 120 1479 1942 1537; baseline -0.002 -17"><span class='ocrx_word' id='word_1_207' title='bbox 120 1480 345 1521; x_wconf 86' lang='lat' dir='ltr'>defendere</span> <span class='ocrx_word' id='word_1_208' title='bbox 376 1488 570 1535; x_wconf 90' lang='lat' dir='ltr'>pararet;</span> <span class='ocrx_word' id='word_1_209' title='bbox 613 1483 701 1537; x_wconf 89' lang='lat' dir='ltr'>ipse</span> <span class='ocrx_word' id='word_1_210' title='bbox 732 1485 811 1522; x_wconf 89' lang='lat' dir='ltr'>hoc</span> <span class='ocrx_word' id='word_1_211' title='bbox 842 1482 1068 1529; x_wconf 84' lang='lat' dir='ltr'>sentiebat,</span> <span class='ocrx_word' id='word_1_212' title='bbox 1111 1483 1235 1522; x_wconf 90' lang='lat' dir='ltr'>sicuti</span> <span class='ocrx_word' id='word_1_213' title='bbox 1276 1483 1418 1522; x_wconf 89' lang='lat' dir='ltr'>sensit.</span> <span class='ocrx_word' id='word_1_214' title='bbox 1480 1479 1545 1520; x_wconf 80' lang='lat'>79.</span> <span class='ocrx_word' id='word_1_215' title='bbox 1578 1484 1684 1521; x_wconf 87' lang='lat' dir='ltr'>Aves</span> <span class='ocrx_word' id='word_1_216' title='bbox 1717 1486 1891 1520; x_wconf 87' lang='lat' dir='ltr'>eventus</span> <span class='ocrx_word' id='word_1_217' title='bbox 1906 1488 1942 1517; x_wconf 74' lang='lat'>20</span> 
     </span>
     <span class='ocr_line' id='line_1_24' title="bbox 120 1540 1893 1598; baseline 0 -16"><span class='ocrx_word' id='word_1_218' title='bbox 120 1540 353 1596; x_wconf 82' lang='lat' dir='ltr'>significant</span> <span class='ocrx_word' id='word_1_219' title='bbox 384 1550 454 1584; x_wconf 90' lang='lat' dir='ltr'>aut</span> <span class='ocrx_word' id='word_1_220' title='bbox 484 1545 680 1585; x_wconf 86' lang='lat' dir='ltr'>adversos</span> <span class='ocrx_word' id='word_1_221' title='bbox 712 1552 783 1585; x_wconf 90' lang='lat' dir='ltr'>aut</span> <span class='ocrx_word' id='word_1_222' title='bbox 814 1544 1047 1585; x_wconf 88' lang='lat' dir='ltr'>secundos:</span> <span class='ocrx_word' id='word_1_223' title='bbox 1079 1545 1242 1584; x_wconf 83' lang='lat' dir='ltr'>virtutis</span> <span class='ocrx_word' id='word_1_224' title='bbox 1275 1545 1476 1598; x_wconf 85' lang='lat' dir='ltr'>auspiciis</span> <span class='ocrx_word' id='word_1_225' title='bbox 1508 1544 1630 1584; x_wconf 75' lang='lat' dir='ltr'>video</span> <span class='ocrx_word' id='word_1_226' title='bbox 1658 1558 1749 1583; x_wconf 89' lang='lat' dir='ltr'>esse</span> <span class='ocrx_word' id='word_1_227' title='bbox 1773 1557 1893 1583; x_wconf 82' lang='lat' dir='ltr'>usum</span> 
     </span>
     <span class='ocr_line' id='line_1_25' title="bbox 120 1604 1893 1662; baseline 0 -17"><span class='ocrx_word' id='word_1_228' title='bbox 120 1606 384 1654; x_wconf 86' lang='lat' dir='ltr'>Deiotarum,</span> <span class='ocrx_word' id='word_1_229' title='bbox 428 1620 537 1661; x_wconf 89' lang='lat' dir='ltr'>quae</span> <span class='ocrx_word' id='word_1_230' title='bbox 570 1614 682 1648; x_wconf 89' lang='lat' dir='ltr'>vetat</span> <span class='ocrx_word' id='word_1_231' title='bbox 712 1614 899 1662; x_wconf 90' lang='lat' dir='ltr'>spectare</span> <span class='ocrx_word' id='word_1_232' title='bbox 939 1607 1171 1654; x_wconf 89' lang='lat' dir='ltr'>fortunam,</span> <span class='ocrx_word' id='word_1_233' title='bbox 1211 1608 1308 1646; x_wconf 92' lang='lat' dir='ltr'>dum</span> <span class='ocrx_word' id='word_1_234' title='bbox 1342 1612 1576 1660; x_wconf 87' lang='lat' dir='ltr'>praestetur</span> <span class='ocrx_word' id='word_1_235' title='bbox 1607 1604 1723 1646; x_wconf 85' lang='lat' dir='ltr'>tides.</span> <span class='ocrx_word' id='word_1_236' title='bbox 1787 1610 1893 1646; x_wconf 78' lang='lat' dir='ltr'>Aves</span> 
     </span>
     <span class='ocr_line' id='line_1_26' title="bbox 120 1669 1892 1723; baseline 0.001 -16"><span class='ocrx_word' id='word_1_237' title='bbox 120 1681 218 1708; x_wconf 88' lang='lat' dir='ltr'>vero</span> <span class='ocrx_word' id='word_1_238' title='bbox 251 1669 284 1708; x_wconf 91' lang='lat' dir='ltr'>si</span> <span class='ocrx_word' id='word_1_239' title='bbox 315 1683 541 1723; x_wconf 89' lang='lat' dir='ltr'>prosperos</span> <span class='ocrx_word' id='word_1_240' title='bbox 575 1676 750 1710; x_wconf 82' lang='lat' dir='ltr'>eventus</span> <span class='ocrx_word' id='word_1_241' title='bbox 783 1670 1070 1717; x_wconf 89' lang='lat' dir='ltr'>ostenderunt,</span> <span class='ocrx_word' id='word_1_242' title='bbox 1103 1675 1215 1710; x_wconf 87' lang='lat' dir='ltr'>certe</span> <span class='ocrx_word' id='word_1_243' title='bbox 1246 1669 1508 1709; x_wconf 85' lang='lat' dir='ltr'>fefellerunt:</span> <span class='ocrx_word' id='word_1_244' title='bbox 1540 1669 1647 1722; x_wconf 79' lang='lat' dir='ltr'>fugit</span> <span class='ocrx_word' id='word_1_245' title='bbox 1678 1683 1699 1709; x_wconf 91' lang='lat' dir='ltr'>e</span> <span class='ocrx_word' id='word_1_246' title='bbox 1731 1669 1892 1722; x_wconf 91' lang='lat' dir='ltr'>proelio</span> 
     </span>
     <span class='ocr_line' id='line_1_27' title="bbox 121 1732 1893 1787; baseline 0 -17"><span class='ocrx_word' id='word_1_247' title='bbox 121 1744 213 1771; x_wconf 90' lang='lat' dir='ltr'>cum</span> <span class='ocrx_word' id='word_1_248' title='bbox 245 1732 443 1786; x_wconf 90' lang='lat' dir='ltr'>Pompeio</span> <span class='ocrx_word' id='word_1_249' title='bbox 475 1756 528 1762; x_wconf 95' lang='lat'><strong>—</strong></span> <span class='ocrx_word' id='word_1_250' title='bbox 560 1747 686 1786; x_wconf 85' lang='lat' dir='ltr'>grave</span> <span class='ocrx_word' id='word_1_251' title='bbox 717 1739 882 1787; x_wconf 92' lang='lat' dir='ltr'>tempus</span> <span class='ocrx_word' id='word_1_252' title='bbox 914 1755 991 1780; x_wconf 93' lang='lat'>—‚</span> <span class='ocrx_word' id='word_1_253' title='bbox 1024 1733 1219 1772; x_wconf 89' lang='lat' dir='ltr'>discessit</span> <span class='ocrx_word' id='word_1_254' title='bbox 1249 1733 1299 1772; x_wconf 91' lang='lat' dir='ltr'>ab</span> <span class='ocrx_word' id='word_1_255' title='bbox 1333 1745 1382 1772; x_wconf 91' lang='lat' dir='ltr'>eo</span> <span class='ocrx_word' id='word_1_256' title='bbox 1414 1754 1468 1760; x_wconf 93' lang='lat'><strong>—</strong></span> <span class='ocrx_word' id='word_1_257' title='bbox 1500 1732 1693 1771; x_wconf 89' lang='lat' dir='ltr'>luctuosa</span> <span class='ocrx_word' id='word_1_258' title='bbox 1724 1744 1789 1771; x_wconf 92' lang='lat' dir='ltr'>res</span> <span class='ocrx_word' id='word_1_259' title='bbox 1821 1753 1893 1777; x_wconf 89' lang='lat'>—‚</span> 
     </span>
     <span class='ocr_line' id='line_1_28' title="bbox 124 1793 1944 1849; baseline 0 -16"><span class='ocrx_word' id='word_1_260' title='bbox 124 1793 341 1834; x_wconf 86' lang='lat' dir='ltr'>Caesarem</span> <span class='ocrx_word' id='word_1_261' title='bbox 375 1796 522 1835; x_wconf 90' lang='lat' dir='ltr'>eodem</span> <span class='ocrx_word' id='word_1_262' title='bbox 555 1802 745 1849; x_wconf 91' lang='lat' dir='ltr'>tempore</span> <span class='ocrx_word' id='word_1_263' title='bbox 777 1796 941 1836; x_wconf 91' lang='lat' dir='ltr'>hostem</span> <span class='ocrx_word' id='word_1_264' title='bbox 974 1801 1013 1835; x_wconf 88' lang='lat' dir='ltr'>et</span> <span class='ocrx_word' id='word_1_265' title='bbox 1032 1795 1242 1848; x_wconf 89' lang='lat' dir='ltr'>hospitem</span> <span class='ocrx_word' id='word_1_266' title='bbox 1267 1795 1369 1834; x_wconf 82' lang='lat' dir='ltr'>vidit</span> <span class='ocrx_word' id='word_1_267' title='bbox 1394 1816 1463 1841; x_wconf 89' lang='lat'>—-‚</span> <span class='ocrx_word' id='word_1_268' title='bbox 1485 1794 1582 1847; x_wconf 88' lang='lat' dir='ltr'>quid</span> <span class='ocrx_word' id='word_1_269' title='bbox 1605 1794 1684 1833; x_wconf 91' lang='lat' dir='ltr'>hoc</span> <span class='ocrx_word' id='word_1_270' title='bbox 1706 1795 1944 1834; x_wconf 48' lang='lat' dir='ltr'>tristium-25</span> 
     </span>
     <span class='ocr_line' id='line_1_29' title="bbox 121 1856 1893 1912; baseline 0 -17"><span class='ocrx_word' id='word_1_271' title='bbox 121 1856 160 1895; x_wconf 89' lang='lat' dir='ltr'>Is</span> <span class='ocrx_word' id='word_1_272' title='bbox 193 1870 285 1897; x_wconf 91' lang='lat' dir='ltr'>cum</span> <span class='ocrx_word' id='word_1_273' title='bbox 318 1857 355 1896; x_wconf 91' lang='lat' dir='ltr'>ei</span> <span class='ocrx_word' id='word_1_274' title='bbox 379 1858 652 1911; x_wconf 81' lang='lat' dir='ltr'>Trogmorum</span> <span class='ocrx_word' id='word_1_275' title='bbox 686 1858 937 1899; x_wconf 87' lang='lat' dir='ltr'>tetrarchian</span> <span class='ocrx_word' id='word_1_276' title='bbox 970 1858 1193 1912; x_wconf 88' lang='lat' dir='ltr'>eripuisset</span> <span class='ocrx_word' id='word_1_277' title='bbox 1225 1864 1265 1897; x_wconf 93' lang='lat' dir='ltr'>et</span> <span class='ocrx_word' id='word_1_278' title='bbox 1295 1857 1515 1897; x_wconf 84' lang='lat' dir='ltr'>adseculae</span> <span class='ocrx_word' id='word_1_279' title='bbox 1539 1871 1613 1897; x_wconf 92' lang='lat' dir='ltr'>suo</span> <span class='ocrx_word' id='word_1_280' title='bbox 1636 1858 1893 1909; x_wconf 83' lang='lat' dir='ltr'>Pergameno</span> 
     </span>
     <span class='ocr_line' id='line_1_30' title="bbox 122 1918 1895 1975; baseline 0.001 -18"><span class='ocrx_word' id='word_1_281' title='bbox 122 1918 264 1958; x_wconf 89' lang='lat' dir='ltr'>nescio</span> <span class='ocrx_word' id='word_1_282' title='bbox 297 1920 363 1959; x_wconf 92' lang='lat' dir='ltr'>cui</span> <span class='ocrx_word' id='word_1_283' title='bbox 397 1919 581 1960; x_wconf 91' lang='lat' dir='ltr'>dedisset</span> <span class='ocrx_word' id='word_1_284' title='bbox 603 1921 826 1975; x_wconf 91' lang='lat' dir='ltr'>eidemque</span> <span class='ocrx_word' id='word_1_285' title='bbox 850 1921 1103 1961; x_wconf 86' lang='lat' dir='ltr'>detraxisset</span> <span class='ocrx_word' id='word_1_286' title='bbox 1122 1920 1359 1960; x_wconf 88' lang='lat' dir='ltr'>Armeniam</span> <span class='ocrx_word' id='word_1_287' title='bbox 1383 1933 1405 1958; x_wconf 88' lang='lat' dir='ltr'>a</span> <span class='ocrx_word' id='word_1_288' title='bbox 1428 1925 1574 1959; x_wconf 88' lang='lat' dir='ltr'>senatu</span> <span class='ocrx_word' id='word_1_289' title='bbox 1599 1919 1755 1966; x_wconf 90' lang='lat' dir='ltr'>datam,</span> <span class='ocrx_word' id='word_1_290' title='bbox 1780 1934 1895 1959; x_wconf 90' lang='lat' dir='ltr'>cum-</span> 
     </span>
     <span class='ocr_line' id='line_1_31' title="bbox 124 1981 1897 2037; baseline -0.001 -16"><span class='ocrx_word' id='word_1_291' title='bbox 124 1994 205 2034; x_wconf 92' lang='lat' dir='ltr'>que</span> <span class='ocrx_word' id='word_1_292' title='bbox 238 1981 288 2021; x_wconf 87' lang='lat' dir='ltr'>ab</span> <span class='ocrx_word' id='word_1_293' title='bbox 321 1995 370 2022; x_wconf 93' lang='lat' dir='ltr'>eo</span> <span class='ocrx_word' id='word_1_294' title='bbox 404 1981 832 2036; x_wconf 86' lang='lat' dir='ltr'>magnificentissumo</span> <span class='ocrx_word' id='word_1_295' title='bbox 865 1984 1051 2037; x_wconf 91' lang='lat' dir='ltr'>hospitio</span> <span class='ocrx_word' id='word_1_296' title='bbox 1084 1989 1280 2036; x_wconf 88' lang='lat' dir='ltr'>acceptus</span> <span class='ocrx_word' id='word_1_297' title='bbox 1313 1988 1435 2029; x_wconf 91' lang='lat' dir='ltr'>esset,</span> <span class='ocrx_word' id='word_1_298' title='bbox 1468 1981 1690 2034; x_wconf 84' lang='lat' dir='ltr'>spoliatum</span> <span class='ocrx_word' id='word_1_299' title='bbox 1723 1981 1897 2034; x_wconf 89' lang='lat' dir='ltr'>reliquit</span> 
     </span>
     <span class='ocr_line' id='line_1_32' title="bbox 123 2043 1894 2099; baseline -0.001 -16"><span class='ocrx_word' id='word_1_300' title='bbox 123 2049 164 2084; x_wconf 90' lang='lat' dir='ltr'>et</span> <span class='ocrx_word' id='word_1_301' title='bbox 191 2044 401 2098; x_wconf 90' lang='lat' dir='ltr'>hospitem</span> <span class='ocrx_word' id='word_1_302' title='bbox 435 2052 475 2086; x_wconf 88' lang='lat' dir='ltr'>et</span> <span class='ocrx_word' id='word_1_303' title='bbox 505 2059 657 2099; x_wconf 87' lang='lat' dir='ltr'>regem.</span> <span class='ocrx_word' id='word_1_304' title='bbox 721 2048 800 2087; x_wconf 90' lang='lat' dir='ltr'>Sed</span> <span class='ocrx_word' id='word_1_305' title='bbox 834 2048 952 2087; x_wconf 90' lang='lat' dir='ltr'>labor</span> <span class='ocrx_word' id='word_1_306' title='bbox 982 2047 1171 2099; x_wconf 84' lang='lat' dir='ltr'>longius,</span> <span class='ocrx_word' id='word_1_307' title='bbox 1211 2046 1262 2085; x_wconf 90' lang='lat' dir='ltr'>ad</span> <span class='ocrx_word' id='word_1_308' title='bbox 1297 2046 1556 2098; x_wconf 89' lang='lat' dir='ltr'>propositum</span> <span class='ocrx_word' id='word_1_309' title='bbox 1596 2050 1790 2083; x_wconf 86' lang='lat' dir='ltr'>revertar.</span> <span class='ocrx_word' id='word_1_310' title='bbox 1853 2043 1894 2082; x_wconf 83' lang='lat' dir='ltr'>Si</span> 
     </span>
     <span class='ocr_line' id='line_1_33' title="bbox 123 2105 1946 2164; baseline -0.001 -18"><span class='ocrx_word' id='word_1_311' title='bbox 123 2112 268 2147; x_wconf 85' lang='lat' dir='ltr'>eventa</span> <span class='ocrx_word' id='word_1_312' title='bbox 301 2109 554 2162; x_wconf 90' lang='lat' dir='ltr'>quaerimus,</span> <span class='ocrx_word' id='word_1_313' title='bbox 588 2123 695 2163; x_wconf 91' lang='lat' dir='ltr'>quae</span> <span class='ocrx_word' id='word_1_314' title='bbox 728 2110 1013 2164; x_wconf 75' lang='lat' dir='ltr'>exquiruntur</span> <span class='ocrx_word' id='word_1_315' title='bbox 1043 2105 1202 2154; x_wconf 77' lang='lat' dir='ltr'>avibus,</span> <span class='ocrx_word' id='word_1_316' title='bbox 1234 2108 1350 2147; x_wconf 88' lang='lat' dir='ltr'>nullo</span> <span class='ocrx_word' id='word_1_317' title='bbox 1385 2107 1506 2147; x_wconf 90' lang='lat' dir='ltr'>modo</span> <span class='ocrx_word' id='word_1_318' title='bbox 1540 2120 1740 2160; x_wconf 86' lang='lat' dir='ltr'>prospera</span> <span class='ocrx_word' id='word_1_319' title='bbox 1770 2106 1895 2146; x_wconf 88' lang='lat' dir='ltr'>Deio·</span> <span class='ocrx_word' id='word_1_320' title='bbox 1910 2113 1946 2142; x_wconf 90' lang='lat'>30</span> 
     </span>
     <span class='ocr_line' id='line_1_34' title="bbox 122 2169 1667 2226; baseline -0.001 -17"><span class='ocrx_word' id='word_1_321' title='bbox 122 2175 236 2210; x_wconf 89' lang='lat' dir='ltr'>tar0:</span> <span class='ocrx_word' id='word_1_322' title='bbox 268 2171 331 2210; x_wconf 93' lang='lat' dir='ltr'>sin</span> <span class='ocrx_word' id='word_1_323' title='bbox 363 2169 520 2219; x_wconf 82' lang='lat' dir='ltr'>officia,</span> <span class='ocrx_word' id='word_1_324' title='bbox 553 2185 577 2211; x_wconf 91' lang='lat' dir='ltr'>a</span> <span class='ocrx_word' id='word_1_325' title='bbox 610 2172 760 2212; x_wconf 86' lang='lat' dir='ltr'>virtute</span> <span class='ocrx_word' id='word_1_326' title='bbox 793 2173 936 2226; x_wconf 89' lang='lat' dir='ltr'>ipsius,</span> <span class='ocrx_word' id='word_1_327' title='bbox 969 2186 1051 2211; x_wconf 92' lang='lat' dir='ltr'>non</span> <span class='ocrx_word' id='word_1_328' title='bbox 1083 2173 1133 2211; x_wconf 91' lang='lat' dir='ltr'>ab</span> <span class='ocrx_word' id='word_1_329' title='bbox 1167 2170 1366 2223; x_wconf 87' lang='lat' dir='ltr'>auspiciis</span> <span class='ocrx_word' id='word_1_330' title='bbox 1399 2170 1528 2224; x_wconf 90' lang='lat' dir='ltr'>petita</span> <span class='ocrx_word' id='word_1_331' title='bbox 1559 2177 1667 2210; x_wconf 92' lang='lat' dir='ltr'>sunt.</span> 
     </span>
    </p>

    <p class='ocr_par' dir='ltr' id='par_1_5' title="bbox 123 2232 1898 2412">
     <span class='ocr_line' id='line_1_35' title="bbox 236 2232 1896 2287; baseline -0.001 -15"><span class='ocrx_word' id='word_1_332' title='bbox 236 2233 468 2273; x_wconf 87' lang='lat' dir='ltr'><strong>XXXVIII.</strong></span> <span class='ocrx_word' id='word_1_333' title='bbox 500 2232 566 2272; x_wconf 86' lang='lat'>80.</span> <span class='ocrx_word' id='word_1_334' title='bbox 600 2234 756 2275; x_wconf 90' lang='lat' dir='ltr'>Omitte</span> <span class='ocrx_word' id='word_1_335' title='bbox 788 2235 916 2287; x_wconf 86' lang='lat' dir='ltr'>igitur</span> <span class='ocrx_word' id='word_1_336' title='bbox 947 2235 1095 2274; x_wconf 90' lang='lat' dir='ltr'>lituum</span> <span class='ocrx_word' id='word_1_337' title='bbox 1117 2233 1297 2279; x_wconf 87' lang='lat' dir='ltr'>Romuli,</span> <span class='ocrx_word' id='word_1_338' title='bbox 1331 2246 1454 2286; x_wconf 87' lang='lat' dir='ltr'>quem</span> <span class='ocrx_word' id='word_1_339' title='bbox 1482 2233 1524 2272; x_wconf 94' lang='lat' dir='ltr'>in</span> <span class='ocrx_word' id='word_1_340' title='bbox 1549 2233 1730 2272; x_wconf 79' lang='lat' dir='ltr'>maximo</span> <span class='ocrx_word' id='word_1_341' title='bbox 1754 2232 1896 2271; x_wconf 89' lang='lat' dir='ltr'>incen-</span> 
     </span>
     <span class='ocr_line' id='line_1_36' title="bbox 125 2294 1896 2349; baseline -0.001 -15"><span class='ocrx_word' id='word_1_342' title='bbox 125 2294 192 2334; x_wconf 90' lang='lat' dir='ltr'>dio</span> <span class='ocrx_word' id='word_1_343' title='bbox 223 2308 350 2349; x_wconf 86' lang='lat' dir='ltr'>negas</span> <span class='ocrx_word' id='word_1_344' title='bbox 381 2297 568 2348; x_wconf 89' lang='lat' dir='ltr'>potuisse</span> <span class='ocrx_word' id='word_1_345' title='bbox 600 2298 801 2344; x_wconf 91' lang='lat' dir='ltr'>comburi,</span> <span class='ocrx_word' id='word_1_346' title='bbox 833 2303 1054 2337; x_wconf 89' lang='lat' dir='ltr'>contemne</span> <span class='ocrx_word' id='word_1_347' title='bbox 1087 2303 1220 2337; x_wconf 89' lang='lat' dir='ltr'>cotem</span> <span class='ocrx_word' id='word_1_348' title='bbox 1243 2297 1329 2336; x_wconf 88' lang='lat' dir='ltr'>Atti</span> <span class='ocrx_word' id='word_1_349' title='bbox 1352 2297 1467 2335; x_wconf 78' lang='lat' dir='ltr'>Navi.</span> <span class='ocrx_word' id='word_1_350' title='bbox 1518 2295 1632 2334; x_wconf 82' lang='lat' dir='ltr'>Nihil</span> <span class='ocrx_word' id='word_1_351' title='bbox 1665 2295 1787 2334; x_wconf 83' lang='lat' dir='ltr'>debet</span> <span class='ocrx_word' id='word_1_352' title='bbox 1808 2307 1896 2334; x_wconf 85' lang='lat' dir='ltr'>esse</span> 
     </span>
     <span class='ocr_line' id='line_1_37' title="bbox 123 2357 1898 2412; baseline -0.001 -16"><span class='ocrx_word' id='word_1_353' title='bbox 123 2357 167 2396; x_wconf 92' lang='lat' dir='ltr'>in</span> <span class='ocrx_word' id='word_1_354' title='bbox 197 2358 462 2412; x_wconf 87' lang='lat' dir='ltr'>philosophia</span> <span class='ocrx_word' id='word_1_355' title='bbox 492 2360 794 2400; x_wconf 87' lang='lat' dir='ltr'>commenticiis</span> <span class='ocrx_word' id='word_1_356' title='bbox 825 2359 990 2400; x_wconf 87' lang='lat' dir='ltr'>fabellis</span> <span class='ocrx_word' id='word_1_357' title='bbox 1023 2360 1123 2408; x_wconf 91' lang='lat' dir='ltr'>loci;</span> <span class='ocrx_word' id='word_1_358' title='bbox 1156 2359 1259 2398; x_wconf 90' lang='lat' dir='ltr'>illud</span> <span class='ocrx_word' id='word_1_359' title='bbox 1293 2365 1380 2398; x_wconf 87' lang='lat' dir='ltr'>erat</span> <span class='ocrx_word' id='word_1_360' title='bbox 1410 2357 1652 2411; x_wconf 89' lang='lat' dir='ltr'>philosophi</span> <span class='ocrx_word' id='word_1_361' title='bbox 1676 2358 1804 2396; x_wconf 88' lang='lat' dir='ltr'>totius</span> <span class='ocrx_word' id='word_1_362' title='bbox 1825 2370 1898 2396; x_wconf 90' lang='lat' dir='ltr'>au-</span> 
     </span>
    </p>
   </div>
   <div class='ocr_carea' id='block_1_4' title="bbox 1306 2462 1809 2468">
    <p class='ocr_par' dir='ltr' id='par_1_6' title="bbox 1306 2462 1809 2468">
     <span class='ocr_line' id='line_1_38' title="bbox 1306 2462 1809 2468; baseline 0 0"><span class='ocrx_word' id='word_1_363' title='bbox 1306 2462 1809 2468; x_wconf 95' lang='lat' dir='ltr'> </span> 
     </span>
    </p>
   </div>
   <div class='ocr_carea' id='block_1_5' title="bbox 123 2525 1903 3425">
    <p class='ocr_par' dir='ltr' id='par_1_7' title="bbox 123 2525 1903 3368">
     <span class='ocr_line' id='line_1_39' title="bbox 210 2525 1900 2566; baseline -0.002 -9"><span class='ocrx_word' id='word_1_364' title='bbox 210 2526 242 2557; x_wconf 77' lang='lat'>2.</span> <span class='ocrx_word' id='word_1_365' title='bbox 269 2525 354 2557; x_wconf 83' lang='lat' dir='ltr'>bella</span> <span class='ocrx_word' id='word_1_366' title='bbox 374 2535 493 2566; x_wconf 85' lang='lat' dir='ltr'>procos</span> <span class='ocrx_word' id='word_1_367' title='bbox 515 2527 580 2558; x_wconf 82' lang='lat' dir='ltr'>AV</span> <span class='ocrx_word' id='word_1_368' title='bbox 612 2544 647 2549; x_wconf 92' lang='lat'>—-</span> <span class='ocrx_word' id='word_1_369' title='bbox 686 2527 716 2558; x_wconf 89' lang='lat'>3.</span> <span class='ocrx_word' id='word_1_370' title='bbox 745 2536 857 2559; x_wconf 82' lang='lat' dir='ltr'>amnes</span> <span class='ocrx_word' id='word_1_371' title='bbox 881 2528 991 2559; x_wconf 77' lang='lat' dir='ltr'>A2VO</span> <span class='ocrx_word' id='word_1_372' title='bbox 1026 2545 1060 2549; x_wconf 81' lang='lat'>—</span> <span class='ocrx_word' id='word_1_373' title='bbox 1099 2526 1130 2558; x_wconf 73' lang='lat'>4.</span> <span class='ocrx_word' id='word_1_374' title='bbox 1163 2525 1271 2557; x_wconf 66' lang='lat' dir='ltr'>verba</span> <span class='ocrx_word' id='word_1_375' title='bbox 1305 2534 1383 2556; x_wconf 79' lang='lat' dir='ltr'>nam</span> <span class='ocrx_word' id='word_1_376' title='bbox 1415 2534 1457 2556; x_wconf 58' lang='lat' dir='ltr'>em</span> <span class='ocrx_word' id='word_1_377' title='bbox 1487 2525 1693 2555; x_wconf 66' lang='lat' dir='ltr'>acruminibus</span> <span class='ocrx_word' id='word_1_378' title='bbox 1716 2541 1767 2547; x_wconf 80' lang='lat'>—-</span> <span class='ocrx_word' id='word_1_379' title='bbox 1789 2533 1900 2564; x_wconf 46' lang='grc' dir='ltr'><em>(ιιι-(μιν</em></span> 
     </span>
     <span class='ocr_line' id='line_1_40' title="bbox 126 2574 1896 2617; baseline -0.001 -11"><span class='ocrx_word' id='word_1_380' title='bbox 126 2578 266 2615; x_wconf 80' lang='lat' dir='ltr'>optimus</span> <span class='ocrx_word' id='word_1_381' title='bbox 295 2579 374 2617; x_wconf 83' lang='lat' dir='ltr'>post</span> <span class='ocrx_word' id='word_1_382' title='bbox 403 2585 424 2607; x_wconf 89' lang='lat' dir='ltr'>a</span> <span class='ocrx_word' id='word_1_383' title='bbox 453 2576 573 2608; x_wconf 83' lang='lat' dir='ltr'>bellicis</span> <span class='ocrx_word' id='word_1_384' title='bbox 600 2586 666 2609; x_wconf 82' lang='lat' dir='ltr'>esse</span> <span class='ocrx_word' id='word_1_385' title='bbox 694 2577 825 2609; x_wconf 77' lang='lat' dir='ltr'>sublata</span> <span class='ocrx_word' id='word_1_386' title='bbox 858 2577 1059 2610; x_wconf 85' lang='lat' dir='ltr'>collocanda</span> <span class='ocrx_word' id='word_1_387' title='bbox 1094 2586 1173 2609; x_wconf 88' lang='lat' dir='ltr'>esse</span> <span class='ocrx_word' id='word_1_388' title='bbox 1199 2578 1323 2608; x_wconf 85' lang='lat' dir='ltr'>censet</span> <span class='ocrx_word' id='word_1_389' title='bbox 1348 2576 1538 2615; x_wconf 67' lang='lat' dir='ltr'>Madvigius</span> <span class='ocrx_word' id='word_1_390' title='bbox 1577 2593 1611 2597; x_wconf 96' lang='lat'><strong>—</strong></span> <span class='ocrx_word' id='word_1_391' title='bbox 1651 2576 1834 2606; x_wconf 71' lang='lat' dir='ltr'>omninibus</span> <span class='ocrx_word' id='word_1_392' title='bbox 1857 2574 1896 2611; x_wconf 78' lang='lat' dir='ltr'>V,</span> 
     </span>
     <span class='ocr_line' id='line_1_41' title="bbox 126 2624 1898 2667; baseline -0.001 -11"><span class='ocrx_word' id='word_1_393' title='bbox 126 2624 219 2656; x_wconf 90' lang='lat' dir='ltr'>unde</span> <span class='ocrx_word' id='word_1_394' title='bbox 244 2626 379 2657; x_wconf 87' lang='lat' dir='ltr'>amicus</span> <span class='ocrx_word' id='word_1_395' title='bbox 403 2626 547 2667; x_wconf 86' lang='lat' dir='ltr'>quidam</span> <span class='ocrx_word' id='word_1_396' title='bbox 573 2628 682 2660; x_wconf 88' lang='lat' dir='ltr'>Ursini</span> <span class='ocrx_word' id='word_1_397' title='bbox 709 2628 880 2659; x_wconf 87' lang='lat' dir='ltr'>coniecit:</span> <span class='ocrx_word' id='word_1_398' title='bbox 907 2628 1132 2659; x_wconf 72' lang='lat' dir='ltr'>cacuminibus</span> <span class='ocrx_word' id='word_1_399' title='bbox 1169 2645 1203 2649; x_wconf 90' lang='lat'><strong>—</strong></span> <span class='ocrx_word' id='word_1_400' title='bbox 1242 2628 1272 2658; x_wconf 80' lang='lat'>5.</span> <span class='ocrx_word' id='word_1_401' title='bbox 1300 2627 1473 2666; x_wconf 76' lang='lat' dir='ltr'>quinquies</span> <span class='ocrx_word' id='word_1_402' title='bbox 1496 2626 1620 2656; x_wconf 73' lang='lat' dir='ltr'>A2B2O</span> <span class='ocrx_word' id='word_1_403' title='bbox 1657 2643 1690 2647; x_wconf 96' lang='lat'>—</span> <span class='ocrx_word' id='word_1_404' title='bbox 1731 2626 1760 2656; x_wconf 80' lang='grc'>6.</span> <span class='ocrx_word' id='word_1_405' title='bbox 1785 2624 1898 2664; x_wconf 75' lang='lat' dir='ltr'>toturn]</span> 
     </span>
     <span class='ocr_line' id='line_1_42' title="bbox 127 2674 1898 2717; baseline -0.001 -11"><span class='ocrx_word' id='word_1_406' title='bbox 127 2674 249 2706; x_wconf 81' lang='lat' dir='ltr'>dudum</span> <span class='ocrx_word' id='word_1_407' title='bbox 274 2675 431 2708; x_wconf 87' lang='lat' dir='ltr'>Herelius</span> <span class='ocrx_word' id='word_1_408' title='bbox 464 2695 498 2700; x_wconf 89' lang='lat'>—</span> <span class='ocrx_word' id='word_1_409' title='bbox 532 2678 620 2708; x_wconf 80' lang='lat' dir='ltr'>misit</span> <span class='ocrx_word' id='word_1_410' title='bbox 645 2678 694 2714; x_wconf 57' lang='grc' dir='ltr'>Β),</span> <span class='ocrx_word' id='word_1_411' title='bbox 720 2679 826 2709; x_wconf 76' lang='lat' dir='ltr'>emisit</span> <span class='ocrx_word' id='word_1_412' title='bbox 842 2678 870 2707; x_wconf 88' lang='lat' dir='ltr'>V</span> <span class='ocrx_word' id='word_1_413' title='bbox 890 2695 923 2699; x_wconf 94' lang='lat'><strong>—</strong></span> <span class='ocrx_word' id='word_1_414' title='bbox 952 2679 1054 2709; x_wconf 86' lang='lat' dir='ltr'>eidem</span> <span class='ocrx_word' id='word_1_415' title='bbox 1078 2679 1154 2717; x_wconf 79' lang='lat' dir='ltr'>imp.</span> <span class='ocrx_word' id='word_1_416' title='bbox 1183 2679 1221 2708; x_wconf 68' lang='lat' dir='ltr'>At</span> <span class='ocrx_word' id='word_1_417' title='bbox 1250 2695 1284 2698; x_wconf 98' lang='lat'><strong>—</strong></span> <span class='ocrx_word' id='word_1_418' title='bbox 1312 2680 1341 2707; x_wconf 80' lang='lat' dir='ltr'>cc</span> <span class='ocrx_word' id='word_1_419' title='bbox 1366 2677 1449 2707; x_wconf 51' lang='lat' dir='ltr'>idem¹</span> <span class='ocrx_word' id='word_1_420' title='bbox 1474 2684 1551 2715; x_wconf 73' lang='lat' dir='ltr'>ouy.</span> <span class='ocrx_word' id='word_1_421' title='bbox 1580 2676 1606 2705; x_wconf 83' lang='lat' dir='ltr'>V</span> <span class='ocrx_word' id='word_1_422' title='bbox 1633 2693 1666 2696; x_wconf 96' lang='lat'><strong>—</strong></span> <span class='ocrx_word' id='word_1_423' title='bbox 1702 2675 1851 2706; x_wconf 67' lang='lat' dir='ltr'>obsumus</span> <span class='ocrx_word' id='word_1_424' title='bbox 1876 2675 1898 2705; x_wconf 89' lang='lat' dir='ltr'>B</span> 
     </span>
     <span class='ocr_line' id='line_1_43' title="bbox 130 2725 1900 2767; baseline 0 -11"><span class='ocrx_word' id='word_1_425' title='bbox 130 2742 165 2747; x_wconf 91' lang='lat'><strong>—</strong></span> <span class='ocrx_word' id='word_1_426' title='bbox 191 2725 221 2757; x_wconf 81' lang='lat'>7.</span> <span class='ocrx_word' id='word_1_427' title='bbox 241 2726 531 2765; x_wconf 76' lang='lat' dir='ltr'>administrantur,</span> <span class='ocrx_word' id='word_1_428' title='bbox 558 2727 591 2758; x_wconf 83' lang='lat' dir='ltr'>in</span> <span class='ocrx_word' id='word_1_429' title='bbox 615 2726 710 2758; x_wconf 79' lang='lat' dir='ltr'>rebus</span> <span class='ocrx_word' id='word_1_430' title='bbox 734 2727 871 2758; x_wconf 78' lang='lat' dir='ltr'>urbanis</span> <span class='ocrx_word' id='word_1_431' title='bbox 895 2728 1088 2767; x_wconf 72' lang='lat' dir='ltr'>Madvigius</span> <span class='ocrx_word' id='word_1_432' title='bbox 1124 2746 1156 2748; x_wconf 96' lang='lat'>—</span> <span class='ocrx_word' id='word_1_433' title='bbox 1190 2728 1219 2758; x_wconf 40' lang='lat'>9,</span> <span class='ocrx_word' id='word_1_434' title='bbox 1247 2728 1379 2767; x_wconf 77' lang='lat' dir='ltr'>quando</span> <span class='ocrx_word' id='word_1_435' title='bbox 1404 2736 1503 2766; x_wconf 60' lang='lat' dir='ltr'>agere</span> <span class='ocrx_word' id='word_1_436' title='bbox 1527 2736 1595 2757; x_wconf 82' lang='lat' dir='ltr'>rem</span> <span class='ocrx_word' id='word_1_437' title='bbox 1620 2727 1646 2755; x_wconf 83' lang='lat' dir='ltr'>V</span> <span class='ocrx_word' id='word_1_438' title='bbox 1674 2744 1710 2748; x_wconf 96' lang='lat'><strong>—</strong></span> <span class='ocrx_word' id='word_1_439' title='bbox 1747 2727 1799 2758; x_wconf 77' lang='grc' dir='ltr'>Η.</span> <span class='ocrx_word' id='word_1_440' title='bbox 1825 2727 1900 2765; x_wconf 62' lang='lat' dir='ltr'>iusso</span> 
     </span>
     <span class='ocr_line' id='line_1_44' title="bbox 128 2773 1900 2818; baseline 0.001 -13"><span class='ocrx_word' id='word_1_441' title='bbox 128 2773 270 2807; x_wconf 85' lang='lat' dir='ltr'>Salisb.:</span> <span class='ocrx_word' id='word_1_442' title='bbox 303 2776 405 2817; x_wconf 56' lang='lat' dir='ltr'>iuye*</span> <span class='ocrx_word' id='word_1_443' title='bbox 427 2779 473 2815; x_wconf 94' lang='lat' dir='ltr'>A,</span> <span class='ocrx_word' id='word_1_444' title='bbox 506 2778 596 2818; x_wconf 66' lang='lat' dir='ltr'>iuges</span> <span class='ocrx_word' id='word_1_445' title='bbox 621 2778 662 2816; x_wconf 84' lang='lat' dir='ltr'>B,</span> <span class='ocrx_word' id='word_1_446' title='bbox 693 2778 784 2818; x_wconf 76' lang='lat' dir='ltr'>iyyes</span> <span class='ocrx_word' id='word_1_447' title='bbox 808 2778 847 2815; x_wconf 76' lang='lat' dir='ltr'>V,</span> <span class='ocrx_word' id='word_1_448' title='bbox 881 2778 995 2818; x_wconf 58' lang='lat' dir='ltr'>inqens</span> <span class='ocrx_word' id='word_1_449' title='bbox 1019 2777 1158 2817; x_wconf 81' lang='lat' dir='ltr'>Erlang.</span> <span class='ocrx_word' id='word_1_450' title='bbox 1187 2795 1221 2799; x_wconf 91' lang='lat'>—</span> <span class='ocrx_word' id='word_1_451' title='bbox 1258 2776 1389 2807; x_wconf 79' lang='lat' dir='ltr'>iubeunt</span> <span class='ocrx_word' id='word_1_452' title='bbox 1415 2777 1449 2807; x_wconf 80' lang='grc' dir='ltr'>Β1</span> <span class='ocrx_word' id='word_1_453' title='bbox 1479 2794 1511 2797; x_wconf 71' lang='lat'>—</span> <span class='ocrx_word' id='word_1_454' title='bbox 1547 2776 1729 2815; x_wconf 61' lang='lat' dir='ltr'>adiungere</span> <span class='ocrx_word' id='word_1_455' title='bbox 1753 2778 1803 2812; x_wconf 67' lang='grc' dir='ltr'>Αἱ,</span> <span class='ocrx_word' id='word_1_456' title='bbox 1831 2776 1900 2806; x_wconf 82' lang='lat' dir='ltr'>dis-</span> 
     </span>
     <span class='ocr_line' id='line_1_45' title="bbox 128 2821 1895 2868; baseline -0.001 -13"><span class='ocrx_word' id='word_1_457' title='bbox 128 2821 262 2865; x_wconf 70' lang='lat' dir='ltr'>iunyere</span> <span class='ocrx_word' id='word_1_458' title='bbox 284 2825 312 2855; x_wconf 92' lang='lat' dir='ltr'>V</span> <span class='ocrx_word' id='word_1_459' title='bbox 332 2843 366 2848; x_wconf 92' lang='lat'><strong>—</strong></span> <span class='ocrx_word' id='word_1_460' title='bbox 396 2827 446 2857; x_wconf 71' lang='lat'>42.</span> <span class='ocrx_word' id='word_1_461' title='bbox 473 2831 508 2858; x_wconf 83' lang='lat' dir='ltr'>ut</span> <span class='ocrx_word' id='word_1_462' title='bbox 532 2835 610 2868; x_wconf 82' lang='lat' dir='ltr'>sup.</span> <span class='ocrx_word' id='word_1_463' title='bbox 629 2826 685 2859; x_wconf 91' lang='lat' dir='ltr'>lin.</span> <span class='ocrx_word' id='word_1_464' title='bbox 706 2829 729 2859; x_wconf 91' lang='lat' dir='ltr'>B</span> <span class='ocrx_word' id='word_1_465' title='bbox 757 2845 791 2849; x_wconf 93' lang='lat'>—</span> <span class='ocrx_word' id='word_1_466' title='bbox 821 2829 873 2859; x_wconf 75' lang='lat'>45.</span> <span class='ocrx_word' id='word_1_467' title='bbox 896 2829 1043 2867; x_wconf 71' lang='lat' dir='ltr'>penitere</span> <span class='ocrx_word' id='word_1_468' title='bbox 1059 2828 1126 2865; x_wconf 82' lang='lat' dir='ltr'>AV,</span> <span class='ocrx_word' id='word_1_469' title='bbox 1149 2828 1316 2866; x_wconf 81' lang='lat' dir='ltr'>poenitere</span> <span class='ocrx_word' id='word_1_470' title='bbox 1342 2828 1400 2858; x_wconf 78' lang='grc' dir='ltr'>ΒΟ</span> <span class='ocrx_word' id='word_1_471' title='bbox 1430 2843 1462 2847; x_wconf 97' lang='grc'><strong>-</strong></span> <span class='ocrx_word' id='word_1_472' title='bbox 1492 2827 1543 2857; x_wconf 77' lang='grc'>48.</span> <span class='ocrx_word' id='word_1_473' title='bbox 1565 2827 1713 2865; x_wconf 80' lang='lat' dir='ltr'>equidem</span> <span class='ocrx_word' id='word_1_474' title='bbox 1738 2825 1895 2865; x_wconf 81' lang='lat' dir='ltr'>Madvig:</span> 
     </span>
     <span class='ocr_line' id='line_1_46' title="bbox 129 2874 1901 2916; baseline 0.001 -11"><span class='ocrx_word' id='word_1_475' title='bbox 129 2874 163 2905; x_wconf 81' lang='lat' dir='ltr'>id</span> <span class='ocrx_word' id='word_1_476' title='bbox 186 2875 315 2914; x_wconf 80' lang='lat' dir='ltr'>quidem</span> <span class='ocrx_word' id='word_1_477' title='bbox 340 2877 399 2908; x_wconf 87' lang='lat' dir='ltr'>CO</span> <span class='ocrx_word' id='word_1_478' title='bbox 438 2895 472 2899; x_wconf 89' lang='lat'><em>-</em></span> <span class='ocrx_word' id='word_1_479' title='bbox 510 2878 565 2909; x_wconf 84' lang='lat' dir='ltr'>sed</span> <span class='ocrx_word' id='word_1_480' title='bbox 588 2878 646 2909; x_wconf 91' lang='lat' dir='ltr'>hoc</span> <span class='ocrx_word' id='word_1_481' title='bbox 670 2878 749 2908; x_wconf 80' lang='lat' dir='ltr'>nihil</span> <span class='ocrx_word' id='word_1_482' title='bbox 773 2879 853 2909; x_wconf 85' lang='lat' dir='ltr'>AB:</span> <span class='ocrx_word' id='word_1_483' title='bbox 887 2878 941 2909; x_wconf 86' lang='lat' dir='ltr'>sed</span> <span class='ocrx_word' id='word_1_484' title='bbox 964 2878 1044 2908; x_wconf 69' lang='lat' dir='ltr'>nihil</span> <span class='ocrx_word' id='word_1_485' title='bbox 1067 2878 1112 2915; x_wconf 93' lang='lat' dir='ltr'>O,</span> <span class='ocrx_word' id='word_1_486' title='bbox 1137 2878 1193 2908; x_wconf 83' lang='lat' dir='ltr'>sed</span> <span class='ocrx_word' id='word_1_487' title='bbox 1216 2882 1251 2908; x_wconf 88' lang='lat' dir='ltr'>tu</span> <span class='ocrx_word' id='word_1_488' title='bbox 1275 2878 1403 2916; x_wconf 78' lang='lat' dir='ltr'>quidem</span> <span class='ocrx_word' id='word_1_489' title='bbox 1428 2876 1507 2907; x_wconf 79' lang='lat' dir='ltr'>nihil</span> <span class='ocrx_word' id='word_1_490' title='bbox 1533 2876 1557 2905; x_wconf 92' lang='lat' dir='ltr'>V</span> <span class='ocrx_word' id='word_1_491' title='bbox 1591 2892 1626 2897; x_wconf 85' lang='lat'>—-</span> <span class='ocrx_word' id='word_1_492' title='bbox 1666 2877 1749 2907; x_wconf 82' lang='lat' dir='ltr'>enim</span> <span class='ocrx_word' id='word_1_493' title='bbox 1775 2885 1845 2908; x_wconf 80' lang='lat' dir='ltr'>oni.</span> <span class='ocrx_word' id='word_1_494' title='bbox 1873 2878 1901 2907; x_wconf 82' lang='lat' dir='ltr'>V</span> 
     </span>
     <span class='ocr_line' id='line_1_47' title="bbox 132 2924 1902 2966; baseline 0.002 -12"><span class='ocrx_word' id='word_1_495' title='bbox 132 2940 166 2945; x_wconf 94' lang='lat'>—</span> <span class='ocrx_word' id='word_1_496' title='bbox 197 2924 226 2955; x_wconf 84' lang='lat' dir='ltr'>ei</span> <span class='ocrx_word' id='word_1_497' title='bbox 257 2932 327 2955; x_wconf 90' lang='lat' dir='ltr'>om.</span> <span class='ocrx_word' id='word_1_498' title='bbox 354 2924 489 2966; x_wconf 84' lang='lat' dir='ltr'>Erlang.</span> <span class='ocrx_word' id='word_1_499' title='bbox 526 2944 558 2947; x_wconf 97' lang='lat'><strong>—</strong></span> <span class='ocrx_word' id='word_1_500' title='bbox 597 2928 650 2958; x_wconf 73' lang='lat'>⁶22.</span> <span class='ocrx_word' id='word_1_501' title='bbox 676 2931 790 2959; x_wconf 78' lang='lat' dir='ltr'>uetant</span> <span class='ocrx_word' id='word_1_502' title='bbox 819 2928 858 2959; x_wconf 76' lang='lat' dir='ltr'>B2</span> <span class='ocrx_word' id='word_1_503' title='bbox 889 2945 923 2949; x_wconf 85' lang='lat'><em>-</em></span> <span class='ocrx_word' id='word_1_504' title='bbox 961 2931 1107 2966; x_wconf 80' lang='lat' dir='ltr'>spectare</span> <span class='ocrx_word' id='word_1_505' title='bbox 1139 2928 1295 2958; x_wconf 83' lang='lat' dir='ltr'>Marsus:</span> <span class='ocrx_word' id='word_1_506' title='bbox 1337 2929 1528 2965; x_wconf 52' lang='lat' dir='ltr'>exspectare</span> <span class='ocrx_word' id='word_1_507' title='bbox 1554 2926 1577 2956; x_wconf 91' lang='lat' dir='ltr'>C</span> <span class='ocrx_word' id='word_1_508' title='bbox 1619 2943 1653 2947; x_wconf 88' lang='lat'>—</span> <span class='ocrx_word' id='word_1_509' title='bbox 1695 2927 1748 2959; x_wconf 57' lang='lat'>023.</span> <span class='ocrx_word' id='word_1_510' title='bbox 1776 2937 1852 2959; x_wconf 68' lang='lat' dir='ltr'>vero</span> <span class='ocrx_word' id='word_1_511' title='bbox 1876 2929 1902 2958; x_wconf 85' lang='lat' dir='ltr'>si</span> 
     </span>
     <span class='ocr_line' id='line_1_48' title="bbox 123 2974 1897 3016; baseline 0.002 -12"><span class='ocrx_word' id='word_1_512' title='bbox 123 2980 298 3012; x_wconf 79' lang='lat' dir='ltr'>prosperos</span> <span class='ocrx_word' id='word_1_513' title='bbox 328 2975 488 3007; x_wconf 80' lang='lat' dir='ltr'>Marsus:</span> <span class='ocrx_word' id='word_1_514' title='bbox 521 2985 601 3008; x_wconf 84' lang='lat' dir='ltr'>uero</span> <span class='ocrx_word' id='word_1_515' title='bbox 619 2985 797 3016; x_wconf 79' lang='lat' dir='ltr'>prosperos</span> <span class='ocrx_word' id='word_1_516' title='bbox 821 2978 866 3015; x_wconf 85' lang='lat' dir='ltr'>C,</span> <span class='ocrx_word' id='word_1_517' title='bbox 901 2977 964 3009; x_wconf 89' lang='lat' dir='ltr'>sed</span> <span class='ocrx_word' id='word_1_518' title='bbox 990 2978 1080 3008; x_wconf 88' lang='lat' dir='ltr'>inter</span> <span class='ocrx_word' id='word_1_519' title='bbox 1103 2978 1165 3008; x_wconf 84' lang='lat' dir='ltr'>has</span> <span class='ocrx_word' id='word_1_520' title='bbox 1190 2986 1296 3008; x_wconf 57' lang='lat' dir='ltr'>x‘oces</span> <span class='ocrx_word' id='word_1_521' title='bbox 1327 2978 1360 3008; x_wconf 91' lang='lat' dir='ltr'>in</span> <span class='ocrx_word' id='word_1_522' title='bbox 1387 2977 1409 3007; x_wconf 90' lang='lat' dir='ltr'>B</span> <span class='ocrx_word' id='word_1_523' title='bbox 1441 2984 1509 3007; x_wconf 85' lang='lat' dir='ltr'>uua</span> <span class='ocrx_word' id='word_1_524' title='bbox 1535 2974 1632 3006; x_wconf 84' lang='lat' dir='ltr'>litera</span> <span class='ocrx_word' id='word_1_525' title='bbox 1657 2985 1757 3007; x_wconf 88' lang='lat' dir='ltr'>erasa</span> <span class='ocrx_word' id='word_1_526' title='bbox 1784 2980 1837 3008; x_wconf 87' lang='lat' dir='ltr'>est</span> <span class='ocrx_word' id='word_1_527' title='bbox 1865 2995 1897 2998; x_wconf 32' lang='grc' dir='ltr'><strong><em>ἡ</em></strong></span> 
     </span>
     <span class='ocr_line' id='line_1_49' title="bbox 130 3023 1903 3067; baseline 0.002 -13"><span class='ocrx_word' id='word_1_528' title='bbox 130 3023 201 3064; x_wconf 75' lang='lat' dir='ltr'>fuyi</span> <span class='ocrx_word' id='word_1_529' title='bbox 223 3025 250 3055; x_wconf 83' lang='lat' dir='ltr'>A</span> <span class='ocrx_word' id='word_1_530' title='bbox 275 3041 310 3046; x_wconf 89' lang='lat'><strong>—</strong></span> <span class='ocrx_word' id='word_1_531' title='bbox 337 3025 392 3056; x_wconf 74' lang='lat'>⁶25.</span> <span class='ocrx_word' id='word_1_532' title='bbox 419 3029 562 3065; x_wconf 82' lang='lat' dir='ltr'>tempore</span> <span class='ocrx_word' id='word_1_533' title='bbox 586 3030 616 3058; x_wconf 80' lang='lat' dir='ltr'>et</span> <span class='ocrx_word' id='word_1_534' title='bbox 638 3027 759 3058; x_wconf 82' lang='lat' dir='ltr'>hostem</span> <span class='ocrx_word' id='word_1_535' title='bbox 783 3028 920 3059; x_wconf 87' lang='lat' dir='ltr'>Marsus</span> <span class='ocrx_word' id='word_1_536' title='bbox 945 3029 969 3059; x_wconf 90' lang='grc' dir='ltr'>Ο</span> <span class='ocrx_word' id='word_1_537' title='bbox 997 3045 1030 3048; x_wconf 89' lang='lat'>—</span> <span class='ocrx_word' id='word_1_538' title='bbox 1058 3028 1222 3067; x_wconf 77' lang='lat' dir='ltr'>hospidem</span> <span class='ocrx_word' id='word_1_539' title='bbox 1246 3029 1285 3058; x_wconf 66' lang='grc' dir='ltr'>Αἱ</span> <span class='ocrx_word' id='word_1_540' title='bbox 1306 3045 1338 3049; x_wconf 96' lang='grc'><strong>-</strong></span> <span class='ocrx_word' id='word_1_541' title='bbox 1366 3027 1418 3057; x_wconf 64' lang='grc'>26.</span> <span class='ocrx_word' id='word_1_542' title='bbox 1445 3026 1481 3067; x_wconf 89' lang='lat' dir='ltr'>is]</span> <span class='ocrx_word' id='word_1_543' title='bbox 1500 3026 1548 3056; x_wconf 81' lang='lat' dir='ltr'>his</span> <span class='ocrx_word' id='word_1_544' title='bbox 1571 3026 1594 3057; x_wconf 95' lang='lat' dir='ltr'>B</span> <span class='ocrx_word' id='word_1_545' title='bbox 1621 3043 1655 3047; x_wconf 95' lang='lat'>—</span> <span class='ocrx_word' id='word_1_546' title='bbox 1688 3027 1903 3066; x_wconf 70' lang='lat' dir='ltr'>Troymorum</span> 
     </span>
     <span class='ocr_line' id='line_1_50' title="bbox 131 3072 1899 3113; baseline 0.003 -10"><span class='ocrx_word' id='word_1_547' title='bbox 131 3072 314 3105; x_wconf 87' lang='lat' dir='ltr'>Davisius:</span> <span class='ocrx_word' id='word_1_548' title='bbox 349 3075 596 3107; x_wconf 82' lang='lat' dir='ltr'>trochamorum</span> <span class='ocrx_word' id='word_1_549' title='bbox 621 3077 664 3113; x_wconf 88' lang='lat' dir='ltr'>C,</span> <span class='ocrx_word' id='word_1_550' title='bbox 702 3077 915 3108; x_wconf 75' lang='lat' dir='ltr'>Trocmorum</span> <span class='ocrx_word' id='word_1_551' title='bbox 940 3077 1120 3108; x_wconf 81' lang='lat' dir='ltr'>Brodaeus</span> <span class='ocrx_word' id='word_1_552' title='bbox 1154 3095 1187 3100; x_wconf 91' lang='lat'>--</span> <span class='ocrx_word' id='word_1_553' title='bbox 1226 3077 1442 3108; x_wconf 76' lang='lat' dir='ltr'>tetrarchiam</span> <span class='ocrx_word' id='word_1_554' title='bbox 1472 3078 1496 3106; x_wconf 87' lang='lat' dir='ltr'><em>O</em></span> <span class='ocrx_word' id='word_1_555' title='bbox 1533 3093 1567 3097; x_wconf 96' lang='lat'><strong>—</strong></span> <span class='ocrx_word' id='word_1_556' title='bbox 1605 3076 1802 3107; x_wconf 81' lang='lat' dir='ltr'>adsaecutae</span> <span class='ocrx_word' id='word_1_557' title='bbox 1826 3078 1899 3113; x_wconf 84' lang='lat' dir='ltr'>AB,</span> 
     </span>
     <span class='ocr_line' id='line_1_51' title="bbox 131 3123 1902 3166; baseline 0.002 -12"><span class='ocrx_word' id='word_1_558' title='bbox 131 3123 271 3155; x_wconf 84' lang='lat' dir='ltr'>asseclae</span> <span class='ocrx_word' id='word_1_559' title='bbox 293 3124 350 3156; x_wconf 80' lang='lat' dir='ltr'>VO</span> <span class='ocrx_word' id='word_1_560' title='bbox 378 3142 412 3147; x_wconf 97' lang='lat'><strong>—</strong></span> <span class='ocrx_word' id='word_1_561' title='bbox 450 3125 502 3157; x_wconf 71' lang='lat'>27.</span> <span class='ocrx_word' id='word_1_562' title='bbox 529 3127 583 3157; x_wconf 79' lang='lat' dir='ltr'>cui</span> <span class='ocrx_word' id='word_1_563' title='bbox 606 3127 742 3157; x_wconf 79' lang='lat' dir='ltr'>dedisset</span> <span class='ocrx_word' id='word_1_564' title='bbox 766 3126 886 3166; x_wconf 67' lang='lat' dir='ltr'>xulgot</span> <span class='ocrx_word' id='word_1_565' title='bbox 915 3128 971 3166; x_wconf 81' lang='lat' dir='ltr'>qui</span> <span class='ocrx_word' id='word_1_566' title='bbox 995 3128 1131 3158; x_wconf 77' lang='lat' dir='ltr'>dedisset</span> <span class='ocrx_word' id='word_1_567' title='bbox 1152 3127 1232 3163; x_wconf 70' lang='lat' dir='ltr'>AB2&#39;,</span> <span class='ocrx_word' id='word_1_568' title='bbox 1259 3127 1338 3166; x_wconf 79' lang='lat' dir='ltr'>quid</span> <span class='ocrx_word' id='word_1_569' title='bbox 1361 3126 1497 3156; x_wconf 77' lang='lat' dir='ltr'>dedisset</span> <span class='ocrx_word' id='word_1_570' title='bbox 1520 3125 1602 3162; x_wconf 56' lang='grc' dir='ltr'>ΑΝ,</span> <span class='ocrx_word' id='word_1_571' title='bbox 1629 3127 1685 3165; x_wconf 77' lang='lat' dir='ltr'>qui</span> <span class='ocrx_word' id='word_1_572' title='bbox 1707 3127 1841 3158; x_wconf 82' lang='lat' dir='ltr'>uidisset</span> <span class='ocrx_word' id='word_1_573' title='bbox 1865 3128 1902 3158; x_wconf 90' lang='lat' dir='ltr'>B¹</span> 
     </span>
     <span class='ocr_line' id='line_1_52' title="bbox 136 3172 1898 3216; baseline 0.003 -13"><span class='ocrx_word' id='word_1_574' title='bbox 136 3189 167 3195; x_wconf 94' lang='lat'>—</span> <span class='ocrx_word' id='word_1_575' title='bbox 198 3172 250 3204; x_wconf 75' lang='lat'>28.</span> <span class='ocrx_word' id='word_1_576' title='bbox 276 3174 414 3213; x_wconf 82' lang='lat' dir='ltr'>hospicis</span> <span class='ocrx_word' id='word_1_577' title='bbox 436 3175 464 3205; x_wconf 85' lang='lat' dir='ltr'>A</span> <span class='ocrx_word' id='word_1_578' title='bbox 491 3193 525 3198; x_wconf 92' lang='lat'><em>-</em></span> <span class='ocrx_word' id='word_1_579' title='bbox 557 3176 700 3215; x_wconf 76' lang='lat' dir='ltr'>reliquid</span> <span class='ocrx_word' id='word_1_580' title='bbox 724 3178 774 3212; x_wconf 87' lang='lat' dir='ltr'>A;</span> <span class='ocrx_word' id='word_1_581' title='bbox 806 3177 939 3216; x_wconf 80' lang='lat' dir='ltr'>reliquit</span> <span class='ocrx_word' id='word_1_582' title='bbox 962 3177 1116 3216; x_wconf 73' lang='lat' dir='ltr'>hospitem</span> <span class='ocrx_word' id='word_1_583' title='bbox 1143 3176 1292 3207; x_wconf 70' lang='lat' dir='ltr'>klotzius</span> <span class='ocrx_word' id='word_1_584' title='bbox 1325 3193 1358 3197; x_wconf 91' lang='lat'><em>-</em></span> <span class='ocrx_word' id='word_1_585' title='bbox 1394 3176 1445 3207; x_wconf 67' lang='grc' dir='ltr'>ΞΕ).</span> <span class='ocrx_word' id='word_1_586' title='bbox 1468 3176 1695 3214; x_wconf 82' lang='lat' dir='ltr'>praepositum</span> <span class='ocrx_word' id='word_1_587' title='bbox 1719 3176 1742 3206; x_wconf 92' lang='lat' dir='ltr'>B</span> <span class='ocrx_word' id='word_1_588' title='bbox 1777 3192 1810 3198; x_wconf 88' lang='lat'>-</span> <span class='ocrx_word' id='word_1_589' title='bbox 1847 3176 1898 3208; x_wconf 87' lang='lat'>30.</span> 
     </span>
     <span class='ocr_line' id='line_1_53' title="bbox 133 3220 1902 3264; baseline 0.002 -13"><span class='ocrx_word' id='word_1_590' title='bbox 133 3220 290 3254; x_wconf 84' lang='lat' dir='ltr'>Deiotaro</span> <span class='ocrx_word' id='word_1_591' title='bbox 310 3232 473 3262; x_wconf 81' lang='lat' dir='ltr'>prospera</span> <span class='ocrx_word' id='word_1_592' title='bbox 498 3226 524 3255; x_wconf 92' lang='lat' dir='ltr'>V</span> <span class='ocrx_word' id='word_1_593' title='bbox 551 3244 587 3248; x_wconf 97' lang='lat'><strong>—</strong></span> <span class='ocrx_word' id='word_1_594' title='bbox 620 3227 788 3257; x_wconf 84' lang='lat' dir='ltr'>deiotarus</span> <span class='ocrx_word' id='word_1_595' title='bbox 809 3227 843 3257; x_wconf 87' lang='lat' dir='ltr'>in</span> <span class='ocrx_word' id='word_1_596' title='bbox 867 3228 906 3264; x_wconf 86' lang='lat' dir='ltr'>A,</span> <span class='ocrx_word' id='word_1_597' title='bbox 933 3227 1150 3258; x_wconf 54' lang='lat' dir='ltr'>demun-onim</span> <span class='ocrx_word' id='word_1_598' title='bbox 1177 3226 1200 3256; x_wconf 89' lang='lat' dir='ltr'>B</span> <span class='ocrx_word' id='word_1_599' title='bbox 1230 3242 1261 3247; x_wconf 91' lang='lat'>—</span> <span class='ocrx_word' id='word_1_600' title='bbox 1296 3224 1348 3255; x_wconf 74' lang='lat'>32.</span> <span class='ocrx_word' id='word_1_601' title='bbox 1376 3233 1470 3264; x_wconf 84' lang='lat' dir='ltr'>quem</span> <span class='ocrx_word' id='word_1_602' title='bbox 1494 3232 1564 3255; x_wconf 87' lang='lat' dir='ltr'>om.</span> <span class='ocrx_word' id='word_1_603' title='bbox 1591 3224 1647 3255; x_wconf 85' lang='lat' dir='ltr'>AV</span> <span class='ocrx_word' id='word_1_604' title='bbox 1675 3242 1709 3246; x_wconf 97' lang='lat'><strong>—</strong></span> <span class='ocrx_word' id='word_1_605' title='bbox 1744 3224 1796 3256; x_wconf 84' lang='grc'>33.</span> <span class='ocrx_word' id='word_1_606' title='bbox 1822 3234 1902 3256; x_wconf 83' lang='lat' dir='ltr'>con-</span> 
     </span>
     <span class='ocr_line' id='line_1_54' title="bbox 135 3273 1899 3317; baseline 0.002 -16"><span class='ocrx_word' id='word_1_607' title='bbox 135 3273 259 3311; x_wconf 80' lang='lat' dir='ltr'>tempne</span> <span class='ocrx_word' id='word_1_608' title='bbox 280 3274 308 3304; x_wconf 84' lang='grc' dir='ltr'><strong>Α</strong></span> <span class='ocrx_word' id='word_1_609' title='bbox 335 3291 369 3295; x_wconf 95' lang='grc'>-</span> <span class='ocrx_word' id='word_1_610' title='bbox 400 3275 479 3306; x_wconf 81' lang='lat' dir='ltr'>Attii</span> <span class='ocrx_word' id='word_1_611' title='bbox 503 3276 528 3307; x_wconf 95' lang='lat' dir='ltr'>O</span> <span class='ocrx_word' id='word_1_612' title='bbox 556 3292 601 3300; x_wconf 90' lang='lat'>—</span> <span class='ocrx_word' id='word_1_613' title='bbox 634 3278 714 3307; x_wconf 79' lang='lat' dir='ltr'>naui</span> <span class='ocrx_word' id='word_1_614' title='bbox 738 3277 786 3307; x_wconf 91' lang='lat' dir='ltr'>B:</span> <span class='ocrx_word' id='word_1_615' title='bbox 821 3277 893 3307; x_wconf 63' lang='lat' dir='ltr'>auin·</span> <span class='ocrx_word' id='word_1_616' title='bbox 915 3279 967 3317; x_wconf 70' lang='lat' dir='ltr'>At,</span> <span class='ocrx_word' id='word_1_617' title='bbox 1000 3277 1095 3308; x_wconf 77' lang='lat' dir='ltr'>nauti</span> <span class='ocrx_word' id='word_1_618' title='bbox 1119 3275 1227 3307; x_wconf 74' lang='lat' dir='ltr'>A2VO</span> <span class='ocrx_word' id='word_1_619' title='bbox 1258 3291 1292 3296; x_wconf 92' lang='lat'>—</span> <span class='ocrx_word' id='word_1_620' title='bbox 1328 3274 1380 3306; x_wconf 75' lang='lat'>34.</span> <span class='ocrx_word' id='word_1_621' title='bbox 1402 3274 1551 3315; x_wconf 79' lang='lat' dir='ltr'>philosofi</span> <span class='ocrx_word' id='word_1_622' title='bbox 1572 3274 1682 3313; x_wconf 82' lang='lat' dir='ltr'>potius</span> <span class='ocrx_word' id='word_1_623' title='bbox 1706 3274 1804 3305; x_wconf 85' lang='lat' dir='ltr'>totius</span> <span class='ocrx_word' id='word_1_624' title='bbox 1826 3274 1899 3311; x_wconf 78' lang='lat' dir='ltr'>AB,</span> 
     </span>
     <span class='ocr_line' id='line_1_55' title="bbox 136 3319 1462 3368; baseline 0.009 -17"><span class='ocrx_word' id='word_1_625' title='bbox 136 3319 199 3351; x_wconf 83' lang='lat' dir='ltr'>sed</span> <span class='ocrx_word' id='word_1_626' title='bbox 222 3321 257 3352; x_wconf 90' lang='lat' dir='ltr'>in</span> <span class='ocrx_word' id='word_1_627' title='bbox 279 3321 304 3353; x_wconf 93' lang='lat' dir='ltr'>B</span> <span class='ocrx_word' id='word_1_628' title='bbox 323 3324 435 3362; x_wconf 70' lang='lat' dir='ltr'>potius</span> <span class='ocrx_word' id='word_1_629' title='bbox 457 3332 535 3367; x_wconf 87' lang='lat' dir='ltr'>sup.</span> <span class='ocrx_word' id='word_1_630' title='bbox 559 3324 618 3358; x_wconf 87' lang='lat' dir='ltr'>lin.</span> <span class='ocrx_word' id='word_1_631' title='bbox 643 3327 815 3368; x_wconf 89' lang='lat' dir='ltr'>scriptum</span> <span class='ocrx_word' id='word_1_632' title='bbox 838 3327 903 3357; x_wconf 88' lang='lat' dir='ltr'>est.</span> <span class='ocrx_word' id='word_1_633' title='bbox 1454 3321 1462 3327; x_wconf 66' lang='lat'>¹</span> 
     </span>
    </p>

    <p class='ocr_par' dir='ltr' id='par_1_8' title="bbox 206 3384 1641 3425">
     <span class='ocr_line' id='line_1_56' title="bbox 206 3384 1641 3425; baseline 0.005 -7"><span class='ocrx_word' id='word_1_634' title='bbox 206 3386 322 3418; x_wconf 73' lang='lat' dir='ltr'>mmo</span> <span class='ocrx_word' id='word_1_635' title='bbox 347 3388 450 3421; x_wconf 82' lang='lat' dir='ltr'>T.1v.</span> <span class='ocrx_word' id='word_1_636' title='bbox 1588 3384 1641 3425; x_wconf 82' lang='lat'>35</span> 
     </span>
    </p>
   </div>
   <div class='ocr_carea' id='block_1_6' title="bbox 2233 0 2249 289">
    <p class='ocr_par' dir='ltr' id='par_1_9' title="bbox 2233 0 2249 289">
     <span class='ocr_line' id='line_1_57' title="bbox 2233 0 2249 289; baseline 0 3335"><span class='ocrx_word' id='word_1_637' title='bbox 2233 0 2249 289; x_wconf 95' lang='lat' dir='ltr'> </span> 
     </span>
    </p>
   </div>
  </div>
 </body>
</html>
