2249 3624
397 192 479 235 342
834 192 1266 234 TUSCULANARUM
1295 190 1736 232 DISPUTATIONUM

394 305 493 354 apta
532 298 740 339 fortuna.»
794 299 855 338 An
899 297 1071 338 dubium
1111 302 1173 336 est
1212 297 1315 349 quin
1346 295 1450 335 nihil
1490 297 1544 336 sit
1574 295 1815 336 habendum
1847 295 1889 335 in
1922 309 1971 335 eo
2006 309 2171 348 genere,

396 375 481 417 quo
514 362 597 401 vita
627 361 746 400 beata
777 360 1028 413 completur,
1069 360 1103 399 si
1134 358 1176 397 id
1211 358 1342 410 possit
1372 358 1535 397 amitti?
1575 357 1686 396 Nihil
1718 357 1825 397 enim
1859 357 2171 403 interarescere,

395 424 499 466 nihil
531 423 738 475 extingui,
772 421 876 461 nihil
908 422 1055 461 cadere
1088 420 1214 459 debet
1244 432 1408 466 eorum,
1440 419 1482 458 in
1515 419 1666 473 quibus
1699 419 1782 458 vita
1813 419 1934 459 beata
1966 419 2171 459 consistit.

395 488 499 528 Nam
542 485 615 539 qui
660 484 823 524 timebit
862 497 913 523 ne
956 483 1055 535 quid
1098 496 1151 521 ex
1203 482 1266 521 his
1311 480 1515 534 deperdat
1551 481 1699 521 beatus
1742 494 1834 521 esse
1877 494 1961 521 non
2005 481 2171 533 poterit-

363 545 463 591 ahi.
497 547 700 587 Volumus
741 547 853 585 enim
893 558 1006 590 eum,
1048 544 1121 597 qui
1162 544 1309 583 beatus
1347 543 1420 590 sit,
1464 548 1599 583 tutum
1630 556 1741 590 esse,
1786 543 2170 596 inexpugnabilem,

396 614 586 663 saeptum
617 614 743 662 atque
776 607 1004 651 munitum,
1036 619 1120 645 non
1154 610 1198 645 ut
1229 619 1357 658 parvo
1389 611 1500 644 metu
1530 605 1743 659 praeditus
1766 606 1838 652 sit,
1873 605 1944 645 sed
1970 610 2013 645 ut
2041 605 2171 644 nullo.

398 673 449 713 Ut
479 673 591 712 enim
623 671 825 711 innocens
856 669 892 708 is
927 667 1090 714 dicitur,
1122 681 1206 707 non
1238 668 1310 720 qui
1343 667 1491 707 leviter
1522 674 1665 714 nocet,
1698 667 1770 707 sed
1794 668 1866 721 qui
1898 667 2002 707 nibil
2035 673 2172 714 nocet,

397 736 457 776 sic
486 734 577 774 sine
610 738 721 772 metu
754 732 788 771 is
819 730 1038 770 habendus
1071 735 1153 777 est,
1190 743 1275 769 non
1315 730 1387 783 qui
1427 743 1553 783 parva
1587 731 1753 777 metuit,
1789 729 1862 769 sed
1895 730 1965 783 qui
1999 729 2171 769 omnino

394 802 511 838 metu
552 799 682 835 vacat.
739 794 857 842 Quae
898 798 961 832 est
1001 792 1112 832 enim
1152 792 1233 832 alia
1271 791 1471 832 fortitudo
1513 792 1592 831 nisi
1633 793 1760 832 animi
1791 792 1970 832 adfectio
2003 806 2096 832 cum
2128 792 2172 831 in

349 858 593 903 aoadeundo
633 856 821 909 periculo
861 859 902 894 et
940 854 983 894 in
1025 854 1167 894 labore
1198 868 1246 894 ac
1278 854 1421 894 dolore
1464 855 1638 907 patiens,
1672 860 1757 894 tum
1798 855 1944 907 procul
1975 855 2026 894 ab
2058 854 2171 894 omni

398 922 540 962 metu?
585 917 650 958 4⁶2.
683 921 818 971 Atque
858 917 961 956 haec
992 922 1102 957 certe
1135 930 1217 956 non
1250 917 1307 956 ita
1338 930 1382 956 se
1414 916 1633 963 haberent,
1671 917 1752 955 nisi
1785 929 1909 956 omne
1940 917 2098 956 bonum
2130 917 2172 956 in

397 996 480 1024 una
509 982 730 1022 honestate
761 980 1024 1020 consisteret.
1066 979 1147 1027 Qui
1181 985 1320 1019 autem
1352 978 1467 1018 illam
1499 992 1693 1018 maxume
1725 983 1907 1031 optatam
1941 984 1982 1018 et
2013 979 2174 1031 expeti-

397 1050 479 1087 tam
511 1043 776 1084 securitatem
809 1063 864 1070 —
896 1041 1162 1081 securitatem
1194 1047 1333 1080 autem
1365 1054 1474 1080 nunc
1504 1040 1670 1093 appello
1706 1041 1954 1080 vacuitatem
1992 1041 2174 1093 aegritu-

398 1108 529 1154 dinis,
568 1107 612 1147 in
644 1118 728 1159 qua
757 1105 843 1143 vita
872 1104 994 1143 beata
1026 1104 1162 1156 posita
1195 1109 1256 1143 est
1287 1126 1338 1131 —
1371 1103 1526 1142 habere
1559 1103 1780 1156 quisquam
1815 1108 1970 1155 potest,
2007 1105 2073 1143 cui
2105 1108 2175 1143 aut

347 1184 382 1213 ⁴15
396 1170 507 1211 adsit
536 1174 607 1209 aut
637 1167 785 1208 adesse
808 1166 943 1219 possit
964 1165 1190 1205 multitudo
1214 1165 1446 1205 malorum?
1480 1165 1560 1214 Qui
1585 1171 1725 1205 autem
1748 1166 1904 1218 poterit
1926 1179 2017 1205 esse
2040 1166 2174 1206 celsus

397 1236 437 1272 et
475 1236 638 1271 erectus
679 1235 721 1270 et
761 1242 830 1275 ea,
873 1241 980 1282 quae
1023 1228 1181 1268 homini
1214 1228 1405 1268 accidere
1437 1233 1638 1280 possunt,
1671 1229 1809 1268 omnia
1843 1241 1969 1281 parva
2002 1228 2174 1275 ducens,

397 1293 563 1348 qualem
595 1293 826 1346 sapientem
859 1305 950 1331 esse
984 1290 1196 1337 volumus,
1236 1290 1316 1329 nisi
1350 1291 1491 1330 omnia
1523 1290 1602 1329 sibi
1633 1290 1675 1330 in
1707 1304 1750 1330 se
1789 1291 1926 1342 posita
1957 1291 2173 1331 censebit?

394 1358 458 1397 An
491 1355 831 1401 Lacedaemonii,
865 1353 1058 1406 Philippo
1092 1353 1310 1393 minitante
1343 1367 1417 1406 per
1449 1354 1607 1394 litteras
1639 1367 1682 1393 se
1714 1354 1875 1399 omnia,
1908 1365 2014 1405 quae
2047 1366 2174 1394 rona-

395 1422 563 1465 rentur‚
596 1417 929 1471 prohibiturum,
963 1416 1265 1469 quaesiverunt
1296 1429 1393 1455 num
1427 1430 1471 1455 se
1504 1422 1614 1455 esset
1645 1416 1771 1456 etiam
1804 1416 1907 1455 mori
1942 1415 2175 1468 prohibitu-

347 1495 488 1526 sorus:
530 1481 592 1520 vir
629 1480 684 1527 is,
725 1492 849 1532 quem
884 1478 1145 1531 quaerimus,
1188 1492 1271 1517 non
1309 1479 1439 1518 multo
1472 1478 1636 1518 facilius
1667 1478 1738 1518 tali
1771 1479 1910 1518 animo
1943 1479 2176 1530 reperietur

395 1556 520 1598 quam
551 1543 695 1582 civitas
727 1540 950 1581 universa?
995 1539 1138 1588 Quid?
1180 1540 1232 1579 ad
1263 1540 1372 1580 hanc
1403 1541 1711 1588 fortitudinem,
1749 1541 1799 1580 de
1833 1554 1917 1594 qua
1948 1541 2175 1594 loquimur,

394 1606 669 1659 temperantia
699 1603 913 1649 adiuncta,
959 1616 1066 1656 quae
1099 1603 1152 1642 sit
1184 1603 1438 1642 moderatrix
1471 1604 1658 1643 omnium
1692 1604 2040 1649 commotionum,
2075 1603 2174 1656 quid

394 1674 534 1724 potest
573 1667 623 1707 ad
670 1667 789 1706 beate
822 1664 1048 1705 vivendum
1082 1665 1228 1705 deesse
1260 1665 1319 1711 ei,
1360 1679 1482 1718 quem
1517 1665 1721 1705 fortitudo
1753 1666 1804 1705 ab
1836 1665 2101 1718 aegritudine
2134 1671 2176 1705 et

393 1745 418 1772 a
448 1735 558 1771 metu
588 1729 791 1775 vindicet,
834 1728 1112 1780 temperantia
1144 1741 1237 1767 cum
1271 1741 1293 1767 a
1325 1728 1500 1767 libidine
1532 1736 1700 1775 avocet,
1739 1735 1827 1768 tum
1858 1728 2057 1768 insolenti
2090 1728 2176 1768 ala·

340 1807 378 1839 25
393 1797 538 1835 oritate
571 1792 722 1846 gestire
754 1804 838 1830 non
870 1791 1009 1830 sinat?
1050 1791 1162 1830 Haec
1196 1788 1362 1830 efficere
1395 1791 1588 1830 virtutem
1620 1792 1904 1837 ostenderem,
1935 1791 2016 1830 nisi
2049 1804 2173 1843 supe·

391 1856 574 1898 rioribus
606 1854 755 1894 diebus
789 1858 931 1893 essent
962 1854 1183 1907 explicata.

506 1918 595 1957 XV.
627 1914 692 1955 43.
724 1917 859 1967 Atque
892 1929 984 1955 cum
1019 1916 1355 1968 perturbationes
1391 1916 1519 1956 animi
1560 1917 1787 1963 miseriam,
1827 1915 2069 1956 sedationes
2101 1930 2174 1957 au-

391 1986 474 2022 tem
516 1980 643 2020 vitam
683 1978 866 2018 efficiant
906 1978 1091 2024 beatam,
1133 1978 1378 2031 duplexque
1419 1979 1525 2018 ratio
1572 1978 1899 2031 perturbationis
1941 1979 2015 2025 sit,
2060 1979 2175 2031 quod

391 2041 610 2096 aegritudo
644 2046 684 2080 et
716 2048 849 2081 metus
881 2042 925 2080 in
957 2041 1077 2080 malis
1111 2042 1313 2094 opinatis,
1357 2042 1398 2080 in
1431 2042 1638 2080 bonorum
1672 2048 1810 2081 autem
1844 2053 1983 2081 errore
2015 2041 2175 2082 laetitia

339 2121 376 2152 ³0
391 2105 575 2159 gestiens
607 2104 826 2158 libidoque
860 2109 1062 2150 versetur,
1095 2116 1202 2156 quae
1235 2104 1373 2143 omnia
1398 2117 1489 2143 cum
1514 2104 1691 2144 consilio
1716 2110 1755 2144 et
1777 2104 1938 2143 ratione
1964 2109 2171 2157 pugnant:

389 2169 457 2209 his
488 2174 532 2208 tu
563 2173 647 2207 tam
680 2166 877 2219 gravibus
910 2166 1263 2206 concitationibus
1297 2173 1463 2219 tamque
1496 2166 1599 2219 ipsis
1623 2167 1732 2206 inter
1754 2180 1796 2206 se
1822 2167 2171 2206 dissentientibus

390 2236 518 2284 atque
552 2230 761 2270 distractis
795 2243 919 2282 quem
943 2242 1142 2276 vacuum,
1175 2229 1372 2274 solutum,
1407 2230 1582 2268 liberum
1612 2229 1786 2276 videris,
1820 2229 1932 2268 hunc
1963 2229 2175 2269 dubitabis

391 2295 558 2335 beatum
576 2293 744 2333 dicere?
770 2292 896 2346 Atqui
916 2293 1083 2345 sapiens
1101 2306 1267 2344 semper
1287 2293 1341 2331 ita
1359 2292 1549 2332 adfectus
1567 2298 1653 2341 est3
1682 2306 1848 2345 semper
1865 2292 1991 2345 igitur
2009 2292 2176 2344 sapiens

390 2356 538 2397 beatus
570 2361 646 2395 est.
678 2356 814 2407 Atque
845 2356 968 2394 etiam
992 2368 1117 2394 omne
1140 2355 1296 2394 bonum
1328 2355 1520 2394 laetabile
1545 2361 1630 2401 est3
1665 2356 1777 2408 quod
1801 2360 1939 2394 autem
1964 2354 2172 2401 laetabile,

339 2434 376 2464 35
391 2419 431 2460 id
455 2418 781 2471 praedicandum
798 2423 838 2457 et
860 2431 959 2470 prae
983 2431 1026 2457 se
1047 2417 1283 2463 ferendum3
1310 2418 1421 2470 quod
1444 2418 1524 2457 tale
1543 2423 1696 2464 autem,
1716 2417 1756 2457 id
1777 2418 1900 2457 etiam
1921 2417 2173 2469 gloriosum3

391 2481 426 2521 si
458 2494 558 2520 vero
590 2480 831 2533 gloriosum,
863 2486 974 2520 certe
1007 2480 1235 2527 laudabile3
1270 2480 1382 2533 quod
1406 2480 1615 2519 laudabile
1638 2487 1796 2527 autem,
1830 2480 2016 2533 profecto
2049 2479 2172 2520 etiam

390 2543 635 2584 honestum:
669 2542 781 2596 quod
805 2542 962 2582 bonum
994 2543 1132 2594 igitur,
1161 2543 1201 2581 id
1224 2542 1458 2582 honestum.
1503 2540 1569 2582 44.
1595 2545 1647 2582 At
1675 2556 1783 2596 quae
1805 2544 1872 2583 isti
1897 2543 2005 2583 bona
2030 2555 2173 2582 nume-

391 2611 485 2646 rant
506 2619 557 2645 ne
580 2605 656 2659 ipsi
677 2604 847 2659 quidem
865 2604 1041 2644 honesta
1059 2605 1223 2644 dieunt:
1250 2605 1385 2645 solum
1404 2606 1527 2658 igitur
1546 2606 1699 2646 bonum
1716 2607 1830 2659 quod
1847 2605 2093 2652 honestum;
2121 2618 2172 2644 ex

481 2770 510 2800 l.
538 2767 628 2809 quin]
655 2769 711 2809 qui
736 2770 774 2799 G¹
800 2786 834 2790 —
863 2769 903 2799 sit
927 2768 1208 2808 superscriptum
1235 2767 1341 2799 habet
1367 2770 1391 2798 G
1418 2786 1449 2790 —
1479 2769 1507 2799 ἒΔ
1536 2769 1714 2807 completur
1739 2767 1886 2808 Bentley
1905 2767 1991 2800 (coll
2012 2769 2032 2809 g
2051 2769 2102 2801 47.
2130 2769 2173 2800 de

393 2817 500 2851 Finib.
528 2819 583 2854 ΙΙΙ,
611 2817 681 2855 li-'3jt
709 2818 936 2857 compleclilur
961 2818 1006 2852 C:
1034 2818 1242 2856 complemur
1266 2818 1457 2858 Wopkens.
1481 2836 1514 2840 -—
1543 2818 1560 2848 6
1601 2821 1725 2856 sepium
1751 2820 1773 2849 G
1792 2819 1813 2849 R
1841 2837 1873 2840 -—
1903 2819 1932 2848 7*
1953 2820 2007 2849 sec]
2023 2820 2079 2856 qui
2097 2820 2176 2850 nihil

391 2871 484 2898 nocet
508 2867 539 2897 in
568 2875 677 2906 marg.
705 2876 722 2898 a
750 2876 855 2899 manu
883 2876 956 2899 seo.
984 2866 1093 2899 babet
1117 2868 1142 2898 G
1171 2885 1204 2890 -
1234 2868 1252 2899 8
1291 2876 1402 2905 parua
1424 2868 1466 2898 C:
1493 2877 1613 2906 parvm
1633 2870 1669 2904 O,
1698 2868 1790 2907 quod
1819 2867 1941 2899 falsum
1961 2877 2039 2900 esse
2058 2868 2175 2900 docuit
2234 2895 2235 2898 ,

393 2917 530 2956 Madvig
554 2917 597 2948 ad
624 2917 695 2950 Cic.
724 2917 767 2949 de
794 2917 901 2949 Finib.
930 2926 963 2958 p.
990 2917 1046 2949 781
1078 2926 1145 2957 sq,
1174 2917 1236 2948 sed
1264 2926 1390 2949 vereor
1415 2920 1450 2948 ut
1479 2926 1588 2956 parra·
1616 2920 1711 2949 recte
1739 2918 1935 2949 defenderit
1959 2918 2011 2949 his
2037 2917 2171 2950 verbis:

394 2975 543 3008 «parvus
576 2969 690 2999 metus
720 2967 935 3007 significatur
966 2976 1008 2999 ex
1042 2968 1157 3007 parvis
1183 2967 1308 3003 rebus,
1341 2976 1430 3007 quae
1457 2969 1659 2999 metuantur
1684 2969 1856 3008 (corporis
1882 2967 2116 2999 incommodis
2141 2970 2175 2999 et

394 3017 595 3055 externis).·›
623 3016 735 3048 Malim
757 3026 880 3057 pauca.
908 3017 978 3057 (qui
998 3025 1108 3056 parvo
1133 3020 1221 3047 metu
1245 3021 1288 3047 esc
1308 3017 1523 3057 'fise-herus.)
1546 3036 1579 3040 —
1607 3019 1694 3048 omni
1720 3027 1799 3048 corr
1830 3018 1907 3048 ead.
1928 3027 1973 3049 m.
1994 3019 2026 3048 in
2044 3019 2175 3048 omnino

394 3067 420 3097 G
449 3084 483 3089 -—
510 3065 541 3096 9.
568 3074 642 3096 cum
668 3067 709 3097 C:
738 3071 806 3097 tum
831 3067 856 3098 O
885 3084 918 3088 —
948 3067 1000 3097 ⁴2.
1028 3066 1084 3097 illa
1110 3067 1136 3096 G
1164 3084 1196 3088 -—
1225 3067 1406 3105 expelilam
1433 3068 1626 3099 Manutius:
1661 3069 1849 3106 expeditam
1874 3068 1898 3099 C
1924 3085 1966 3089 ——
1993 3067 2043 3098 43.
2069 3067 2174 3105 apello

394 3115 420 3147 R
442 3133 474 3137 —
497 3115 547 3146 48,
573 3116 738 3155 philippho
763 3117 788 3147 R
815 3134 848 3138 —
877 3117 1051 3147 minitante
1074 3115 1238 3155 Bentley:
1267 3117 1424 3147 militanti
1449 3118 1491 3149 C:
1519 3118 1686 3149 ‘minimum'
1704 3118 1727 3148 O
1750 3135 1783 3139 -
1806 3118 1855 3148 ΞΟ.
1876 3117 2080 3156 repperietur
2097 3117 2120 3147 G
2136 3113 2173 3147 R¹

397 3182 432 3188 —
460 3166 513 3197 2⁴.
540 3165 687 3205 loquitur
712 3167 776 3198 GR
802 3169 835 3197 et
863 3168 966 3206 (corr.
995 3167 1027 3198 in
1053 3166 1230 3207 loquimur,
1258 3167 1280 3197 B
1308 3184 1342 3188 —
1371 3167 1422 3198 ⁹24.
1452 3176 1525 3197 cum
1552 3168 1758 3199 Lambinus:
1786 3172 1854 3198 lum
1880 3168 1903 3199 C
1921 3167 1945 3197 O
1975 3184 2006 3188 -—
2036 3166 2088 3196 97.
2115 3166 2173 3196 Αι-

396 3224 458 3257 que
481 3216 566 3256 cum]
591 3217 630 3247 Ae
654 3217 848 3255 quicumque
874 3218 898 3249 C
928 3236 961 3239 —-
990 3217 1042 3248 28.
1067 3215 1332 3256 perturbationes
1349 3225 1437 3246 corr.
1463 3218 1493 3248 in
1518 3217 1777 3256 perturbationis
1793 3218 1815 3247 R
1837 3233 1871 3238 ——
1894 3216 1946 3247 30.
1966 3224 2050 3253 quae
2068 3215 2172 3245 Bent-

396 3264 466 3306 ley:
493 3273 568 3296 cum
584 3265 629 3302 C;
657 3274 756 3304 quum
780 3267 860 3298 haec
876 3268 900 3298 O
922 3285 954 3290 -
978 3270 1133 3308 pugnant
1157 3275 1238 3298 nos:
1260 3270 1407 3307 pugnent
1433 3267 1493 3298 CO
1515 3285 1547 3289 —
1575 3267 1626 3298 34.
1647 3267 1737 3307 ipsis]
1755 3267 1786 3297 in
1804 3267 1881 3306 ipsis
1898 3266 1935 3303 G,
1955 3264 2016 3297 sed
2036 3263 2171 3296 litterae

396 3315 431 3347 in
454 3316 594 3357 punctis
619 3317 756 3347 notatae
782 3319 873 3348 sunt.
905 3332 938 3339 -
967 3316 1019 3348 37.
1046 3316 1149 3358 Atque
1172 3316 1225 3347 isti
1249 3316 1291 3347 C.
