2249 3624
379 153 460 194 ⁶260
811 160 1238 203 TUSCULANARUM
1268 163 1703 204 DISPUTATIONUM

544 268 575 307 E
609 279 701 320 quo
734 266 965 319 liquatae
998 267 1122 307 solis
1154 269 1347 309 ardore
1379 269 1639 309 excidunt
1863 304 1865 307 .

545 330 756 374 Guttae,
790 342 918 381 quae
950 343 1076 370 saxa
1107 331 1327 371 adsidue
1359 331 1637 371 instillant
1671 330 1906 371 Caucasi.

377 393 457 432 Vix
487 393 611 445 igitur
652 404 775 444 posse
812 392 1000 432 videmur
1028 393 1083 432 ita
1113 394 1323 434 adfectum
1354 407 1438 433 non
1471 393 1666 432 miserum
1697 393 1834 432 dicere
1869 399 1929 441 et,
1960 395 1994 434 si
2024 394 2135 434 hunc

378 457 589 500 miserum,
622 458 730 493 certe
762 453 945 492 dolorem
979 455 1142 495 malum.

346 528 364 555 5
488 518 559 556 XI.
581 514 646 555 ⁶26.
680 516 725 554 A.
748 516 810 554 Tu
832 516 1001 569 quidem
1022 517 1157 556 adbuc
1179 532 1310 558 meam
1334 531 1500 557 causam
1523 517 1626 569 agis,
1659 517 1731 556 sed
1754 518 1833 557 hoc
1855 532 1951 558 mox
1975 519 2133 559 videro.

377 581 556 625 Interea,
588 577 698 617 unde
729 577 796 616 isti
821 581 992 618 versus?
1024 593 1105 619 non
1130 580 1239 619 enim
1262 581 1485 632 adgnosco.
1533 580 1586 618 M.
1617 580 1759 619 Dicam
1784 581 1947 628 hercle3
1981 581 2133 621 etenim

376 647 485 682 recte
524 640 713 693 requiris.
770 640 953 680 Videsne
991 641 1202 682 abundare
1245 657 1307 682 me
1340 644 1456 683 otio?
1515 642 1560 681 A.
1595 642 1706 690 Quid
1739 646 1854 683 tum?
1914 644 1967 683 M.
2001 643 2133 682 Fuisti

376 717 518 756 saepe,
550 702 692 748 credo,
725 716 814 741 cum
847 703 1020 743 Athenis
1053 719 1186 751 esses,
1219 705 1258 744 in
1292 705 1444 745 scholis
1477 704 1833 757 philosophorum.
1887 706 1932 748 Α.
1957 706 2064 745 Vero
2087 718 2134 744 ac

374 767 551 806 libenter
589 765 770 818 quidem.
821 766 875 804 M.
908 766 1275 807 Animadvertebas
1307 768 1451 819 igitur,
1495 766 1570 806 etsi
1605 772 1687 806 tum
1722 781 1841 807 nemo
1875 774 1961 808 erat
1992 767 2134 807 admo-

325 829 469 869 iodum
509 828 729 880 copiosus,
769 840 909 867 verum
953 834 1088 868 tamen
1130 843 1272 869 versus
1313 829 1362 868 ab
1404 830 1454 869 iis
1492 829 1711 869 admisceri
1756 831 1946 871 orationi.
1998 830 2043 869 A.
2075 830 2133 868 Ac

373 891 524 931 multos
556 889 722 943 quidem
754 902 776 928 a
807 890 1010 943 Dionysio
1043 892 1196 931 Stoico.
1247 894 1300 931 M.
1334 893 1464 932 Probe
1488 892 1602 931 dicis.
1655 893 1735 932 Sed
1766 894 1800 933 is
1823 892 1941 946 quasi
1967 892 2131 939 dictata,

372 954 487 993 nullo
521 952 693 999 dilectu,
736 951 850 991 nulla
882 952 1113 1005 elegantia:
1153 954 1270 993 Philo
1305 952 1362 1007 [et
1393 951 1624 1007 proprium]
1658 960 1798 994 noster
1828 960 1869 994 et
1900 954 2003 993 lecta
2035 958 2134 1006 poe-

371 1021 479 1056 mata
510 1021 550 1055 et
581 1015 669 1054 loco
701 1015 965 1068 adiungebat.
1024 1018 1166 1070 ltaque
1199 1023 1417 1070 postquam
1449 1016 1638 1056 adamavi
1669 1017 1775 1057 hanc
1805 1018 1923 1071 quasi
1958 1016 2132 1056 senilem

371 1077 735 1123 declamationem,
777 1076 963 1117 studiose
1003 1078 1197 1130 equidem
1236 1084 1330 1118 utor
1370 1080 1522 1118 nostris
1566 1080 1721 1131 poe'tis3
1773 1079 1868 1127 sed,
1908 1079 2040 1120 sicubi
2073 1079 2132 1118 illi

322 1153 356 1181 45
372 1140 632 1187 defecerunt,
680 1140 781 1179 verti
820 1140 945 1180 multa
977 1140 1027 1179 de
1065 1140 1254 1187 Graecis,
1287 1155 1338 1180 ne
1375 1155 1457 1194 quo
1502 1148 1746 1182 ornamento
1784 1144 1826 1182 in
1862 1142 1942 1182 hoc
1979 1155 2130 1195 genere

369 1203 663 1257 disputationis
705 1208 864 1242 careret
904 1204 1050 1243 Latina
1087 1204 1233 1243 oratio.
1283 1202 1350 1242 ⁶27.
1383 1204 1464 1243 Sed
1507 1204 1680 1244 videsne
1720 1209 1867 1257 poetae
1901 1204 2003 1258 quid
2035 1203 2131 1244 mali

368 1265 585 1306 adferant?
634 1265 896 1305 lamentantis
938 1265 1142 1305 inducunt
1185 1265 1428 1306 fortissimos
1469 1266 1600 1314 viros,
1640 1267 1834 1308 molliunt
1867 1268 2026 1307 animos
2058 1280 2131 1306 no-

367 1334 496 1376 stros,
529 1328 586 1368 ita
617 1333 714 1367 sunt
744 1327 896 1367 deinde
929 1327 1091 1375 dulces,
1124 1333 1168 1368 ut
1201 1341 1283 1367 non
1312 1327 1502 1380 legantur
1525 1330 1666 1376 modo,
1700 1329 1771 1369 sed
1796 1331 1919 1370 etiam
1942 1329 2131 1369 ediscan-

367 1396 445 1431 tur.
496 1391 563 1430 Sic
604 1390 656 1429 ad
701 1390 850 1430 malam
899 1390 1169 1430 domesticam
1216 1390 1477 1443 disciplinam
1525 1392 1736 1446 vitamque
1782 1392 2044 1433 umbratilem
2091 1396 2131 1431 et

318 1454 580 1494 20delicatam
621 1466 711 1492 cum
751 1459 1017 1492 accesserunt
1049 1454 1169 1493 etiam
1203 1458 1370 1506 po'etae,
1413 1467 1564 1494 nervos
1596 1456 1730 1494 omnis
1762 1455 1922 1495 virtutis
1955 1454 2128 1494 elidunt.

365 1517 490 1556 Recte
528 1516 653 1569 igitur
692 1528 714 1554 a
759 1515 930 1554 Platone
972 1515 1181 1555 eiciuntur
1212 1530 1264 1555 ex
1296 1529 1344 1555 ea
1375 1516 1560 1564 civitate,
1605 1530 1729 1571 quam
1762 1516 1879 1557 linxit
1911 1517 2002 1564 ille,
2035 1531 2128 1557 cum

364 1579 545 1632 optimos
579 1591 713 1617 mores
747 1582 786 1616 et
817 1577 1020 1629 optimum
1053 1579 1111 1618 rei
1140 1579 1329 1631 publicae
1363 1584 1511 1619 statum
1537 1581 1790 1633 exquireret.
1842 1583 1894 1620 At
1916 1594 2015 1620 vero
2037 1594 2127 1630 nOS,

366 1640 477 1680 docti
518 1639 677 1680 scilicet
707 1653 729 1679 a
761 1639 956 1687 Graecia,
998 1640 1100 1680 haec
1143 1647 1182 1681 et
1213 1655 1235 1681 a
1269 1640 1448 1694 pueritia
1479 1642 1656 1694 legimus
1689 1648 1729 1682 et
1761 1643 1978 1691 discimus,
2019 1642 2126 1682 hanc

363 1703 641 1743 eruditionem
672 1702 886 1742 liberalem
919 1708 958 1742 et
989 1703 1221 1743 doctrinam
1253 1709 1458 1756 putamus.

314 1777 349 1806 25
474 1766 565 1805 Xll.
597 1764 663 1804 ⁶28.
707 1765 786 1804 Sed
819 1765 918 1819 quid
959 1766 1093 1819 poetis
1124 1765 1368 1805 irascimur?
1414 1766 1585 1805 Virtutis
1620 1767 1826 1819 magistri,
1867 1768 2124 1822 philosophi,

360 1829 517 1870 inventi
550 1833 665 1875 sunt,
698 1828 769 1881 qui
801 1842 1005 1868 summum
1038 1828 1191 1868 malum
1224 1828 1409 1867 dolorem
1443 1827 1637 1867 dicerent.
1684 1830 1737 1868 At
1767 1834 1829 1877 tu,
1863 1830 2122 1876 adulescens,

361 1906 453 1932 cum
495 1892 537 1931 id
575 1891 647 1931 tibi
688 1891 813 1944 paulo
851 1896 945 1931 ante
987 1891 1164 1931 dixisses
1203 1891 1352 1937 videri,
1400 1896 1566 1942 rogatus
1606 1904 1629 1930 a
1667 1905 1730 1930 me
1769 1892 1948 1932 etiamne
1992 1892 2123 1931 maius

360 1967 485 2007 quam
516 1953 709 2001 dedecus,
741 1954 865 1993 verbo
898 1955 948 1993 de
981 1954 1189 1994 sententia
1216 1953 1424 1993 destitisti.
1475 1954 1588 2006 Roga
1619 1953 1696 1993 hoc
1729 1953 1838 1993 idem
1872 1955 2122 2008 Epicurum:

360 2016 492 2056 maius
524 2015 632 2055 dicet
662 2029 752 2056 esse
794 2016 947 2056 malum
985 2017 1236 2057 mediocrem
1269 2016 1455 2056 dolorem
1488 2029 1611 2070 quam
1645 2030 1883 2056 maxumum
1917 2016 2123 2064 dedecus3

309 2079 402 2119 30in
446 2080 536 2132 ipso
577 2079 688 2118 enim
728 2078 932 2119 dedecore
973 2079 1067 2119 mali
1110 2079 1214 2119 nihil
1258 2093 1371 2126 esse,
1418 2079 1499 2119 nisi
1532 2085 1760 2132 sequantur
1791 2080 1967 2119 dolores.
2020 2078 2123 2127 Quis

358 2142 484 2195 igitur
513 2142 736 2194 Epicurum
769 2141 961 2195 sequitur
993 2141 1130 2189 dolor,
1171 2156 1263 2181 cum
1296 2142 1375 2181 hoc
1407 2142 1542 2194 ipsum
1576 2142 1698 2189 dicit,
1732 2156 1938 2181 summum
1971 2140 2123 2181 malum

359 2217 449 2244 esse
489 2203 706 2244 dolorem?
745 2217 829 2258 quo
868 2203 1049 2244 dedecus
1088 2203 1221 2243 maius
1252 2217 1274 2242 a
1307 2203 1559 2257 philosopho
1593 2204 1755 2244 nullum
1786 2209 1977 2257 expecto.
2029 2203 2125 2251 Qua

444 2380 495 2411 40.
523 2379 563 2410 ab
587 2379 634 2410 his
659 2379 722 2410 CO
760 2394 793 2401 ——
827 2378 882 2419 Ac]
915 2378 975 2409 hac
1001 2379 1025 2409 G
1059 2393 1092 2399 -
1129 2379 1180 2410 Μ.
1208 2379 1355 2418 dyonisio
1390 2380 1413 2410 G
1431 2379 1522 2410 R.-
1560 2378 1611 2410 ‹l2.
1639 2378 1762 2410 delectu
1785 2379 1810 2410 O
1838 2395 1872 2400 —-
1899 2378 1986 2410 Philo
2015 2381 2125 2410 noster

357 2435 519 2476 Bentley:
542 2435 629 2475 philo
654 2438 684 2466 et
704 2435 879 2474 proprium
904 2439 1011 2465 noster
1029 2435 1052 2465 C
1079 2431 1147 2474 (νῆ-ι
1172 2444 1233 2475 pro
1254 2421 1301 2465 327·
1323 2437 1377 2474 G);
1415 2435 1502 2466 Philo
1527 2438 1635 2465 noster
1658 2437 1687 2466 et
1707 2435 1881 2474 proprium
1904 2443 2076 2465 numerum
2098 2434 2123 2464 Ο

359 2504 393 2508 -
422 2487 473 2517 45.
499 2486 583 2517 verti
608 2486 693 2516 enim
716 2485 821 2515 mulla
846 2485 882 2516 C.
914 2484 996 2515 Vide
1023 2484 1064 2515 ad
1093 2493 1124 2524 p.
1145 2485 1220 2521 250,
1241 2485 1270 2515 7.
1298 2485 1394 2525 (verti
1416 2494 1481 2515 *non
1505 2485 1598 2515 milla
1623 2483 1796 2523 klotzius.)
1825 2502 1859 2507 —
1888 2484 1938 2515 ⁴7.
1966 2483 2121 2524 afferant,

356 2539 569 2569 lamentantes
592 2545 665 2567 cum
690 2536 755 2566 ind.
775 2535 798 2575 f.
818 2533 930 2565 viros?
963 2534 1053 2565 Bake
1079 2534 1098 2565 l.
1121 2533 1140 2565 l.
1162 2544 1194 2575 p.
1215 2534 1266 2565 82.
1289 2553 1322 2557 -
1351 2536 1405 2566 24.
1432 2534 1605 2575 eiciuntur]
1633 2535 1788 2565 dicuntur
1813 2534 1923 2566 G¹R¹2
1957 2535 2124 2565 ducuntur

356 2589 394 2619 G2
407 2587 445 2620 R2
461 2589 503 2625 B;
530 2589 714 2619 educuntur
731 2587 755 2617 O
774 2580 1077 2625 (ἀποπέμπωμεν
1094 2580 1144 2614 ἂν
1161 2585 1213 2624 εἰς
1229 2579 1348 2626 ἄλλην
1366 2582 1475 2616 πόλιν
1492 2583 1586 2616 Plato
1604 2585 1687 2624 Rep.
1708 2593 1740 2625 p.
1760 2584 1821 2615 398
1838 2586 1889 2622 A).
1918 2585 1967 2616 Cf.
1985 2585 2123 2624 Madvig

355 2638 396 2669 ad
423 2638 492 2669 Cic.
520 2637 563 2668 de
591 2637 658 2668 Fin.
686 2645 718 2677 p.
746 2635 820 2666 709.
850 2652 883 2656 —
922 2635 970 2665 22.
998 2643 1103 2665 mores
1127 2637 1263 2674 optimos
1287 2636 1311 2667 O
1340 2652 1373 2656 —
1406 2635 1459 2665 23.
1485 2634 1563 2665 haec
1590 2643 1611 2664 a
1638 2634 1785 2672 pueritia
1809 2637 1838 2665 et
1869 2634 2006 2674 leyimus
2029 2634 2120 2665 Bake

355 2687 375 2719 l.
402 2687 422 2719 l.
451 2698 482 2729 p.
509 2688 560 2719 83.
588 2705 629 2709 —
654 2686 705 2717 28.
734 2685 877 2725 dedecus]
903 2686 959 2715 dec
985 2685 1017 2715 in
1044 2693 1161 2716 rasura
1189 2686 1213 2715 G
1234 2703 1267 2706 —
1296 2686 1386 2725 Roga
1411 2685 1601 2715 Manutius:
1627 2692 1708 2724 royo
1734 2683 1757 2714 C
1775 2684 1811 2714 O.
1840 2682 2012 2714 «Dubium
2038 2682 2121 2714 mihi

355 2741 422 2775 est,
451 2740 539 2779 Roya
564 2737 616 2776 (cf.
643 2736 662 2776 ἓ
688 2735 739 2766 37.
768 2734 822 2771 1V,
849 2734 901 2765 53.
929 2733 980 2765 54.
1010 2735 1063 2771 ΙΙΙ,
1091 2733 1159 2771 48.)
1184 2734 1306 2765 Cicero
1332 2734 1512 2775 scripserit
1536 2743 1601 2771 an,
1627 2735 1664 2763 ut
1690 2741 1752 2772 ego
1778 2733 1948 2773 suspicor,
1976 2733 2119 2773 Royaro,

354 2788 397 2819 cf.
424 2790 489 2819 Att.
516 2788 585 2826 Vll,
614 2788 642 2822 l,
670 2784 705 2816 4:
738 2785 840 2816 Aliter
870 2793 1019 2815 sensero:
1052 2780 1251 2825 ἀναθήσει.
1285 2783 1426 2824 Philipp.
1453 2784 1508 2820 XI,
1539 2784 1595 2814 r19:
1629 2782 1781 2814 Assensus
1804 2791 1878 2821 ero,
1913 2781 2122 2813 ambicionem

353 2838 514 2868 induxero
538 2838 571 2867 in
595 2835 745 2867 curiam:
770 2842 904 2874 negare,
931 2833 1065 2864 videbor
1089 2835 1154 2864 cet.
1189 2833 1295 2864 Acad.
1316 2834 1354 2870 ΙΙ,
1377 2834 1448 2864 445.
1477 2833 1614 2863 Terent.
1636 2833 1757 2863 Heaut.
1778 2832 1832 2869 ΙΙΙ,
1854 2833 1883 2869 4,
1905 2831 1955 2863 78.
1984 2831 2119 2863 Verrin.

354 2887 408 2924 111,
434 2885 464 2917 4.
498 2887 567 2917 Cic.
595 2885 637 2916 de
664 2886 732 2916 Fin.
761 2885 800 2922 ΙΙ,
825 2884 877 2915 57.
913 2884 1028 2915 Horat.
1056 2885 1123 2914 Sat.
1152 2885 1191 2918 ΙΙ,
1219 2884 1251 2921 Ι,
1278 2883 1329 2914 46.
1367 2882 1483 2914 Famil.
1512 2883 1565 2922 IX,
1593 2883 1646 2920 22,
1673 2882 1703 2914 4.
1745 2883 1839 2913 Hanc
1865 2882 1896 2912 in
1923 2882 2059 2922 partem
2085 2882 2121 2912 ut

354 2944 417 2975 ego
442 2944 497 2966 me
524 2934 707 2969 inclinem,
741 2934 821 2965 facit
845 2934 1015 2964 contraria
1043 2934 1233 2965 sententia:
1262 2937 1296 2963 lu
1312 2950 1358 2955 --
1375 2936 1512 2972 rogatus
1537 2941 1558 2962 α
1581 2941 1648 2969 me;
1677 2932 1719 2963 cs.
1746 2931 1896 2964 similem
1922 2931 2037 2962 locum
2062 2931 2121 2971 qui

353 2985 407 3015 est
430 2983 469 3021 V,
495 2985 552 3014 55:
584 2984 657 3014 Non
688 2983 797 3014 dubito
827 2986 862 3013 tu
891 2983 968 3022 quid
997 2991 1212 3021 responsurus
1242 2983 1285 3013 sis
1301 3000 1370 3014 --.
1405 2983 1479 3013 Non
1503 2983 1646 3021 quemuis
1673 2983 1733 3013 hoc
1755 2983 1841 3013 idem
1865 2981 2116 3020 interrogarem.

353 3034 563 3072 Responderet
586 3034 671 3063 enim
695 3033 781 3063 alius
804 3034 870 3063 cet.
910 3033 1020 3063 Potuit
1044 3032 1110 3063 (lici
1137 3033 1254 3072 Roqem
1277 3033 1336 3062 hoc
1361 3032 1442 3062 idem
1458 3032 1664 3070 Epicurum:
1688 3032 1796 3062 maius
1819 3030 1902 3061 dicet
1918 3028 2047 3070 (dicat),
2073 3028 2115 3060 cf.

354 3083 422 3113 Fin.
449 3082 502 3119 IV,
522 3081 573 3113 74.
594 3083 631 3112 N.
653 3083 689 3112 D.
712 3083 739 3120 Ι,
759 3083 811 3113 57.
836 3083 887 3113 60.
920 3082 1006 3121 Rogo
1023 3091 1095 3112 --:
1121 3083 1229 3112 maius
1254 3082 1335 3112 dicet
1359 3082 1414 3112 vix
1441 3082 1560 3121 potuit.
1596 3080 1688 3112 Alius
1713 3080 1849 3120 generis
1874 3081 1954 3111 sunt
1979 3078 2117 3120 plurimi

351 3130 394 3162 illi
421 3130 502 3166 loci,
529 3130 607 3167 ubi,
634 3132 670 3160 ut
694 3131 726 3161 in
751 3129 902 3170 generali
928 3132 987 3161 aut
1012 3130 1262 3169 frequentativa
1289 3131 1472 3167 sententia,
1501 3132 1595 3162 recte
1626 3139 1795 3171 praesens
1819 3131 1959 3168 tempus
1983 3127 2030 3157 bis
2054 3135 2116 3167 po-

352 3182 453 3217 nitur,
481 3181 516 3211 ut
542 3180 657 3210 Horat.
685 3181 722 3210 A.
750 3182 784 3211 P.
811 3180 872 3211 26:
900 3180 1013 3211 Brevis
1035 3188 1100 3211 esse
1125 3179 1258 3211 laboro:
1284 3179 1447 3210 Obscurus
1467 3181 1522 3219 fio.
1551 3181 1635 3220 Epp.
1664 3181 1689 3217 Ι,
1717 3181 1746 3217 Ι,
1773 3179 1825 3210 87.
1853 3178 1924 3209 Cic.
1943 3178 1978 3208 T.
1999 3177 2037 3207 D.
2060 3175 2112 3213 ΙΙΙ,

350 3230 402 3260 57.
431 3230 468 3267 ΙΙ,
495 3230 546 3261 58.
575 3229 613 3260 33
640 3228 708 3266 (ubi
734 3230 992 3263 dazdandum
1015 3231 1083 3268 est).
1124 3229 1245 3261 Parad.
1272 3229 1324 3260 36.
1360 3230 1428 3260 Fin.
1458 3229 1495 3264 V,
1522 3228 1574 3261 84.
1609 3228 1724 3261 Famil.
1754 3229 1807 3267 lX,
1835 3228 1888 3267 22,
1914 3227 1967 3258 3.»
1995 3227 2047 3258 W.
2076 3242 2110 3247 -

351 3278 479 3317 quidem
503 3277 579 3309 ead.
608 3286 654 3309 m.
681 3287 770 3309 corr.
798 3280 828 3309 in
856 3279 938 3310 idem
962 3280 985 3310 R
1013 3295 1046 3300 —
1074 3279 1126 3310 029.
1154 3287 1421 3318 quamaxumum
1446 3280 1469 3309 G
1488 3279 1522 3309 ΙΙ.
