2249 3624
499 127 586 166 Lm.
616 126 686 165 111.
729 124 826 165 cM».
857 122 1197 164 xvu—xvui.
1237 119 1295 174 §5
1327 118 1519 160 523—60.
1809 112 1887 156 447

134 240 210 279 hus
242 251 318 290 ego
350 238 618 278 vehementer
648 237 862 278 assentior.
927 237 1008 285 Qui
1041 241 1178 276 autem
1216 239 1309 288 post
1339 247 1411 274 eos
1443 232 1632 279 suerunt,
1670 244 1760 270 cum
1794 230 1889 270 Car-

134 299 308 340 neadem
340 301 545 339 sustinere
577 315 658 340 nou
691 305 879 353 possent,
911 299 1037 345 lianc,
1070 312 1191 352 quaiu
1224 298 1332 345 dixi,
1369 298 1521 336 bonam
1552 294 1726 341 samam,
1757 294 1888 346 ipsam

134 367 303 417 propter
342 376 384 401 se
426 365 703 416 praepositam
744 370 783 402 et
825 362 1067 402 sumendam
1107 374 1196 399 esso
1237 361 1452 399 dixerunt:
1495 372 1585 398 esse
1616 358 1796 397 hominis
1828 357 1889 396 in-

134 425 256 478 genui
295 430 333 463 et
372 424 596 465 liberaliter
636 426 799 465 edueati
840 426 945 465 vello
986 425 1091 463 bene
1123 424 1267 463 audire
1299 437 1322 462 a
1353 423 1617 475 parentibus,
1656 434 1679 461 a
1720 420 1890 474 propin·
2247 444 2249 486 l

133 488 245 540 quis,
276 500 297 526 a
328 486 449 527 bonis
481 489 602 527 etiam
637 489 759 534 viris,
792 488 919 541 idque
953 494 1122 540 propter
1154 499 1236 525 rem
1270 486 1423 538 ipsam,
1456 499 1538 525 nou
1566 489 1734 538 propter
1756 489 1919 527 usum‚5
2246 501 2249 565 1

132 549 379 601 dicuntque,
416 555 462 589 ut
502 550 644 589 liberis
686 550 920 589 consultum
955 550 1152 595 velimus,
1194 549 1317 588 etiam
1356 549 1389 587 si
1422 548 1602 601 postumi
1633 545 1760 586 futuri
1793 545 1889 591 sint,

130 617 297 665 propter
336 612 471 663 ipsos,
508 613 565 650 sie.
607 612 770 651 futurae
803 618 897 664 post
930 617 1100 651 mortem
1133 611 1264 650 famae
1300 616 1437 649 tamen
1470 624 1559 650 esse
1591 614 1759 663 propter
1789 620 1889 653 rem,

129 674 252 713 etiam
284 672 468 713 detracto
500 688 598 721 usu,
631 675 945 714 consulendum.
1007 673 1071 711 338.
1105 674 1185 712 Sed
1219 687 1332 719 rum,
1365 674 1476 726 quod
1499 673 1719 712 honestum
1751 672 1815 718 sit,
1848 669 1889 709 id

128 735 263 775 solum
293 736 450 775 bonum
483 750 574 776 esse
607 737 810 784 dicamus,
843 741 1168 776 consentaneum
1198 742 1333 774 tamen
1364 742 1426 774 est
1455 735 1571 788 fungi
1604 735 1764 781 osticio,
1796 746 1889 772 cum

127 797 168 837 id
198 796 380 837 officium
411 812 486 838 nee
519 799 560 837 iu
592 799 713 839 bonis
746 812 947 853 ponamus
982 812 1054 837 nee
1086 798 1127 836 iu
1161 798 1289 837 malis.
1341 799 1413 838 Est
1443 800 1551 838 euim
1581 797 1739 850 aliquid
1762 798 1803 836 in
1825 795 1939 835 histo

127 861 250 900 rebus
284 860 518 912 probabile,
550 867 590 901 et
624 861 793 914 quidem
826 862 902 907 ita,
935 866 978 900 ut
1011 861 1100 899 eius
1123 861 1227 899 ratio
1250 859 1368 899 reddi
1392 861 1547 913 possit,
1579 874 1676 913 crgo
1699 865 1744 900 ut
1765 860 1889 899 etiam

127 923 399 977 probabiliter
429 924 509 963 acti
541 924 648 963 ratio
680 924 797 963 reddi
829 924 982 976 possit:
1015 930 1077 963 est
1107 929 1244 962 autem
1277 922 1481 971 osticium,
1514 923 1627 977 quod
1658 924 1711 962 ita
1738 922 1890 963 sactum

128 990 208 1032 est,
249 991 292 1024 ut
323 985 412 1025 eius
443 985 539 1025 faeti
571 986 799 1038 probabilis
831 986 935 1025 ratio
968 984 1087 1025 reddi
1118 986 1272 1038 possit:
1315 999 1368 1025 ex
1398 1000 1479 1038 quo
1510 986 1768 1039 intellegitur
1799 984 1891 1025 offi-

128 1048 235 1088 cium
276 1047 455 1087 medium
498 1048 696 1101 quiddam
738 1062 849 1096 esse,
891 1048 1005 1100 quod
1042 1061 1178 1100 neque
1220 1047 1262 1087 in
1302 1048 1423 1088 bonis
1464 1053 1642 1101 ponatur
1679 1061 1816 1101 neque
1847 1048 1889 1087 in

127 1110 358 1150 contrariis.
411 1110 705 1165 Quoniamque
737 1112 778 1150 iu
810 1112 861 1150 iis
893 1111 1039 1158 rebus,
1071 1123 1178 1163 quae
1210 1123 1346 1164 neque
1378 1111 1420 1149 iu
1442 1110 1662 1151 virtutibus
1694 1116 1789 1151 sunt
1819 1120 1943 1150 ηεξ-45

126 1186 207 1226 que
238 1173 281 1212 in
312 1173 445 1221 vitiis,
478 1179 540 1214 est
572 1180 709 1214 tamen
742 1173 963 1227 quiddam,
1007 1173 1119 1226 quod
1148 1172 1240 1212 usui
1273 1172 1407 1226 possit
1438 1186 1552 1220 esse,
1584 1172 1818 1213 tollendum
1849 1173 1891 1212 id

125 1249 208 1275 nou
240 1241 314 1275 est.
364 1236 437 1276 Est
467 1243 605 1277 autem
638 1238 727 1277 eius
759 1237 923 1290 generis
949 1236 1058 1275 actio
1081 1248 1249 1289 quoque
1272 1235 1496 1288 quaedam,
1529 1236 1760 1289 etquidem
1783 1235 1891 1283 talis,

124 1304 170 1338 ut
211 1298 316 1338 ratio
354 1299 538 1351 postulet
578 1313 699 1352 agere
740 1299 899 1352 aliquid
944 1302 985 1337 et
1022 1297 1158 1337 facere
1197 1311 1363 1337 eorum:
1410 1297 1524 1351 quod
1560 1303 1699 1338 autem
1730 1299 1891 1339 ratione

125 1365 262 1401 actum
294 1367 376 1408 est,
407 1361 449 1401 id
481 1362 661 1402 officium
694 1362 976 1415 appellamus:
1008 1368 1071 1400 est
1099 1361 1226 1414 igitur
1254 1360 1435 1401 osticium
1457 1361 1547 1401 eius
1570 1360 1747 1414 generis,
1780 1359 1891 1414 quod

125 1436 202 1463 nec
232 1424 276 1463 in
307 1423 427 1464 bonis
459 1431 639 1478 ponatur
669 1439 744 1465 nec
774 1425 817 1463 in
849 1424 1080 1464 contrariis.
1906 1431 1942 1460 20

237 1486 388 1526 XVIII.
420 1486 486 1526 59.
517 1490 655 1541 Atque
687 1488 954 1541 perspicuum
985 1487 1108 1526 etiam
1139 1486 1244 1525 illud
1277 1492 1362 1534 est,
1393 1487 1435 1526 in
1466 1486 1558 1526 istis
1589 1486 1712 1526 rebus
1744 1485 1892 1525 mediis

126 1549 286 1602 aliquid
322 1563 444 1602 agere
486 1552 730 1604 sapientem.
790 1550 950 1590 Iudicat
979 1549 1124 1602 igitur,
1166 1562 1259 1589 cum
1291 1550 1396 1602 agit,
1438 1546 1621 1588 officium
1651 1548 1755 1588 illud
1787 1561 1892 1588 esse.

128 1611 251 1659 Quod
283 1611 481 1665 quoniam
513 1626 739 1667 numquam
768 1611 929 1652 fallitur
958 1612 999 1652 in
1032 1611 1276 1660 iudicando,
1309 1612 1388 1652 erit
1417 1612 1461 1651 in
1488 1611 1635 1651 mediis
1657 1611 1782 1651 rebus
1804 1608 1894 1651 offi-

127 1673 259 1712 cium:
305 1674 418 1727 quod
467 1674 643 1715 efficitur
678 1675 755 1715 hac
802 1675 926 1715 etiam
967 1675 1238 1714 conclusione
1279 1675 1467 1715 rationis.
1529 1674 1738 1723 Quoniam
1781 1675 1893 1715 enim

126 1735 317 1776 videmus
348 1750 440 1777 esse
473 1738 693 1791 quiddam,
726 1739 838 1791 quod
870 1743 979 1778 recte
1008 1737 1161 1777 factum
1183 1737 1462 1790 appellemus,
1492 1737 1533 1777 id
1556 1742 1693 1777 autem
1716 1743 1778 1778 est
1799 1751 1893 1790 per·
1906 1747 1942 1775 25

125 1797 279 1838 fectum
311 1797 517 1848 officium,
559 1801 637 1841 erit
668 1801 792 1841 etiam
822 1801 1082 1847 inchoatum,
1121 1804 1186 1847 ut,
1229 1800 1262 1839 si
1294 1799 1402 1839 iuste
1434 1799 1676 1853 depositum
1717 1800 1892 1841 reddere

126 1860 171 1900 in
202 1866 314 1901 recte
344 1861 465 1902 factis
497 1864 570 1910 sit,
602 1863 646 1902 in
677 1862 826 1903 officiis
857 1868 1039 1917 ponatur
1068 1862 1307 1915 depositum
1338 1863 1536 1903 reddere:
1574 1863 1646 1903 illo
1678 1863 1790 1902 enim
1821 1862 1893 1902 ad-

127 1923 214 1964 dito
247 1924 392 1965 iuste
425 1923 468 1965 fit
500 1930 608 1966 recte
639 1925 818 1973 factum,
850 1941 926 1980 per
956 1940 999 1966 se
1031 1931 1168 1966 autem
1198 1925 1279 1966 hoc
1309 1927 1447 1979 ipsum
1476 1926 1654 1968 reddere
1684 1928 1728 1968 in
1755 1926 1893 1968 officio

127 1987 310 2038 ponitur.
363 1987 658 2041 Quoniamque
690 2003 773 2029 non
805 1989 978 2029 dubium
1009 1993 1072 2028 est
1093 1988 1193 2041 quin
1223 1989 1266 2028 in
1292 1989 1370 2036 iis,
1403 2003 1510 2042 quae
1533 1990 1670 2030 media
1692 1988 1893 2037 dicamus,

127 2050 179 2089 sit
208 2049 321 2089 aliud
353 2051 620 2098 sumendum,
654 2051 766 2091 aliud
797 2052 1075 2098 reiciendum,
1108 2051 1311 2105 quicquid
1334 2052 1390 2092 ita
1409 2052 1457 2092 fit
1477 2057 1548 2092 aut
1568 2052 1738 2100 dicitur,
1770 2065 1892 2092 omne
1906 2058 1942 2087 30

127 2111 267 2152 officio
299 2110 550 2153 continetur.
600 2115 665 2154 Ex
696 2128 779 2168 quo
811 2115 1088 2167 intellegitur,
1120 2114 1316 2166 quoniam
1347 2128 1390 2154 se
1422 2115 1538 2168 ipsos
1570 2128 1715 2154 omnes
1746 2120 1894 2155 natura

127 2173 324 2227 diligant,
368 2181 449 2215 tam
487 2176 756 2229 insipientem
799 2190 924 2231 quam
965 2177 1197 2230 sapientem
1228 2181 1491 2229 sumpturum
1523 2190 1630 2230 quae
1662 2177 1893 2219 secundum

127 2241 318 2277 naturam
360 2237 444 2277 sint
478 2238 816 2292 reiecturumque
848 2241 1068 2280 contraria.
1125 2239 1187 2279 Ita
1218 2244 1281 2278 est
1311 2239 1521 2292 quoddam
1554 2252 1772 2279 commune
1803 2237 1894 2279 offi-

128 2299 239 2339 cium
271 2300 471 2353 sapientis
504 2306 544 2340 et
574 2300 831 2354 insipientis:
866 2315 919 2342 ex
950 2316 1033 2356 quo
1066 2299 1245 2341 efficitur
1265 2301 1419 2340 versari
1450 2301 1493 2340 in
1525 2301 1595 2349 iis,
1628 2313 1732 2355 quae
1755 2300 1894 2341 media

128 2361 329 2402 dieamus.
391 2360 457 2402 60.
504 2363 587 2403 Sed
631 2377 721 2403 cum
762 2364 812 2403 ab
853 2364 918 2404 his
957 2364 1096 2403 omnia
1137 2362 1453 2416 proficiscantur
1482 2363 1640 2411 officia,
1686 2376 1772 2403 non
1802 2364 1942 2404 sine35

129 2437 252 2464 causa
282 2423 435 2464 dicitur
464 2424 516 2465 ad
548 2439 596 2466 ea
625 2425 770 2465 referri
801 2440 944 2467 omnes
975 2431 1138 2466 nostras
1172 2425 1466 2478 cogitationes,
1505 2425 1550 2465 in
1578 2426 1645 2474 his
1683 2431 1723 2467 et
1750 2440 1893 2467 exces-

129 2499 219 2526 sum
251 2500 273 2527 e
304 2487 390 2527 vita
421 2492 461 2527 et
490 2488 533 2527 in
565 2489 647 2529 vita
677 2489 951 2529 mansionem.
1001 2490 1048 2528 In
1080 2502 1160 2541 quo
1184 2488 1294 2527 enim
1320 2487 1442 2540 plura
1464 2492 1583 2535 sunt,
1616 2502 1724 2542 quae
1745 2503 1892 2530 secun-

129 2549 227 2590 dum
257 2555 447 2590 naturam
479 2557 598 2599 sunt,
627 2551 753 2592 huius
785 2550 965 2592 officium
990 2539 1060 2591 ‘est
1088 2552 1132 2590 in
1157 2551 1240 2590 vita
1261 2563 1453 2589 manere:
1485 2549 1530 2589 in
1554 2563 1639 2603 quo
1661 2558 1800 2592 autem
1821 2557 1893 2592 aut

130 2616 226 2652 sunt
255 2612 380 2666 plura
410 2614 617 2654 contraria
639 2619 710 2654 aut
729 2614 819 2654 fore
844 2614 1060 2661 videntur,
1090 2612 1214 2652 huius
1237 2610 1420 2652 officium
1443 2616 1505 2652 est
1525 2625 1547 2652 e
1568 2613 1653 2653 vita
1674 2613 1891 2654 excedere.

216 2805 248 2838 3.
273 2814 339 2838 esse
359 2806 405 2838 A:
432 2814 560 2846 esseque
582 2807 702 2841 BMO:
730 2807 848 2839 etenim
871 2816 936 2839 esse
959 2808 984 2838 G
1011 2824 1046 2828 —-
1073 2807 1104 2838 5.
1130 2816 1195 2838 uon
1219 2806 1393 2845 dicuntque
1410 2809 1549 2846 propter
1570 2815 1730 2848 usumque
1750 2812 1786 2840 ut
1807 2808 1832 2839 B
1853 2827 1888 2831 —

131 2855 160 2889 7.
185 2865 255 2888 rem
269 2865 339 2888 om.
358 2857 382 2888 B
403 2874 438 2878 —
463 2855 515 2888 ⁴4.
543 2857 700 2895 quiddam
717 2857 927 2897 Madvigius:
955 2857 1119 2896 quoddam
1143 2856 1245 2888 codd.
1267 2858 1300 2887 et
1316 2856 1341 2887 O
1361 2873 1396 2877 —-
1429 2857 1463 2887 in
1486 2857 1566 2888 ante
1588 2861 1693 2889 contr.
1719 2866 1788 2890 om.
1806 2859 1834 2889 A
1853 2874 1888 2879 -

132 2904 183 2937 45.
207 2906 433 2945 Quoniamque
447 2923 497 2930 --
512 2915 571 2938 nec
592 2906 626 2937 in
649 2908 827 2938 contrariis
850 2907 893 2938 ab
920 2906 1166 2947 interpolatore
1185 2905 1275 2938 male
1293 2904 1502 2945 agglutinata
1519 2909 1640 2939 censet
1656 2909 1709 2939 Fr.
1728 2906 1889 2939 lacobus.

135 2971 167 2977 —
193 2955 243 2996 iis]
268 2956 316 2987 his
337 2956 422 2994 AO,
447 2956 505 2995 hys
527 2956 552 2986 B
580 2973 612 2978 —-
641 2956 737 2988 rebus
760 2965 831 2988 om.
858 2957 882 2987 B
910 2974 945 2979 -
972 2957 1024 2988 49.
1051 2960 1095 2988 εει
1119 2956 1327 2995 Madvigius:
1354 2956 1394 2986 sil
1418 2956 1521 2988 codd.
1547 2957 1582 2988 et
1606 2958 1631 2988 O
1657 2975 1693 2980 —
1720 2957 1773 2988 Ἥ.
1800 2956 1892 2996 atqui

132 3003 246 3043 ABC;
274 3014 360 3037 «nec
384 3007 503 3038 tamen
527 3007 561 3038 in
585 3006 652 3038 hac
676 3007 897 3038 adiunctione
915 3007 995 3038 novi
1012 3006 1206 3046 argumenti
1225 3005 1339 3036 locum
1357 3004 1489 3037 habere
1506 3006 1678 3038 videtur.»
1696 3007 1839 3038 MAuvm.
1855 3023 1890 3028 —

132 3052 184 3084 26.
202 3054 300 3086 etiam
323 3054 531 3088 Lambinus:
559 3061 670 3087 autem
693 3057 791 3088 etiam
808 3057 931 3093 codd.;
961 3056 1093 3097 [aulem]
1111 3057 1211 3087 eliam
1227 3056 1251 3086 O
1272 3072 1305 3076 —
1333 3054 1386 3086 u28.
1402 3056 1439 3095 fit
1455 3055 1663 3087 Lambinus:
1689 3056 1770 3095 facit
1786 3054 1890 3086 codd.

137 3117 171 3123 -
196 3102 248 3133 29.
273 3104 308 3134 in
331 3113 402 3136 om.
420 3105 484 3137 BE
511 3122 547 3128 —
573 3105 624 3147 iis]
649 3106 698 3136 his
720 3108 747 3137 Α
762 3108 804 3145 Ο,
830 3107 889 3146 hys
912 3108 936 3138 B
962 3124 996 3128 —
1023 3107 1170 3137 dicamus
1192 3107 1236 3136 A:
1264 3105 1402 3135 dicimus
1424 3106 1448 3136 B
1463 3107 1532 3138 ΜΟ
1548 3124 1592 3129 —
1615 3106 1667 3137 30.
1686 3105 1778 3136 aliud
1800 3104 1892 3145 reia]

136 3150 179 3181 ad
199 3151 279 3184 illud
299 3154 378 3186 reic.
404 3155 432 3186 A
458 3172 493 3177 —
521 3164 614 3187 omne
639 3158 826 3187 Gruterus:
861 3156 947 3187 omni
971 3156 1053 3193 AB;
1089 3156 1232 3186 omnium
1256 3155 1301 3192 D;
1334 3156 1499 3186 commum·
1523 3164 1604 3187 cum
1628 3155 1779 3187 Manutio
1804 3155 1828 3186 O
1856 3171 1891 3176 —

136 3197 188 3230 3⁴.
210 3200 296 3241 ipsos
317 3205 400 3235 AG:
426 3203 490 3244 ipsi
512 3205 622 3237 BMO
641 3222 676 3227 —
704 3205 756 3237 34.
782 3205 832 3246 iis]
857 3206 906 3237 his
928 3206 992 3237 AB
1007 3207 1031 3236 O
1056 3223 1085 3228 -
1117 3204 1168 3236 35.
1188 3205 1324 3235 dicimus
1347 3205 1507 3237 Bremius
1532 3214 1612 3237 cum
1630 3203 1788 3243 Madvigii
1812 3202 1892 3234 cod.

135 3247 243 3290 Leid.;
268 3252 312 3286 cf.
329 3262 362 3288 v.
382 3253 435 3287 29.
452 3271 490 3279 -
509 3254 562 3288 38.
581 3258 691 3288 autem
707 3263 777 3287 om.
796 3255 857 3287 BE
876 3272 909 3277 -
932 3255 984 3286 39.
1002 3258 1047 3287 est
1066 3255 1104 3286 de
1118 3255 1190 3286 uita
1212 3254 1331 3293 ABD3
1350 3254 1414 3287 sed
1430 3254 1473 3287 cs.
1492 3263 1525 3287 v.
1544 3254 1584 3286 37
1602 3256 1636 3287 et
1651 3262 1686 3295 p.
1703 3251 1778 3292 448,
1792 3252 1823 3282 i.
1839 3250 1893 3283 46,
