2249 3624
512 144 601 185 Lm.
623 145 654 184 1.
686 144 781 185 CAP.
804 145 948 187 xmv.
979 143 1008 197 §
1032 142 1110 184 2154
1132 168 1182 173 -
1209 146 1295 185 Lm.
1318 146 1367 184 11.
1401 145 1496 185 ομ».
1520 147 1550 185 1.
1584 143 1612 197 5
1636 143 1672 184 i.
1900 141 1980 184 683

227 251 341 308 quod
371 250 522 291 dicitur
551 263 574 290 a
605 249 875 304 quibusdam,
919 256 1091 304 propter
1129 252 1418 292 necessitatem
1449 252 1580 298 vitae,
1620 250 1731 304 quod
1763 264 1832 297 ea,
1873 264 1981 304 quae

225 320 371 356 natura
402 312 682 360 desideraret,
713 313 914 366 consequi
947 315 1035 353 sine
1068 314 1159 354 aliis
1190 320 1316 368 atque
1347 313 1511 353 eslicere
1546 329 1625 353 uon
1658 326 1888 366 possemus,
1921 314 1983 353 id-

223 377 333 417 circo
373 375 516 416 initam
559 388 649 414 esse
691 388 782 414 cum
825 376 1066 416 hominibus
1106 377 1446 416 communitatem
1479 383 1519 416 et
1549 377 1813 423 societatem,
1855 375 1982 430 quod,

222 440 258 480 si
288 437 427 478 omnia
457 437 597 483 nobis,
630 449 737 490 quae
769 436 821 476 ad
854 437 1008 477 victum
1040 438 1284 492 cultumque
1318 439 1546 490 pertinent,
1578 439 1698 492 quasi
1731 440 1890 491 virgula
1921 439 1984 478 di·

221 502 338 547 vina,
379 503 426 539 ut
455 500 597 546 aiunt,
639 499 1030 551 suppeditarentur,
1071 506 1158 540 tum
1198 501 1356 553 optimo
1397 502 1575 554 quisque
1607 502 1774 553 ingenio
1808 501 2016 553 negotiis5

221 561 416 603 omnibus
447 561 612 601 omissis
644 566 776 600 totum
808 574 851 600 se
883 562 926 601 in
958 563 1198 613 cognitione
1231 569 1271 603 et
1301 564 1474 602 scientia
1505 564 1743 604 collocaret.
1801 565 1893 603 Non
1923 568 1985 602 est

220 625 291 665 ita.
351 625 454 664 Nam
486 629 526 663 et
557 622 824 663 solitudinem
856 623 1019 675 sugeret
1051 631 1090 664 et
1121 626 1282 664 socium
1304 626 1431 665 studii
1455 633 1685 679 quaereret,
1708 633 1794 665 tum
1817 625 1984 670 docere,

220 692 307 726 tum
339 685 500 726 discere
532 685 679 732 vellet,
711 691 797 725 tum
829 686 988 734 audire,
1021 693 1107 726 tum
1140 687 1292 727 dicere.
1352 689 1461 740 Ergo
1494 702 1615 728 omne
1647 688 1842 734 officium,
1874 687 1984 740 quod

219 748 271 789 ad
303 749 645 788 coniunctionem
676 748 896 788 hominum
931 754 971 788 et
1001 749 1053 789 ad
1085 750 1325 790 societatem
1358 750 1554 790 tuendam
1580 751 1704 797 valet,
1727 757 1985 802 anteponen-

219 810 318 850 dum
351 816 414 850 est
443 811 505 850 illi
538 809 699 857 officio,
731 811 844 863 quod
877 812 1117 863 cognitione
1150 817 1189 851 et
1221 813 1393 852 scientia
1427 814 1675 852 continetur.
1737 813 1858 852 XLV.
1898 809 2035 850 latmo

219 872 327 912 Illud
371 873 546 913 forsitan
589 874 876 926 quaerendum
919 874 994 920 sit,
1037 887 1135 913 num
1175 875 1280 914 haec
1318 877 1614 922 communitas,
1658 888 1764 928 quae
1807 875 1984 914 maxime

219 940 280 975 est
319 941 416 988 apta
456 942 650 981 naturae,
691 936 744 975 sit
783 936 907 975 etiam
948 936 1227 976 moderationi
1270 937 1584 990 modestiaeque
1617 951 1782 990 semper
1812 943 1985 989 autepo-

217 997 371 1038 nenda.
430 999 522 1037 Non
556 998 716 1051 placet3
758 1004 856 1037 sunt
898 999 1006 1038 eniin
1051 999 1258 1052 quaedam
1293 999 1441 1052 partim
1475 1000 1529 1038 ita
1561 999 1705 1045 foeda,
1750 1000 1899 1052 partim
1930 999 1985 1038 ita

217 1061 442 1114 flagitiosa,
474 1067 520 1100 ut
551 1074 598 1100 ea
629 1074 680 1099 ne
713 1060 1025 1100 conservandae
1057 1061 1226 1114 quidem
1258 1062 1415 1115 patriae
1450 1076 1574 1101 rausa
1607 1063 1772 1114 sapiens
1803 1061 1985 1101 facturus

217 1124 282 1164 sit.
332 1124 392 1164 Ea
414 1123 664 1163 Posidonius
697 1123 865 1175 collegit
896 1124 1120 1175 permulta,
1144 1125 1216 1164 sed
1240 1125 1297 1163 ita
1318 1130 1446 1163 taetra
1469 1124 1692 1177 quaedam,
1715 1125 1769 1163 ita
1791 1124 1984 1170 obscena,
2002 1131 2036 1160 15

216 1192 260 1226 ut
293 1185 408 1226 dictu
440 1198 612 1239 quoque
645 1185 866 1225 videantur
898 1186 1048 1238 turpia.
1108 1187 1220 1226 Haec
1252 1187 1378 1239 igitur
1413 1200 1493 1226 non
1528 1188 1726 1239 suscipiet
1758 1187 1815 1225 rei
1848 1186 1984 1239 publi-

217 1261 290 1290 cae
321 1260 467 1295 causa3
510 1261 562 1287 ne
593 1261 659 1287 res
691 1247 859 1300 publica
891 1248 1060 1301 quidem
1094 1262 1168 1301 pro
1201 1262 1244 1288 se
1277 1250 1431 1302 suscipi
1464 1250 1586 1290 volet.
1648 1250 1729 1289 sed
1760 1250 1839 1288 hoc
1872 1261 1982 1287 com-

216 1310 385 1351 modius
416 1323 460 1350 se
491 1323 558 1349 res
588 1309 734 1356 habet,
778 1309 891 1363 quod
925 1324 1007 1349 non
1041 1316 1179 1364 potest
1209 1312 1397 1351 accidere
1431 1318 1619 1364 teinpus,
1661 1319 1702 1351 ut
1733 1311 1895 1351 intersit
1924 1310 1983 1349 rei
2012 1313 2023 1330 ¹

216 1373 408 1427 publicae
448 1372 674 1426 quicquam
706 1372 875 1412 illorum
907 1372 1044 1412 facere
1076 1374 1320 1426 sapientem.
1383 1370 1474 1412 flssi).
1508 1376 1599 1422 Qua
1629 1389 1673 1413 re
1705 1374 1783 1412 hoc
1816 1372 1982 1426 quidem

216 1434 408 1476 effectum
441 1436 516 1482 sit,
557 1435 599 1474 in
632 1433 779 1474 officiis
811 1434 1045 1487 deligendis
1086 1436 1128 1476 id
1169 1450 1300 1488 genus
1340 1434 1568 1476 officiorum
1602 1436 1830 1482 excellere,
1872 1433 1982 1488 quod
1998 1445 2034 1473 20

215 1502 409 1540 teneatur
438 1497 655 1537 hominum
687 1497 902 1538 societate.
951 1498 1113 1538 Etenim
1147 1498 1431 1550 cognitionem
1463 1499 1813 1552 prudentiamque
1836 1510 1984 1550 seque-

214 1567 282 1602 tur
312 1560 576 1601 considerata
605 1561 735 1599 actio:
776 1560 835 1600 ita
865 1558 908 1599 fit
939 1566 984 1600 ut
1014 1561 1430 1613 agereconsiderate
1465 1563 1594 1613 pluris
1627 1562 1678 1600 sit
1718 1574 1840 1613 quam
1872 1560 1984 1611 cogi-

215 1630 303 1665 tare
333 1621 575 1677 prudenter.
643 1624 783 1676 Atque
822 1622 926 1662 haec
967 1623 1135 1676 quidem
1175 1623 1389 1663 hactenus.
1458 1624 1691 1663 Patefactus
1722 1624 1832 1662 euim
1867 1622 1983 1661 locus

218 1692 281 1726 est
310 1686 415 1739 ipse,
445 1690 492 1725 ut
521 1699 604 1725 non
636 1682 806 1725 difficile
838 1685 893 1725 sit
925 1685 967 1724 iu
999 1686 1262 1738 exquirendo
1296 1686 1435 1726 oflicio
1468 1688 1565 1739 quid
1599 1691 1751 1739 cuique
1783 1686 1835 1724 sit
1866 1698 1984 1737 prae-

215 1748 456 1802 ponendum
489 1748 640 1787 videre.
702 1748 748 1786 In
786 1748 877 1800 ipsa
915 1754 1051 1787 autem
1091 1751 1390 1788 communitate
1424 1758 1519 1788 sunt
1551 1749 1702 1801 gradus
1735 1749 2034 1794 ofliciorum,25

217 1824 270 1851 ex
301 1810 456 1864 quibus
488 1810 588 1863 quid
621 1811 775 1863 cuique
808 1816 994 1863 praestet
1023 1810 1209 1863 intellegi
1242 1812 1397 1863 possit,
1442 1818 1483 1850 ut
1526 1812 1656 1863 prima
1689 1811 1752 1850 dis
1786 1812 1983 1850 inmorta-

213 1873 347 1920 libus,
378 1872 566 1912 secunda
595 1873 768 1924 patriae,
800 1873 920 1913 tertia
953 1870 1210 1924 parentibus,
1243 1873 1440 1926 deinceps
1473 1875 1672 1926 gradatim
1706 1874 1878 1926 reliquis
1912 1872 1983 1911 de-

213 1935 404 1975 beantur.
465 1932 558 1974 ·lfil.
603 1935 766 1983 Quibus
798 1949 850 1974 ex
881 1935 1005 1974 rebus
1037 1936 1222 1974 breviter
1252 1936 1475 1988 disputatis
1507 1936 1692 1986 intellegi
1724 1942 1861 1988 potest
1898 1948 1981 1974 non

214 1997 352 2037 solum
382 1997 424 2037 id
453 1997 643 2037 homines
676 1998 810 2038 solere
842 1997 1056 2044 dubitare,
1090 1997 1371 2037 honestumne
1405 2011 1455 2037 an
1489 2003 1607 2050 turpe
1640 1999 1705 2045 sit,
1738 1998 1811 2037 sed
1845 1998 1981 2043 etiam,

215 2058 381 2099 duobus
420 2060 650 2113 propositis
689 2060 877 2100 honestis
919 2066 1058 2100 utrum
1090 2061 1310 2099 honestius
1342 2061 1408 2100 sit.
1472 2061 1546 2099 Hic
1579 2061 1697 2099 locus
1729 2074 1752 2100 a
1783 2060 1980 2099 Panaetio
1995 2068 2032 2098 30

215 2127 300 2169 est,
332 2127 378 2162 ut
406 2135 534 2176 supra
564 2122 677 2170 dixi,
708 2123 1043 2176 praetermissus.
1105 2122 1186 2161 Sed
1218 2123 1300 2162 iam
1332 2124 1383 2162 ad
1416 2123 1578 2176 reliqua
1609 2136 1840 2175 pergamus.

759 2373 990 2420 LIBER
1027 2374 1436 2421 SECUNDUS.

328 2483 359 2522 1.
401 2480 438 2523 ¹l.
472 2483 606 2532 Quem
637 2484 690 2524 ad
721 2484 891 2525 modum
924 2482 1060 2525 officia
1091 2485 1345 2525 ducerentur
1375 2485 1425 2525 ab
1456 2484 1698 2532 honestate,
1738 2486 1874 2524 Marce
1904 2485 1978 2533 fili,

213 2550 340 2599 atque
370 2546 421 2586 ab
453 2547 565 2586 omni
597 2560 750 2600 genere
782 2548 962 2594 virtutis,
994 2548 1094 2587 satis
1127 2548 1382 2601 explicatum
1414 2547 1590 2587 arbitror
1621 2547 1725 2586 libro
1748 2547 1977 2599 superiore.

216 2608 418 2662 Sequitur
456 2614 503 2649 ut
531 2608 635 2649 haec
666 2607 901 2650 officiorum
931 2623 1086 2662 genera
1116 2623 1366 2663 persequar,
1409 2622 1516 2662 quae
1547 2609 1759 2662 pertinent
1787 2609 1839 2648 ad
1873 2610 1979 2650 vitae

301 2775 333 2806 4.
360 2783 444 2814 quae
468 2784 537 2807 om.
556 2777 578 2808 b
604 2793 638 2798 -—
678 2776 708 2807 3.
736 2777 851 2807 initam
876 2784 942 2816 cp:
969 2778 1065 2808 istam
1091 2778 1112 2808 B
1130 2778 1247 2809 llab:
1276 2777 1459 2807 inssifutam-
1484 2775 1647 2806 llaliuius.
1678 2792 1711 2797 —
1744 2777 1927 2808 societatem
1953 2781 1981 2808 et

213 2826 479 2856 communitatem
501 2835 522 2865 p
548 2843 582 2848 —
611 2826 663 2857 40.
682 2826 788 2866 officio
814 2825 880 2857 del.
902 2826 1116 2858 Gulielmius.
1147 2845 1178 2849 —
1210 2829 1260 2857 «Η.
1281 2828 1368 2864 niun]
1387 2822 1403 2856 ῗι
1426 2831 1507 2861 flori)
1534 2833 1555 2855 a
1583 2842 1614 2845 —
1650 2826 1695 2856 12.
1723 2830 1802 2865 apta
1826 2832 1869 2857 es!
1895 2836 1912 2858 c
1943 2845 1975 2849 —-

213 2879 368 2913 naturae,
386 2885 425 2907 ea
448 2876 488 2906 sic
511 2884 560 2915 cp
587 2893 619 2897 —
648 2877 748 2908 etiam
772 2885 840 2907 om.
862 2885 879 2907 c
908 2893 943 2898 —
971 2878 1023 2907 43.
1038 2877 1166 2915 partim
1191 2885 1260 2907 om.
1282 2885 1330 2915 cp
1356 2893 1389 2896 —
1420 2877 1469 2905 15.
1487 2875 1694 2913 possidonius
1712 2877 1766 2915 Cp
1786 2895 1824 2899 —
1851 2878 1978 2917 colleyi!

212 2925 317 2956 mulla
341 2933 389 2964 op
422 2943 456 2948 —
489 2926 646 2956 obscoena
668 2927 718 2957 bo
750 2942 785 2946 —
823 2927 872 2956 to.
899 2926 1053 2965 suscipiat
1078 2928 1117 2957 b:
1154 2928 1331 2964 susciperet
1355 2933 1372 2955 c
1407 2942 1440 2946 —
1484 2926 1513 2955 Ιῖ
1557 2926 1686 2963 quidem
1706 2926 1837 2964 publica
1864 2936 1914 2966 cp
1943 2945 1975 2949 —

213 2974 272 3005 hoc
295 2982 362 3014 cp:
388 2974 468 3006 haec
483 2975 606 3007 Btlab
625 2992 659 2996 —
688 2974 739 3006 ⁴8.
759 2975 885 3006 habebit
901 2985 921 3015 p
947 2993 978 2997 —
1010 2976 1059 3006 ΞΟ.
1079 2978 1257 3015 ellectum&
1274 2975 1443 3006 ltaliiiius.
1466 2992 1499 2996 —
1528 2975 1560 3005 id
1585 2983 1623 3005 a:
1650 2979 1684 3005 υ(
1708 2977 1746 3011 b;
1774 2977 1832 3007 huc.-
1856 2977 1976 3016 BHcp

216 3039 252 3046 —-
278 3023 331 3054 24.
357 3024 505 3062 sequitur
528 3032 577 3063 cp
610 3041 644 3046 —
677 3024 730 3054 22.
756 3025 963 3056 considerata
988 3027 1074 3057 aceio
1099 3034 1197 3066 acp:
1226 3026 1407 3057 considera!
1433 3025 1518 3054 actio
1545 3026 1620 3060 llb;
1645 3026 1865 3056 consideratio
1889 3026 1912 3056 B
1944 3044 1975 3047 —

211 3072 248 3112 fit
271 3080 340 3103 om.
359 3080 378 3103 c
407 3089 440 3095 —-
467 3073 520 3104 26.
545 3074 606 3104 diis
630 3074 794 3111 Eltabo,
821 3075 888 3104 deis
912 3083 960 3114 cp
987 3092 1022 3097 —
1050 3077 1102 3107 27.
1130 3077 1266 3114 reliquis
1291 3076 1364 3114 Cp:
1393 3075 1521 3113 reliqua
1546 3075 1680 3114 reliquis
1703 3074 1769 3106 alii.
1802 3093 1833 3096 —
1863 3078 1914 3106 2²0.
1935 3086 1977 3106 un

214 3129 283 3152 om.
303 3130 324 3160 p
363 3139 399 3144 --
439 3122 492 3154 30.
519 3123 642 3154 duobus
666 3131 735 3154 om.
755 3131 776 3154 a
812 3139 846 3145 -
884 3126 923 3154 sil
948 3125 1101 3157 BHac:
1129 3135 1199 3157 om.
1220 3128 1272 3165 bp
1289 3134 1306 3156 ο
1346 3141 1379 3146 —-
1417 3125 1469 3154 31.
1496 3125 1540 3155 Μ.
1572 3125 1691 3156 Terra.
1719 3128 1908 3156 emisimus.
1934 3133 1978 3155 DE

213 3179 354 3203 OFF1c118
377 3181 442 3203 ιιΒ.
460 3181 486 3203 1.
511 3181 675 3204 EXPLICIT.
695 3174 821 3204 ix'cn’ff
844 3182 938 3205 Lmen
962 3183 1128 3207 scci'st
1153 3176 1196 3208 15:
1225 3176 1271 3206 M.
1294 3175 1385 3205 1121..
1406 3175 1595 3206 Czcliuoms.
1622 3184 1667 3206 υε
1689 3184 1758 3206 οη.
1789 3184 1850 3205 cm.
1870 3184 1893 3205 1.
1920 3183 1978 3205 12³·-

213 3228 324 3252 pmcn
346 3221 393 3257 H;
418 3222 465 3253 Μ.
487 3223 605 3253 Tium.
627 3223 815 3254 CICERONIS.
842 3231 897 3255 DE.
923 3233 1076 3257 eunucus.
1101 3233 1208 3256 Lmen.
1229 3232 1358 3255 rumis.
1376 3232 1547 3256 sauleis.
1566 3233 1702 3257 m'cwff.
1720 3233 1800 3256 scos
1825 3233 1861 3260 τις
1889 3223 1976 3254 sub-

215 3270 402 3310 scriptione
428 3272 460 3302 et
487 3272 712 3313 inscriptione
738 3275 858 3305 carent
880 3274 928 3306 bc
954 3275 990 3314 (b
1016 3283 1126 3306 vacuo
1151 3274 1262 3314 spatio
1288 3272 1432 3312 relicto).
