2249 3624
870 241 1209 284 FRAGMENTA.
1836 238 1917 280 963

171 351 363 388 Sardiniae
397 351 524 386 civitas
559 350 745 393 foederata
781 350 894 393 possit
932 349 1237 382 commermwari?
1295 347 1406 383 Nulla
1441 349 1612 393 profecto.
1667 347 1728 385 45.
1758 346 1797 384 b.
1840 347 1918 391 Ouo

170 416 279 461 iqitur
306 425 365 448 ore
394 415 427 448 in
455 414 582 459 populi
610 412 764 446 Romani
793 417 1015 456 conspectum
1042 422 1076 445 sc
1103 413 1322 446 committere
1349 412 1455 445 audet
1484 410 1621 446 Sardus
1651 407 1761 461 testis]
1794 410 1918 460 copiis

170 475 298 525 inops
337 481 455 522 gente
493 472 638 512 sallax‘?
691 472 994 519 (Arusianus
1022 484 1048 522 p
1094 474 1178 511 230.
1211 471 1345 516 Lino.)
1404 470 1610 524 [Ilepulsum
1639 477 1747 509 etiam
1777 486 1838 509 cos
1866 474 1916 510 Μ.

172 539 345 575 Scaurum
373 550 395 573 a
421 539 608 574 consulatu
645 538 791 573 venistis
818 542 850 572 et
878 537 1043 582 beneficio
1071 538 1196 582 populi
1234 537 1387 572 Romani
1414 548 1493 572 eum
1528 538 1676 582 privare
1713 539 1921 572 conamini?

170 613 240 648 qua
266 603 479 637 auctoritate
490 597 521 650 ?]
1937 614 1954 642 5

265 662 325 701 45.
357 674 390 700 c.
432 660 588 714 [Timere
622 674 683 698 ros
711 664 806 698 dixit
839 667 1041 703 accusator,
1072 673 1115 697 ne
1144 661 1302 697 Scaurus
1329 674 1371 697 ea
1397 665 1567 708 pecunia.
1605 674 1713 708 quam
1743 664 1788 697 ab
1816 664 1924 698 sociis

171 728 382 766 abstulisset,
415 731 541 762 emeret
569 726 807 766 consulatum,
839 730 882 765 et,
913 726 1004 760 sicut
1030 729 1133 770 pater
1159 726 1233 759 eius
1261 727 1410 768 fecisset,
1443 731 1536 765 ante,
1567 737 1675 771 quam
1704 727 1745 760 de
1763 738 1801 760 eo
1830 727 1925 760 iudi—

170 792 246 826 eari
271 794 403 835 posset,
442 791 698 835 mayistratum
734 790 842 823 iniret
870 800 912 824 ac
938 799 1064 823 rursus
1104 793 1185 823 ante
1218 789 1313 823 alias
1339 790 1548 833 provincias
1586 789 1779 834 spoliaret,
1817 799 1926 833 quam

168 854 346 888 rationem
372 853 508 897 prioris
535 852 866 887 administrationis
892 852 1077 886 recideret:
1109 856 1214 895 atque
1238 852 1330 885 hanc
1354 853 1470 895 ipsam
1495 851 1661 886 Triarius
1687 853 1927 886 accusatumts

171 921 241 951 tam
270 916 421 954 turbide,
454 920 528 950 tam
555 916 769 958 festinanter
797 925 819 947 a
846 925 881 948 se
908 918 1089 958 susceptae
1116 924 1263 948 causam
1298 909 1487 963 reddidit]
1546 912 1605 950 45.
1638 911 1675 949 d.
1723 910 1837 964 [Quid
1864 915 1978 953 homo

170 984 217 1015 est
241 979 424 1024 portenti?
459 979 547 1023 quid
574 979 639 1012 hoe
665 978 829 1022 prodiqii
863 981 912 1012 est
928 971 960 1026 1²]
1028 976 1157 1021 Quom
1196 986 1374 1024 purpura
1414 973 1561 1021 renalis
1589 986 1668 1012 non
1698 976 1927 1023 commovit,

172 1051 261 1077 eum
285 1038 506 1078 Sardorum
528 1044 758 1076 mastrucca
779 1037 979 1076 mutavit?
1008 1035 1194 1083 (lsidori
1214 1038 1372 1083 Etymol.
1393 1039 1452 1084 19,
1468 1038 1529 1084 ¹23,
1546 1037 1595 1085 5.)
1650 1038 1709 1075 45.
1734 1050 1768 1074 e.
1804 1035 1929 1089 [Nemo

170 1105 262 1139 enim
291 1105 378 1138 adeo
408 1104 533 1148 hospes
563 1105 599 1138 in
626 1104 695 1138 hac
721 1103 809 1137 urbe
836 1107 1013 1148 versatur,
1044 1107 1082 1136 ut
1108 1103 1381 1147 pereqrincntur
1414 1104 1488 1137 eius
1526 1112 1630 1136 aures
1662 1113 1773 1147 neque
1800 1104 1838 1136 in
1867 1103 1931 1138 hoc

171 1170 365 1212 pervaqato
393 1167 553 1201 civitatis
582 1177 742 1201 sermone
769 1171 964 1208 versentur,
995 1164 1044 1200 M.
1074 1164 1252 1200 Scaurum
1286 1166 1414 1200 vitrico
1442 1175 1505 1198 suo
1536 1164 1575 1199 L.
1611 1163 1714 1200 Sulla
1742 1167 1873 1200 ric-tore
1901 1171 1931 1201 et

172 1230 339 1274 munifico
368 1230 406 1264 in
432 1231 548 1265 socios
573 1231 750 1265 victoriae
774 1231 828 1264 ita
856 1230 1091 1264 abstinentem
1117 1230 1248 1272 fuisse,
1279 1234 1317 1262 ut
1343 1229 1437 1263 nihil
1472 1240 1583 1273 neque
1615 1229 1748 1263 donari
1773 1230 1844 1264 sibi
1870 1242 1926 1264 co-
1946 1238 1982 1267 ⁴5

173 1293 279 1327 luerit
308 1303 416 1338 neque
445 1293 490 1327 ab
518 1293 624 1327 hasta
651 1294 787 1327 emerit.
846 1291 924 1327 Hoc
951 1292 1038 1326 aliis
1065 1292 1235 1326 mirabile
1261 1292 1421 1326 videtur.-
1450 1291 1511 1326 ille
1529 1292 1671 1336 quidem
1691 1292 1797 1326 aliter
1816 1294 1933 1336 facere

172 1365 242 1390 non
268 1359 395 1400 potuit.
462 1354 677 1390 Meminerat
715 1356 809 1390 enim
835 1366 869 1389 se
901 1355 976 1389 eius
1014 1365 1085 1389 esse
1110 1354 1252 1399 filium,
1292 1355 1356 1399 qui
1381 1355 1565 1388 senatoria
1597 1356 1794 1394 sententia,
1834 1356 1933 1390 cuius

173 1422 250 1453 erat
278 1418 338 1452 ille
364 1419 542 1463 princeps,
575 1429 618 1453 ac
644 1423 733 1452 nutu
758 1428 870 1463 prope
897 1423 1077 1452 terrarum
1098 1417 1216 1451 orbem
1236 1411 1416 1466 rexisset]
1473 1415 1533 1452 45.
1566 1415 1588 1451 s.
1625 1412 1761 1466 [Quam
1781 1418 1823 1451 ob
1842 1429 1929 1457 rem,

175 1479 284 1516 Sardi
311 1481 465 1521 venales,
498 1482 635 1526 impero
663 1481 776 1520 vobis,
808 1475 860 1530 ut]
903 1477 978 1515 hoc
1007 1478 1168 1516 nomine
1195 1476 1347 1526 audito,
1379 1476 1489 1527 quod
1517 1489 1592 1527 per
1620 1489 1761 1515 omncs
1789 1484 1933 1527 gentos

175 1547 438 1593 pervagatum
469 1548 530 1579 est
560 1542 868 1588 (Arusianus
896 1553 938 1591 p.
958 1540 1044 1579 2:36.
1074 1540 1226 1589 Lind.),
1258 1539 1308 1577 de
1336 1539 1482 1578 familia
1512 1539 1635 1577 nobili
1664 1540 1738 1590 ipsi
1770 1552 1933 1591 quoque
1948 1550 1986 1579 20

176 1616 262 1642 cum
302 1604 412 1643 orbis
450 1609 650 1644 terrarum
688 1605 925 1644 auctoritate
970 1604 1167 1643 sentiatis.
1247 1603 1568 1651 (Ammianus
1604 1602 1934 1642 Marcellinus

175 1667 296 1716 XXII,
328 1680 414 1718 cap.
449 1669 531 1710 15.)

273 1730 332 1768 45.
364 1741 400 1779 g.
449 1727 567 1782 [Nunc
594 1731 644 1768 Μ.
679 1730 837 1767 Scaurus
877 1731 1046 1776 squalore
1080 1731 1268 1771 sordidus,
1308 1730 1472 1765 lacrimis
1501 1741 1542 1765 ac
1569 1740 1733 1765 maerore
1759 1732 1931 1775 perditus,

175 1798 285 1828 vester
325 1799 374 1828 est
414 1795 585 1839 supplex,
627 1795 782 1837 iudices,
823 1798 978 1828 cestram
1015 1795 1120 1838 fidem
1162 1794 1370 1837 obtestatur,
1414 1793 1705 1827 misericordiam
1748 1794 1931 1838 implorat,

176 1860 334 1892 vestram
357 1862 565 1902 potestatem
593 1869 636 1892 ac
662 1862 798 1892 vestras
827 1867 908 1902 opes
935 1858 1106 1892 intuetur.
1161 1855 1292 1895 Nolite,
1324 1867 1387 1901 per
1406 1857 1487 1890 deos
1510 1856 1754 1890 immortales!
1786 1857 1931 1896 iudices,
1949 1871 1986 1900 25

178 1921 392 1965 permittere,
422 1925 459 1954 ut
487 1920 531 1955 ab
560 1921 692 1965 iqnotis
728 1919 895 1958 testibus,
935 1919 980 1953 ab
1008 1919 1214 1953 hominibus
1251 1919 1420 1953 barbaris
1455 1920 1544 1953 civis
1581 1929 1623 1952 ac
1649 1919 1800 1963 supplex
1826 1925 1937 1953 cester

177 1993 248 2017 non
275 1983 390 2017 solum
419 1983 629 2023 consulatu,
661 1993 729 2027 quo
757 1994 792 2017 se
820 1983 1055 2017 honestiorem
1090 1984 1166 2025 sore
1192 1984 1357 2027 putavit,
1397 1993 1517 2017 verum
1553 1983 1661 2016 etiam
1698 1984 1819 2017 ceteris
1856 1987 1937 2017 ante

177 2047 292 2090 partis
321 2046 569 2080 honestatibus
597 2050 703 2090 atque
730 2045 1033 2090 omnildiqnitate
1059 2045 1277 2089 fortunaque
1302 2045 1479 2089 prii-etur.
1535 2043 1646 2089 Atque
1672 2046 1723 2079 ita
1744 2056 1804 2079 ros
1825 2044 1937 2079 Scau-

177 2118 251 2148 rus,
282 2108 429 2148 iudices,
463 2112 544 2142 orat
571 2112 677 2152 atque
705 2108 879 2149 obsecrat,
909 2108 941 2141 si
967 2108 1097 2142 iniuste
1123 2108 1299 2142 neminem
1326 2107 1442 2147 laesit,
1474 2108 1506 2141 si
1531 2108 1666 2141 nullius
1687 2118 1791 2142 aures
1811 2108 1937 2142 ‘colun-

180 2174 355 2216 tatemque
390 2171 560 2211 violavit,
600 2172 631 2205 si
657 2172 794 2205 nemini
821 2171 873 2216 (ut
902 2171 1078 2206 levissime
1114 2171 1249 2215 dicam)
1278 2171 1361 2206 odio
1397 2171 1481 2214 fuit.
1550 2168 1663 2205 Semel
1700 2175 1838 2205 tantum
1871 2172 1936 2206 has
1950 2182 1987 2212 30

176 2238 295 2278 partes
321 2235 436 2279 pietas
464 2236 497 2268 ei
522 2228 724 2283 imposuit.]

276 2293 336 2332 45.
369 2294 406 2332 h.
447 2295 547 2333 Nam
576 2306 667 2332 cum
697 2305 746 2331 ex
775 2292 910 2331 multis
940 2304 1046 2331 unus
1075 2292 1110 2330 ei
1139 2297 1315 2331 restaret
1341 2291 1551 2331 Dolabella
1578 2298 1774 2343 paternus
1803 2293 1937 2331 inimi—

178 2367 265 2405 cus,
295 2357 362 2407 qui
393 2369 483 2395 cum
513 2357 558 2403 Q.
591 2356 797 2407 Caepione
833 2356 1063 2406 propinquo
1103 2368 1175 2394 suo
1211 2361 1350 2393 contra
1389 2355 1587 2393 Scaurum
1623 2361 1779 2405 patrem
1819 2367 1936 2394 suum

180 2418 468 2469 obsignaverat
487 2418 658 2464 litteras,
680 2430 750 2457 eas
778 2418 853 2456 sibi
882 2418 1110 2456 inimicitias
1139 2431 1218 2456 non
1248 2423 1478 2468 susceptas,
1510 2417 1583 2455 sed
1612 2417 1774 2455 relictas
1806 2416 1937 2470 [pieta-

181 2484 226 2518 tis
253 2495 364 2519 causa
392 2485 565 2530 yeremias
593 2495 664 2518 esse
691 2483 955 2523 arbitrabatur,
988 2484 1190 2517 aemulatus
1219 2482 1267 2518 M.
1299 2487 1330 2517 et
1357 2482 1397 2518 L.
1430 2481 1608 2521 Lucullos,
1647 2484 1722 2527 qui,
1752 2485 1838 2528 pari
1862 2485 1936 2529 pie·
1951 2494 1987 2523 35

181 2550 250 2582 tate
276 2552 307 2582 et
336 2548 520 2582 industria
543 2547 718 2591 praediti,
750 2547 944 2581 admodum
982 2546 1217 2581 adolescentes
1247 2550 1420 2590 paternas
1456 2546 1670 2580 inimicitias
1698 2556 1831 2592 maqna
1857 2559 1936 2583 cum

181 2608 300 2654 yloria
325 2610 471 2653 fuerant
498 2603 705 2658 persecuti].
763 2605 1074 2653 (Asconius.)

280 2671 339 2710 45.
370 2669 396 2708 i.
442 2667 609 2722 [Quanta
635 2681 717 2706 vero
748 2670 888 2704 Triarii
911 2671 981 2713 suit
1008 2671 1185 2715 iniquitas
1212 2670 1457 2710 criminantis,
1488 2670 1583 2713 quod
1610 2674 1685 2704 tam
1707 2673 1936 2717 maqnificam

184 2734 327 2769 domum
355 2733 514 2770 Scaurus
541 2734 706 2768 haberet!
760 2731 787 2767 0
811 2733 971 2777 priscum
999 2743 1177 2767 censorem
1205 2743 1247 2766 ac
1273 2741 1444 2770 severum,
1473 2742 1537 2775 per
1563 2742 1665 2776 quem
1691 2742 1734 2766 ne
1760 2734 1936 2769 honorato

183 2797 324 2840 quidem
353 2797 492 2831 homini
519 2801 549 2831 et
576 2796 736 2841 principi
772 2795 876 2829 liceat
903 2795 1034 2829 habere
1061 2795 1285 2829 commodam
1312 2799 1344 2828 et
1369 2794 1512 2837 plenam
1541 2794 1728 2838 diqnitatis
1756 2793 1931 2847 domum]
1949 2803 1987 2834 40

183 2857 423 2906 praesertim
451 2868 542 2894 cum
579 2855 863 2906 propinquitas
905 2860 945 2893 et
972 2854 1189 2893 celebritas
1217 2854 1292 2892 loci
1323 2853 1598 2904 suspicionem
1627 2852 1807 2894 desidiae
1825 2856 1937 2895 tollat

186 2922 254 2955 aut
282 2917 527 2968 cupiditatis
585 2916 899 2965 (Asconius.)

283 2982 342 3020 45.
372 2981 411 3019 k.
455 2978 593 3033 [Quam
629 2993 712 3018 vero
746 2981 940 3016 insolenter
967 2986 1029 3016 tua
1055 2992 1089 3016 se
1116 2981 1298 3022 iactabat,
1333 2979 1474 3019 Triari,
1517 2981 1652 3025 oratio,
1690 2993 1769 3016 cum
1805 2985 1936 3018 diceres

189 3042 346 3079 Lucullei
386 3046 581 3079 marmoris
621 3045 891 3083 columnarum,
935 3045 1088 3088 quasin
1117 3045 1214 3077 atrio
1253 3041 1384 3077 Scauri
1423 3042 1615 3077 collocatas
1654 3045 1832 3086 videmus,
1873 3058 1937 3091 per·

187 3107 308 3142 urbem
332 3112 476 3152 praeter
501 3108 628 3153 fictilia
655 3109 803 3142 deorum
829 3107 980 3151 sastiqia
1007 3108 1045 3140 in
1070 3107 1255 3150 privatam
1283 3105 1427 3138 domum
1462 3110 1577 3140 vectas
1604 3117 1674 3140 esse
1706 3112 1825 3142 tantas
1855 3119 1933 3142 mo-
1949 3113 1985 3144 45

191 3168 251 3212 les,
278 3173 316 3204 ut
341 3171 516 3204 satisdari
548 3170 618 3203 sibi
654 3170 780 3203 damni
816 3169 935 3211 insecti
969 3169 1119 3212 coe'yerit
1158 3168 1359 3211 redemptor
1398 3166 1622 3208 cloacarum,
1654 3180 1732 3203 cum
1761 3171 1795 3203 in
1824 3169 1934 3204 Pala-

278 3306 330 3339 34.
361 3308 486 3339 litteras
509 3308 626 3339 Beier:
651 3311 792 3340 stateras
815 3307 918 3342 codd,
947 3325 982 3330 —
1015 3308 1147 3340 relictas
1169 3307 1284 3338 Beier:
1312 3307 1435 3339 relatas
1458 3307 1561 3339 codd.
