2249 3624
291 116 373 157 586
1004 121 1143 162 CATO
1174 122 1347 162 MAIOR

292 227 515 268 sustinere.
580 229 684 270 Cato.
727 231 826 269 Rem
865 229 977 268 haud
1016 242 1140 275 sane,
1185 229 1323 282 Scipio
1360 233 1401 268 et
1437 230 1574 277 Laeli,
1618 228 1827 270 difficilem
1861 232 2055 274 admirari

290 288 509 329 videmini.
559 291 722 338 Quibus
755 293 864 332 enim
897 292 999 331 nihil
1032 297 1094 331 est
1124 291 1166 330 in
1196 291 1297 343 ipsis
1329 292 1421 343 opis
1452 291 1502 331 ad
1534 292 1641 331 bene
1672 292 1881 348 beateque
1912 296 2056 336 viven-

291 353 408 401 dum,
455 355 515 394 eis
560 355 692 393 imnis
736 361 850 394 aetas
890 354 1027 406 gravis
1070 359 1154 392 est:
1195 353 1265 405 qui
1307 359 1446 392 autem
1487 355 1626 393 omnia
1665 354 1774 395 bona
1813 370 1836 396 a
1874 371 1917 397 se
1954 359 2056 411 ipsis

290 422 457 470 petunt,
494 417 545 456 iis
584 417 685 455 nibil
725 421 863 468 potest
895 415 1049 454 malum
1082 415 1232 461 videri,
1274 416 1387 468 quod
1419 421 1594 455 naturae
1625 419 1852 458 necessitas
1884 420 2056 460 adferat.

258 479 386 527 5Quo
426 480 469 519 in
508 492 660 531 genere
702 484 764 517 est
803 479 847 517 in
887 478 1033 530 primis
1071 482 1292 524 senectus,
1341 491 1465 530 quam
1505 484 1550 517 ut
1588 478 1875 532 adipiscantur
1912 495 2058 523 omnes

291 546 457 594 optant,
490 541 664 581 eandem
697 544 892 579 accusant
922 540 1136 591 adeptam:
1170 545 1283 579 tanta
1315 546 1377 580 est
1408 541 1607 580 stultitiae
1630 541 1910 582 inconstantia
1931 548 2058 596 atque

292 603 554 655 perversitas.
605 602 817 654 Obrepere
848 602 967 640 aiunt
998 615 1087 641 eam
1120 602 1240 641 citius
1273 616 1397 654 quam
1430 604 1704 655 putavissent.
1755 604 1937 644 Primum
1964 607 2058 658 quis

289 666 425 717 coegit
456 679 529 705 eos
560 665 711 705 falsum
745 665 920 717 putare?
954 663 1035 711 Qui
1068 664 1179 703 enim
1212 665 1331 704 citius
1364 665 1675 705 adulescentiae
1708 672 1900 706 senectus
1933 681 2058 721 quam

289 727 495 779 pueritiae
526 726 814 767 adulescentia
847 726 1041 780 obrepit?
1084 725 1243 765 Deinde
1277 727 1346 779 qui
1379 727 1517 766 minus
1550 728 1686 779 gravis
1719 733 1828 768 esset
1856 728 1906 768 iis
1938 743 2061 770 sene-

239 792 274 821 40
290 794 393 835 ctus,
426 789 459 828 si
491 789 885 841 octingentesimum
918 802 1073 828 annum
1102 794 1274 837 agerent
1303 802 1427 841 quam
1456 788 1789 841 octogesimum?
1828 792 2060 833 Praeterita

289 850 397 890 enim
430 856 544 890 aetas
577 851 767 905 quamvis
800 851 944 903 longa,
987 865 1081 890 cum
1115 851 1370 897 effluxisset,
1408 850 1523 890 nulla
1555 852 1843 893 consolatione
1875 855 2060 906 permul-

289 925 382 951 cere
423 920 569 965 posset
608 913 775 953 stultam
817 918 1091 953 senectutem.
1151 913 1191 954 5.
1234 913 1442 962 Quocirca
1474 915 1508 953 si
1540 914 1790 966 sapientiam
1823 929 1955 956 meam
1988 917 2060 956 ad-

289 974 430 1013 mirari
470 976 614 1016 soletis
653 1001 707 1006 ——
747 989 856 1029 quae
896 976 1055 1016 utinam
1099 977 1225 1028 digna
1264 980 1376 1016 esset
1416 976 1616 1028 opinione
1655 982 1790 1016 vestra
1828 983 2060 1031 nostroque

288 1038 568 1088 cognomine!
603 1061 657 1066 —
689 1039 731 1078 in
763 1039 843 1078 hoc
876 1052 1019 1078 sumus
1051 1039 1277 1092 sapientes,
1311 1038 1424 1091 quod
1458 1045 1648 1077 naturam
1672 1045 1886 1092 optumam
1909 1039 2059 1081 ducem

237 1103 500 1151 ⁴5tamquam
544 1100 668 1140 deum
711 1101 928 1154 sequimur
968 1100 1095 1153 eique
1139 1114 1362 1152 paremus:
1404 1113 1427 1139 a
1459 1114 1542 1153 qua
1580 1114 1666 1139 non
1698 1102 1786 1141 veri
1817 1102 1953 1142 simile
1985 1109 2060 1152 est,

289 1173 382 1199 cum
421 1167 582 1202 ceterae
616 1170 753 1215 partes
786 1164 931 1203 aetatis
963 1163 1070 1202 bene
1103 1162 1340 1215 descriptae
1373 1162 1478 1209 sint,
1523 1168 1756 1203 extremum
1787 1171 1924 1205 actum
1958 1171 2062 1206 tam-

290 1235 415 1275 quam
449 1223 499 1263 ab
531 1225 654 1265 inerti
685 1232 809 1279 poeta
841 1239 933 1265 esse
964 1225 1218 1275 neglectum.
1265 1224 1345 1264 Sed
1379 1230 1517 1264 tamen
1550 1238 1724 1265 necesse
1754 1225 1833 1265 fuit
1864 1240 1955 1267 esse
1986 1229 2063 1268 ali-

288 1286 390 1337 quid
423 1292 657 1328 extremum
690 1294 743 1336 et,
775 1294 987 1341 tamquam
1020 1288 1062 1327 in
1084 1287 1280 1326 arborum
1304 1286 1416 1326 bacis
1439 1291 1660 1340 terraeque
1682 1287 1904 1336 fructibus,
1928 1297 2063 1330 matu-

288 1349 409 1388 ritate
440 1351 691 1403 tempestiva
723 1350 844 1403 quasi
876 1350 1031 1389 vietum
1066 1354 1106 1388 et
1137 1349 1352 1395 caducum,
1386 1348 1499 1401 quod
1533 1348 1755 1389 ferundum
1788 1358 1850 1392 est
1881 1353 2064 1393 molliter

236 1412 481 1463 20sapienti.
550 1412 663 1460 Quid
707 1418 770 1452 est
809 1413 918 1452 enim
957 1411 1070 1451 aliud
1111 1411 1336 1463 Gigantum
1378 1410 1500 1450 modo
1539 1411 1695 1451 bellare
1735 1426 1828 1452 cum
1867 1414 1931 1454 dis
1980 1415 2062 1456 nisi

287 1479 459 1513 naturae
489 1476 756 1527 repugnare?
817 1473 853 1513 6.
887 1474 1062 1514 Laelius.
1095 1473 1239 1526 Atqui,
1267 1473 1388 1520 Cato,
1411 1474 1694 1525 gratissimum
1716 1475 1850 1523 nobis,
1872 1482 1918 1516 ut
1939 1477 2062 1517 etiam

285 1549 360 1589 pro
393 1535 590 1588 Scipione
622 1537 836 1590 pollicear,
868 1536 1031 1583 feceris,
1063 1536 1118 1582 si,
1153 1535 1352 1588 quoniam
1386 1549 1626 1588 speramus,
1659 1537 1854 1577 volumus
1888 1538 2061 1592 quidem

287 1603 399 1637 certe
432 1611 553 1638 senes
585 1597 694 1645 fieri,
728 1600 860 1639 multo
893 1606 989 1639 ante
1022 1612 1044 1638 a
1075 1605 1115 1638 te
1149 1598 1442 1643 didicerimus,
1477 1599 1629 1651 quibus
1662 1598 1857 1639 facillime
1888 1601 2064 1641 rationi-

287 1660 364 1699 bus
396 1660 753 1712 ingravescentem
793 1668 970 1701 aetatem
1008 1661 1117 1701 ferre
1150 1662 1374 1714 possimus.
1436 1662 1545 1701 Cato.
1578 1662 1742 1701 Faciam
1775 1675 1896 1710 vero,
1934 1662 2063 1710 Laeli,

236 1724 533 1775 25praeserti1n
566 1724 600 1763 si
633 1724 804 1777 utrique
836 1730 1044 1770 vestrum,
1088 1729 1133 1763 ut
1164 1723 1294 1769 dicis,
1337 1728 1499 1775 gratum
1532 1723 1718 1764 futurum
1753 1730 1828 1764 est.
1888 1725 2064 1764 Laelius.

287 1786 493 1824 Volumus
525 1799 638 1833 sane,
671 1787 750 1826 nisi
784 1787 1004 1826 molestum
1037 1792 1112 1831 est,
1147 1786 1262 1831 Cato,
1298 1790 1512 1838 tamquam
1546 1786 1714 1838 longam
1748 1787 1931 1841 aliquam
1953 1788 2064 1827 viam

288 1847 538 1894 confeceris,
573 1862 699 1902 quam
732 1850 852 1888 nobis
884 1862 1053 1902 quoque
1084 1848 1408 1901 ingrediundum
1442 1848 1517 1895 sit,
1550 1848 1670 1896 istuc,
1703 1863 1787 1902 quo
1819 1850 2064 1902 pervenisti,

287 1910 429 1950 videre
463 1911 587 1964 quale
621 1912 685 1951 sit.

402 1974 471 2030 ΙΙΙ.
509 1971 549 2012 7.
595 1974 703 2013 Calo.
742 1974 929 2020 Faciam,
970 1978 1015 2013 ut
1046 1980 1214 2027 potero,
1257 1973 1384 2013 Laeli.
1447 1974 1582 2026 Saepe
1614 1975 1722 2014 enim
1756 1974 1927 2014 interfui
1960 1987 2065 2027 que-

236 2042 273 2072 30
288 2036 385 2075 relis
417 2036 656 2088 aequalium
691 2050 876 2076 meorum
915 2059 968 2065 —
1009 2050 1130 2089 pares
1162 2041 1301 2075 autem
1336 2042 1475 2075 vetere
1507 2036 1732 2088 proverbio
1766 2050 1859 2075 cum
1892 2036 2062 2088 paribus

287 2098 484 2138 facillime
517 2105 825 2151 congregantur
857 2122 932 2146 -—,
973 2112 1082 2152 quae
1117 2098 1158 2137 C.
1194 2099 1423 2145 Salinator,
1457 2111 1564 2152 quae
1598 2099 1667 2151 Sp.
1701 2099 1898 2144 Albinus,
1930 2098 2065 2138 homi-

288 2175 362 2200 nes
395 2162 658 2208 consulares,
692 2163 821 2200 nostri
855 2161 941 2200 sere
974 2161 1194 2214 aequales,
1229 2161 1450 2213 deplorare
1483 2161 1694 2207 solebant,
1728 2167 1814 2200 tum
1847 2160 1958 2214 quod
1991 2173 2065 2199 vo-

288 2223 516 2276 luptatibus
548 2230 751 2270 carerent,
784 2225 873 2263 sine
906 2225 1058 2276 quibus
1091 2223 1218 2263 vitam
1252 2223 1410 2262 nullam
1444 2229 1651 2276 putarent,
1686 2228 1770 2263 tum
1804 2223 1917 2275 quod
1950 2236 2065 2275 sper-

289 2292 489 2326 nerentur
520 2287 570 2325 ab
604 2287 676 2333 iis,
709 2300 731 2325 a
763 2286 916 2340 quibus
950 2292 1090 2326 essent
1121 2286 1201 2325 coli
1235 2285 1360 2325 soliti.
1413 2285 1495 2333 Qui
1519 2285 1620 2325 mibi
1642 2299 1725 2325 non
1748 2285 1789 2324 id
1817 2285 2065 2324 videbantur

375 2456 404 2485 4.
432 2455 512 2484 haul
534 2463 612 2484 sane
635 2458 667 2485 cl
690 2464 707 2483 o
732 2455 832 2493 scipio
857 2455 867 2484 1
898 2471 931 2475 -
959 2458 988 2483 e!
1013 2462 1083 2484 om.
1102 2454 1150 2488 Β;
1178 2457 1206 2484 ει
1231 2463 1248 2483 0
1272 2453 1325 2484 leli
1350 2454 1373 2484 R
1402 2470 1436 2475 —
1465 2452 1495 2484 3.
1523 2453 1568 2483 eis
1592 2453 1667 2484 EP:
1694 2452 1742 2483 his
1767 2452 1895 2489 BIRS,
1921 2452 1963 2483 iis
1983 2452 2008 2483 Ο
2027 2468 2061 2474 -

287 2505 435 2536 omnibus
461 2506 505 2536 111
535 2520 567 2526 —
596 2505 659 2543 ipsi
684 2503 753 2536 ΡΡι1
784 2522 812 2525 —
843 2504 873 2535 4.
902 2504 946 2534 eis
971 2504 1006 2539 E,
1033 2505 1081 2534 heis
1106 2505 1217 2534 BIRS
1245 2521 1279 2526 —
1305 2504 1386 2533 mali
1411 2506 1514 2541 polest
1539 2503 1562 2534 E
1592 2520 1624 2524 —
1653 2503 1682 2533 5.
1710 2503 1744 2532 in
1763 2502 1882 2541 primis
1906 2506 1952 2532 est
1975 2501 1999 2532 R
2027 2517 2062 2523 —-

289 2556 319 2586 6.
345 2556 500 2593 adeptam
524 2556 547 2586 B
564 2556 573 2585 l
589 2557 611 2586 P
627 2556 649 2585 R
665 2555 709 2585 S:
746 2555 855 2594 adepti
880 2554 903 2585 E
936 2572 978 2576 —
1012 2555 1092 2584 inest
1119 2555 1140 2584 1⁴]
1158 2555 1180 2584 R
1218 2572 1249 2575 —
1283 2553 1427 2584 slulliria
1456 2554 1478 2583 R
1512 2569 1546 2573 —
1581 2552 1612 2583 7.
1641 2552 1737 2582 citius
1759 2560 1833 2582 eam
1857 2552 1953 2582 aiunt
1977 2550 2001 2581 E
2029 2567 2064 2573 —-

285 2608 455 2644 putassent
480 2606 504 2636 R
545 2623 577 2627 —
616 2605 635 2636 8
674 2606 759 2645 coyil
785 2606 806 2635 B
846 2622 879 2626 —
917 2604 1040 2643 falsam
1066 2603 1253 2634 dullilarel
1295 2620 1327 2624 —
1370 2603 1455 2642 Quid
1479 2602 1588 2632 enim?
1620 2602 1716 2632 cilius
1748 2601 1796 2637 Ο;
1834 2602 1868 2631 at
1894 2600 1936 2631 cl'.
1963 2601 2064 2632 Tuso.

289 2655 328 2691 V,
348 2654 419 2693 §89
439 2655 585 2695 ei§109
616 2673 647 2676 —
676 2656 706 2686 9,
726 2657 766 2686 iis
786 2656 824 2686 P:
852 2663 896 2685 eis
921 2655 964 2693 E,
990 2655 1038 2684 his
1064 2654 1174 2684 BlRS
1202 2671 1236 2675 —
1266 2653 1317 2684 40.
1342 2655 1477 2692 agerent
1501 2660 1627 2682 annum
1653 2651 1742 2681 BRS
1767 2668 1808 2672 —
1832 2658 1935 2690 qaam
1959 2653 2064 2689 octog.

289 2705 312 2734 P
337 2704 456 2734 addito
481 2706 506 2734 si
532 2707 610 2745 post
635 2714 734 2743 quam
768 2713 812 2735 m.
840 2705 859 2735 2
895 2722 937 2726 —-
968 2706 1145 2743 praeterea
1169 2704 1193 2733 B
1235 2720 1266 2723 —
1311 2702 1360 2732 lt.
1387 2701 1486 2741 enim]
1512 2704 1624 2732 aulem
1647 2701 1721 2737 ΒΞ,
1755 2708 1823 2731 om.
1852 2699 1876 2730 E
1915 2716 1950 2721 —
1989 2699 2067 2738 post

288 2755 438 2793 quamn-is
462 2757 516 2785 est
540 2757 571 2786 in
599 2756 622 2785 R
649 2764 754 2795 parva
781 2763 901 2785 rasura
931 2771 964 2776 -
993 2753 1214 2784 consolatione
1240 2752 1300 2782 El:
1328 2751 1507 2782 consolatio
1533 2751 1656 2782 BPRS
1685 2768 1718 2772 ——
1748 2750 1799 2781 43.
1827 2749 2067 2779 ammiracione

290 2804 319 2840 1,
347 2804 409 2834 sed
436 2804 500 2834 ead
542 2814 587 2835 m.
616 2806 789 2844 oppinione
814 2812 991 2845 suprascr.
1023 2822 1056 2825 —
1091 2806 1265 2841 uestroque
1291 2802 1332 2837 R,
1361 2801 1423 2832 sed
1450 2809 1542 2831 corr.
1569 2804 1680 2830 noslro
1708 2817 1742 2822 -
1776 2800 1828 2831 45.
1856 2802 2018 2838 tanquam
2040 2798 2064 2829 B

289 2855 323 2883 et
347 2853 397 2884 sic
422 2853 630 2895 plerumque
656 2873 697 2877 -
723 2855 762 2885 46
802 2854 921 2885 malim
947 2853 1135 2891 discriptae,
1163 2854 1197 2882 ut
1223 2852 1265 2883 sit
1292 2852 1385 2882 idem
1411 2850 1506 2891 quod
1533 2848 1783 2881 «distributae»
1809 2867 1843 2872 —
1877 2849 1928 2880 48.
1945 2847 2066 2888 fructi-

289 2903 347 2934 bus
371 2902 393 2932 B
412 2903 553 2935 ElPS:
587 2904 738 2943 fruyibns
765 2905 851 2938 RO;
889 2903 931 2934 cf.
961 2903 1074 2934 Madv.
1104 2903 1229 2942 Opusc.
1259 2902 1306 2939 ΙΙ,
1335 2901 1390 2931 274
1435 2918 1469 2922 —
1510 2900 1562 2931 49.
1589 2901 1736 2939 uiyetum
1762 2899 1820 2930 BS
1854 2916 1888 2920 —
1926 2897 2067 2929 molliter

287 2954 458 2994 ferendum
483 2957 526 2983 esi
552 2954 581 2984 1:
618 2955 703 2992 quod
726 2954 904 2992 ferundum
927 2957 971 2983 esi
994 2953 1139 2983 wolliler
1162 2952 1302 2989 sapienti
1327 2952 1457 2982 Nonius
1482 2959 1517 2990 p.
1537 2950 1612 2986 347,
1633 2950 1652 2981 4
1682 2967 1713 2971 —
1748 2949 1800 2980 σ20.
1821 2952 1866 2979 esl
1889 2949 1974 2980 enim
1999 2948 2063 2979 lP:

289 3004 376 3035 enim
400 3008 442 3033 cst
470 3003 541 3040 RS,
568 3008 611 3034 est
637 3013 706 3034 om.
728 3004 770 3042 Β,
797 3006 882 3034 enim
908 3011 977 3034 om,
998 3003 1022 3033 E
1052 3019 1085 3023 —-
1113 3002 1299 3040 qiyanlinm
1326 3001 1348 3031 E
1377 3018 1410 3022 -
1438 3008 1530 3030 more
1553 3001 1584 3036 Ι,
1611 2999 1675 3031 sed
1699 2999 1796 3029 modo
1821 2998 1886 3029 ead
1920 3006 1966 3029 m.
1986 3006 2063 3038 sup.

290 3051 346 3083 lin.
380 3070 408 3073 —-
450 3053 500 3082 21.
527 3062 717 3093 rcpuynare
740 3058 860 3084 nature
886 3054 893 3083 l
924 3071 956 3074 -
991 3053 1043 3083 22.
1067 3051 1228 3090 pollicear
1250 3060 1311 3089 pro
1336 3051 1477 3088 scipione
1504 3051 1514 3081 1
1542 3066 1575 3071 -
1610 3049 1663 3080 26.
1691 3053 1863 3087 tamquam
1887 3057 1956 3079 om.
1977 3049 2000 3079 P
2028 3064 2063 3069 —

289 3102 440 3141 aliquam
462 3103 596 3142 longam
621 3104 671 3135 lR
714 3122 743 3125 -
784 3104 837 3134 27.
864 3111 931 3141 qua
955 3102 975 3132 S
1008 3109 1127 3131 rasura
1154 3100 1283 3130 sactum
1310 3109 1351 3129 ex
1377 3099 1445 3137 qua
1482 3116 1516 3120 —
1556 3099 1806 3138 ingrediendum
1833 3096 1901 3128 [³20
1939 3114 1973 3118 —
2012 3096 2064 3128 30.

294 3160 442 3183 meorum
467 3154 657 3191 aequalium
682 3154 726 3184 10
758 3172 789 3175 —
814 3162 915 3193 pares
939 3156 1048 3182 aulem
1072 3160 1147 3181 cum
1168 3150 1307 3188 paribus
1333 3155 1439 3180 uetere
1458 3158 1556 3188 prou.
1577 3150 1601 3180 R
1624 3167 1656 3170 —
1686 3149 1788 3180 ueteri
1812 3148 1832 3179 S
1859 3164 1893 3169 —
1923 3147 1974 3178 34.
1995 3146 2033 3178 G.
2051 3150 2067 3183 Ι

293 3223 327 3229 -
362 3205 494 3243 spurius
518 3204 550 3240 Ι,
584 3205 737 3241 superius
761 3203 785 3234 E
825 3220 859 3225 —
898 3202 951 3234 32.
979 3202 1059 3234 Cum
1083 3201 1169 3241 quod
1194 3201 1204 3231 l
1244 3218 1279 3222 —
1317 3200 1504 3239 uoluptates
1527 3200 1550 3232 P
1588 3217 1623 3222 -
1661 3198 1714 3231 34.
1742 3198 1783 3229 ab
1806 3198 1857 3230 his
1880 3197 2002 3230 BIRS
2029 3213 2064 3220 —

290 3255 445 3288 uidenlur
468 3262 628 3286 accusare
651 3263 716 3285 non
742 3254 774 3284 id
798 3254 821 3285 1.
