2249 3624
339 151 420 192 256
774 152 1200 193 TUSCULANARUM
1228 153 1663 195 DISPUTATIONUM

337 257 600 312 philosophia
630 262 688 297 tot
719 257 884 297 saecula
914 264 1141 310 permanet.
1193 260 1315 308 Quod
1346 261 1444 301 huic
1467 259 1670 308 officium,
1703 272 1810 313 quae
1838 259 1949 306 laus,
1981 260 2092 312 quod

339 322 465 361 decus
506 322 583 360 erit
621 319 722 360 tanti
762 319 875 372 quod
915 320 1088 374 adipisci
1128 336 1220 362 cum
1252 323 1395 363 dolore
1429 323 1612 375 corporis
1644 322 1764 369 velit,
1804 322 1877 375 qui
1908 321 2094 362 dolorem

339 396 546 423 summum
585 382 739 421 malum
781 381 859 421 sibi
896 395 987 421 esse
1026 385 1314 435 persuaserit?
1362 385 1496 433 Quam
1528 397 1651 437 porro
1684 384 1779 437 quis
1810 384 2094 436 ignominiam,

338 460 464 500 quam
503 444 807 498 turpitudinem
838 457 921 483 non
952 446 1188 497 pertulerit,
1229 452 1275 487 ut
1306 448 1473 500 effugiat
1504 446 1711 494 dolorem,
1749 446 1783 485 si
1814 446 1855 485 id
1888 460 2095 486 summum

306 508 491 548 5malum
531 521 623 547 esse
662 505 920 546 decreverit?
977 507 1080 555 Quis
1118 514 1256 548 autem
1295 523 1379 549 non
1417 510 1542 549 miser
1571 522 1655 548 non
1687 509 1812 548 modo
1843 513 1960 556 tunc,
2001 523 2095 549 cum

336 575 550 623 premetur
588 569 758 608 summis
799 569 1034 617 doloribus,
1077 571 1110 610 si
1146 571 1188 610 in
1219 571 1286 610 his
1317 577 1379 611 est
1415 585 1622 611 summum
1653 571 1825 618 malum,
1866 571 1940 611 sed
1972 573 2095 612 etiam

337 646 430 672 cum
461 632 564 671 sciet
594 631 635 670 id
668 631 745 671 sibi
785 645 908 684 posse
941 634 1137 673 evenire?
1180 638 1222 673 et
1252 634 1345 687 quis
1378 640 1441 674 est
1471 634 1538 673 cui
1570 646 1655 672 non
1686 633 1848 685 possit?
1885 634 1946 673 Ita
1975 633 2021 674 fit
2051 639 2097 674 ut

335 694 502 734 omnino
534 706 656 733 nemo
689 707 780 734 esse
812 695 945 747 possit
974 695 1133 735 beatus.
1195 692 1258 734 1³17.
1290 695 1554 735 Metrodorus
1588 695 1757 748 quidem
1789 695 1973 748 perfecte
2001 709 2095 736 eum

334 756 498 796 beatum
533 761 667 808 putat,
700 756 766 795 cui
799 770 947 810 corpus
977 757 1084 797 bene
1117 759 1386 797 constitutum
1420 758 1471 797 sit
1503 762 1544 797 et
1566 757 1827 810 exploratum
1850 758 1906 798 ita
1933 772 2098 811 semper

287 826 320 856 10
334 818 437 858 fore.
482 818 585 866 Quis
616 824 754 858 autem
786 825 847 859 est
878 820 980 867 iste,
1012 820 1078 859 cui
1109 820 1151 859 id
1183 820 1446 872 exploratum
1478 820 1612 873 possit
1638 822 1759 860 esse?

446 881 534 919 Vll.
567 881 774 933 Epicurus
808 895 906 921 vero
938 895 985 921 ea
1017 882 1135 930 dicit,
1167 888 1214 922 ut
1244 883 1345 922 mihi
1379 882 1546 936 quidem
1574 883 1684 922 risus
1707 888 1872 935 captare
1894 883 2095 923 videatur.

333 942 535 983 Adfirmat
565 944 674 983 enim
707 944 890 997 quodam
921 944 1033 992 loco,
1066 945 1099 984 si
1132 950 1276 984 uratur
1307 945 1496 998 sapiens,
1529 945 1563 984 si
1594 945 1801 984 crucietur
1822 967 1876 974 —
1898 951 2096 998 expectas

332 1006 510 1046 fortasse
532 1004 630 1044 dum
658 1005 780 1053 dicat,
812 1007 1005 1059 patietur,
1038 1007 1227 1060 perferet,
1256 1020 1339 1046 non
1362 1008 1623 1047 succumbet:
1657 1020 1805 1060 magna
1827 1021 1892 1047 me
1917 1008 2095 1047 Hercule

333 1069 423 1109 laus
456 1073 495 1108 et
526 1081 575 1108 eo
607 1067 718 1122 ipso,
747 1082 823 1121 per
854 1082 978 1122 quem
1010 1070 1163 1117 iuravi,
1197 1066 1407 1123 [Hercule]
1436 1069 1582 1122 digna:
1614 1070 1687 1109 sed
1709 1070 1904 1122 Epicuro,
1934 1069 2095 1109 homini

284 1140 318 1169 45
333 1145 481 1185 aspero
522 1136 563 1171 et
604 1130 729 1178 duro,
775 1145 859 1171 non
902 1137 963 1171 est
1003 1131 1080 1171 hoc
1113 1132 1231 1171 satis:
1280 1130 1320 1170 in
1353 1131 1585 1172 Phalaridis
1616 1139 1735 1172 tauro
1769 1132 1802 1172 si
1835 1132 1930 1179 erit,
1963 1132 2095 1171 dicet:

335 1195 497 1243 «Quam
520 1207 645 1234 suave
668 1194 753 1233 est!
780 1207 903 1247 quam
921 1194 999 1233 hoc
1017 1208 1100 1233 non
1119 1207 1219 1233 curo
1237 1194 1272 1232 1»
1309 1194 1443 1233 Suave
1462 1195 1615 1234 etiam?
1639 1208 1690 1235 an
1708 1208 1852 1248 parum
1869 1200 1943 1242 est,
1961 1194 1994 1234 si
2012 1208 2095 1234 non

332 1259 548 1297 amarum?
591 1257 643 1296 At
673 1257 714 1296 id
746 1256 917 1309 quidem
949 1257 1009 1295 illi
1039 1256 1138 1310 ipsi,
1173 1257 1244 1309 qui
1276 1256 1463 1296 dolorem
1497 1257 1650 1296 malum
1685 1270 1774 1297 esse
1806 1262 1978 1310 negant,
2010 1270 2094 1296 non

334 1319 470 1358 solent
502 1318 661 1365 dicere,
695 1321 888 1372 cuiquam
920 1332 1045 1359 suave
1075 1332 1166 1358 esse
1189 1319 1385 1358 cruciari:
1417 1333 1633 1372 asperum,
1666 1319 1856 1366 difficile,
1889 1319 2095 1366 odiosum,

333 1386 477 1421 contra
508 1385 697 1420 naturam
728 1381 893 1428 dicunt,
935 1395 1011 1421 nec
1042 1386 1177 1421 tamen
1209 1383 1375 1422 malum.
1425 1382 1522 1429 Hic,
1561 1383 1633 1435 qui
1665 1382 1802 1422 solum
1833 1382 1912 1421 hoc
1942 1381 2096 1421 malum

283 1453 319 1482 20
335 1443 434 1483 dicit
472 1448 513 1482 et
552 1443 755 1483 malorum
787 1443 971 1482 omnium
1003 1449 1256 1491 extremum,
1297 1445 1527 1497 sapientem
1560 1450 1702 1484 censet
1732 1443 1773 1484 id
1805 1457 1932 1483 suave
1964 1443 2096 1483 dictu-

332 1519 437 1546 rum.
489 1502 553 1544 ¹18.
586 1506 671 1558 Ego
703 1519 726 1545 a
757 1511 795 1545 te
828 1519 912 1544 non
944 1506 1128 1558 postulo,
1161 1513 1206 1546 ut
1237 1507 1424 1547 dolorem
1457 1506 1612 1546 eisdem
1646 1507 1782 1547 verbis
1813 1504 1982 1546 adficias
2005 1507 2096 1560 qui-

331 1568 407 1608 bus
447 1568 672 1620 Epicurus,
717 1568 861 1615 homo,
907 1573 952 1607 ut
988 1568 1090 1616 scis,
1138 1570 1411 1622 voluptarius.
1464 1569 1539 1608 Ille
1580 1569 1731 1609 dixerit
1771 1583 1871 1609 sane
1908 1570 2019 1609 idem
2050 1571 2092 1609 in

331 1629 562 1670 Phalaridis
594 1635 731 1677 tauro,
764 1629 898 1683 quod,
931 1631 964 1669 si
997 1636 1106 1670 esset
1136 1632 1178 1670 in
1210 1631 1385 1671 lectulo:
1430 1644 1505 1683 ego
1538 1636 1692 1671 tantam
1726 1631 1808 1671 vim
1840 1645 1924 1671 non
1956 1632 2091 1671 tribuo

331 1693 559 1746 sapientiae
591 1697 735 1732 contra
766 1693 963 1732 dolorem.
997 1693 1040 1732 Si
1060 1692 1179 1733 fortis
1203 1699 1266 1733 est
1286 1694 1328 1733 in
1351 1693 1614 1746 perferendo,
1647 1693 1784 1733 officio
1808 1694 1907 1734 satis
1931 1699 2013 1734 est:
2046 1699 2092 1734 ut

281 1755 510 1796 25laetetur
551 1755 693 1803 etiam,
733 1768 817 1794 non
858 1755 1042 1808 postulo.
1099 1755 1245 1795 Tristis
1285 1756 1394 1795 enim
1434 1770 1498 1796 res
1531 1761 1593 1796 est
1624 1756 1713 1795 sine
1746 1756 1892 1803 dubio,
1924 1769 2090 1809 aspera,

331 1831 482 1865 amara,
509 1818 674 1857 inimica
697 1823 884 1865 naturae,
907 1817 958 1857 ad
982 1817 1225 1871 patiendum
1247 1817 1595 1872 tolerandumque
1616 1818 1811 1858 difficilis.
1853 1815 1918 1858 «19.
1939 1819 2090 1871 Aspice

329 1881 616 1929 Philoctetam,
648 1880 714 1920 cui
744 1880 1060 1921 concedendum
1082 1885 1143 1920 est
1165 1880 1370 1933 gementi;
1400 1882 1537 1934 ipsum
1555 1880 1666 1920 enim
1687 1881 1910 1920 Herculem
1932 1881 2093 1920 viderat

331 1944 373 1983 in
405 1944 510 1983 Oeta
540 1943 824 1996 magnitudine
850 1943 1042 1983 dolorum
1070 1943 1308 1982 eiulantem.
1339 1943 1448 1983 Nihil
1469 1943 1597 1996 igitur
1616 1943 1728 1983 hunc
1748 1942 1880 1983 virum
1903 1943 2090 1996 sagittae,

331 2019 434 2060 quas
465 2007 517 2046 ab
548 2007 728 2046 Hercule
760 2012 996 2060 acceperat,
1028 2011 1114 2046 tum
1146 2006 1436 2053 consolantur,
1469 2019 1562 2046 cum

279 2079 316 2109 30
501 2070 533 2109 E
566 2069 812 2123 viperino
845 2083 1019 2109 morsu
1050 2081 1217 2108 venae
1250 2069 1522 2108 viscerum

497 2133 708 2172 Veneno
739 2132 966 2171 inbutae
999 2136 1199 2171 taetros
1231 2131 1504 2171 cruciatus
1538 2130 1694 2170 cient.

330 2196 474 2249 Itaque
507 2196 712 2235 exclamat
742 2194 944 2234 auxilium
977 2199 1197 2248 expetens,
1228 2194 1333 2233 mori
1365 2194 1557 2247 cupiens:

497 2258 631 2298 Heu1
668 2261 789 2312 quis
823 2257 982 2297 salsis
1012 2256 1278 2297 fluctibus
1310 2256 1521 2297 mandet

498 2322 570 2361 Me
604 2333 664 2360 ex
696 2320 916 2360 sublimo
948 2320 1151 2359 vertice
1185 2320 1332 2359 saxi?

280 2393 316 2421 35
500 2385 602 2424 Iam
632 2384 726 2424 iam
761 2383 1025 2423 absumor:
1057 2382 1278 2422 conficit
1308 2383 1529 2422 animam

552 2446 641 2486 Vis
673 2446 937 2493 volneris,
969 2445 1169 2485 ulceris
1201 2450 1394 2485 aestus.

329 2507 506 2549 Difficile
538 2509 649 2549 dictu
683 2509 849 2549 videtur
879 2522 971 2549 eum
1004 2522 1085 2548 non
1117 2508 1159 2548 in
1190 2508 1298 2548 malo
1330 2521 1421 2548 esse
1454 2514 1493 2549 et
1524 2520 1674 2560 magno
1709 2506 1901 2560 quidem,
1932 2507 2004 2560 qui
2033 2506 2091 2547 ita

331 2572 507 2612 clamare
541 2576 725 2625 cogatur.

441 2636 548 2675 V111.
580 2633 646 2674 ΞΟ.
680 2634 760 2674 Sed
792 2633 1005 2674 videamus
1037 2633 1258 2672 Herculem
1290 2633 1449 2685 ipsum,
1482 2632 1551 2686 qui
1583 2638 1670 2672 tum
1693 2631 1838 2671 dolore
1868 2631 2088 2685 frangeba-

280 2702 412 2745 40tur‚
450 2711 543 2737 cum
582 2697 922 2737 inmortalitatem
961 2696 1052 2750 ipsa
1092 2700 1223 2735 morte
1265 2695 1504 2749 quaerebat.
1557 2694 1670 2743 Quas
1709 2694 1776 2734 hic
1818 2707 1940 2734 voces
1979 2691 2090 2747 apud

417 2885 447 2915 7.
475 2888 504 2916 el
526 2885 553 2915 sl
576 2884 647 2923 quis
671 2884 695 2915 C
724 2901 757 2905 —-
786 2883 817 2915 9.
839 2886 936 2922 putat
959 2882 1087 2914 bealum
1111 2884 1135 2915 O
1155 2900 1189 2904 —
1219 2883 1270 2914 Μ.
1295 2883 1400 2914 risum
1423 2883 1513 2913 Bake
1531 2883 1701 2914 Mnemos.
1721 2881 1853 2921 II‚41l4.
1877 2898 1910 2904 -
1940 2879 1991 2912 44.
2009 2880 2093 2911 Her-

329 2934 398 2965 cule
422 2933 489 2965 del.
517 2934 606 2965 Bake
632 2933 745 2965 Schol.
773 2934 947 2974 Hypomn.
974 2933 1017 2964 IV
1042 2942 1075 2974 p.
1103 2934 1161 2969 823
1189 2941 1252 2964 nos
1277 2931 1498 2964 seclusimus.
1524 2950 1557 2954 —
1587 2931 1637 2962 46.
1664 2940 1766 2963 suane
1789 2935 1834 2963 esc
1858 2932 1901 2962 C:
1927 2938 2027 2961 suave
2050 2932 2094 2960 est

328 2984 386 3015 hoc
411 2985 436 3015 O
457 3002 490 3006 —-
519 2985 569 3015 47.
597 2984 639 3014 ad
663 2984 696 3014 ἑά
721 2984 745 3015 C
773 3001 806 3004 —
836 2984 887 3014 22.
907 2983 1071 3022 Epicurus
1092 2981 1253 3022 Bentley:
1281 2982 1430 3021 epicurus
1453 2982 1655 3021 uoluptatem
1672 2982 1717 3017 C:
1742 2982 1906 3020 Epicurus
1929 2979 2094 3019 [volupta-

328 3034 402 3074 lem]
429 3035 454 3065 Ο
483 3051 515 3056 -
542 3037 578 3064 ut
600 3034 642 3064 sis
666 3034 689 3063 G
705 3034 729 3064 R
759 3051 788 3056 —
819 3033 872 3065 24.
899 3034 1081 3073 sapienliae
1106 3033 1149 3063 C:
1177 3032 1316 3071 sapienti
1340 3032 1364 3062 O
1384 3049 1418 3053 —
1447 3032 1481 3062 Si
1504 3031 1599 3070 forlis
1623 3034 1667 3062 est
1691 3029 1862 3062 Halmius:
1888 3031 1915 3062 si
1937 3030 2021 3070 forle
2045 3030 2089 3067 C;

329 3083 377 3113 Sil
399 3083 493 3122 fortis
516 3083 541 3113 O
569 3100 602 3104 —
630 3083 682 3113 28.
710 3081 824 3113 (ῐοίονῖι
848 3080 879 3121 (u
898 3083 930 3113 in
948 3082 1079 3121 rasura)
1099 3083 1123 3112 G
1144 3099 1177 3104 ——
1204 3081 1401 3112 heiulantem
1419 3082 1442 3112 C
1462 3081 1493 3119 (h
1510 3081 1542 3111 in
1561 3089 1681 3112 rasura
1700 3080 1805 3111 habet
1823 3081 1859 3119 G)
1880 3097 1914 3102 —-
1942 3079 1994 3111 29.
2013 3088 2093 3109 con-

329 3132 478 3163 solantur
502 3131 665 3171 Bentley:
701 3132 956 3163 consolabantur
981 3132 1018 3163 C.
1054 3131 1139 3162 Vide
1164 3131 1207 3162 ad
1232 3132 1244 3161 I
1271 3132 1288 3171 g
1314 3132 1365 3163 35.
1395 3148 1429 3153 -
1464 3140 1538 3161 cum
1562 3140 1604 3162 eas
1625 3131 1773 3170 viperino
1790 3147 1837 3153 --
1853 3131 1940 3161 ciens
1962 3128 2091 3161 Nonius

329 3190 362 3222 p.
390 3180 464 3212 3⁴24.
492 3181 541 3212 Cf.
570 3180 612 3212 de
638 3182 708 3211 Fin.
737 3182 775 3218 ll,
802 3181 854 3213 94».
876 3199 909 3203 —
938 3182 990 3212 32.
1016 3185 1186 3220 eoepectens
1209 3182 1232 3211 R
1258 3183 1291 3211 et
1317 3180 1439 3220 (littera
1462 3190 1479 3211 c
1504 3182 1615 3219 crasa)
1642 3182 1667 3212 G
1687 3196 1720 3202 —
1749 3180 1801 3211 33.
1828 3180 1883 3219 qui
1908 3180 1931 3210 C
1960 3177 2033 3218 (sed
2057 3178 2090 3207 in

330 3233 355 3262 G
379 3233 458 3272 post
481 3231 553 3271 qui,
589 3230 681 3271 quod
715 3234 766 3262 est
798 3232 830 3262 iu
859 3231 926 3263 fine
952 3240 1091 3269 versus,
1124 3229 1237 3261 littera
1261 3229 1398 3261 videtur
1423 3238 1520 3261 erasa
1547 3230 1636 3269 esse)
1665 3247 1699 3251 —
1734 3229 1786 3261 34.
1812 3228 1947 3259 sublimo
1970 3226 2092 3258 uertice

331 3277 424 3312 R¹Bz
450 3280 565 3312 sublim
587 3281 728 3313 ouerlice
753 3279 875 3321 (littera
898 3283 977 3322 post
999 3290 1032 3313 m
1056 3280 1168 3320 erasa)
1194 3281 1239 3319 G;
1270 3279 1398 3311 sublimi
1421 3280 1542 3312 uertice
1565 3280 1605 3312 R2
1630 3297 1664 3303 —
1696 3279 1749 3311 37.
1774 3280 1824 3311 ila
1846 3278 1880 3310 in
1904 3284 2025 3309 rasura
2050 3276 2087 3307 G.
