2249 3624
316 121 395 163 420
694 125 763 163 DE
793 124 1000 164 FINIBUS
1032 123 1292 164 BONORUM
1320 125 1389 164 ET
1419 123 1683 165 MALORUM

315 238 541 291 quaeritur.
593 237 655 277 Sit
683 236 763 276 ista
792 236 835 276 in
858 236 1111 276 Graecorum
1141 237 1309 277 levitate
1341 237 1608 289 perversitas,
1641 236 1713 289 qui
1745 234 1972 275 maledictis
2002 235 2065 275 in-

315 304 524 340 sectantur
554 313 648 346 eos,
679 312 702 339 a
732 298 883 351 quibus
915 298 966 338 de
998 299 1171 339 veritate
1204 299 1470 339 dissentiunt.
1531 299 1612 338 Sed
1646 297 1835 351 quamvis
1867 297 1993 336 comis
2023 298 2067 337 in

314 362 457 401 amicis
487 361 653 401 tuendis
682 360 829 407 fuerit,
862 364 1021 408 tamen,
1049 361 1083 400 si
1111 359 1215 402 haec
1242 374 1340 401 vera
1370 365 1466 401 sunt
1486 382 1541 390 —
1560 361 1667 400 nihil
1689 360 1800 400 enim
1820 357 1976 399 affirmo
1999 382 2066 408 —-,

315 437 399 463 non
430 424 528 463 satis
558 428 701 463 acutus
731 422 822 462 fuit.
876 423 952 461 «At
982 423 1123 463 multis
1154 437 1198 464 se
1228 424 1457 477 probavit.»
1510 420 1577 462 84.
1608 423 1661 462 Et
1682 421 1852 476 quidem
1879 421 1964 461 iure
1985 421 2069 461 for-

283 492 445 533 5tasse,
477 486 550 525 sed
579 490 716 525 tamen
743 498 829 524 non
851 485 1138 538 gravissimum
1162 491 1225 526 est
1246 485 1534 525 testimonium
1556 483 1847 525 multitudinis.
1892 484 1936 522 In
1957 485 2070 524 omni

315 548 424 588 enim
465 552 552 587 arte
588 547 655 587 vel
698 547 837 587 studio
874 547 941 586 vel
980 548 1126 600 quavis
1166 548 1340 587 scientia
1379 547 1443 587 vel
1482 548 1524 587 in
1563 548 1657 600 ipsa
1686 546 1836 586 virtute
1868 544 2070 598 optimum

316 610 504 664 quidque
534 609 791 649 rarissimum
823 613 896 649 est.
955 609 1013 648 Ac
1043 610 1144 649 mihi
1177 610 1368 663 quidem,
1405 610 1517 662 quod
1550 615 1589 649 et
1618 610 1708 662 ipse
1738 608 1873 648 honus
1900 608 1963 648 vir
1992 607 2072 647 fuit

315 677 356 712 et
394 673 513 712 multi
552 671 749 725 Epicurei
790 676 829 711 et
861 671 1028 711 fuerunt
1064 677 1104 711 et
1133 671 1257 711 hodie
1289 675 1385 711 sunt
1415 676 1456 711 et
1484 673 1527 711 in
1558 671 1753 711 amicitiis
1784 667 1926 710 fideles
1958 674 1998 709 et
2027 670 2070 709 in

315 736 427 776 omni
458 735 543 775 vita
573 739 809 774 constantes
842 739 1056 787 et·graves
1087 747 1164 773 nec
1186 734 1420 787 voluptate,
1452 734 1525 774 sed
1557 732 1696 773 officio
1727 732 1898 773 consilia
1928 733 2070 772 mode-

267 808 302 836 10
315 803 475 845 rantes,
512 797 594 837 hoc
624 796 790 836 videtur
829 796 964 836 maior
994 797 1055 836 vis
1085 796 1317 836 honestatis
1349 802 1389 836 et
1419 791 1557 837 minor
1582 795 1821 849 voluptatis.
1872 796 1930 835 Ita
1960 795 2069 834 enim

313 861 458 901 vivunt
488 859 681 914 quidam,
715 863 761 899 ut
792 872 936 899 eorum
966 859 1050 898 vita
1080 858 1296 898 refellatur
1326 858 1472 898 oratio.
1531 859 1668 910 Atque
1700 862 1746 897 ut
1775 859 1900 898 ceteri
1931 856 2070 897 dicere

315 922 607 963 existimantur
648 921 796 961 melius
839 934 963 975 quam
1002 920 1161 968 facere,
1208 921 1265 960 sic
1303 920 1346 960 hi
1387 920 1487 960 mihi
1524 920 1720 960 videntur
1755 919 1893 960 facere
1921 920 2070 961 melius

314 998 439 1039 quam
469 984 621 1024 dicere.

425 1047 576 1086 XXVI.
607 1045 673 1087 82.
715 1046 795 1086 Sed
835 1045 938 1086 haec
967 1045 1071 1085 nihil
1102 1058 1200 1085 sane
1231 1046 1282 1085 ad
1314 1058 1421 1084 rem:
1461 1045 1534 1085 illa
1564 1045 1801 1092 videamus,
1841 1058 1948 1099 quae
1979 1059 2002 1085 a
2032 1050 2072 1085 te

268 1119 302 1148 ⁴5
315 1110 366 1150 de
406 1109 587 1149 amicitia
627 1109 738 1149 dicta
777 1113 886 1149 sunt.
945 1109 977 1147 E
1010 1108 1161 1161 quibus
1192 1120 1321 1146 unum
1354 1108 1455 1148 mihi
1486 1107 1658 1147 videbar
1687 1107 1737 1146 ab
1769 1107 1861 1160 ipso
1892 1107 2094 1160 Epicuro.

314 1173 469 1213 dictum
500 1185 773 1225 cognoscere,
813 1171 1034 1211 amicitiam
1066 1183 1089 1210 a
1120 1170 1332 1222 voluptate
1362 1183 1446 1209 non
1483 1183 1607 1224 posse
1641 1169 1783 1209 divelli
1814 1169 1867 1208 ob
1899 1182 2074 1222 eamque

313 1249 401 1276 rem
432 1234 647 1274 colendam
681 1248 794 1282 esse,
826 1233 939 1287 quod
970 1246 1058 1272 cum
1088 1233 1177 1272 sine
1211 1245 1259 1271 ea
1290 1236 1379 1271 tuto
1403 1237 1442 1272 et
1464 1232 1554 1272 sine
1577 1236 1688 1272 metu
1709 1232 1790 1272 vivi
1812 1245 1896 1271 non
1918 1236 2074 1284 posset,

314 1311 367 1338 ne
397 1296 578 1337 iucunde
612 1297 782 1350 quidem
814 1301 968 1349 posset.
1021 1296 1127 1335 Satis
1160 1300 1222 1334 est
1253 1295 1304 1333 ad
1334 1294 1416 1334 hoc
1446 1308 1709 1347 responsum.
1754 1294 1937 1334 Attulisti
1962 1294 2075 1334 aliud

313 1359 538 1400 humanius
567 1360 718 1400 horum
745 1359 1044 1404 recentiorum,
1076 1371 1303 1410 numquam
1327 1357 1481 1397 dictum
1503 1358 1554 1397 ab
1575 1357 1667 1410 ipso
1690 1357 1777 1404 illo,
1801 1355 1913 1410 quod
1935 1357 2074 1404 sciam,

265 1431 301 1461 20
315 1423 448 1476 primo
479 1422 671 1462 utilitatis
702 1434 828 1461 causa
859 1420 1037 1460 amicum
1069 1419 1231 1471 expeti,
1267 1432 1359 1458 cum
1391 1425 1531 1459 autem
1561 1433 1662 1459 usus
1694 1419 1958 1465 accessisset,
1988 1423 2075 1458 tum

314 1487 451 1539 ipsum
483 1484 611 1525 amari
641 1497 716 1537 per
745 1498 810 1530 se,
843 1483 967 1522 etiam
999 1483 1152 1522 omissa
1184 1495 1257 1534 spe
1288 1481 1525 1535 voluptatis.
1588 1481 1676 1521 Hoc
1707 1481 1784 1521 etsi
1817 1480 2076 1521 multimodis

315 1547 510 1600 reprendi
552 1551 710 1600 potest,
757 1551 896 1585 tamen
935 1546 1095 1598 accipio
1128 1544 1241 1598 quod
1274 1543 1395 1591 dant;
1437 1543 1538 1582 mihi
1571 1545 1680 1583 enim
1711 1543 1810 1583 satis
1843 1549 1928 1591 est,
1972 1543 2076 1596 ipsis

314 1623 399 1649 non
430 1609 543 1649 satis.
602 1610 706 1647 Nam
737 1607 964 1661 aliquando
996 1621 1119 1660 posse
1151 1612 1261 1646 recte
1294 1605 1381 1646 fieri
1412 1606 1555 1646 dicunt
1584 1606 1698 1646 nulla
1729 1611 1969 1659 exspectata
1998 1619 2076 1646 nec

315 1672 506 1726 quaesita
535 1670 764 1723 voluptate.
823 1668 889 1708 83.
921 1669 1099 1709 Posuisti
1132 1670 1257 1709 etiam
1283 1670 1421 1708 dicere
1443 1668 1546 1708 alios
1566 1668 1714 1708 foedus
1737 1669 1947 1721 quoddam
1968 1669 2077 1708 inter

265 1746 301 1775 25
315 1748 359 1775 se
389 1733 526 1773 facere
557 1733 781 1785 sapientis,
823 1738 887 1779 ut,
928 1745 1048 1784 quem
1089 1732 1140 1771 ad
1172 1732 1342 1772 modum
1373 1731 1456 1771 sint
1484 1730 1527 1770 in
1559 1744 1602 1770 se
1633 1731 1746 1784 ipsos
1777 1731 1968 1779 animati,
2009 1744 2076 1771 eo-

315 1797 410 1837 dem
449 1794 575 1835 modo
617 1795 700 1835 sint
736 1808 831 1847 erga
863 1795 1041 1834 amicos:
1084 1794 1124 1833 id
1157 1799 1198 1834 et
1225 1794 1316 1834 fieri
1345 1806 1472 1848 posse
1504 1798 1546 1834 et
1575 1807 1698 1847 saepe
1731 1807 1822 1834 esse
1852 1793 2005 1833 factum
2038 1798 2079 1833 et

313 1859 365 1900 ad
396 1858 631 1911 voluptates
662 1857 954 1910 percipiendas
986 1857 1167 1897 maxime
1197 1858 1418 1911 pertinere.
1470 1857 1560 1896 lloc
1590 1856 1739 1896 foedus
1768 1856 1905 1896 fac-ere
1938 1856 1971 1895 si
2003 1869 2078 1909 po-

313 1926 501 1968 tuerunt,
541 1919 694 1959 faciant
726 1920 849 1959 etiam
880 1919 1004 1966 illud,
1045 1925 1091 1959 ut
1120 1921 1395 1973 aequitatem,
1428 1919 1696 1965 modestiam,
1728 1918 1904 1958 virtutes
1935 1931 2078 1958 omnes

312 1997 388 2037 per
427 1996 470 2023 se
507 1983 620 2035 ipsas
659 1983 784 2034 gratis
827 1981 1014 2034 diligant.
1078 1983 1139 2021 An
1180 1996 1299 2029 vero,
1343 1983 1375 2021 si
1408 1982 1611 2021 fructibus
1645 1987 1685 2020 et
1715 1980 2007 2021 emolumentis
2038 1985 2080 2021 et

263 2057 299 2086 30
313 2045 562 2086 utilitatibus
593 2045 795 2084 amicitias
828 2044 1033 2091 colemus,
1066 2045 1099 2083 si
1133 2045 1248 2083 nulla
1279 2045 1426 2084 caritas
1449 2045 1547 2090 erit,
1580 2056 1688 2096 quae
1709 2043 1833 2083 faciat
1852 2043 2076 2082 amicitiam

313 2109 445 2161 ipsam
477 2120 552 2147 sua
582 2112 756 2160 sponte,
787 2107 826 2145 vi
859 2119 954 2152 sua,
988 2120 1039 2145 ex
1072 2121 1115 2146 se
1149 2112 1187 2146 et
1219 2112 1386 2160 propter
1417 2120 1460 2145 se
1492 2105 1790 2159 expetendam,
1823 2105 1994 2145 dubium
2016 2110 2077 2146 est

314 2170 417 2223 quin
456 2169 609 2209 fundos
653 2174 693 2209 et
732 2169 891 2208 insulas
932 2170 1074 2208 amicis
1115 2171 1449 2221 anteponamus?
1510 2165 1576 2206 84.
1608 2168 1722 2207 Licet
1756 2168 1824 2207 hic
1855 2181 1998 2207 rursus
2030 2182 2079 2208 ea

315 2246 637 2280 commemores,
680 2245 786 2285 quae
828 2231 997 2283 optimis
1028 2232 1163 2270 verbis
1199 2232 1249 2270 ab
1281 2231 1463 2284 Epicuro
1495 2231 1546 2270 de
1577 2230 1700 2269 laude
1731 2230 1937 2270 amicitiae
1969 2231 2077 2270 dicta

314 2300 422 2336 sunt.
480 2297 573 2335 Non
617 2307 773 2348 quaero
817 2293 917 2347 quid
950 2293 1078 2341 dicat,
1120 2294 1192 2333 sed
1226 2294 1327 2347 quid
1366 2293 1664 2333 convenienter
1694 2292 1828 2345 possit
1857 2292 2007 2332 rationi
2039 2297 2080 2332 et

263 2358 547 2398 35sententiae
586 2370 687 2397 suae
726 2356 878 2396 dicere.
932 2356 1161 2395 «Utilitatis
1199 2369 1323 2396 causa
1364 2356 1545 2395 amicitia
1586 2361 1647 2395 est
1688 2355 1915 2408 quaesita.»
1972 2356 2077 2395 Num

314 2422 435 2474 igitur
473 2419 680 2460 utiliorem
719 2419 790 2458 tibi
829 2418 940 2458 hunc
970 2418 1174 2457 Triarium
1214 2424 1332 2471 putas
1365 2432 1456 2458 esse
1487 2432 1633 2471 posse,
1676 2430 1802 2470 quam
1833 2418 1867 2458 si
1898 2422 1965 2458 tua
1997 2418 2081 2458 sint

398 2600 429 2630 2.
457 2599 489 2630 in
513 2598 627 2629 amicis
651 2598 776 2629 tuendis
799 2598 898 2637 fecerit
914 2600 958 2629 A:
985 2599 1085 2638 fuerit
1109 2599 1142 2629 in
1166 2598 1281 2629 amicis
1304 2598 1430 2628 luendis
1454 2598 1541 2634 BM;
1570 2598 1601 2627 in
1627 2597 1781 2628 amicitiis
1797 2597 1924 2628 luendis
1938 2597 2038 2636 fuerit
2055 2599 2080 2629 O

317 2667 349 2671 ---
370 2651 401 2680 7.
421 2650 568 2689 quodque
582 2650 607 2680 B
624 2666 668 2671 —-
691 2648 898 2679 carissimum
915 2648 938 2679 B
957 2648 1039 2687 (non
1058 2648 1094 2686 E)
1114 2666 1144 2670 -
1175 2651 1219 2678 est
1242 2649 1268 2678 A
1284 2648 1325 2678 B:
1354 2656 1425 2678 om.
1446 2648 1470 2677 O
1493 2665 1525 2669 —-
1553 2647 1583 2678 8.
1611 2650 1640 2677 et
1663 2646 1755 2677 multi
1781 2650 1810 2678 cc
1833 2647 1977 2686 epicurei
1994 2648 2021 2678 A
2041 2665 2077 2670 —

311 2702 340 2730 et
362 2700 495 2738 fuerunt
511 2697 720 2729 Lambinus:
746 2701 820 2728 sunt
843 2699 976 2737 suerunt
993 2698 1033 2733 133
1059 2698 1192 2737 fucrant
1216 2700 1238 2729 A
1258 2698 1304 2736 (in
1323 2706 1392 2737 quo
1410 2699 1439 2728 et
1458 2695 1546 2728 male
1565 2699 1645 2727 ante
1662 2696 1805 2735 epicurei
1830 2698 2079 2738 transpositum

312 2748 461 2788 videtur)
487 2750 556 2780 ΜΟ
584 2767 617 2771 ——
645 2749 798 2779 amicicia
821 2748 879 2779 BE
899 2765 933 2770 -—
962 2748 992 2779 9.
1019 2749 1082 2789 sed]
1108 2757 1139 2779 se
1165 2749 1187 2779 B
1201 2748 1223 2779 1⁴]
1251 2765 1284 2768 -
1315 2748 1365 2777 Μ.
1393 2747 1528 2785 quidam
1552 2744 1645 2777 A¹Bt
1674 2746 1804 2785 quidem
1828 2744 1869 2777 A2
1896 2763 1929 2768 -
1957 2746 2009 2778 ⁴4.
2036 2748 2080 2778 acl

312 2802 340 2830 te
363 2800 389 2830 A
416 2816 450 2820 —
485 2800 536 2830 45.
563 2800 601 2830 de
624 2799 783 2829 amiciciis
806 2799 833 2829 A
865 2816 899 2820 —
932 2798 1068 2829 uidebar
1098 2799 1193 2829 A2B:
1231 2797 1406 2828 uidebatur
1429 2796 1468 2827 Α1
1505 2814 1538 2818 —
1580 2796 1631 2827 17.
1657 2806 1731 2827 cum
1762 2796 1973 2836 Madvigius:
2007 2805 2077 2828 om.

312 2848 413 2880 codd.
442 2850 475 2879 et
499 2849 524 2880 Ο
552 2864 586 2870 -
615 2848 667 2880 48.
695 2857 733 2879 ne
757 2849 896 2879 iucunde
921 2857 950 2887 q.
974 2851 1079 2888 posset
1103 2857 1172 2878 om.
1199 2848 1221 2878 B
1251 2865 1285 2868 —
1320 2856 1359 2878 πθ
1383 2846 1593 2886 Madvigius:
1621 2856 1677 2877 nec
1701 2846 1804 2878 codd.
1831 2849 1864 2878 et
1889 2848 1914 2878 O
1940 2863 1974 2868 —
2003 2848 2079 2885 qui-

311 2899 393 2938 dem]
420 2899 498 2939 quid
522 2899 546 2929 E
573 2915 608 2920 —
643 2902 687 2929 est
711 2899 796 2929 enim
820 2899 863 2929 ad
888 2899 910 2929 B
939 2915 973 2920 —
1007 2899 1058 2929 49.
1085 2898 1202 2928 horum
1220 2915 1266 2919 --
1283 2898 1384 2928 sciam
1408 2897 1538 2927 Nonius
1563 2905 1596 2936 p.
1617 2897 1691 2927 467.
1721 2914 1754 2918 —
1783 2897 1851 2936 ipso
1874 2896 1930 2927 iilo
1953 2897 1997 2927 A:
2024 2896 2079 2927 illo

310 2949 379 2987 ipso
402 2949 425 2979 B
441 2948 491 2984 M;
517 2949 588 2987 ipso
612 2956 681 2978 om.
708 2948 837 2979 Nonius
865 2966 898 2970 —
927 2947 1022 2987 quod]
1050 2948 1105 2985 (lui
1128 2948 1152 2978 B
1181 2965 1214 2969 κ
1253 2948 1306 2977 21.
1333 2946 1520 2987 voluptatis]
1547 2947 1579 2977 in
1605 2956 1714 2985 marg.
1739 2947 1790 2977 vcl
1811 2946 1962 2977 utilitatis
1985 2946 2079 2978 addit

310 2995 350 3029 Α2
376 3015 410 3019 -
438 2998 495 3028 etsi
517 2999 562 3028 A:
590 2998 715 3028 etiamsi
740 2998 763 3028 B
779 2998 810 3029 M
839 3015 872 3019 —
899 2998 1097 3028 Ἰηιτιίίὶηιοάἱε
1120 2999 1145 3028 Α
1161 2997 1221 3027 BE
1249 2998 1329 3036 (non
1354 2997 1385 3027 in
1411 2996 1638 3035 muilimodis):
1666 2997 1776 3027 mullis
1797 2997 1902 3027 modis
1918 2997 1948 3027 M
1963 2996 2000 3027 Ο.
2029 2996 2078 3027 Ex

311 3050 453 3080 Oratore
487 3048 505 3088 g
531 3047 592 3078 1¹53
625 3048 831 3078 Ciceronem
863 3049 1081 3079 contractam
1113 3047 1261 3078 formam
1292 3046 1491 3077 multimodis
1523 3047 1699 3086 respuisse
1725 3048 1858 3078 temere
1884 3044 2074 3085 colligitur;

312 3097 354 3129 cf.
382 3098 485 3128 Corn.
512 3097 597 3136 Nep.
625 3097 790 3127 Themist.
821 3098 871 3135 ¹¹0,
899 3097 929 3129 4.
960 3115 994 3119 —
1021 3098 1073 3128 ⁶23.
1096 3106 1131 3136 p.
1158 3106 1222 3127 mm
1246 3100 1331 3127 recle
1356 3097 1377 3127 Β
1405 3113 1439 3117 »-
1468 3099 1603 3135 arpecla
1629 3097 1701 3135 (sic)
1728 3097 1772 3134 E;
1799 3097 2028 3136 erpectacione
2053 3097 2075 3127 B

313 3165 348 3170 —-
374 3146 427 3178 24.
455 3147 602 3185 quaesita
626 3149 671 3177 A:
704 3147 869 3185 exquisita
893 3148 917 3178 B
943 3166 984 3169 ——
1017 3148 1069 3178 26.
1095 3147 1190 3177 modo
1221 3155 1288 3177 om.
1316 3147 1340 3177 B
1367 3147 1444 3184 (non
1472 3146 1508 3183 E)
1538 3163 1567 3168 —
1603 3147 1655 3177 ⁴27.
1680 3146 1924 3185 perspiciendas
1947 3146 2010 3176 AB
2039 3163 2073 3168 —-

311 3197 364 3227 ⁵39.
391 3205 435 3226 αη
459 3196 503 3226 Β;
534 3199 569 3226 at
596 3197 660 3227 AO
687 3213 721 3217 —
756 3196 807 3227 233.
834 3197 930 3228 laude
954 3198 1036 3228 AB:
1068 3195 1217 3227 laudibus
1242 3196 1266 3227 O
1294 3214 1327 3218 —
1355 3194 1406 3226 34.
1433 3196 1487 3226 sed
1510 3196 1596 3234 quod
1621 3196 1643 3227 B
1661 3196 1683 3227 Ε
1711 3213 1745 3217 -
1779 3196 1831 3227 35.
1858 3199 1903 3227 est
1925 3195 2075 3234 quaesita

315 3250 358 3279 A:
386 3247 536 3287 quaesila
559 3251 604 3279 esc
626 3248 735 3279 BMO
764 3264 798 3269 —
825 3247 877 3279 3⁴3.
902 3247 930 3278 si
953 3248 1036 3278 AB:
1064 3255 1134 3278 om.
1161 3246 1197 3276 O.
