2249 3624
970 232 1292 275 FRAGMENTA.
1582 254 1588 261 -
1893 232 1992 275 1061

354 337 412 376 16.
466 336 549 374 Hoc
577 335 722 386 algu,
759 340 802 374 τὸ
829 338 977 386 κρύος,
1014 337 1236 389 etalgor,
1264 337 1535 389 algoris,ut
1555 340 1686 378 Cicero,
1716 338 1999 389 (Charisius

251 399 428 439 Putschii
468 410 508 449 p.
546 398 621 447 23.)

351 463 410 501 17.
465 462 697 506 Saluianus,
738 466 781 498 ut
808 461 1005 499 Maximus
1037 467 1168 504 notat,
1220 462 1335 512 qnasi
1377 465 1572 501 salubrius.
1630 463 1781 510 (Idem
1818 474 1858 514 p.
1893 461 1998 509 194.)

352 524 409 562 18.
465 524 673 570 Sinqularie
714 535 786 574 pro
830 526 1084 571 slnyulariler,
1129 526 1244 574 quasi
1277 528 1378 562 unice
1416 525 1516 572 Cic„
1564 531 1606 564 ut
1638 527 1832 565 Maximus
1873 531 1996 564 notat.

250 585 401 635 (Idem
432 598 473 637 p.
516 587 622 634 195.)
2032 597 2050 625 5

349 649 406 688 19.
466 645 625 701 [Cicero
667 650 817 685 Forest'a
858 654 898 686 et
931 650 1127 696 Meqalest'a
1166 655 1206 688 et.
1242 651 1412 687 Ilm-lesia
1450 650 1536 688 Sine
1575 663 1611 689 Ν.
1657 649 1788 688 littera
1825 649 2000 688 libenter

251 707 443 764 dicebat]
500 710 696 757 (Velius
728 712 937 760 Longus
967 710 1017 748 de
1048 711 1341 762 orthographia
1375 725 1412 763 p.
1452 712 1586 761 2237.)

345 774 407 813 20.
462 772 638 823 Virgil.
679 773 763 812 Ecl.
804 775 890 822 VII,
930 775 987 811 33.
1021 776 1145 811 Sinum
1179 773 1298 828 luctis]
1333 778 1472 814 Aspen.
1528 776 1654 812 Sinum
1684 781 1747 814 est
1781 787 1851 814 vas
1883 776 2000 814 vina-

247 836 368 885 rium,
403 841 447 874 ut
478 836 620 874 Cicero
653 836 864 886 significat,
901 848 1001 885 non,
1037 843 1080 875 ut
1116 836 1311 888 quidam,
1349 837 1573 877 lactarium.
1623 836 1790 888 (Virgilii
1833 839 1999 876 Inter-

247 903 427 950 pretes
458 904 585 936 vett.
620 897 694 936 Ed.
731 899 833 937 Maii.
869 911 908 949 p.
957 900 1016 947 9.)
2015 907 2050 936 4ο

347 961 410 999 21.
464 960 606 1000 Cicero
644 962 903 1008 Canopitarum
939 964 1133 999 eoeercitum
1170 960 1291 1011 dicit3
1329 962 1405 1013 ipsi
1441 964 1608 999 Canobon
1628 968 1785 1001 vocant.
1830 963 1998 1012 (Quin-

249 1022 467 1063 tilianus
506 1023 541 1070 1,
577 1023 615 1071 5,
656 1023 736 1070 13.)

346 1085 407 1124 22.
462 1086 513 1124 Et
560 1084 694 1124 Iolaus
742 1085 809 1123 ille
864 1087 1023 1132 nouos,
1080 1084 1202 1124 crede
1245 1087 1376 1138 Marco
1421 1086 1563 1125 Tullio.
1631 1087 1999 1136 (Terentianus

247 1149 443 1187 Maurus
476 1161 512 1186 v.
548 1148 659 1196 657.,
696 1146 763 1185 ubi
798 1148 846 1186 ef.
888 1148 1164 1197 Santenium.)

346 1211 407 1250 23.
464 1211 631 1250 «Cicero
672 1207 892 1260 plurariter
935 1213 1075 1247 nucleos
1112 1209 1249 1248 dixit.»
1314 1209 1476 1257 (Libell.
1522 1210 1573 1249 de
1609 1222 1730 1260 genn.
1778 1223 1884 1250 nom.
1932 1209 1997 1249 ed.
2015 1219 2050 1248 45

249 1273 412 1324 Hauptii
447 1285 487 1324 p.
523 1273 607 1321 89.)

347 1335 409 1374 24.
464 1336 564 1373 Sciat
600 1338 709 1372 eliam
750 1335 911 1372 Ciceroni
947 1337 1127 1382 placuisse
1167 1335 1252 1372 Aiio
1301 1335 1524 1382 Maiiamque
1555 1338 1738 1382 qeminala
1766 1336 1796 1374 I.
1832 1338 1998 1373 scribere.

248 1397 598 1444 Quintilianus
633 1399 672 1445 1,
704 1398 741 1446 4,
779 1399 835 1435 ll.
871 1397 939 1435 ubi
974 1396 1142 1435 consule
1172 1395 1466 1448 Spaldingium.
1496 1397 1554 1436 Cs.
1586 1398 1779 1436 Priscian.
1813 1410 1852 1448 p.
1889 1398 1997 1437 1226.

251 1459 413 1498 Putsch.
448 1459 606 1498 Velium
637 1460 817 1509 Longum
845 1471 884 1509 p.
924 1459 1033 1498 2219.
1091 1459 1268 1509 Pompeii
1298 1459 1645 1498 commentum
1677 1471 1716 1510 p.
1753 1458 1840 1509 22.,
1886 1459 2001 1498 cuius

255 1522 563 1573 antiquissimus
601 1520 732 1560 codex
761 1526 895 1560 exstat
924 1521 963 1558 in
992 1521 1238 1559 monasterio
1267 1520 1306 1560 S.
1341 1520 1470 1570 Galli.)
2014 1528 2051 1558 20

352 1585 410 1623 25.
466 1586 676 1636 ἐνάργεια,
729 1595 835 1634 quae
884 1596 905 1622 a
963 1583 1159 1622 Cicerone
1216 1586 1411 1620 illustratio
1456 1589 1496 1622 et
1537 1587 1716 1621 evidentia
1756 1583 1998 1622 nominatur.

253 1645 489 1695 (Quintil.
521 1650 563 1693 6,
607 1647 650 1694 2,
686 1646 768 1691 32.)

357 1709 417 1748 26.
473 1710 520 1746 Μ.
569 1707 722 1747 Tullius
757 1713 797 1746 et
827 1720 1015 1744 sarracum
1045 1712 1084 1745 et
1114 1712 1213 1754 ficem
1243 1713 1282 1745 et
1307 1710 1426 1744 scalas
1453 1706 1590 1746 dicere
1622 1719 1702 1746 non
1726 1713 1843 1759 turpe
1870 1706 1996 1748 duxit.

252 1772 460 1821 (Curius
493 1770 904 1809 Fortunatianus
943 1771 988 1807 A.
1031 1768 1101 1808 Rh.
1143 1768 1167 1807 l.
1207 1771 1275 1807 llI.
1315 1782 1355 1821 p.
1389 1771 1449 1808 91.
1481 1770 1608 1821 Capp.
1663 1772 1707 1808 In
1741 1770 1897 1820 Fragm.
1934 1770 2000 1809 in-

256 1834 378 1872 certis
416 1833 617 1871 Schuetzii
651 1845 689 1883 p.
731 1833 814 1870 143.
855 1832 1043 1870 affertur:
1086 1832 1288 1870 «Fonrtx.
1328 1833 1489 1869 forem.»
1537 1830 1646 1883 quod
1677 1833 1854 1882 corrupti
1883 1832 2051 1872 huius25

249 1899 349 1943 ficem
375 1894 605 1934 emendatio
633 1893 812 1941 videtum
840 1897 971 1940 fascem
995 1892 1158 1932 volebat
1184 1894 1363 1941 Moneta3
1403 1907 1593 1931 sai-racum
1618 1899 1679 1933 est
1706 1894 1746 1932 in
1761 1894 1999 1934 Pisonianae

250 1958 434 2009 Fragm.;
466 1960 586 1995 scalae
611 1958 651 1995 in
679 1955 981 2003 Cornelianae.)

349 2021 410 2059 27.
466 2022 712 2071 :aulonam
752 2021 1000 2056 cavillationes
1041 2022 1159 2056 vocat
1194 2017 1349 2056 Cicero.
1394 2017 1613 2065 (Seneca
1654 2017 1781 2068 Epist.
1821 2018 1919 2057 CXI.
1952 2018 1999 2057 cf.

248 2081 406 2122 Acad.
439 2082 593 2133 prior.
621 2081 646 2119 l.
674 2083 723 2120 ΙΙ.
756 2082 777 2132 ξ
812 2082 872 2120 75.
913 2082 1153 2132 σοφίσματα
1190 2100 1232 2106 -
1273 2082 1325 2117 sic
1351 2083 1445 2117 enim
1477 2082 1707 2127 appellantur
1735 2082 1886 2126 fallaces
1917 2093 2001 2118 con-

251 2147 531 2193 clusiunculae.)
2015 2149 2051 2179 3ο

350 2208 411 2246 28.
464 2205 585 2258 Apud
626 2206 864 2245 Ciceronem
901 2205 1096 2243 remansit
1132 2206 1262 2242 euicui.
1319 2204 1610 2254 (Pompeius
1642 2216 1682 2256 p.
1710 2204 1794 2244 251.
1830 2203 1924 2244 Scil.
1959 2205 2000 2243 in

253 2282 340 2309 voe.
371 2273 603 2315 cuicuimodi,
632 2274 676 2307 ut
703 2268 803 2306 scite
831 2265 1039 2306 adnotavit
1074 2265 1358 2313 Lindemann.)

352 2332 412 2372 29.
468 2331 678 2370 Servius
713 2329 765 2370 ad
799 2330 907 2379 Virg.
938 2327 1022 2366 Ecl.
1052 2331 1088 2377 6,
1119 2329 1179 2366 33.
1213 2329 1383 2375 «Liquidi
1408 2329 1516 2364 simul
1542 2324 1651 2380 iynis]
1682 2328 1772 2378 puri
1800 2327 1824 2366 i.
1855 2339 1890 2366 e.
1927 2339 2000 2367 ae-

253 2394 396 2444 therei,
426 2405 547 2445 quem
577 2393 719 2433 Cicero
738 2395 901 2439 ,ignitum
929 2393 1104 2438 liquorem
1131 2388 1266 2428 dicit.»

354 2457 413 2495 30.
468 2455 602 2494 Idem
631 2454 682 2494 ad
708 2454 846 2504 Eclog.
876 2455 911 2503 9,
940 2454 999 2491 42.
1033 2452 1222 2491 «Ciceroz
1247 2453 1537 2498 umbraculisque
1555 2453 1788 2490 silvestribus.
1819 2451 1900 2500 (Cf.
1923 2464 2000 2490 no·
2015 2460 2052 2489 35

256 2524 366 2559 tante
393 2516 567 2557 Bardilio
594 2517 752 2566 Fragm.
783 2514 833 2553 de
862 2514 1038 2565 Legibus
1065 2513 1151 2552 Lib.
1190 2514 1233 2553 V.
1274 2512 1358 2552 Vol.
1397 2515 1432 2552 4.
1469 2514 1509 2551 Ρ.
1547 2514 1579 2552 1.
1608 2525 1649 2564 p.
1672 2514 1758 2554 572.
1780 2512 1852 2552 Ed.
1885 2525 2000 2552 meae

253 2582 440 2621 maioris:
470 2584 509 2617 in
536 2582 610 2616 illis
638 2582 804 2616 altiorum
840 2578 1098 2625 umbraculis.)

351 2644 412 2682 31.
467 2642 623 2680 Dictum
653 2646 715 2679 est
742 2653 763 2679 a
793 2641 990 2679 Cicerone
1018 2637 1068 2677 de
1097 2636 1345 2689 philosophis
1364 2639 1606 2684 mercurium,
1628 2636 1727 2674 mori
1747 2635 1999 2676 desiderant.

255 2705 601 2756 (Augustinus
631 2701 681 2741 de
710 2702 978 2742 Grammatica
1006 2713 1045 2752 p.
1076 2702 1185 2741 2006.
1222 2697 1406 2746 Putsch.)

343 2959 395 2992 ⁴3.
442 2958 570 3000 Vulgo:
601 2957 723 2989 Violens
741 2957 937 2988 «Brissaeus
962 2957 1006 2988 ita
1020 2955 1144 2988 edidit:
1164 2955 1206 2987 Et
1221 2954 1331 2986 Iolaus
1346 2953 1469 2985 violeus
1481 2954 1530 2994 fil,
1549 2954 1642 2985 eredo
1657 2954 1703 2985 Μ.
1725 2954 1758 2986 Τ.
1777 2953 2003 2986 Terentianus

257 3017 336 3042 mea
371 3009 544 3042 sententia
580 3007 662 3040 nihil
696 3006 788 3038 aliud
823 3008 887 3038 nisi
921 3006 988 3038 hoc
1012 3006 1140 3038 docere
1171 3004 1295 3042 voluit,
1328 3003 1476 3035 sormam
1500 3004 1698 3042 nominum,
1725 3011 1831 3044 quam
1854 3003 2003 3035 Atticam

257 3061 395 3098 vocant,
431 3068 463 3090 v.
502 3067 530 3091 e.
565 3054 725 3096 Ἰόλεως,
751 3058 784 3088 in
807 3056 922 3096 ipsum
947 3056 1082 3087 Latium
1106 3055 1324 3094 immigrasse
1349 3055 1383 3084 et
1406 3052 1533 3084 eodem
1559 3053 1631 3085 iure
1655 3052 1761 3084 scribi
1785 3060 1888 3094 posse
1922 3059 2003 3083 cum

258 3109 378 3149 spiritu
414 3107 553 3139 Aeolico
581 3107 704 3138 Violeus
725 3104 780 3136 vel
804 3107 917 3146 potius
944 3105 1077 3144 l'ioleos,
1103 3113 1172 3145 quo
1197 3104 1267 3135 Cic.
1295 3102 1349 3142 (de
1373 3103 1456 3143 Rep.
1482 3102 1507 3141 1,
1533 3111 1566 3136 c.
1592 3102 1657 3140 40.)
1682 3102 1822 3143 scripsit
1851 3100 2005 3132 Philoleos

257 3166 321 3199 pro
344 3156 517 3188 Philolaus.
565 3157 740 3188 Hactenus
763 3156 858 3186 reete
881 3154 1003 3186 violeus
1026 3154 1174 3186 restituit
1198 3153 1387 3189 Brissaeus,
1415 3150 1519 3182 modo
1544 3150 1735 3183 maiuscula
1764 3151 1875 3182 littera
1899 3158 2004 3191 prae-

260 3207 372 3248 posita
403 3206 571 3238 edidisset
600 3206 642 3236 Et
671 3205 780 3236 Iolaus
818 3203 938 3234 l'ioleos
966 3205 1015 3244 fit,
1040 3214 1088 3235 cr.
1113 3204 1159 3234 Μ.
1190 3202 1220 3233 T.
1248 3202 1389 3239 Verum,
1416 3209 1496 3232 cum
1521 3210 1590 3233 non
1614 3203 1761 3239 constet,
1787 3200 1881 3232 unde
1905 3209 1938 3231 v.
1967 3201 2004 3240 fit

258 3256 438 3287 Brissaeus
461 3255 648 3295 acceperit,
674 3253 740 3294 legi
764 3254 869 3285 etiam
893 3254 1035 3294 poterit:
1062 3253 1103 3284 Ει
1125 3252 1233 3284 Iolaus
1255 3251 1308 3283 ille
1327 3251 1464 3291 Vioteus,
1488 3259 1536 3283 cr.
1561 3251 1607 3284 M.
1635 3250 1689 3283 T.»
1716 3250 1878 3283 Huschke
1896 3250 2003 3282 Com-

260 3307 367 3340 ment.
396 3305 440 3337 de
466 3305 505 3338 C.
531 3305 643 3336 Annio
668 3302 811 3336 Cimbro
835 3311 870 3344 p.
895 3304 949 3336 55.
975 3302 1032 3334 On.
