2249 3624
322 177 403 219 350
758 174 1189 218 TUSCULANARUM
1218 172 1659 214 DISPUTATIONUM

321 289 433 324 certa
463 284 525 324 sui
557 296 701 323 cursus
733 282 866 335 spatia
899 278 1111 320 definiant.
1155 280 1313 320 Horum
1345 279 1542 319 nimirum
1575 282 1770 331 aspectus
1800 277 1968 330 impulit
1996 278 2092 318 illos

322 353 483 387 veteres
515 352 556 386 et
585 346 823 391 admonuit,
855 349 900 384 ut
930 344 1047 397 plura
1071 348 1332 396 quaererent.
1379 342 1480 381 Inde
1512 346 1576 381 est
1597 341 1809 393 indagatio
1831 346 1927 380 nata
1953 340 2096 380 initio-

319 422 412 449 rum
445 415 487 449 et
515 414 728 461 tamquam
760 407 987 452 seminum,
1018 406 1131 445 unde
1163 410 1301 445 essent
1332 405 1470 444 omnia
1503 409 1607 451 orta,
1639 409 1855 457 generata,
1887 408 2093 449 concreta,

321 484 513 524 quaeque
544 471 745 522 cuiusque
777 469 941 520 generis
963 468 1027 507 vel
1058 468 1233 506 inanimi
1256 467 1320 506 vel
1343 467 1565 506 animantis
1587 467 1653 506 vel
1678 467 1775 505 muti
1798 465 1861 504 vel
1882 465 2095 518 loquentis

283 536 452 587 5origo,
484 545 591 586 quae
622 532 726 578 vita,
758 531 830 584 qui
861 530 1054 570 interitus
1079 542 1273 582 quaeque
1306 543 1358 568 ex
1385 529 1468 568 alio
1500 529 1541 568 in
1564 529 1678 568 aliud
1701 527 1946 567 vicissitudo
1971 533 2095 579 atque

320 596 509 642 mutatio,
541 594 653 634 unde
684 599 793 632 terra
825 598 866 632 et
896 593 1046 646 quibus
1078 592 1227 630 librata
1260 590 1534 644 ponderibus,
1566 589 1720 643 quibus
1746 591 1935 630 cavernis
1968 590 2097 629 maria

319 658 621 704 sustineantur,
663 668 746 709 qua
783 655 922 695 omnia
962 654 1098 694 delata
1138 653 1340 705 gravitate
1371 653 1553 693 medium
1586 653 1729 692 mundi
1763 653 1899 692 locum
1932 664 2098 703 semper

319 724 538 773 expetant,
571 718 643 772 qui
675 723 739 757 est
769 717 880 757 idem
912 715 1079 756 infimus
1110 717 1152 755 in
1185 717 1381 755 rutundo.

432 782 563 821 XXV.
595 779 663 819 70.
695 781 807 820 Haec
839 780 1030 819 tractanti
1062 779 1203 818 animo
1236 784 1276 818 et
1297 784 1442 818 noctes
1465 784 1505 817 et
1530 778 1620 818 dies
1643 779 1840 831 cogitanti
1863 779 2004 818 existit
2025 777 2096 817 illa

270 853 344 885 toa
375 844 454 884 deo
485 843 660 896 Delphis
692 847 915 895 praecepta
947 841 1144 894 cognitio,
1175 847 1220 880 ut
1250 842 1342 894 ipsa
1374 854 1417 881 se
1452 855 1568 880 mens
1593 847 1794 893 agnoscat
1815 841 2098 880 coniunctam-

321 921 402 962 que
443 920 537 946 cum
570 906 710 945 divina
741 910 881 944 mente
913 918 956 944 se
988 904 1158 950 sentiat,
1203 916 1257 942 ex
1288 917 1372 956 quo
1404 903 1631 942 insatiabili
1663 902 1818 954 gaudio
1851 903 2096 955 completur.

319 971 414 1023 Ipsa
456 970 564 1009 enim
606 968 803 1020 cogitatio
836 967 887 1006 de
918 968 958 1006 vi
990 972 1030 1005 et
1059 972 1209 1005 natura
1242 966 1415 1005 deorum
1449 965 1633 1004 studium
1666 965 1854 1004 incendit
1885 965 1997 1004 iilius
2030 977 2098 1004 ae-

319 1032 527 1072 ternitatis
568 1030 758 1070 imitandi
799 1042 941 1083 neque
982 1042 1026 1069 se
1067 1030 1108 1068 in
1151 1027 1355 1067 brevitate
1387 1028 1496 1066 vitae
1528 1027 1791 1066 conlocatum
1824 1033 1960 1080 putat,
2005 1040 2096 1066 cum

319 1109 457 1135 rerum
495 1107 641 1134 causas
679 1093 781 1133 alias
814 1106 866 1132 ex
900 1093 993 1131 aliis
1025 1097 1143 1144 aptas
1175 1097 1217 1130 ct
1246 1090 1494 1130 necessitate
1527 1102 1658 1129 nexas
1690 1090 1820 1136 videt,
1860 1090 2013 1141 quibus
2047 1089 2098 1129 ab

269 1165 305 1193 ⁴5
319 1163 491 1198 aeterno
520 1163 709 1209 tempore
740 1155 967 1195 fluentibus
998 1156 1040 1194 in
1072 1160 1288 1194 aeternum
1323 1153 1429 1191 ratio
1455 1158 1593 1190 tamen
1616 1165 1819 1204 mensque
1844 1151 2098 1191 moderatur.

319 1218 387 1259 74.
423 1220 535 1259 Haec
575 1220 648 1258 ille
686 1219 856 1257 intuens
894 1223 1022 1270 atque
1055 1216 1290 1269 suspiciens
1323 1215 1387 1253 vel
1419 1214 1560 1267 potius
1592 1214 1727 1253 omnis
1759 1215 1887 1266 partis
1919 1227 2099 1268 orasque

319 1282 665 1336 circumspiciens
705 1286 861 1334 quanta
902 1293 1045 1319 rursus
1087 1278 1213 1318 animi
1258 1276 1562 1329 tranquillitate
1601 1275 1783 1315 humana
1826 1282 1867 1315 et
1905 1277 2100 1316 citeriora

320 1344 580 1384 considerat!
616 1344 723 1383 Hinc
752 1344 823 1382 illa
856 1342 1042 1395 cognitio
1068 1341 1232 1380 virtutis
1264 1339 1426 1385 existit,
1459 1337 1728 1377 efflorescunt
1759 1351 1908 1390 genera
1942 1344 2100 1391 partes-

321 1420 402 1461 que
435 1405 654 1453 virtutum,
684 1405 900 1445 invenitur
929 1404 1027 1455 quid
1062 1404 1116 1442 sit
1147 1402 1259 1455 quod
1292 1406 1439 1440 natura
1464 1405 1624 1454 spectet
1646 1406 1878 1440 extremum
1902 1403 1942 1441 in
1964 1401 2099 1448 bonis,

270 1468 419 1522 sicquid
449 1469 491 1508 in
524 1469 643 1508 malis
674 1469 897 1513 ultumum,
930 1479 1014 1519 quo
1046 1465 1266 1505 referenda
1299 1463 1381 1503 sint
1402 1463 1551 1509 officia,
1584 1476 1692 1515 quae
1714 1463 1929 1515 degendae
1951 1463 2099 1502 aetatis

319 1532 425 1571 ratio
457 1531 684 1584 diligenda.
732 1529 893 1578 Quibus
925 1535 967 1568 et
996 1528 1150 1568 taiihus
1182 1527 1306 1566 rebus
1339 1525 1561 1578 exquisitis
1592 1525 1673 1564 hoc
1703 1525 1768 1564 vel
1801 1525 1982 1564 maxime
2012 1522 2100 1564 effi-

321 1595 446 1641 citur,
485 1593 596 1646 quod
638 1593 716 1632 hac
757 1591 1043 1644 disputatione
1084 1590 1268 1642 agimus,
1310 1594 1355 1627 ut
1387 1589 1516 1627 virtus
1548 1587 1598 1627 ad
1634 1588 1755 1628 beate
1790 1587 2014 1627 vivendum
2046 1587 2100 1626 sit

321 1671 366 1698 se
396 1657 486 1710 ipsa
519 1660 730 1695 contenta.
780 1652 845 1693 7⁶2.
881 1653 1081 1705 Sequitur
1110 1652 1251 1697 tertia,
1293 1663 1400 1703 quae
1433 1663 1509 1702 per
1541 1651 1678 1689 omnis
1709 1651 1836 1703 partis
1869 1650 2099 1702 sapientiae

321 1725 461 1760 manat
492 1723 532 1758 et
553 1717 756 1763 funditur,
788 1729 896 1769 quae
920 1728 1005 1754 rem
1029 1713 1194 1761 definit,
1227 1726 1379 1765 genera
1403 1712 1616 1766 dispertit,
1650 1713 1871 1766 sequentia
1894 1713 2098 1765 adiungit,

270 1782 505 1836 imperfecta
543 1779 779 1826 concludit,
819 1791 916 1818 vera
956 1783 997 1816 et
1036 1776 1139 1815 falsa
1172 1775 1396 1822 diiudicat,
1430 1775 1665 1815 disserendi
1697 1776 1803 1815 ratio
1836 1780 1877 1814 et
1908 1775 2097 1814 scientia.

406 1956 437 1988 4.
464 1956 630 1995 loquentes
659 1962 749 1985 corr.
778 1953 809 1984 in
834 1952 994 1990 loquentis
1018 1952 1043 1983 R
1070 1968 1103 1972 —-
1141 1952 1170 1982 5.
1199 1959 1285 1990 quae
1307 1951 1460 1981 interitus
1485 1948 1612 1980 GR¹B¹
1640 1966 1673 1971 —
1702 1950 1733 1981 7.
1760 1950 1939 1981 sustineant
1965 1944 2096 1985 GRB¹;

318 2008 479 2039 sustineat
502 2004 576 2037 13²0
604 2021 638 2026 —
667 2013 733 2043 qua.
757 2004 938 2034 Davisius:
972 2002 1004 2032 iri
1039 2010 1106 2041 qua
1138 2002 1202 2033 CO
1230 2018 1263 2022 —-
1293 2001 1323 2031 8.
1351 2002 1528 2039 expectant
1551 2000 1574 2030 C
1604 2017 1638 2020 —-
1674 2000 1820 2030 rutundo
1846 2000 1922 2030 GR:
1956 2000 2099 2030 rotundo

320 2058 402 2090 ΒΟ.
436 2056 486 2089 Cf.
514 2064 546 2097 p.
574 2055 649 2087 224.
678 2055 729 2085 49.
760 2070 793 2076 —
823 2053 853 2084 9.
882 2052 1049 2083 tractandi
1074 2052 1137 2082 GR
1167 2070 1200 2073 —
1232 2052 1280 2082 10.
1309 2060 1328 2081 a
1355 2059 1422 2081 om.
1447 2051 1490 2081 C.
1518 2049 1606 2081 Vide
1632 2049 1673 2080 ad
1701 2049 1789 2090 580.
1815 2067 1848 2071 --
1877 2050 1929 2080 Μ.
1956 2049 2100 2089 comple-

319 2111 375 2139 tur
399 2106 563 2145 Bentley:
590 2104 795 2143 compleatur
819 2104 844 2135 C
874 2120 907 2124 -—
937 2103 988 2133 4²2.
1014 2102 1136 2133 incerti-t
1160 2102 1222 2131 GR
1254 2118 1284 2122 Μ
1318 2101 1355 2131 13
1395 2100 1576 2131 unitandae
1594 2101 1631 2130 O.
1659 2099 1868 2139 Madvigium
1888 2101 1922 2130 et
1939 2100 1998 2140 qui
2017 2108 2099 2130 eum

320 2158 430 2189 secuti
456 2157 538 2188 sunt
562 2156 605 2194 (v,
631 2155 758 2195 Zumpt
782 2154 935 2184 Gramm.
964 2151 981 2191 g
1008 2152 1081 2190 664)
1108 2152 1278 2189 negantes
1303 2150 1461 2189 gerundii
1491 2150 1681 2188 genitivum
1704 2158 1784 2180 cuni
1809 2151 1961 2189 genitivo
1986 2151 2102 2190 sinqu-

320 2208 386 2238 lari
409 2205 709 2238 substantivorum
734 2203 828 2242 iungi
853 2202 981 2233 refutat.
1006 2203 1147 2241 praeter
1170 2201 1264 2231 hunc
1290 2199 1406 2230 locum
1433 2200 1536 2231 etiam
1564 2200 1672 2231 Plaut.
1701 2200 1800 2239 Capt.
1827 2200 1867 2237 V,
1888 2200 1918 2237 4,
1940 2201 1995 2231 tt:
2024 2201 2103 2240 quia

320 2259 365 2289 mi
388 2258 465 2289 item
492 2259 527 2287 ut
554 2258 708 2295 parentes
739 2254 843 2284 lucis
873 2253 932 2283 clas
964 2252 1104 2282 tuendi
1128 2252 1267 2289 copiam.
1306 2252 1419 2290 Atque
1448 2250 1552 2280 etiam
1579 2250 1610 2280 in
1638 2258 1743 2281 versu
1769 2249 1925 2281 Enniano
1951 2250 1993 2281 de
2020 2250 2101 2281 Fato

321 2309 339 2349 g
364 2308 404 2339 35
430 2308 463 2338 et
487 2305 531 2337 ad
557 2305 708 2336 Herenn.
737 2304 763 2335 11
790 2303 807 2343 g
833 2302 873 2334 34
899 2311 917 2333 e
942 2302 1097 2341 vestigiis
1125 2300 1287 2331 codicum
1313 2300 1542 2331 scribendum
1564 2300 1703 2331 ridetur
1724 2301 1820 2331 naris
1842 2301 2017 2331 inchoandi
2040 2310 2103 2332 ex-

321 2359 465 2390 ordium.
481 2373 515 2377 —
543 2354 750 2386 conlocatum
767 2352 846 2383 cod.
867 2351 1096 2383 pithoeanus:
1124 2351 1295 2381 conlocata
1314 2351 1339 2380 G
1354 2351 1397 2381 R:
1424 2350 1631 2381 conlocatam
1647 2350 1671 2380 B
1687 2349 1731 2380 O.
1761 2350 1855 2389 «Hic,
1883 2349 1942 2380 ubi
1960 2349 2105 2381 affertur

321 2410 421 2447 ratio,
449 2415 512 2439 cur
534 2405 666 2445 sapiens
691 2403 719 2443 (g
745 2403 785 2433 69
809 2401 993 2440 sapientis),
1020 2402 1074 2431 cui
1099 2400 1178 2431 hacc
1202 2401 1236 2439 (i.
1257 2409 1287 2430 e„
1308 2400 1429 2430 mundi
1456 2403 1617 2431 naturam
1637 2402 1670 2431 et
1688 2400 1857 2439 originem
1883 2402 1988 2440 atque
2011 2408 2101 2440 quae

321 2459 402 2491 inde
428 2455 593 2497 cognosci
617 2455 750 2495 potest,
777 2452 925 2483 deorum
952 2452 1021 2481 vim
1048 2453 1081 2481 et
1107 2451 1281 2487 naturam)
1307 2451 1517 2480 tractanti
1545 2450 1656 2480 animo
1674 2449 1806 2489 (ablat.)
1833 2453 1927 2481 et--
1944 2450 2104 2490 coyitanti

320 2510 443 2541 mistae
465 2506 607 2547 coqnitio
631 2513 711 2536 suae
732 2502 865 2537 mentis,
897 2500 1079 2532 insatiabili
1108 2500 1231 2540 gaudio
1256 2499 1471 2538 compleatur,
1509 2508 1572 2540 ego
1599 2508 1639 2530 ex
1666 2499 1744 2531 cod.
1772 2500 1859 2531 Pith.
1887 2500 1937 2531 sic
1962 2499 2100 2531 scribo:

319 2561 396 2600 Ipsa
426 2559 512 2589 enim
542 2554 700 2596 cogitatio
727 2554 779 2592 (2.-
804 2551 890 2583 lllud
923 2551 1017 2582 enim
1049 2550 1184 2590 ipsum,
1212 2551 1306 2589 quod
1331 2550 1459 2588 sapiens
1484 2550 1623 2589 cogitat)
1649 2550 1687 2580 cle
1709 2550 1743 2580 vi
1767 2554 1796 2581 et
1819 2554 1945 2581 natura·
1969 2551 2104 2581 deorum

321 2608 465 2640 studium
489 2608 551 2646 (sc.
579 2605 672 2642 eius)
698 2602 842 2633 incendit
868 2602 915 2640 t:
933 2600 1020 2632 Cum
1048 2600 1142 2630 enim
1166 2600 1297 2638 sapiens
1321 2600 1466 2639 cogitat,
1502 2599 1700 2630 incenditur
1731 2600 1856 2637 studio)
1883 2600 1972 2631 illius
1995 2603 2103 2630 aeter-

320 2659 436 2690 nitatis
457 2656 642 2688 imitandae
663 2662 768 2692 neque
792 2653 844 2693 (.-;
859 2652 894 2682 id
910 2654 972 2689 est,
993 2650 1073 2690 ozon)
1096 2658 1128 2679 se
1146 2650 1180 2679 in
1197 2648 1354 2679 brevitate
1370 2652 1460 2679 vitae
1482 2649 1739 2679 collocatum
1760 2652 1874 2688 putat,
1900 2659 1975 2681 cum
1991 2658 2104 2681 rerum

322 2713 628 2740 causas--neaeas
649 2704 756 2741 videt,
791 2702 907 2742 quibus
923 2718 970 2723 --
987 2701 1074 2730 ratio
1102 2699 1237 2737 {divina}
1263 2699 1467 2729 moderatur.
1507 2697 1614 2737 Vulgo
1639 2706 1763 2729 omnes
1789 2699 1875 2729 mire
1902 2699 2010 2731 edunt
2034 2699 2103 2730 col-

323 2759 476 2790 locatam.
514 2759 564 2787 An
595 2762 679 2785 vero
713 2753 837 2784 Cicero
868 2753 975 2791 ipsam
1005 2749 1236 2790 cogitationem
1269 2748 1306 2778 de
1338 2748 1368 2777 ri
1400 2752 1429 2778 et
1456 2750 1582 2778 natm-a
1606 2747 1741 2778 deorum
1768 2750 1846 2785 {non
1872 2750 2021 2780 animum
2047 2751 2105 2781 aut

323 2813 478 2846 mentem,
511 2804 606 2846 quod
631 2804 713 2834 terri
739 2802 886 2844 poterat)
912 2804 1032 2841 putare
1057 2800 1116 2829 aut
1141 2798 1282 2838 proprie
1307 2797 1427 2828 dicere
1453 2796 1565 2837 potuit
1588 2798 1647 2827 aut
1671 2796 1836 2829 translate
1863 2799 1911 2838 (ut
1934 2799 2103 2840 coyz'tatio,

325 2858 419 2899 quod
446 2858 478 2888 in
502 2855 647 2887 incendit
669 2854 810 2894 proprie
836 2852 969 2882 dictum
996 2852 1068 2887 est,
1095 2850 1128 2879 in
1151 2850 1246 2886 putat
1270 2847 1313 2878 sit
1338 2848 1381 2883 is,
1409 2847 1464 2884 qui
1481 2846 1617 2886 cogitat)
1643 2854 1750 2878 ausus
1768 2849 1846 2878 est‘?
1872 2851 2025 2890 Apparet
2042 2857 2105 2890 per

327 2908 525 2940 chjgsmum
550 2905 640 2935 inter
665 2911 703 2935 se
728 2901 946 2942 respondere
971 2901 1046 2938 Ipsa
1064 2915 1110 2920 --
1127 2898 1260 2928 deorum
1288 2898 1322 2927 ct
1345 2905 1418 2926 cum
1442 2896 1527 2926 videt
1545 2913 1611 2933 --,,
1640 2897 1784 2927 stadium
1802 2899 2048 2930 --imitandae
2072 2900 2106 2929 et

326 2958 551 2996 se--putat:
587 2952 683 2993 quod
716 2953 743 2983 si
775 2953 819 2982 ita
852 2953 923 2988 est,
957 2950 1158 2982 subiectum
1183 2946 1280 2977 verbi
1306 2949 1403 2985 putat
1428 2955 1497 2977 non
1523 2948 1637 2986 potest
1662 2955 1730 2977 non
1757 2946 1851 2978 idem
1877 2957 1975 2980 esse.
2010 2947 2105 2988 quod

329 3006 501 3048 (logicum)
527 3002 706 3033 obiectum
732 3004 785 3033 est
809 3001 906 3032 verbi
932 3000 1092 3036 incendit,
1118 2998 1139 3029 i.
1161 3006 1190 3028 e.
1210 3004 1296 3034 eam,
1324 2996 1422 3027 cuius
1448 2995 1601 3027 studium
1621 2996 1830 3027 incenditur.
1858 2998 2104 3029 Subiectorum

329 3063 421 3098 quae
446 3054 479 3085 h.
499 3053 519 3084 l.
541 3055 594 3083 est
618 3052 762 3082 mutatio
788 3050 1030 3090 grammatica,
1057 3057 1127 3079 non
1151 3046 1274 3086 logica.
1300 3047 1507 3087 praesertim
1528 3055 1608 3078 cuni
1635 3047 1792 3086 proxime
1819 3046 2010 3086 praecedat
2032 3051 2106 3078 tra—

329 3105 495 3137 ctanti--
512 3102 692 3141 completur
722 3104 757 3132 et
787 3103 957 3141 sequatur
981 3099 1035 3139 (de
1060 3098 1227 3139 sapientis
1252 3105 1294 3127 ex
1318 3096 1425 3127 altera
1458 3095 1697 3136 philosophiae
1726 3099 1824 3136 parte
1850 3096 1994 3136 gaudiis)
2020 3097 2107 3127 Haec

330 3156 402 3187 ille
424 3155 569 3189 inanem,
598 3159 676 3182 eam
702 3159 817 3190 neque
844 3158 1014 3181 excusare
1041 3156 1155 3188 neque
1182 3145 1350 3187 exemplis
1375 3147 1584 3177 contirmare
1603 3154 1690 3186 opus
1709 3148 1794 3177 est.»
1822 3146 1876 3176 W.
1904 3145 2107 3177 adsentitur

332 3205 424 3238 Bake
449 3203 469 3235 l.
489 3202 510 3235 1.
530 3211 564 3243 p.
586 3201 659 3238 ΜΟ,
685 3200 748 3232 sed
773 3202 958 3241 praeterea
984 3197 1212 3230 scribendum
1231 3199 1353 3228 censet
1374 3200 1483 3235 putat,
1509 3197 1578 3235 qui
1601 3205 1715 3226 rerum
1730 3212 1780 3218 -—
1796 3195 1901 3233 videt,
1927 3194 2043 3234 quibus
2058 3211 2105 3217 ——

331 3254 580 3286 moderatur.
606 3267 649 3272 —
681 3250 732 3280 19.
758 3252 906 3289 espectet
935 3257 1024 3280 corr.
1051 3249 1085 3279 in
1113 3250 1231 3287 spectet
1262 3247 1286 3277 G
1322 3263 1357 3268 -
1390 3247 1442 3277 ΞΟ.
1471 3246 1550 3284 quid
1574 3246 1617 3277 C:
1653 3245 1739 3284 quod
1763 3245 1788 3276 Ο
1814 3260 1848 3266 -
1876 3245 2009 3284 deyente
2032 3245 2105 3283 (su-

334 3309 468 3344 pet-scr.
495 3300 531 3341 d)
557 3300 584 3332 G
611 3314 645 3322 —
672 3300 726 3330 24.
752 3298 921 3339 diliqenda
944 3298 987 3329 C:
1020 3296 1192 3338 deliqenda
1215 3296 1239 3327 O
1268 3311 1302 3318 —
1328 3293 1381 3328 24.
1408 3295 1552 3336 difiniuit
1574 3295 1657 3326 GR.
1688 3292 1775 3325 Vide
1799 3292 1844 3325 ad
1867 3293 1895 3324 11
1919 3293 1938 3333 ἓ
1962 3292 1993 3324 2.
