2249 3624
536 157 626 197 Lm.
657 157 707 196 11.
750 156 847 197 cst.
877 155 1261 196 xxxvnl—XL.
1301 153 1361 207 §ss
1392 151 1616 194 95-402.
1885 151 1967 194 429

200 264 314 318 tique
337 262 523 304 videmus
544 261 882 301 constantissime
905 260 1193 302 conficientem
1214 261 1525 301 vicissitudines
1546 260 1852 300 anniversarias
1873 274 1968 301 cum

199 338 358 366 summa
388 324 519 364 salute
552 329 591 362 et
621 324 940 363 conservatione
971 339 1108 364 rerum
1142 324 1347 370 omnium,
1388 323 1628 363 dubitamus
1661 322 1764 376 quin
1803 336 1852 362 ca
1883 336 1968 362 non

198 388 334 428 solum
375 386 537 426 ratione
569 385 688 432 fiant,
731 386 803 424 sed
836 387 959 425 etiam
992 386 1211 426 excellenti
1244 386 1468 438 divinaque
1501 386 1692 426 ratione?
1752 384 1820 424 98.
1852 385 1969 425 Licet

198 449 308 490 enim
339 448 420 488 iam
452 454 611 487 remota
642 448 871 487 subtilitate
905 449 1145 501 disputandi
1180 449 1313 488 oculis
1337 450 1518 502 quodam
1550 448 1674 487 modo
1697 448 1969 501 contemplari

197 510 549 565 pulchritudinem
572 523 708 549 reruni
732 524 888 557 earum,
919 526 1023 564 quas
1055 512 1197 550 divina
1221 511 1482 563 providentia
1504 511 1682 550 dicimus
1703 511 1966 550 constitutas.
1982 519 2001 547 5

309 573 506 612 XXXIX.
538 574 596 612 Ac
630 573 834 625 principio
871 579 975 612 terra
1009 575 1201 612 universa
1233 580 1439 620 cernatur,
1472 573 1607 613 locata
1640 573 1680 612 in
1711 573 1846 613 media
1869 573 1969 614 sede

196 636 361 682 mundi,
393 635 527 674 solida
558 640 599 674 et
629 635 800 686 globosa
822 641 861 674 et
895 636 1080 688 undique
1114 636 1202 688 ipsa
1227 636 1266 675 in
1290 649 1381 675 sese
1406 636 1574 674 nutibus
1597 636 1684 675 suis
1707 635 1970 687 conglobata,

196 698 344 738 vestita
366 698 559 744 lloribus,
591 697 752 743 herbis,
785 698 1026 743 arboribus,
1058 698 1261 749 frugibus,
1295 712 1473 750 quorum
1498 698 1682 737 omnium
1712 699 1970 739 incredibilis

194 760 417 800 multitudo
450 760 675 799 insatiabili
701 760 898 799 varietate
931 760 1216 812 distinguitur.
1261 760 1379 799 Adde
1402 759 1481 798 buc
1504 759 1678 799 fontium
1708 762 1867 813 gelidas
1900 775 1971 815 pe-

194 824 445 870 rennitates,
487 822 669 875 liquores
714 820 948 875 perlucidos
990 822 1194 868 amnium,
1236 823 1422 874 riparum
1464 822 1637 861 vestitus
1678 824 2020 873 viridissimos‚w

194 886 489 938 speluncarum
530 898 735 924 concavas
775 884 1042 930 altitudines,
1092 897 1289 923 saxorum
1331 884 1603 936 asperitates,
1650 885 1970 938 inpendentium

194 948 395 988 montium
435 947 677 987 altitudines
719 946 1097 999 inmensitatesque
1130 959 1394 999 camporum;
1436 946 1543 985 adde
1576 947 1699 987 etiam
1732 950 1970 991 reconditas

194 1010 284 1050 auri
326 1010 572 1063 argentique
611 1023 740 1049 venas
781 1008 1069 1062 infinitamque
1109 1009 1191 1048 vini
1234 1009 1464 1048 marmoris.
1525 1008 1591 1048 99.
1631 1010 1748 1058 Quae
1791 1026 1888 1052 vero
1932 1018 1972 1053 et

195 1085 321 1126 quam
361 1073 477 1112 varia
515 1085 668 1125 genera
704 1072 933 1112 bestiarum
973 1071 1039 1111 vel
1080 1071 1263 1111 cicurum
1296 1071 1361 1111 vel
1401 1070 1608 1112 feraruml
1651 1074 1723 1125 qui
1755 1075 1971 1116 volucrum

194 1134 337 1187 lapsus
368 1140 492 1188 atque
525 1136 696 1175 cantusl
732 1134 804 1188 qui
839 1134 1044 1187 pecudum
1078 1134 1247 1186 pastusl
1283 1148 1390 1187 quae
1425 1134 1506 1173 vita
1538 1135 1818 1177 silvestrium!
1860 1139 2021 1187 Quidib

194 1198 275 1237 iam
308 1197 359 1237 de
390 1197 608 1238 hominum
640 1211 791 1250 genere
824 1198 993 1236 dicam?
1026 1197 1098 1249 qui
1130 1196 1248 1249 quasi
1280 1195 1461 1236 cultores
1492 1202 1625 1236 terrae
1647 1200 1863 1240 constituti
1886 1214 1971 1241 non

195 1262 408 1315 patiuntur
448 1274 538 1300 eam
579 1274 656 1300 nec
695 1260 937 1300 inmanitate
969 1259 1187 1299 beluarum
1220 1259 1383 1298 efferari
1414 1272 1491 1299 nec
1522 1259 1716 1312 stirpium
1748 1263 1971 1315 asperitate

195 1324 371 1370 vastari,
411 1337 672 1377 quorumque
717 1323 916 1376 operibus
948 1322 1057 1375 agri,
1096 1322 1259 1361 insulae
1293 1322 1500 1374 litoraque
1533 1322 1744 1364 collucent
1774 1325 1972 1367 distincta

195 1386 314 1426 tectis
347 1392 388 1426 et
421 1383 606 1425 urbibus.
655 1384 772 1434 Quae
805 1386 863 1432 si,
895 1390 940 1424 ut
971 1384 1142 1431 animis,
1176 1384 1235 1424 sic
1260 1384 1392 1424 oculis
1416 1384 1559 1424 videre
1581 1399 1814 1438 possemuS,
1845 1402 1970 1430 nemo

196 1455 388 1488 cunctam
418 1448 584 1487 intuens
616 1454 767 1488 terrain
799 1448 850 1488 dc
873 1447 1015 1487 divina
1045 1448 1206 1486 ratione
1229 1447 1446 1486 dubitaret.
1498 1444 1591 1487 slOO.
1623 1449 1676 1489 At
1697 1463 1795 1490 vero
1818 1457 2022 1505 quanta²⁰

199 1511 325 1550 maris
358 1516 421 1550 est
451 1510 720 1563 pulchritudo
742 1512 750 1550 l
787 1524 895 1564 quae
928 1510 1088 1564 species
1111 1509 1322 1549 universil
1357 1522 1464 1562 quae
1488 1510 1709 1553 multitudo
1731 1518 1771 1552 et
1793 1515 1972 1556 varietas

195 1573 451 1613 insularum!
487 1587 594 1626 quae
625 1574 899 1613 amoenitates
931 1586 1098 1612 orarum
1129 1585 1176 1611 ac
1204 1572 1402 1611 litoruml
1446 1578 1548 1626 quot
1577 1586 1730 1626 genera
1760 1590 1973 1632 quamque

197 1636 380 1689 disparia
412 1636 558 1689 partim
591 1636 917 1679 submersarum.
951 1635 1099 1688 partim
1133 1635 1386 1674 fluitantium
1418 1640 1458 1674 et
1488 1635 1721 1677 innantium
1741 1638 1972 1689 beluarum,

199 1699 349 1753 partim
381 1699 431 1739 ad
465 1712 565 1738 saxa
597 1699 748 1739 nativis
771 1699 888 1739 testis
909 1698 1217 1737 inhaerentium
1239 1698 1247 1736 1
1283 1699 1423 1750 lpsum
1445 1703 1583 1737 autem
1607 1712 1719 1739 mare
1741 1701 1798 1741 sic
1820 1707 1972 1743 terram

200 1767 402 1815 appetens
443 1762 634 1802 litoribus
675 1762 828 1810 cludit,
869 1767 916 1801 ut
955 1774 1040 1800 una
1078 1774 1131 1800 ex
1170 1760 1330 1800 duabus
1370 1760 1529 1800 naturis
1561 1762 1740 1803 conflata
1772 1764 2022 1805 videatur.2⁵

199 1821 293 1864 401,
324 1824 433 1864 Exin
465 1824 566 1864 mari
598 1822 796 1864 finitimus
828 1829 899 1865 aer
929 1823 996 1864 die
1029 1829 1070 1863 et
1099 1828 1222 1863 nocte
1255 1823 1554 1875 distinguitur,
1587 1824 1707 1879 isque
1739 1832 1824 1866 tum
1854 1827 1973 1868 fusus

199 1893 239 1927 et
271 1892 522 1927 extenuatus
554 1886 731 1926 sublime
762 1886 905 1935 fertur,
936 1893 1021 1926 tum
1048 1891 1187 1926 autem
1209 1892 1429 1925 concretus
1452 1886 1493 1925 in
1516 1887 1650 1927 nubes
1672 1890 1836 1944 cogitur
1856 1904 1975 1930 umo-

198 1963 370 2003 remque
402 1949 604 2002 colligens
635 1956 786 1989 terram
817 1956 941 2002 auget
970 1948 1194 1996 imbribus,
1226 1954 1313 1988 tum
1335 1947 1513 1989 effluens
1539 1949 1621 1989 huc
1642 1955 1682 1990 et
1702 1951 1803 1992 illuc
1825 1958 1973 1993 ventos

199 2011 337 2052 efficit.
400 2012 516 2051 Idem
553 2025 714 2053 annuas
750 2012 950 2065 frigorum
992 2018 1034 2052 et
1072 2011 1257 2051 calorum
1298 2011 1398 2052 facit
1432 2012 1655 2053 varietates
1696 2013 1893 2069 idemque
1933 2020 1974 2055 et

199 2075 362 2115 volatus
399 2075 543 2114 alitum
586 2076 762 2115 sustinet
807 2080 849 2114 et
894 2074 1232 2128 spiritu-ductus
1273 2074 1348 2114 alit
1393 2079 1433 2114 et
1476 2080 1681 2116 sustentat
1724 2079 2022 2119 animantes.30

199 2138 285 2177 XL.
325 2139 468 2178 Restat
506 2137 675 2177 ultimus
715 2143 756 2177 et
792 2150 815 2177 a
856 2136 1079 2176 domiciliis
1114 2137 1266 2177 nostris
1298 2137 1526 2177 altissimus
1558 2138 1697 2178 omnia
1728 2140 1900 2193 cingens
1932 2145 1974 2181 et

198 2204 395 2239 coercens
427 2200 531 2239 caeli
563 2199 830 2252 complexus,
863 2200 934 2251 qui
966 2199 1076 2239 idem
1108 2200 1253 2239 aether
1284 2205 1476 2248 vocatur,
1508 2207 1694 2240 extrema
1725 2215 1798 2242 ora
1829 2208 1871 2243 et
1901 2204 1974 2244 de-

199 2262 436 2302 terminatio
459 2263 617 2310 mundi,
639 2263 682 2302 in
706 2276 788 2316 quo
811 2275 905 2302 cum
927 2262 1248 2302 admirabilitate
1271 2262 1455 2302 maxima
1476 2263 1624 2315 igneae
1644 2256 1804 2304 formae
1827 2278 1972 2305 cursus

199 2325 413 2364 ordinatos
445 2322 660 2364 deliniunt.
722 2321 814 2362 1102.
846 2326 878 2363 E
912 2325 1066 2377 quibus
1098 2325 1181 2373 sol,
1214 2325 1333 2365 cuius
1364 2325 1655 2378 magnitudine
1677 2327 1817 2367 multis
1843 2328 1975 2380 parti-

198 2387 275 2428 bus
308 2393 416 2427 terra
446 2393 683 2440 superatur,
716 2388 872 2427 circum
904 2401 995 2427 eam
1017 2387 1152 2441 ipsam
1175 2388 1377 2436 volvitur,
1408 2389 1529 2442 isque
1552 2389 1692 2429 oriens
1715 2395 1756 2430 et
1777 2390 1971 2431 occidens
1985 2398 2022 2428 35

287 2588 317 2618 i.
343 2587 489 2618 videmus
512 2587 704 2627 Madvigius
730 2588 820 2626 (cum
847 2587 986 2619 duobus
1011 2587 1113 2619 codd.
1142 2588 1300 2628 Moseri):
1326 2588 1498 2619 uideamus
1521 2587 1588 2620 ‘210
1615 2605 1649 2610 —-
1677 2589 1763 2630 cum]
1788 2594 1857 2622 lum
1882 2591 1909 2623 V
1935 2610 1970 2616 —

199 2636 230 2668 3.
256 2637 426 2668 eaeceltenti
450 2635 501 2668 ⁶21:
536 2638 709 2668 excellente
734 2638 770 2668 O.
803 2637 890 2669 Vide
917 2638 959 2668 ad
985 2648 1018 2679 p.
1046 2639 1120 2677 275,
1148 2639 1200 2670 40.
1230 2656 1265 2662 -
1297 2638 1327 2670 4.
1355 2639 1532 2670 subtilitate
1558 2647 1647 2670 corr.
1675 2648 1718 2671 ex
1741 2641 1922 2680 suptilitate
1946 2642 1973 2673 V

202 2703 237 2709 —
265 2688 296 2718 5.
319 2688 497 2726 prudentia
530 2688 552 2718 B
590 2705 623 2710 —
657 2687 688 2718 6.
715 2697 754 2718 ac
784 2687 816 2719 in
847 2696 969 2719 rasura
1002 2690 1029 2720 A
1063 2706 1097 2710 —-
1131 2690 1161 2720 9.
1190 2690 1274 2720 adde
1303 2689 1387 2720 hunc
1417 2690 1601 2729 (expuncta
1628 2688 1689 2720 litt.
1715 2699 1738 2720 η
1761 2690 1839 2722 ead.
1868 2700 1912 2724 m.
1939 2693 1973 2723 et

200 2745 378 2777 superscr.
405 2736 521 2775 adhuc)
547 2737 574 2767 V
601 2754 636 2759 —
668 2737 796 2777 fontum
818 2737 923 2768 ABV
950 2739 993 2777 (in
1022 2739 1047 2768 V
1071 2748 1250 2779 superscr.
1276 2740 1286 2770 i
1311 2739 1389 2771 ead.
1417 2740 1480 2777 m.)
1509 2756 1543 2760 -—
1577 2739 1629 2770 Μ.
1656 2739 1845 2771 latitudines
1869 2741 1973 2773 Lam-

199 2786 325 2824 binus3
360 2788 591 2826 amplitudines
622 2787 855 2819 lleindorlius.
885 2804 919 2809 —-
951 2789 1202 2827 inpendentium
1225 2791 1251 2820 A
1285 2806 1318 2810 —
1353 2788 1404 2820 44.
1432 2787 1618 2819 uolua-rium
1650 2788 1715 2819 BV
1747 2807 1782 2813 —
1815 2792 1867 2823 45.
1895 2793 1975 2831 quid

200 2837 268 2868 iam
283 2854 331 2860 -·-
347 2837 518 2868 beluarum
549 2837 690 2875 ecferari
718 2846 776 2868 uec
795 2854 841 2860 --
860 2841 993 2868 vastare
1025 2839 1154 2870 Nonius
1180 2848 1212 2879 p.
1233 2839 1307 2870 485.
1334 2856 1376 2860 ——
1401 2839 1453 2869 46.
1481 2838 1559 2877 quid
1583 2838 1678 2877 quasi
1694 2856 1741 2862 --
1758 2850 1823 2872 non
1844 2843 1975 2881 patitur

199 2895 336 2917 eam—-
352 2887 523 2919 beluarum
553 2887 686 2926 efferari
716 2896 773 2918 nec
803 2887 957 2926 stirpium
980 2891 1159 2928 asperitate
1183 2890 1302 2920 saltari
1327 2890 1456 2920 Nonius
1482 2898 1514 2929 p.
1534 2889 1608 2920 4⁴7.
1638 2906 1673 2912 -
1709 2890 1762 2921 49.
1788 2894 1817 2922 et
1840 2892 1975 2924 urbibus

202 2936 318 2976 (priori
341 2936 359 2966 b
382 2944 560 2977 superscr.
581 2944 626 2967 in.
648 2946 718 2968 rec.
738 2937 766 2976 r)
791 2938 816 2968 A
845 2955 880 2960 —-
903 2939 1066 2977 possimus
1089 2940 1153 2970 AC
1175 2949 1181 2970 ι
1203 2947 1374 2978 possumus
1391 2947 1482 2970 corr.
1502 2939 1535 2969 in
1549 2939 1710 2978 possimus
1733 2940 1757 2971 B
1786 2958 1821 2962 —
1848 2942 1900 2972 ΞΟ.
1920 2942 1973 2973 in—

201 2988 292 3017 tuens
316 2987 504 3026 (superscr.
531 2986 601 3022 con)
628 2986 654 3016 V
690 3003 723 3009 --
759 2988 796 3018 de
827 2989 1105 3029 superscriptum
1136 2988 1242 3020 habet
1267 2989 1294 3019 V
1329 3006 1362 3010 -
1396 2989 1448 3019 22.
1476 2992 1553 3028 quot
1584 2998 1675 3021 corr.
1703 2998 1745 3021 ex
1770 2990 1856 3029 quod
1880 2990 1907 3021 V
1934 3009 1970 3014 —

202 3035 254 3066 23.
279 3035 336 3066 sub
360 3044 538 3077 superscr.
564 3036 598 3067 in
622 3038 649 3066 A
677 3053 710 3057 —
736 3038 946 3076 fluctantium
972 3039 995 3069 C
1024 3055 1058 3060 —
1093 3038 1145 3069 ³24.
1171 3038 1425 3069 samsanactuis
1448 3040 1493 3075 Α;
1521 3047 1628 3070 sumas
1650 3041 1796 3071 analiuis
1821 3048 1911 3072 corr.
1938 3041 1972 3072 iu

201 3093 288 3116 saaeo
303 3087 465 3117 sanatiuis
482 3087 505 3117 B
525 3103 559 3108 —
588 3086 638 3117 25.
658 3086 759 3117 cludit
776 3087 963 3118 Victorius:
987 3088 1086 3119 eludit
1103 3087 1147 3126 ‘213
1174 3089 1293 3120 alludit
1309 3087 1374 3120 alii.
1404 3105 1438 3110 —
1474 3089 1528 3120 26.
1546 3089 1636 3120 exim
1650 3090 1693 3126 B;
1719 3098 1762 3121 ex
1780 3093 1970 3130 (superscr.

202 3134 246 3173 in)
272 3134 299 3165 V
324 3151 358 3156 -
383 3136 553 3174 finitumus
576 3136 604 3167 V
631 3152 665 3158 ——
700 3145 759 3167 aer
782 3145 960 3177 supcrscr.
987 3147 1033 3169 m.
1061 3147 1131 3170 sec.
1159 3139 1355 3170 recentiore
1381 3139 1413 3169 in
1439 3140 1482 3172 A:
1510 3147 1580 3170 om.
1608 3139 1631 3172 C
1659 3156 1694 3162 —
1725 3140 1777 3171 27.
1805 3148 1972 3171 umorem—

204 3192 266 3224 que
295 3184 418 3215 ABC:
451 3186 681 3225 homoremque
713 3194 803 3217 corr.
829 3187 863 3217 in
893 3187 1125 3228 humoremque
1150 3189 1193 3225 V3
1230 3188 1462 3227 humoremque
1486 3188 1548 3220 EO
1584 3206 1618 3210 —
1656 3188 1709 3220 ⁶28.
1737 3191 1857 3230 esluens
1880 3191 1907 3220 A
1931 3206 1967 3211 —

205 3232 256 3264 30.
282 3235 417 3273 spiritus
439 3236 466 3266 A
480 3236 503 3267 C
518 3236 542 3267 E
558 3236 584 3267 V
609 3237 653 3275 (in
672 3236 697 3266 V
715 3235 835 3267 ultima
859 3235 920 3268 litt.
941 3240 1050 3276 erasa)
1072 3255 1106 3260 —
1133 3238 1186 3268 32.
1205 3238 1376 3270 cohercens
1401 3238 1464 3270 AC
1480 3238 1504 3269 E
1518 3237 1559 3269 V¹
1577 3255 1611 3260 -
1640 3239 1696 3278 qui
1719 3238 1815 3279 idem]
1841 3239 1971 3279 quidem

204 3283 245 3316 Α1
260 3301 294 3306 -
320 3285 404 3316 hora
427 3283 465 3317 (2¹
480 3285 506 3317 V
533 3304 566 3309 —
595 3286 646 3319 34.
673 3295 690 3319 e
713 3289 792 3319 ante
816 3286 967 3319 litteram
992 3296 1130 3319 erasam
1152 3289 1191 3319 A.
