<?xml version="1.0" encoding="UTF-8"?>
<!DOCTYPE html PUBLIC "-//W3C//DTD XHTML 1.0 Transitional//EN"
    "http://www.w3.org/TR/xhtml1/DTD/xhtml1-transitional.dtd">
<html xmlns="http://www.w3.org/1999/xhtml" xml:lang="en" lang="en">
 <head>
  <title>
</title>
<meta http-equiv="Content-Type" content="text/html;charset=utf-8" />
  <meta name='ocr-system' content='tesseract 3.04.00' />
  <meta name='ocr-capabilities' content='ocr_page ocr_carea ocr_par ocr_line ocrx_word'/>
</head>
<body>
  <div class='ocr_page' id='page_1' title='image "./operaquaesupersu04ciceuoft_1091.png"; bbox 0 0 2249 3624; ppageno 0'>
   <div class='ocr_carea' id='block_1_1' title="bbox 940 203 1940 252">
    <p class='ocr_par' dir='ltr' id='par_1_1' title="bbox 940 203 1940 252">
     <span class='ocr_line' id='line_1_1' title="bbox 940 203 1940 252; baseline 0.007 -8"><span class='ocrx_word' id='word_1_1' title='bbox 940 203 1179 248; x_wconf 82' lang='lat' dir='ltr'><strong>TIMAEUS.</strong></span> <span class='ocrx_word' id='word_1_2' title='bbox 1861 210 1940 252; x_wconf 83' lang='lat'>999</span> 
     </span>
    </p>
   </div>
   <div class='ocr_carea' id='block_1_2' title="bbox 182 308 2000 2303">
    <p class='ocr_par' dir='ltr' id='par_1_2' title="bbox 182 308 2000 2303">
     <span class='ocr_line' id='line_1_2' title="bbox 186 308 1940 364; baseline 0.004 -17"><span class='ocrx_word' id='word_1_3' title='bbox 186 313 289 357; x_wconf 84' lang='lat' dir='ltr'>test,</span> <span class='ocrx_word' id='word_1_4' title='bbox 320 320 396 347; x_wconf 87' lang='lat' dir='ltr'>nec</span> <span class='ocrx_word' id='word_1_5' title='bbox 423 320 520 347; x_wconf 82' lang='lat' dir='ltr'>vero</span> <span class='ocrx_word' id='word_1_6' title='bbox 551 310 657 358; x_wconf 77' lang='lat' dir='ltr'>tangi</span> <span class='ocrx_word' id='word_1_7' title='bbox 687 308 797 360; x_wconf 92' lang='lat' dir='ltr'>quod</span> <span class='ocrx_word' id='word_1_8' title='bbox 827 315 964 349; x_wconf 88' lang='lat' dir='ltr'>careat</span> <span class='ocrx_word' id='word_1_9' title='bbox 991 308 1143 359; x_wconf 87' lang='lat' dir='ltr'>solido,</span> <span class='ocrx_word' id='word_1_10' title='bbox 1184 308 1358 348; x_wconf 88' lang='lat' dir='ltr'>solidum</span> <span class='ocrx_word' id='word_1_11' title='bbox 1384 317 1519 350; x_wconf 90' lang='lat' dir='ltr'>autem</span> <span class='ocrx_word' id='word_1_12' title='bbox 1548 312 1642 351; x_wconf 87' lang='lat' dir='ltr'>nihil</span> <span class='ocrx_word' id='word_1_13' title='bbox 1671 313 1780 364; x_wconf 91' lang='lat' dir='ltr'>quod</span> <span class='ocrx_word' id='word_1_14' title='bbox 1808 321 1940 354; x_wconf 88' lang='lat' dir='ltr'>terrae</span> 
     </span>
     <span class='ocr_line' id='line_1_3' title="bbox 187 371 1941 428; baseline 0.004 -19"><span class='ocrx_word' id='word_1_15' title='bbox 187 371 236 410; x_wconf 88' lang='lat' dir='ltr'>sit</span> <span class='ocrx_word' id='word_1_16' title='bbox 262 383 426 423; x_wconf 82' lang='lat' dir='ltr'><strong>expers.</strong></span> <span class='ocrx_word' id='word_1_17' title='bbox 481 372 610 418; x_wconf 87' lang='lat' dir='ltr'>Quam</span> <span class='ocrx_word' id='word_1_18' title='bbox 638 372 690 410; x_wconf 81' lang='lat' dir='ltr'>ol)</span> <span class='ocrx_word' id='word_1_19' title='bbox 721 385 806 411; x_wconf 87' lang='lat' dir='ltr'>rem</span> <span class='ocrx_word' id='word_1_20' title='bbox 833 372 1028 411; x_wconf 88' lang='lat' dir='ltr'>mundum</span> <span class='ocrx_word' id='word_1_21' title='bbox 1058 374 1218 412; x_wconf 77' lang='lat' dir='ltr'>efficere</span> <span class='ocrx_word' id='word_1_22' title='bbox 1249 373 1419 412; x_wconf 85' lang='lat' dir='ltr'>moliens</span> <span class='ocrx_word' id='word_1_23' title='bbox 1452 374 1554 413; x_wconf 88' lang='lat' dir='ltr'>deus</span> <span class='ocrx_word' id='word_1_24' title='bbox 1586 381 1733 415; x_wconf 86' lang='lat' dir='ltr'>terram</span> <span class='ocrx_word' id='word_1_25' title='bbox 1767 379 1941 428; x_wconf 87' lang='lat' dir='ltr'>primum</span> 
     </span>
     <span class='ocr_line' id='line_1_4' title="bbox 185 433 1940 491; baseline 0.004 -20"><span class='ocrx_word' id='word_1_26' title='bbox 185 434 402 484; x_wconf 84' lang='lat' dir='ltr'>ignemque</span> <span class='ocrx_word' id='word_1_27' title='bbox 433 433 640 484; x_wconf 81' lang='lat' dir='ltr'>iungebat.</span> <span class='ocrx_word' id='word_1_28' title='bbox 696 434 840 474; x_wconf 87' lang='lat' dir='ltr'>Omnia</span> <span class='ocrx_word' id='word_1_29' title='bbox 881 442 1017 474; x_wconf 84' lang='lat' dir='ltr'>autem</span> <span class='ocrx_word' id='word_1_30' title='bbox 1061 435 1140 474; x_wconf 89' lang='lat' dir='ltr'>duo</span> <span class='ocrx_word' id='word_1_31' title='bbox 1180 436 1231 475; x_wconf 84' lang='lat' dir='ltr'>ad</span> <span class='ocrx_word' id='word_1_32' title='bbox 1258 436 1559 476; x_wconf 87' lang='lat' dir='ltr'>cohaerendum</span> <span class='ocrx_word' id='word_1_33' title='bbox 1596 440 1757 477; x_wconf 87' lang='lat' dir='ltr'>tertium</span> <span class='ocrx_word' id='word_1_34' title='bbox 1789 439 1940 491; x_wconf 90' lang='lat' dir='ltr'>aliquid</span> 
     </span>
     <span class='ocr_line' id='line_1_5' title="bbox 186 497 1942 550; baseline 0.003 -15"><span class='ocrx_word' id='word_1_35' title='bbox 186 497 404 548; x_wconf 78' lang='lat' dir='ltr'>anquirunt</span> <span class='ocrx_word' id='word_1_36' title='bbox 440 502 480 535; x_wconf 89' lang='lat' dir='ltr'>et</span> <span class='ocrx_word' id='word_1_37' title='bbox 515 498 632 548; x_wconf 86' lang='lat' dir='ltr'>quasi</span> <span class='ocrx_word' id='word_1_38' title='bbox 674 497 825 536; x_wconf 89' lang='lat' dir='ltr'>nodum</span> <span class='ocrx_word' id='word_1_39' title='bbox 856 499 1146 550; x_wconf 68' lang='lat' dir='ltr'>vinculumque</span> <span class='ocrx_word' id='word_1_40' title='bbox 1185 498 1436 539; x_wconf 86' lang='lat' dir='ltr'>desiderant.</span> <span class='ocrx_word' id='word_1_41' title='bbox 1493 501 1574 540; x_wconf 87' lang='lat' dir='ltr'>Sed</span> <span class='ocrx_word' id='word_1_42' title='bbox 1612 501 1862 540; x_wconf 79' lang='lat' dir='ltr'>vinculorum</span> <span class='ocrx_word' id='word_1_43' title='bbox 1903 501 1942 540; x_wconf 92' lang='lat' dir='ltr'>id</span> 
     </span>
     <span class='ocr_line' id='line_1_6' title="bbox 186 560 1974 615; baseline 0.002 -17"><span class='ocrx_word' id='word_1_44' title='bbox 186 565 247 598; x_wconf 86' lang='lat' dir='ltr'>est</span> <span class='ocrx_word' id='word_1_45' title='bbox 272 560 527 611; x_wconf 91' lang='lat' dir='ltr'>aptissimum</span> <span class='ocrx_word' id='word_1_46' title='bbox 556 565 678 611; x_wconf 85' lang='lat' dir='ltr'>atque</span> <span class='ocrx_word' id='word_1_47' title='bbox 708 560 1049 612; x_wconf 87' lang='lat' dir='ltr'>pulcherrimum,</span> <span class='ocrx_word' id='word_1_48' title='bbox 1081 561 1191 612; x_wconf 86' lang='lat' dir='ltr'>quod</span> <span class='ocrx_word' id='word_1_49' title='bbox 1221 573 1271 600; x_wconf 78' lang='lat' dir='ltr'>ex</span> <span class='ocrx_word' id='word_1_50' title='bbox 1301 575 1345 600; x_wconf 88' lang='lat' dir='ltr'>se</span> <span class='ocrx_word' id='word_1_51' title='bbox 1371 569 1492 614; x_wconf 88' lang='lat' dir='ltr'>atque</span> <span class='ocrx_word' id='word_1_52' title='bbox 1519 563 1569 602; x_wconf 90' lang='lat' dir='ltr'>de</span> <span class='ocrx_word' id='word_1_53' title='bbox 1588 565 1661 614; x_wconf 88' lang='lat' dir='ltr'>iis,</span> <span class='ocrx_word' id='word_1_54' title='bbox 1691 576 1797 615; x_wconf 91' lang='lat' dir='ltr'>quae</span> <span class='ocrx_word' id='word_1_55' title='bbox 1818 565 1974 603; x_wconf 71' lang='lat' dir='ltr'>strin-ts</span> 
     </span>
     <span class='ocr_line' id='line_1_7' title="bbox 185 622 1942 676; baseline 0.002 -16"><span class='ocrx_word' id='word_1_56' title='bbox 185 622 264 672; x_wconf 85' lang='lat' dir='ltr'>git,</span> <span class='ocrx_word' id='word_1_57' title='bbox 303 634 424 674; x_wconf 92' lang='lat' dir='ltr'>quam</span> <span class='ocrx_word' id='word_1_58' title='bbox 470 623 645 661; x_wconf 80' lang='lat' dir='ltr'>maxime</span> <span class='ocrx_word' id='word_1_59' title='bbox 688 636 813 662; x_wconf 88' lang='lat' dir='ltr'>unum</span> <span class='ocrx_word' id='word_1_60' title='bbox 868 624 999 662; x_wconf 82' lang='lat' dir='ltr'>eflicit.</span> <span class='ocrx_word' id='word_1_61' title='bbox 1057 624 1100 663; x_wconf 88' lang='lat' dir='ltr'>ld</span> <span class='ocrx_word' id='word_1_62' title='bbox 1141 626 1290 676; x_wconf 84' lang='lat' dir='ltr'>optime</span> <span class='ocrx_word' id='word_1_63' title='bbox 1332 624 1594 676; x_wconf 88' lang='lat' dir='ltr'>adsequitur,</span> <span class='ocrx_word' id='word_1_64' title='bbox 1642 638 1746 676; x_wconf 82' lang='lat' dir='ltr'>quae</span> <span class='ocrx_word' id='word_1_65' title='bbox 1788 627 1942 665; x_wconf 80' lang='lat' dir='ltr'><strong>Graece</strong></span> 
     </span>
     <span class='ocr_line' id='line_1_8' title="bbox 182 685 1942 739; baseline 0.003 -17"><span class='ocrx_word' id='word_1_66' title='bbox 182 687 395 736; x_wconf 55' lang='grc' dir='ltr'>ἀναλογία,</span> <span class='ocrx_word' id='word_1_67' title='bbox 437 685 576 724; x_wconf 79' lang='lat' dir='ltr'>Latine</span> <span class='ocrx_word' id='word_1_68' title='bbox 616 708 659 713; x_wconf 84' lang='lat'><strong>—</strong></span> <span class='ocrx_word' id='word_1_69' title='bbox 704 685 939 724; x_wconf 89' lang='lat' dir='ltr'>audendum</span> <span class='ocrx_word' id='word_1_70' title='bbox 971 692 1033 725; x_wconf 85' lang='lat' dir='ltr'>est</span> <span class='ocrx_word' id='word_1_71' title='bbox 1058 688 1185 736; x_wconf 91' lang='lat' dir='ltr'>enim,</span> <span class='ocrx_word' id='word_1_72' title='bbox 1228 689 1418 738; x_wconf 87' lang='lat' dir='ltr'>quoniam</span> <span class='ocrx_word' id='word_1_73' title='bbox 1454 688 1553 727; x_wconf 81' lang='lat' dir='ltr'>haec</span> <span class='ocrx_word' id='word_1_74' title='bbox 1578 689 1751 739; x_wconf 87' lang='lat' dir='ltr'>primum</span> <span class='ocrx_word' id='word_1_75' title='bbox 1777 702 1798 727; x_wconf 93' lang='lat' dir='ltr'>a</span> <span class='ocrx_word' id='word_1_76' title='bbox 1825 688 1942 727; x_wconf 89' lang='lat' dir='ltr'>nobis</span> 
     </span>
     <span class='ocr_line' id='line_1_9' title="bbox 184 748 1942 801; baseline 0.001 -14"><span class='ocrx_word' id='word_1_77' title='bbox 184 752 384 787; x_wconf 87' lang='lat' dir='ltr'>novantur</span> <span class='ocrx_word' id='word_1_78' title='bbox 428 769 472 775; x_wconf 90' lang='lat'>—</span> <span class='ocrx_word' id='word_1_79' title='bbox 513 749 748 799; x_wconf 72' lang='lat' dir='ltr'>conparatio</span> <span class='ocrx_word' id='word_1_80' title='bbox 782 749 1041 800; x_wconf 66' lang='lat' dir='ltr'>proportiove</span> <span class='ocrx_word' id='word_1_81' title='bbox 1077 748 1153 787; x_wconf 88' lang='lat' dir='ltr'>diei</span> <span class='ocrx_word' id='word_1_82' title='bbox 1185 755 1330 801; x_wconf 89' lang='lat' dir='ltr'>potest.</span> <span class='ocrx_word' id='word_1_83' title='bbox 1387 751 1433 788; x_wconf 74' lang='lat' dir='ltr'>V.</span> <span class='ocrx_word' id='word_1_84' title='bbox 1471 750 1643 797; x_wconf 77' lang='lat' dir='ltr'>Quando</span> <span class='ocrx_word' id='word_1_85' title='bbox 1681 752 1787 789; x_wconf 87' lang='lat' dir='ltr'>enim</span> <span class='ocrx_word' id='word_1_86' title='bbox 1822 752 1942 790; x_wconf 89' lang='lat' dir='ltr'>trium</span> 
     </span>
     <span class='ocr_line' id='line_1_10' title="bbox 185 809 1941 864; baseline 0.003 -17"><span class='ocrx_word' id='word_1_87' title='bbox 185 809 249 848; x_wconf 88' lang='lat' dir='ltr'>vel</span> <span class='ocrx_word' id='word_1_88' title='bbox 286 821 546 849; x_wconf 90' lang='lat' dir='ltr'>numerorum</span> <span class='ocrx_word' id='word_1_89' title='bbox 580 810 641 848; x_wconf 82' lang='lat' dir='ltr'>vol</span> <span class='ocrx_word' id='word_1_90' title='bbox 681 811 900 861; x_wconf 77' lang='lat' dir='ltr'>figurarum</span> <span class='ocrx_word' id='word_1_91' title='bbox 932 811 995 849; x_wconf 69' lang='lat' dir='ltr'>vel</span> <span class='ocrx_word' id='word_1_92' title='bbox 1030 823 1382 864; x_wconf 88' lang='lat' dir='ltr'>quorumcumque</span> <span class='ocrx_word' id='word_1_93' title='bbox 1426 824 1622 863; x_wconf 77' lang='lat' dir='ltr'>generum</span> <span class='ocrx_word' id='word_1_94' title='bbox 1663 814 1855 863; x_wconf 80' lang='lat' dir='ltr'>contingit</span> <span class='ocrx_word' id='word_1_95' title='bbox 1887 819 1941 862; x_wconf 89' lang='lat' dir='ltr'>ut,</span> 
     </span>
     <span class='ocr_line' id='line_1_11' title="bbox 186 871 1994 926; baseline 0.004 -16"><span class='ocrx_word' id='word_1_96' title='bbox 186 871 296 923; x_wconf 91' lang='lat' dir='ltr'>quod</span> <span class='ocrx_word' id='word_1_97' title='bbox 324 873 503 911; x_wconf 86' lang='lat' dir='ltr'>medium</span> <span class='ocrx_word' id='word_1_98' title='bbox 531 873 598 921; x_wconf 86' lang='lat' dir='ltr'>sit,</span> <span class='ocrx_word' id='word_1_99' title='bbox 631 878 673 911; x_wconf 91' lang='lat' dir='ltr'>ut</span> <span class='ocrx_word' id='word_1_100' title='bbox 700 873 734 911; x_wconf 88' lang='lat' dir='ltr'>ei</span> <span class='ocrx_word' id='word_1_101' title='bbox 764 873 938 924; x_wconf 88' lang='lat' dir='ltr'>primum</span> <span class='ocrx_word' id='word_1_102' title='bbox 968 875 1253 924; x_wconf 82' lang='lat' dir='ltr'>proportione,</span> <span class='ocrx_word' id='word_1_103' title='bbox 1283 874 1334 912; x_wconf 85' lang='lat' dir='ltr'>ita</span> <span class='ocrx_word' id='word_1_104' title='bbox 1363 873 1402 912; x_wconf 94' lang='lat' dir='ltr'>id</span> <span class='ocrx_word' id='word_1_105' title='bbox 1431 880 1637 925; x_wconf 90' lang='lat' dir='ltr'>postremo</span> <span class='ocrx_word' id='word_1_106' title='bbox 1671 881 1942 926; x_wconf 79' lang='lat' dir='ltr'>comparetur,</span> <span class='ocrx_word' id='word_1_107' title='bbox 1959 889 1994 917; x_wconf 70' lang='lat' dir='ltr'>to</span> 
     </span>
     <span class='ocr_line' id='line_1_12' title="bbox 186 934 1943 988; baseline 0.002 -15"><span class='ocrx_word' id='word_1_108' title='bbox 186 934 466 985; x_wconf 85' lang='lat' dir='ltr'>vicissimque,</span> <span class='ocrx_word' id='word_1_109' title='bbox 499 941 543 974; x_wconf 90' lang='lat' dir='ltr'>ut</span> <span class='ocrx_word' id='word_1_110' title='bbox 572 942 799 974; x_wconf 84' lang='lat' dir='ltr'>extremum</span> <span class='ocrx_word' id='word_1_111' title='bbox 830 949 920 974; x_wconf 83' lang='lat' dir='ltr'>curn</span> <span class='ocrx_word' id='word_1_112' title='bbox 947 935 1104 985; x_wconf 89' lang='lat' dir='ltr'>medio,</span> <span class='ocrx_word' id='word_1_113' title='bbox 1136 937 1194 975; x_wconf 82' lang='lat' dir='ltr'>sic</span> <span class='ocrx_word' id='word_1_114' title='bbox 1219 936 1396 975; x_wconf 90' lang='lat' dir='ltr'>medium</span> <span class='ocrx_word' id='word_1_115' title='bbox 1424 950 1514 976; x_wconf 90' lang='lat' dir='ltr'>cum</span> <span class='ocrx_word' id='word_1_116' title='bbox 1542 938 1671 988; x_wconf 85' lang='lat' dir='ltr'>primo</span> <span class='ocrx_word' id='word_1_117' title='bbox 1699 938 1943 987; x_wconf 88' lang='lat' dir='ltr'>conseratur,</span> 
     </span>
     <span class='ocr_line' id='line_1_13' title="bbox 187 997 1946 1051; baseline 0.002 -16"><span class='ocrx_word' id='word_1_118' title='bbox 187 997 249 1046; x_wconf 91' lang='lat' dir='ltr'>id,</span> <span class='ocrx_word' id='word_1_119' title='bbox 282 997 391 1049; x_wconf 93' lang='lat' dir='ltr'>quod</span> <span class='ocrx_word' id='word_1_120' title='bbox 422 997 602 1037; x_wconf 87' lang='lat' dir='ltr'>medium</span> <span class='ocrx_word' id='word_1_121' title='bbox 634 1005 718 1044; x_wconf 86' lang='lat' dir='ltr'>est,</span> <span class='ocrx_word' id='word_1_122' title='bbox 752 1005 834 1037; x_wconf 88' lang='lat' dir='ltr'>tum</span> <span class='ocrx_word' id='word_1_123' title='bbox 867 999 1042 1050; x_wconf 89' lang='lat' dir='ltr'>primum</span> <span class='ocrx_word' id='word_1_124' title='bbox 1076 1000 1140 1048; x_wconf 81' lang='lat' dir='ltr'>fit,</span> <span class='ocrx_word' id='word_1_125' title='bbox 1165 1005 1246 1038; x_wconf 87' lang='lat' dir='ltr'>tum</span> <span class='ocrx_word' id='word_1_126' title='bbox 1281 1006 1553 1051; x_wconf 83' lang='lat' dir='ltr'>postremum,</span> <span class='ocrx_word' id='word_1_127' title='bbox 1581 1006 1787 1051; x_wconf 83' lang='lat' dir='ltr'>postrema</span> <span class='ocrx_word' id='word_1_128' title='bbox 1812 1006 1946 1039; x_wconf 87' lang='lat' dir='ltr'>autem</span> 
     </span>
     <span class='ocr_line' id='line_1_14' title="bbox 186 1062 1944 1114; baseline 0.002 -15"><span class='ocrx_word' id='word_1_129' title='bbox 186 1066 226 1099; x_wconf 89' lang='lat' dir='ltr'>et</span> <span class='ocrx_word' id='word_1_130' title='bbox 252 1062 382 1112; x_wconf 90' lang='lat' dir='ltr'>prima</span> <span class='ocrx_word' id='word_1_131' title='bbox 411 1062 544 1101; x_wconf 86' lang='lat' dir='ltr'>media</span> <span class='ocrx_word' id='word_1_132' title='bbox 573 1063 696 1101; x_wconf 87' lang='lat' dir='ltr'>fiunt:</span> <span class='ocrx_word' id='word_1_133' title='bbox 728 1063 779 1101; x_wconf 90' lang='lat' dir='ltr'>ita</span> <span class='ocrx_word' id='word_1_134' title='bbox 810 1063 1037 1101; x_wconf 80' lang='lat' dir='ltr'>necessitas</span> <span class='ocrx_word' id='word_1_135' title='bbox 1067 1063 1173 1113; x_wconf 70' lang='lat' dir='ltr'>cogit</span> <span class='ocrx_word' id='word_1_136' title='bbox 1200 1069 1242 1101; x_wconf 90' lang='lat' dir='ltr'>ut</span> <span class='ocrx_word' id='word_1_137' title='bbox 1272 1062 1415 1101; x_wconf 83' lang='lat' dir='ltr'>eadem</span> <span class='ocrx_word' id='word_1_138' title='bbox 1443 1063 1522 1101; x_wconf 90' lang='lat' dir='ltr'>sint</span> <span class='ocrx_word' id='word_1_139' title='bbox 1547 1075 1612 1112; x_wconf 88' lang='lat' dir='ltr'>ea,</span> <span class='ocrx_word' id='word_1_140' title='bbox 1644 1074 1749 1114; x_wconf 91' lang='lat' dir='ltr'>quae</span> <span class='ocrx_word' id='word_1_141' title='bbox 1769 1062 1944 1102; x_wconf 87' lang='lat' dir='ltr'>diiuncta</span> 
     </span>
     <span class='ocr_line' id='line_1_15' title="bbox 189 1123 1944 1175; baseline 0 -13"><span class='ocrx_word' id='word_1_142' title='bbox 189 1124 368 1173; x_wconf 80' lang='lat' dir='ltr'>fuerant;</span> <span class='ocrx_word' id='word_1_143' title='bbox 400 1123 544 1163; x_wconf 89' lang='lat' dir='ltr'>eadem</span> <span class='ocrx_word' id='word_1_144' title='bbox 574 1130 708 1164; x_wconf 90' lang='lat' dir='ltr'>autem</span> <span class='ocrx_word' id='word_1_145' title='bbox 738 1137 828 1163; x_wconf 89' lang='lat' dir='ltr'>cum</span> <span class='ocrx_word' id='word_1_146' title='bbox 859 1125 961 1164; x_wconf 80' lang='lat' dir='ltr'>facta</span> <span class='ocrx_word' id='word_1_147' title='bbox 988 1125 1088 1175; x_wconf 92' lang='lat' dir='ltr'>sint,</span> <span class='ocrx_word' id='word_1_148' title='bbox 1111 1125 1282 1163; x_wconf 78' lang='lat' dir='ltr'>eflicitur</span> <span class='ocrx_word' id='word_1_149' title='bbox 1306 1131 1349 1164; x_wconf 91' lang='lat' dir='ltr'>ut</span> <span class='ocrx_word' id='word_1_150' title='bbox 1376 1126 1508 1164; x_wconf 87' lang='lat' dir='ltr'>omnia</span> <span class='ocrx_word' id='word_1_151' title='bbox 1539 1126 1619 1164; x_wconf 91' lang='lat' dir='ltr'>sint</span> <span class='ocrx_word' id='word_1_152' title='bbox 1644 1138 1784 1164; x_wconf 91' lang='lat' dir='ltr'>unum.</span> <span class='ocrx_word' id='word_1_153' title='bbox 1828 1124 1944 1172; x_wconf 86' lang='lat' dir='ltr'>Quod</span> 
     </span>
     <span class='ocr_line' id='line_1_16' title="bbox 185 1187 1995 1239; baseline 0.002 -14"><span class='ocrx_word' id='word_1_154' title='bbox 185 1188 217 1225; x_wconf 91' lang='lat' dir='ltr'>si</span> <span class='ocrx_word' id='word_1_155' title='bbox 247 1188 426 1226; x_wconf 91' lang='lat' dir='ltr'>universi</span> <span class='ocrx_word' id='word_1_156' title='bbox 451 1200 600 1239; x_wconf 88' lang='lat' dir='ltr'>corpus</span> <span class='ocrx_word' id='word_1_157' title='bbox 629 1187 794 1239; x_wconf 90' lang='lat' dir='ltr'>planum</span> <span class='ocrx_word' id='word_1_158' title='bbox 825 1194 865 1226; x_wconf 90' lang='lat' dir='ltr'>et</span> <span class='ocrx_word' id='word_1_159' title='bbox 888 1188 1104 1239; x_wconf 84' lang='lat' dir='ltr'>aequabile</span> <span class='ocrx_word' id='word_1_160' title='bbox 1135 1188 1407 1239; x_wconf 81' lang='lat' dir='ltr'>explicaretur</span> <span class='ocrx_word' id='word_1_161' title='bbox 1431 1200 1565 1239; x_wconf 89' lang='lat' dir='ltr'>neque</span> <span class='ocrx_word' id='word_1_162' title='bbox 1596 1189 1635 1227; x_wconf 89' lang='lat' dir='ltr'>in</span> <span class='ocrx_word' id='word_1_163' title='bbox 1659 1201 1705 1227; x_wconf 92' lang='lat' dir='ltr'>eo</span> <span class='ocrx_word' id='word_1_164' title='bbox 1725 1188 1995 1239; x_wconf 71' lang='lat' dir='ltr'>quicquamis</span> 
     </span>
     <span class='ocr_line' id='line_1_17' title="bbox 184 1249 1944 1302; baseline -0.001 -14"><span class='ocrx_word' id='word_1_165' title='bbox 184 1255 297 1288; x_wconf 90' lang='lat' dir='ltr'>esset</span> <span class='ocrx_word' id='word_1_166' title='bbox 324 1251 351 1299; x_wconf 73' lang='lat'>†</span> <span class='ocrx_word' id='word_1_167' title='bbox 380 1250 639 1301; x_wconf 89' lang='lat' dir='ltr'>requisitum,</span> <span class='ocrx_word' id='word_1_168' title='bbox 669 1263 794 1289; x_wconf 87' lang='lat' dir='ltr'>unum</span> <span class='ocrx_word' id='word_1_169' title='bbox 827 1251 1084 1289; x_wconf 86' lang='lat' dir='ltr'>interiectum</span> <span class='ocrx_word' id='word_1_170' title='bbox 1114 1250 1293 1289; x_wconf 89' lang='lat' dir='ltr'>medium</span> <span class='ocrx_word' id='word_1_171' title='bbox 1327 1256 1366 1289; x_wconf 90' lang='lat' dir='ltr'>et</span> <span class='ocrx_word' id='word_1_172' title='bbox 1395 1262 1439 1289; x_wconf 90' lang='lat' dir='ltr'>se</span> <span class='ocrx_word' id='word_1_173' title='bbox 1474 1251 1607 1302; x_wconf 89' lang='lat' dir='ltr'>ipsum</span> <span class='ocrx_word' id='word_1_174' title='bbox 1636 1258 1676 1290; x_wconf 91' lang='lat' dir='ltr'>et</span> <span class='ocrx_word' id='word_1_175' title='bbox 1703 1262 1765 1299; x_wconf 87' lang='lat' dir='ltr'>ea,</span> <span class='ocrx_word' id='word_1_176' title='bbox 1795 1249 1944 1301; x_wconf 88' lang='lat' dir='ltr'>quibus</span> 
     </span>
     <span class='ocr_line' id='line_1_18' title="bbox 185 1312 1942 1364; baseline -0.001 -13"><span class='ocrx_word' id='word_1_177' title='bbox 185 1318 296 1351; x_wconf 89' lang='lat' dir='ltr'>esset</span> <span class='ocrx_word' id='word_1_178' title='bbox 332 1312 639 1363; x_wconf 88' lang='lat' dir='ltr'>interpositum,</span> <span class='ocrx_word' id='word_1_179' title='bbox 689 1312 926 1363; x_wconf 82' lang='lat' dir='ltr'>conligaret.</span> <span class='ocrx_word' id='word_1_180' title='bbox 982 1312 1063 1352; x_wconf 90' lang='lat' dir='ltr'>Sed</span> <span class='ocrx_word' id='word_1_181' title='bbox 1105 1325 1195 1352; x_wconf 88' lang='lat' dir='ltr'>cum</span> <span class='ocrx_word' id='word_1_182' title='bbox 1237 1312 1418 1352; x_wconf 85' lang='lat' dir='ltr'>soliditas</span> <span class='ocrx_word' id='word_1_183' title='bbox 1461 1312 1612 1352; x_wconf 90' lang='lat' dir='ltr'>mundo</span> <span class='ocrx_word' id='word_1_184' title='bbox 1651 1317 1942 1364; x_wconf 83' lang='lat' dir='ltr'>quaereretur,</span> 
     </span>
     <span class='ocr_line' id='line_1_19' title="bbox 185 1373 1944 1426; baseline 0 -13"><span class='ocrx_word' id='word_1_185' title='bbox 185 1373 313 1413; x_wconf 90' lang='lat' dir='ltr'>solida</span> <span class='ocrx_word' id='word_1_186' title='bbox 345 1380 479 1414; x_wconf 87' lang='lat' dir='ltr'>autern</span> <span class='ocrx_word' id='word_1_187' title='bbox 508 1376 642 1415; x_wconf 83' lang='lat' dir='ltr'>onmia</span> <span class='ocrx_word' id='word_1_188' title='bbox 673 1388 753 1414; x_wconf 90' lang='lat' dir='ltr'>uno</span> <span class='ocrx_word' id='word_1_189' title='bbox 782 1375 917 1414; x_wconf 87' lang='lat' dir='ltr'>medio</span> <span class='ocrx_word' id='word_1_190' title='bbox 946 1388 1192 1426; x_wconf 86' lang='lat' dir='ltr'>numquam,</span> <span class='ocrx_word' id='word_1_191' title='bbox 1223 1374 1384 1414; x_wconf 87' lang='lat' dir='ltr'>duobus</span> <span class='ocrx_word' id='word_1_192' title='bbox 1414 1388 1580 1426; x_wconf 86' lang='lat' dir='ltr'>semper</span> <span class='ocrx_word' id='word_1_193' title='bbox 1607 1375 1862 1426; x_wconf 88' lang='lat' dir='ltr'>copulentur,</span> <span class='ocrx_word' id='word_1_194' title='bbox 1890 1375 1944 1413; x_wconf 87' lang='lat' dir='ltr'>ita</span> 
     </span>
     <span class='ocr_line' id='line_1_20' title="bbox 185 1437 1943 1489; baseline 0 -14"><span class='ocrx_word' id='word_1_195' title='bbox 185 1437 352 1488; x_wconf 83' lang='lat' dir='ltr'>contigit</span> <span class='ocrx_word' id='word_1_196' title='bbox 377 1443 422 1476; x_wconf 90' lang='lat' dir='ltr'>ut</span> <span class='ocrx_word' id='word_1_197' title='bbox 449 1438 554 1476; x_wconf 88' lang='lat' dir='ltr'>inter</span> <span class='ocrx_word' id='word_1_198' title='bbox 579 1439 715 1489; x_wconf 80' lang='lat' dir='ltr'>ignem</span> <span class='ocrx_word' id='word_1_199' title='bbox 743 1444 866 1489; x_wconf 91' lang='lat' dir='ltr'>atque</span> <span class='ocrx_word' id='word_1_200' title='bbox 892 1444 1042 1478; x_wconf 84' lang='lat' dir='ltr'>terram</span> <span class='ocrx_word' id='word_1_201' title='bbox 1060 1450 1207 1489; x_wconf 89' lang='lat' dir='ltr'>aquam</span> <span class='ocrx_word' id='word_1_202' title='bbox 1225 1437 1328 1477; x_wconf 88' lang='lat' dir='ltr'>deus</span> <span class='ocrx_word' id='word_1_203' title='bbox 1347 1439 1605 1489; x_wconf 89' lang='lat' dir='ltr'>animamque</span> <span class='ocrx_word' id='word_1_204' title='bbox 1625 1443 1796 1489; x_wconf 89' lang='lat' dir='ltr'>poneret</span> <span class='ocrx_word' id='word_1_205' title='bbox 1812 1448 1943 1488; x_wconf 87' lang='lat' dir='ltr'>eaque</span> 
     </span>
     <span class='ocr_line' id='line_1_21' title="bbox 184 1500 2000 1553; baseline 0 -15"><span class='ocrx_word' id='word_1_206' title='bbox 184 1500 290 1538; x_wconf 89' lang='lat' dir='ltr'>inter</span> <span class='ocrx_word' id='word_1_207' title='bbox 325 1512 370 1539; x_wconf 88' lang='lat' dir='ltr'>se</span> <span class='ocrx_word' id='word_1_208' title='bbox 398 1506 640 1552; x_wconf 89' lang='lat' dir='ltr'>conpararet</span> <span class='ocrx_word' id='word_1_209' title='bbox 669 1507 709 1540; x_wconf 87' lang='lat' dir='ltr'>et</span> <span class='ocrx_word' id='word_1_210' title='bbox 738 1502 1000 1553; x_wconf 85' lang='lat' dir='ltr'>proportione</span> <span class='ocrx_word' id='word_1_211' title='bbox 1033 1501 1319 1552; x_wconf 82' lang='lat' dir='ltr'>coniungeret,</span> <span class='ocrx_word' id='word_1_212' title='bbox 1350 1506 1410 1550; x_wconf 87' lang='lat' dir='ltr'>ut,</span> <span class='ocrx_word' id='word_1_213' title='bbox 1442 1512 1563 1552; x_wconf 87' lang='lat' dir='ltr'>quem</span> <span class='ocrx_word' id='word_1_214' title='bbox 1582 1500 1633 1540; x_wconf 90' lang='lat' dir='ltr'>ad</span> <span class='ocrx_word' id='word_1_215' title='bbox 1657 1501 1820 1540; x_wconf 88' lang='lat' dir='ltr'>modum</span> <span class='ocrx_word' id='word_1_216' title='bbox 1841 1500 1943 1551; x_wconf 81' lang='lat' dir='ltr'>ignis</span> <span class='ocrx_word' id='word_1_217' title='bbox 1962 1513 2000 1542; x_wconf 62' lang='grc' dir='ltr'>ρο</span> 
     </span>
     <span class='ocr_line' id='line_1_22' title="bbox 185 1563 1943 1615; baseline 0 -13"><span class='ocrx_word' id='word_1_218' title='bbox 185 1564 365 1613; x_wconf 87' lang='lat' dir='ltr'>animae,</span> <span class='ocrx_word' id='word_1_219' title='bbox 396 1564 455 1602; x_wconf 91' lang='lat' dir='ltr'>sic</span> <span class='ocrx_word' id='word_1_220' title='bbox 483 1564 616 1603; x_wconf 90' lang='lat' dir='ltr'>anima</span> <span class='ocrx_word' id='word_1_221' title='bbox 646 1576 804 1615; x_wconf 87' lang='lat' dir='ltr'>aquae,</span> <span class='ocrx_word' id='word_1_222' title='bbox 845 1563 1038 1615; x_wconf 87' lang='lat' dir='ltr'>quodque</span> <span class='ocrx_word' id='word_1_223' title='bbox 1070 1564 1202 1602; x_wconf 88' lang='lat' dir='ltr'>anima</span> <span class='ocrx_word' id='word_1_224' title='bbox 1239 1575 1385 1614; x_wconf 90' lang='lat' dir='ltr'>aquae,</span> <span class='ocrx_word' id='word_1_225' title='bbox 1413 1563 1455 1601; x_wconf 92' lang='lat' dir='ltr'>id</span> <span class='ocrx_word' id='word_1_226' title='bbox 1483 1575 1588 1614; x_wconf 91' lang='lat' dir='ltr'>aqua</span> <span class='ocrx_word' id='word_1_227' title='bbox 1608 1568 1741 1602; x_wconf 86' lang='lat' dir='ltr'>terrae</span> <span class='ocrx_word' id='word_1_228' title='bbox 1767 1575 1943 1614; x_wconf 88' lang='lat' dir='ltr'>propor—</span> 
     </span>
     <span class='ocr_line' id='line_1_23' title="bbox 186 1625 1943 1677; baseline 0 -13"><span class='ocrx_word' id='word_1_229' title='bbox 186 1627 293 1665; x_wconf 89' lang='lat' dir='ltr'>tione</span> <span class='ocrx_word' id='word_1_230' title='bbox 322 1626 529 1665; x_wconf 85' lang='lat' dir='ltr'>redderet.</span> <span class='ocrx_word' id='word_1_231' title='bbox 586 1628 673 1674; x_wconf 89' lang='lat' dir='ltr'>Qua</span> <span class='ocrx_word' id='word_1_232' title='bbox 704 1639 754 1665; x_wconf 81' lang='lat' dir='ltr'>ex</span> <span class='ocrx_word' id='word_1_233' title='bbox 782 1627 1066 1665; x_wconf 90' lang='lat' dir='ltr'>coniunctione</span> <span class='ocrx_word' id='word_1_234' title='bbox 1099 1625 1254 1665; x_wconf 90' lang='lat' dir='ltr'>caelum</span> <span class='ocrx_word' id='word_1_235' title='bbox 1283 1626 1337 1665; x_wconf 88' lang='lat' dir='ltr'>ita</span> <span class='ocrx_word' id='word_1_236' title='bbox 1359 1631 1496 1677; x_wconf 87' lang='lat' dir='ltr'>aptum</span> <span class='ocrx_word' id='word_1_237' title='bbox 1526 1630 1610 1675; x_wconf 84' lang='lat' dir='ltr'>est,</span> <span class='ocrx_word' id='word_1_238' title='bbox 1640 1631 1683 1664; x_wconf 90' lang='lat' dir='ltr'>ut</span> <span class='ocrx_word' id='word_1_239' title='bbox 1713 1625 1789 1665; x_wconf 87' lang='lat' dir='ltr'>sub</span> <span class='ocrx_word' id='word_1_240' title='bbox 1819 1637 1943 1676; x_wconf 91' lang='lat' dir='ltr'>aspe-</span> 
     </span>
     <span class='ocr_line' id='line_1_24' title="bbox 186 1688 1942 1739; baseline -0.001 -12"><span class='ocrx_word' id='word_1_241' title='bbox 186 1694 296 1728; x_wconf 88' lang='lat' dir='ltr'>ctum</span> <span class='ocrx_word' id='word_1_242' title='bbox 325 1694 365 1727; x_wconf 84' lang='lat' dir='ltr'>et</span> <span class='ocrx_word' id='word_1_243' title='bbox 390 1694 540 1728; x_wconf 86' lang='lat' dir='ltr'>tactum</span> <span class='ocrx_word' id='word_1_244' title='bbox 576 1688 709 1727; x_wconf 89' lang='lat' dir='ltr'>cadat.</span> <span class='ocrx_word' id='word_1_245' title='bbox 763 1689 903 1739; x_wconf 91' lang='lat' dir='ltr'>Itaque</span> <span class='ocrx_word' id='word_1_246' title='bbox 936 1694 976 1727; x_wconf 88' lang='lat' dir='ltr'>et</span> <span class='ocrx_word' id='word_1_247' title='bbox 1003 1688 1054 1727; x_wconf 88' lang='lat' dir='ltr'>ob</span> <span class='ocrx_word' id='word_1_248' title='bbox 1088 1701 1176 1727; x_wconf 90' lang='lat' dir='ltr'>eam</span> <span class='ocrx_word' id='word_1_249' title='bbox 1206 1700 1371 1728; x_wconf 88' lang='lat' dir='ltr'>causam</span> <span class='ocrx_word' id='word_1_250' title='bbox 1401 1693 1440 1726; x_wconf 86' lang='lat' dir='ltr'>et</span> <span class='ocrx_word' id='word_1_251' title='bbox 1470 1700 1519 1726; x_wconf 85' lang='lat' dir='ltr'>ex</span> <span class='ocrx_word' id='word_1_252' title='bbox 1542 1688 1590 1726; x_wconf 92' lang='lat' dir='ltr'>iis</span> <span class='ocrx_word' id='word_1_253' title='bbox 1604 1688 1744 1738; x_wconf 88' lang='lat' dir='ltr'>rebus,</span> <span class='ocrx_word' id='word_1_254' title='bbox 1774 1700 1942 1727; x_wconf 89' lang='lat' dir='ltr'>numero</span> 
     </span>
     <span class='ocr_line' id='line_1_25' title="bbox 187 1750 1943 1802; baseline -0.001 -12"><span class='ocrx_word' id='word_1_255' title='bbox 187 1756 399 1802; x_wconf 86' lang='lat' dir='ltr'>quattuor,</span> <span class='ocrx_word' id='word_1_256' title='bbox 445 1750 585 1790; x_wconf 90' lang='lat' dir='ltr'>mundi</span> <span class='ocrx_word' id='word_1_257' title='bbox 627 1758 689 1790; x_wconf 84' lang='lat' dir='ltr'>est</span> <span class='ocrx_word' id='word_1_258' title='bbox 725 1763 873 1802; x_wconf 84' lang='lat' dir='ltr'>corpus</span> <span class='ocrx_word' id='word_1_259' title='bbox 909 1750 1119 1800; x_wconf 80' lang='lat' dir='ltr'>effectum,</span> <span class='ocrx_word' id='word_1_260' title='bbox 1159 1762 1204 1790; x_wconf 91' lang='lat' dir='ltr'>ea</span> <span class='ocrx_word' id='word_1_261' title='bbox 1234 1751 1495 1789; x_wconf 88' lang='lat' dir='ltr'>constrictum</span> <span class='ocrx_word' id='word_1_262' title='bbox 1521 1751 1833 1802; x_wconf 90' lang='lat' dir='ltr'>conparatione,</span> <span class='ocrx_word' id='word_1_263' title='bbox 1863 1762 1943 1801; x_wconf 91' lang='lat' dir='ltr'>qua</span> 
     </span>
     <span class='ocr_line' id='line_1_26' title="bbox 186 1813 1993 1866; baseline 0.001 -15"><span class='ocrx_word' id='word_1_264' title='bbox 186 1813 288 1852; x_wconf 80' lang='lat' dir='ltr'>dixi:</span> <span class='ocrx_word' id='word_1_265' title='bbox 335 1826 386 1852; x_wconf 82' lang='lat' dir='ltr'>ex</span> <span class='ocrx_word' id='word_1_266' title='bbox 425 1825 507 1865; x_wconf 91' lang='lat' dir='ltr'>quo</span> <span class='ocrx_word' id='word_1_267' title='bbox 540 1815 629 1866; x_wconf 89' lang='lat' dir='ltr'>ipse</span> <span class='ocrx_word' id='word_1_268' title='bbox 669 1826 713 1852; x_wconf 92' lang='lat' dir='ltr'>se</span> <span class='ocrx_word' id='word_1_269' title='bbox 753 1813 944 1852; x_wconf 84' lang='lat' dir='ltr'>concordi</span> <span class='ocrx_word' id='word_1_270' title='bbox 981 1813 1158 1864; x_wconf 89' lang='lat' dir='ltr'>quadam</span> <span class='ocrx_word' id='word_1_271' title='bbox 1201 1813 1374 1852; x_wconf 86' lang='lat' dir='ltr'>amicitia</span> <span class='ocrx_word' id='word_1_272' title='bbox 1403 1819 1443 1852; x_wconf 89' lang='lat' dir='ltr'>et</span> <span class='ocrx_word' id='word_1_273' title='bbox 1478 1814 1644 1852; x_wconf 87' lang='lat' dir='ltr'>caritate</span> <span class='ocrx_word' id='word_1_274' title='bbox 1676 1813 1993 1864; x_wconf 74' lang='lat' dir='ltr'>conplectitur²5</span> 
     </span>
     <span class='ocr_line' id='line_1_27' title="bbox 186 1874 1945 1928; baseline 0 -13"><span class='ocrx_word' id='word_1_275' title='bbox 186 1882 309 1928; x_wconf 89' lang='lat' dir='ltr'>atque</span> <span class='ocrx_word' id='word_1_276' title='bbox 351 1876 404 1915; x_wconf 86' lang='lat' dir='ltr'>ita</span> <span class='ocrx_word' id='word_1_277' title='bbox 445 1882 538 1927; x_wconf 87' lang='lat' dir='ltr'>apte</span> <span class='ocrx_word' id='word_1_278' title='bbox 579 1876 793 1925; x_wconf 86' lang='lat' dir='ltr'>cohaeret,</span> <span class='ocrx_word' id='word_1_279' title='bbox 837 1881 881 1914; x_wconf 88' lang='lat' dir='ltr'>ut</span> <span class='ocrx_word' id='word_1_280' title='bbox 912 1875 1078 1914; x_wconf 74' lang='lat' dir='ltr'>dissolvi</span> <span class='ocrx_word' id='word_1_281' title='bbox 1107 1875 1216 1914; x_wconf 91' lang='lat' dir='ltr'>nullo</span> <span class='ocrx_word' id='word_1_282' title='bbox 1244 1874 1364 1914; x_wconf 89' lang='lat' dir='ltr'>modo</span> <span class='ocrx_word' id='word_1_283' title='bbox 1393 1880 1517 1927; x_wconf 88' lang='lat' dir='ltr'>queat</span> <span class='ocrx_word' id='word_1_284' title='bbox 1542 1876 1616 1914; x_wconf 92' lang='lat' dir='ltr'>nisi</span> <span class='ocrx_word' id='word_1_285' title='bbox 1645 1875 1697 1915; x_wconf 86' lang='lat' dir='ltr'>ab</span> <span class='ocrx_word' id='word_1_286' title='bbox 1732 1874 1899 1925; x_wconf 86' lang='lat' dir='ltr'>eodem,</span> <span class='ocrx_word' id='word_1_287' title='bbox 1923 1888 1945 1915; x_wconf 89' lang='lat' dir='ltr'>a</span> 
     </span>
     <span class='ocr_line' id='line_1_28' title="bbox 186 1938 1947 1990; baseline -0.001 -12"><span class='ocrx_word' id='word_1_288' title='bbox 186 1951 266 1990; x_wconf 91' lang='lat' dir='ltr'>quo</span> <span class='ocrx_word' id='word_1_289' title='bbox 296 1944 359 1978; x_wconf 90' lang='lat' dir='ltr'>est</span> <span class='ocrx_word' id='word_1_290' title='bbox 384 1938 622 1989; x_wconf 79' lang='lat' dir='ltr'>conligatus.</span> <span class='ocrx_word' id='word_1_291' title='bbox 677 1938 826 1977; x_wconf 87' lang='lat' dir='ltr'>Earum</span> <span class='ocrx_word' id='word_1_292' title='bbox 856 1943 991 1977; x_wconf 90' lang='lat' dir='ltr'>autem</span> <span class='ocrx_word' id='word_1_293' title='bbox 1020 1944 1211 1988; x_wconf 90' lang='lat' dir='ltr'>quattuor</span> <span class='ocrx_word' id='word_1_294' title='bbox 1242 1950 1393 1987; x_wconf 90' lang='lat' dir='ltr'>rerum,</span> <span class='ocrx_word' id='word_1_295' title='bbox 1428 1949 1530 1990; x_wconf 91' lang='lat' dir='ltr'>quas</span> <span class='ocrx_word' id='word_1_296' title='bbox 1550 1950 1673 1989; x_wconf 86' lang='lat' dir='ltr'>supra</span> <span class='ocrx_word' id='word_1_297' title='bbox 1700 1938 1800 1989; x_wconf 76' lang='lat' dir='ltr'>dixi,</span> <span class='ocrx_word' id='word_1_298' title='bbox 1829 1939 1947 1977; x_wconf 91' lang='lat' dir='ltr'>sicin</span> 
     </span>
     <span class='ocr_line' id='line_1_29' title="bbox 185 1999 1945 2052; baseline -0.001 -12"><span class='ocrx_word' id='word_1_299' title='bbox 185 2002 295 2041; x_wconf 89' lang='lat' dir='ltr'>omni</span> <span class='ocrx_word' id='word_1_300' title='bbox 316 2000 468 2040; x_wconf 89' lang='lat' dir='ltr'>mundo</span> <span class='ocrx_word' id='word_1_301' title='bbox 495 2006 634 2052; x_wconf 88' lang='lat' dir='ltr'>partes</span> <span class='ocrx_word' id='word_1_302' title='bbox 662 2013 805 2040; x_wconf 89' lang='lat' dir='ltr'>omnes</span> <span class='ocrx_word' id='word_1_303' title='bbox 834 1999 1068 2040; x_wconf 87' lang='lat' dir='ltr'>conlocatae</span> <span class='ocrx_word' id='word_1_304' title='bbox 1096 2006 1217 2050; x_wconf 90' lang='lat' dir='ltr'>sunt,</span> <span class='ocrx_word' id='word_1_305' title='bbox 1248 2005 1292 2039; x_wconf 84' lang='lat' dir='ltr'>ut</span> <span class='ocrx_word' id='word_1_306' title='bbox 1322 1999 1431 2039; x_wconf 90' lang='lat' dir='ltr'>nulla</span> <span class='ocrx_word' id='word_1_307' title='bbox 1464 2012 1559 2052; x_wconf 89' lang='lat' dir='ltr'>pars</span> <span class='ocrx_word' id='word_1_308' title='bbox 1585 2000 1753 2039; x_wconf 91' lang='lat' dir='ltr'>huiusce</span> <span class='ocrx_word' id='word_1_309' title='bbox 1783 2001 1945 2051; x_wconf 81' lang='lat' dir='ltr'>generis</span> 
     </span>
     <span class='ocr_line' id='line_1_30' title="bbox 186 2062 1942 2114; baseline -0.001 -11"><span class='ocrx_word' id='word_1_310' title='bbox 186 2063 407 2103; x_wconf 75' lang='lat' dir='ltr'>excederet</span> <span class='ocrx_word' id='word_1_311' title='bbox 445 2068 559 2102; x_wconf 82' lang='lat' dir='ltr'>extra</span> <span class='ocrx_word' id='word_1_312' title='bbox 603 2069 725 2114; x_wconf 85' lang='lat' dir='ltr'>atque</span> <span class='ocrx_word' id='word_1_313' title='bbox 767 2069 810 2102; x_wconf 88' lang='lat' dir='ltr'>ut</span> <span class='ocrx_word' id='word_1_314' title='bbox 846 2064 885 2102; x_wconf 92' lang='lat' dir='ltr'>in</span> <span class='ocrx_word' id='word_1_315' title='bbox 925 2063 1000 2101; x_wconf 90' lang='lat' dir='ltr'>hoc</span> <span class='ocrx_word' id='word_1_316' title='bbox 1030 2063 1219 2102; x_wconf 88' lang='lat' dir='ltr'>universo</span> <span class='ocrx_word' id='word_1_317' title='bbox 1248 2063 1432 2101; x_wconf 87' lang='lat' dir='ltr'>inessent</span> <span class='ocrx_word' id='word_1_318' title='bbox 1463 2074 1614 2113; x_wconf 82' lang='lat' dir='ltr'>genera</span> <span class='ocrx_word' id='word_1_319' title='bbox 1644 2062 1709 2102; x_wconf 89' lang='lat' dir='ltr'>illa</span> <span class='ocrx_word' id='word_1_320' title='bbox 1738 2063 1942 2102; x_wconf 84' lang='lat' dir='ltr'>universa.</span> 
     </span>
     <span class='ocr_line' id='line_1_31' title="bbox 185 2125 1994 2178; baseline -0.001 -13"><span class='ocrx_word' id='word_1_321' title='bbox 185 2125 229 2165; x_wconf 94' lang='lat' dir='ltr'>Id</span> <span class='ocrx_word' id='word_1_322' title='bbox 257 2125 309 2165; x_wconf 86' lang='lat' dir='ltr'>ob</span> <span class='ocrx_word' id='word_1_323' title='bbox 339 2137 409 2165; x_wconf 91' lang='lat' dir='ltr'>eas</span> <span class='ocrx_word' id='word_1_324' title='bbox 442 2137 611 2175; x_wconf 86' lang='lat' dir='ltr'>causas,</span> <span class='ocrx_word' id='word_1_325' title='bbox 651 2126 825 2177; x_wconf 88' lang='lat' dir='ltr'>primum</span> <span class='ocrx_word' id='word_1_326' title='bbox 860 2131 903 2164; x_wconf 84' lang='lat' dir='ltr'>ut</span> <span class='ocrx_word' id='word_1_327' title='bbox 934 2125 1111 2165; x_wconf 91' lang='lat' dir='ltr'>mundus</span> <span class='ocrx_word' id='word_1_328' title='bbox 1145 2128 1328 2165; x_wconf 89' lang='lat' dir='ltr'>animans</span> <span class='ocrx_word' id='word_1_329' title='bbox 1368 2131 1511 2176; x_wconf 87' lang='lat' dir='ltr'>posset</span> <span class='ocrx_word' id='word_1_330' title='bbox 1543 2137 1594 2163; x_wconf 76' lang='lat' dir='ltr'>ex</span> <span class='ocrx_word' id='word_1_331' title='bbox 1624 2126 1814 2177; x_wconf 86' lang='lat' dir='ltr'>perfectis</span> <span class='ocrx_word' id='word_1_332' title='bbox 1846 2139 1944 2178; x_wconf 88' lang='lat' dir='ltr'>par—</span> <span class='ocrx_word' id='word_1_333' title='bbox 1959 2135 1994 2164; x_wconf 85' lang='lat'>30</span> 
     </span>
     <span class='ocr_line' id='line_1_32' title="bbox 187 2187 1946 2240; baseline 0 -12"><span class='ocrx_word' id='word_1_334' title='bbox 187 2188 294 2228; x_wconf 87' lang='lat' dir='ltr'>tibus</span> <span class='ocrx_word' id='word_1_335' title='bbox 328 2200 420 2227; x_wconf 89' lang='lat' dir='ltr'>esse</span> <span class='ocrx_word' id='word_1_336' title='bbox 447 2189 674 2240; x_wconf 78' lang='lat' dir='ltr'>perfectus,</span> <span class='ocrx_word' id='word_1_337' title='bbox 709 2188 857 2226; x_wconf 87' lang='lat' dir='ltr'>deinde</span> <span class='ocrx_word' id='word_1_338' title='bbox 886 2193 930 2227; x_wconf 90' lang='lat' dir='ltr'>ut</span> <span class='ocrx_word' id='word_1_339' title='bbox 945 2201 1051 2227; x_wconf 91' lang='lat' dir='ltr'>unus</span> <span class='ocrx_word' id='word_1_340' title='bbox 1067 2195 1199 2238; x_wconf 90' lang='lat' dir='ltr'>esset,</span> <span class='ocrx_word' id='word_1_341' title='bbox 1229 2188 1336 2227; x_wconf 91' lang='lat' dir='ltr'>nulla</span> <span class='ocrx_word' id='word_1_342' title='bbox 1353 2193 1483 2240; x_wconf 79' lang='lat' dir='ltr'>parte,</span> <span class='ocrx_word' id='word_1_343' title='bbox 1512 2187 1621 2226; x_wconf 92' lang='lat' dir='ltr'>unde</span> <span class='ocrx_word' id='word_1_344' title='bbox 1637 2187 1739 2227; x_wconf 90' lang='lat' dir='ltr'>alter</span> <span class='ocrx_word' id='word_1_345' title='bbox 1755 2189 1946 2239; x_wconf 80' lang='lat' dir='ltr'>gignere-</span> 
     </span>
     <span class='ocr_line' id='line_1_33' title="bbox 188 2250 1944 2303; baseline -0.001 -13"><span class='ocrx_word' id='word_1_346' title='bbox 188 2259 273 2302; x_wconf 90' lang='lat' dir='ltr'>tur,</span> <span class='ocrx_word' id='word_1_347' title='bbox 303 2250 467 2301; x_wconf 88' lang='lat' dir='ltr'>relicta,</span> <span class='ocrx_word' id='word_1_348' title='bbox 516 2256 722 2303; x_wconf 89' lang='lat' dir='ltr'>postremo</span> <span class='ocrx_word' id='word_1_349' title='bbox 751 2263 802 2290; x_wconf 90' lang='lat' dir='ltr'>ne</span> <span class='ocrx_word' id='word_1_350' title='bbox 831 2251 898 2303; x_wconf 87' lang='lat' dir='ltr'>qui</span> <span class='ocrx_word' id='word_1_351' title='bbox 927 2251 1094 2290; x_wconf 76' lang='lat' dir='ltr'>morbus</span> <span class='ocrx_word' id='word_1_352' title='bbox 1124 2264 1216 2290; x_wconf 88' lang='lat' dir='ltr'>eum</span> <span class='ocrx_word' id='word_1_353' title='bbox 1246 2256 1388 2302; x_wconf 88' lang='lat' dir='ltr'>posset</span> <span class='ocrx_word' id='word_1_354' title='bbox 1415 2256 1483 2290; x_wconf 90' lang='lat' dir='ltr'>aut</span> <span class='ocrx_word' id='word_1_355' title='bbox 1514 2257 1705 2290; x_wconf 88' lang='lat' dir='ltr'>senectus</span> <span class='ocrx_word' id='word_1_356' title='bbox 1731 2251 1944 2301; x_wconf 83' lang='lat' dir='ltr'>attingere.</span> 
     </span>
    </p>
   </div>
   <div class='ocr_carea' id='block_1_3' title="bbox 186 2382 1949 3267">
    <p class='ocr_par' dir='ltr' id='par_1_3' title="bbox 186 2382 1949 3267">
     <span class='ocr_line' id='line_1_34' title="bbox 261 2382 1944 2424; baseline -0.002 -7"><span class='ocrx_word' id='word_1_357' title='bbox 261 2385 294 2417; x_wconf 66' lang='lat'>4.</span> <span class='ocrx_word' id='word_1_358' title='bbox 328 2385 510 2424; x_wconf 81' lang='lat' dir='ltr'>anquirunt</span> <span class='ocrx_word' id='word_1_359' title='bbox 532 2385 559 2415; x_wconf 91' lang='lat' dir='ltr'>A</span> <span class='ocrx_word' id='word_1_360' title='bbox 576 2383 633 2415; x_wconf 91' lang='lat' dir='ltr'>V¹:</span> <span class='ocrx_word' id='word_1_361' title='bbox 672 2385 854 2424; x_wconf 77' lang='lat' dir='ltr'>adquirunt</span> <span class='ocrx_word' id='word_1_362' title='bbox 877 2386 901 2416; x_wconf 92' lang='lat' dir='ltr'><strong>G</strong></span> <span class='ocrx_word' id='word_1_363' title='bbox 921 2382 978 2422; x_wconf 67' lang='lat' dir='ltr'>W,</span> <span class='ocrx_word' id='word_1_364' title='bbox 1006 2385 1175 2423; x_wconf 76' lang='lat' dir='ltr'>inquirunt</span> <span class='ocrx_word' id='word_1_365' title='bbox 1199 2384 1221 2415; x_wconf 91' lang='lat' dir='ltr'>B</span> <span class='ocrx_word' id='word_1_366' title='bbox 1241 2384 1284 2421; x_wconf 91' lang='lat' dir='ltr'>E,</span> <span class='ocrx_word' id='word_1_367' title='bbox 1316 2383 1489 2422; x_wconf 81' lang='lat' dir='ltr'>requirunt</span> <span class='ocrx_word' id='word_1_368' title='bbox 1519 2382 1586 2414; x_wconf 87' lang='lat' dir='ltr'>alii.</span> <span class='ocrx_word' id='word_1_369' title='bbox 1623 2400 1654 2405; x_wconf 94' lang='lat'>—</span> <span class='ocrx_word' id='word_1_370' title='bbox 1690 2383 1721 2413; x_wconf 85' lang='lat'>5.</span> <span class='ocrx_word' id='word_1_371' title='bbox 1749 2382 1944 2422; x_wconf 75' lang='lat' dir='ltr'>pulcher-ru-</span> 
     </span>
     <span class='ocr_line' id='line_1_35' title="bbox 186 2432 1947 2474; baseline -0.001 -8"><span class='ocrx_word' id='word_1_372' title='bbox 186 2443 275 2466; x_wconf 75' lang='lat' dir='ltr'>mam</span> <span class='ocrx_word' id='word_1_373' title='bbox 299 2436 325 2466; x_wconf 89' lang='lat' dir='ltr'>A</span> <span class='ocrx_word' id='word_1_374' title='bbox 351 2450 386 2456; x_wconf 95' lang='lat'>—-</span> <span class='ocrx_word' id='word_1_375' title='bbox 415 2434 453 2464; x_wconf 83' lang='lat' dir='ltr'>de</span> <span class='ocrx_word' id='word_1_376' title='bbox 475 2434 515 2464; x_wconf 86' lang='lat' dir='ltr'>iis</span> <span class='ocrx_word' id='word_1_377' title='bbox 539 2434 639 2471; x_wconf 84' lang='lat' dir='ltr'>(corr.</span> <span class='ocrx_word' id='word_1_378' title='bbox 666 2442 708 2464; x_wconf 85' lang='lat' dir='ltr'>ex</span> <span class='ocrx_word' id='word_1_379' title='bbox 732 2435 806 2472; x_wconf 86' lang='lat' dir='ltr'>deis)</span> <span class='ocrx_word' id='word_1_380' title='bbox 834 2435 874 2465; x_wconf 89' lang='lat' dir='ltr'>B:</span> <span class='ocrx_word' id='word_1_381' title='bbox 901 2435 938 2466; x_wconf 83' lang='lat' dir='ltr'>de</span> <span class='ocrx_word' id='word_1_382' title='bbox 960 2435 1009 2465; x_wconf 79' lang='lat' dir='ltr'>his</span> <span class='ocrx_word' id='word_1_383' title='bbox 1032 2436 1056 2466; x_wconf 85' lang='lat' dir='ltr'>A</span> <span class='ocrx_word' id='word_1_384' title='bbox 1076 2434 1101 2464; x_wconf 95' lang='lat' dir='ltr'>V</span> <span class='ocrx_word' id='word_1_385' title='bbox 1127 2434 1229 2473; x_wconf 90' lang='lat' dir='ltr'>(corr.</span> <span class='ocrx_word' id='word_1_386' title='bbox 1257 2442 1299 2465; x_wconf 86' lang='lat' dir='ltr'>ex</span> <span class='ocrx_word' id='word_1_387' title='bbox 1323 2434 1389 2464; x_wconf 87' lang='lat' dir='ltr'>deis</span> <span class='ocrx_word' id='word_1_388' title='bbox 1412 2432 1470 2471; x_wconf 75' lang='lat' dir='ltr'>A),</span> <span class='ocrx_word' id='word_1_389' title='bbox 1497 2432 1535 2463; x_wconf 79' lang='lat' dir='ltr'>de</span> <span class='ocrx_word' id='word_1_390' title='bbox 1557 2432 1618 2463; x_wconf 84' lang='lat' dir='ltr'>hiis</span> <span class='ocrx_word' id='word_1_391' title='bbox 1640 2432 1665 2463; x_wconf 85' lang='lat' dir='ltr'>E</span> <span class='ocrx_word' id='word_1_392' title='bbox 1695 2434 1720 2463; x_wconf 94' lang='lat' dir='ltr'>G</span> <span class='ocrx_word' id='word_1_393' title='bbox 1748 2450 1781 2456; x_wconf 95' lang='lat'><em>—</em></span> <span class='ocrx_word' id='word_1_394' title='bbox 1816 2434 1947 2474; x_wconf 67' lang='lat' dir='ltr'>stringit</span> 
     </span>
     <span class='ocr_line' id='line_1_36' title="bbox 188 2481 1943 2524; baseline -0.002 -9"><span class='ocrx_word' id='word_1_395' title='bbox 188 2485 254 2517; x_wconf 90' lang='lat' dir='ltr'>CE</span> <span class='ocrx_word' id='word_1_396' title='bbox 272 2486 315 2515; x_wconf 86' lang='lat' dir='ltr'>G:</span> <span class='ocrx_word' id='word_1_397' title='bbox 341 2483 518 2524; x_wconf 68' lang='lat' dir='ltr'>adstringit</span> <span class='ocrx_word' id='word_1_398' title='bbox 542 2483 566 2514; x_wconf 94' lang='lat' dir='ltr'>O</span> <span class='ocrx_word' id='word_1_399' title='bbox 604 2499 638 2504; x_wconf 94' lang='lat'>—</span> <span class='ocrx_word' id='word_1_400' title='bbox 676 2483 707 2515; x_wconf 85' lang='lat'>7.</span> <span class='ocrx_word' id='word_1_401' title='bbox 733 2483 892 2524; x_wconf 66' lang='lat' dir='ltr'>analogia</span> <span class='ocrx_word' id='word_1_402' title='bbox 927 2484 950 2515; x_wconf 95' lang='lat' dir='ltr'>C</span> <span class='ocrx_word' id='word_1_403' title='bbox 971 2484 994 2515; x_wconf 87' lang='lat' dir='ltr'>E</span> <span class='ocrx_word' id='word_1_404' title='bbox 1013 2485 1038 2515; x_wconf 94' lang='lat' dir='ltr'>G</span> <span class='ocrx_word' id='word_1_405' title='bbox 1072 2501 1106 2506; x_wconf 95' lang='lat'>—</span> <span class='ocrx_word' id='word_1_406' title='bbox 1144 2483 1343 2514; x_wconf 80' lang='lat' dir='ltr'>audiendum</span> <span class='ocrx_word' id='word_1_407' title='bbox 1368 2483 1390 2513; x_wconf 92' lang='lat' dir='ltr'><strong>B</strong></span> <span class='ocrx_word' id='word_1_408' title='bbox 1429 2499 1462 2504; x_wconf 93' lang='lat'>—</span> <span class='ocrx_word' id='word_1_409' title='bbox 1500 2482 1531 2514; x_wconf 84' lang='lat'>8.</span> <span class='ocrx_word' id='word_1_410' title='bbox 1555 2483 1768 2521; x_wconf 78' lang='lat' dir='ltr'>proportione</span> <span class='ocrx_word' id='word_1_411' title='bbox 1795 2481 1874 2514; x_wconf 87' lang='lat' dir='ltr'>B¹V</span> <span class='ocrx_word' id='word_1_412' title='bbox 1909 2500 1943 2505; x_wconf 91' lang='lat'>-—</span> 
     </span>
     <span class='ocr_line' id='line_1_37' title="bbox 187 2530 1943 2575; baseline -0.002 -10"><span class='ocrx_word' id='word_1_413' title='bbox 187 2533 297 2575; x_wconf 85' lang='lat' dir='ltr'>trium]</span> <span class='ocrx_word' id='word_1_414' title='bbox 330 2534 479 2574; x_wconf 84' lang='lat' dir='ltr'>primum</span> <span class='ocrx_word' id='word_1_415' title='bbox 509 2533 574 2564; x_wconf 90' lang='lat' dir='ltr'>AB</span> <span class='ocrx_word' id='word_1_416' title='bbox 594 2533 638 2570; x_wconf 81' lang='lat' dir='ltr'>E,</span> <span class='ocrx_word' id='word_1_417' title='bbox 672 2534 783 2572; x_wconf 81' lang='lat' dir='ltr'>prima</span> <span class='ocrx_word' id='word_1_418' title='bbox 815 2532 866 2573; x_wconf 64' lang='grc' dir='ltr'>Ψ,</span> <span class='ocrx_word' id='word_1_419' title='bbox 895 2535 1005 2573; x_wconf 83' lang='lat' dir='ltr'>primo</span> <span class='ocrx_word' id='word_1_420' title='bbox 1043 2530 1128 2564; x_wconf 78' lang='lat' dir='ltr'>GV²</span> <span class='ocrx_word' id='word_1_421' title='bbox 1165 2550 1198 2554; x_wconf 96' lang='lat'><strong>—</strong></span> <span class='ocrx_word' id='word_1_422' title='bbox 1237 2534 1289 2563; x_wconf 74' lang='lat'>40.</span> <span class='ocrx_word' id='word_1_423' title='bbox 1326 2535 1361 2563; x_wconf 86' lang='lat' dir='ltr'>ut</span> <span class='ocrx_word' id='word_1_424' title='bbox 1395 2532 1423 2563; x_wconf 82' lang='lat' dir='ltr'>ei</span> <span class='ocrx_word' id='word_1_425' title='bbox 1457 2534 1652 2563; x_wconf 86' lang='lat' dir='ltr'>Gesnerus:</span> <span class='ocrx_word' id='word_1_426' title='bbox 1689 2532 1737 2562; x_wconf 85' lang='lat' dir='ltr'>uti</span> <span class='ocrx_word' id='word_1_427' title='bbox 1772 2532 1796 2563; x_wconf 91' lang='lat' dir='ltr'>C</span> <span class='ocrx_word' id='word_1_428' title='bbox 1816 2531 1882 2563; x_wconf 90' lang='lat' dir='ltr'>EG</span> <span class='ocrx_word' id='word_1_429' title='bbox 1909 2548 1943 2553; x_wconf 90' lang='lat'>—</span> 
     </span>
     <span class='ocr_line' id='line_1_38' title="bbox 188 2580 1942 2624; baseline -0.003 -8"><span class='ocrx_word' id='word_1_430' title='bbox 188 2585 239 2616; x_wconf 82' lang='grc'>40.</span> <span class='ocrx_word' id='word_1_431' title='bbox 263 2583 492 2624; x_wconf 84' lang='lat' dir='ltr'>comprobetur</span> <span class='ocrx_word' id='word_1_432' title='bbox 520 2583 543 2614; x_wconf 92' lang='lat' dir='ltr'>C</span> <span class='ocrx_word' id='word_1_433' title='bbox 580 2583 706 2623; x_wconf 78' lang='lat' dir='ltr'>(conpr.</span> <span class='ocrx_word' id='word_1_434' title='bbox 746 2584 781 2623; x_wconf 91' lang='lat' dir='ltr'>B)</span> <span class='ocrx_word' id='word_1_435' title='bbox 823 2584 847 2615; x_wconf 86' lang='lat' dir='ltr'>E</span> <span class='ocrx_word' id='word_1_436' title='bbox 870 2585 894 2615; x_wconf 89' lang='lat' dir='ltr'>G</span> <span class='ocrx_word' id='word_1_437' title='bbox 937 2602 971 2606; x_wconf 96' lang='lat'><strong>—</strong></span> <span class='ocrx_word' id='word_1_438' title='bbox 1010 2584 1061 2614; x_wconf 79' lang='grc' dir='ltr'>Μ.</span> <span class='ocrx_word' id='word_1_439' title='bbox 1103 2583 1149 2613; x_wconf 77' lang='lat' dir='ltr'>sic</span> <span class='ocrx_word' id='word_1_440' title='bbox 1181 2582 1322 2612; x_wconf 80' lang='lat' dir='ltr'>medium</span> <span class='ocrx_word' id='word_1_441' title='bbox 1361 2589 1450 2612; x_wconf 87' lang='lat' dir='ltr'>corr.</span> <span class='ocrx_word' id='word_1_442' title='bbox 1493 2589 1533 2611; x_wconf 79' lang='lat' dir='ltr'>ex</span> <span class='ocrx_word' id='word_1_443' title='bbox 1574 2580 1620 2611; x_wconf 83' lang='lat' dir='ltr'>sic</span> <span class='ocrx_word' id='word_1_444' title='bbox 1657 2581 1761 2612; x_wconf 78' lang='lat' dir='ltr'>medio</span> <span class='ocrx_word' id='word_1_445' title='bbox 1799 2580 1867 2612; x_wconf 87' lang='lat' dir='ltr'>AV</span> <span class='ocrx_word' id='word_1_446' title='bbox 1908 2597 1942 2602; x_wconf 97' lang='lat'><strong>—</strong></span> 
     </span>
     <span class='ocr_line' id='line_1_39' title="bbox 190 2630 1947 2673; baseline -0.002 -9"><span class='ocrx_word' id='word_1_447' title='bbox 190 2634 240 2665; x_wconf 70' lang='lat'>⁴2.</span> <span class='ocrx_word' id='word_1_448' title='bbox 265 2634 299 2664; x_wconf 82' lang='lat' dir='ltr'>id</span> <span class='ocrx_word' id='word_1_449' title='bbox 321 2635 348 2664; x_wconf 92' lang='lat' dir='ltr'>A</span> <span class='ocrx_word' id='word_1_450' title='bbox 365 2633 523 2665; x_wconf 79' lang='lat' dir='ltr'>BEVzet</span> <span class='ocrx_word' id='word_1_451' title='bbox 545 2633 578 2663; x_wconf 90' lang='lat' dir='ltr'>id</span> <span class='ocrx_word' id='word_1_452' title='bbox 603 2634 627 2664; x_wconf 94' lang='lat' dir='ltr'>G</span> <span class='ocrx_word' id='word_1_453' title='bbox 653 2635 687 2664; x_wconf 86' lang='lat' dir='ltr'>et</span> <span class='ocrx_word' id='word_1_454' title='bbox 711 2641 832 2673; x_wconf 82' lang='lat' dir='ltr'>margo</span> <span class='ocrx_word' id='word_1_455' title='bbox 863 2634 889 2663; x_wconf 94' lang='lat' dir='ltr'>V</span> <span class='ocrx_word' id='word_1_456' title='bbox 924 2651 959 2655; x_wconf 92' lang='lat'>—-</span> <span class='ocrx_word' id='word_1_457' title='bbox 993 2634 1029 2673; x_wconf 80' lang='lat' dir='ltr'>fit</span> <span class='ocrx_word' id='word_1_458' title='bbox 1064 2636 1133 2664; x_wconf 84' lang='lat' dir='ltr'>tum</span> <span class='ocrx_word' id='word_1_459' title='bbox 1169 2640 1257 2663; x_wconf 86' lang='lat' dir='ltr'>corr.</span> <span class='ocrx_word' id='word_1_460' title='bbox 1295 2640 1336 2662; x_wconf 83' lang='lat' dir='ltr'>ex</span> <span class='ocrx_word' id='word_1_461' title='bbox 1359 2632 1470 2670; x_wconf 84' lang='lat' dir='ltr'>fictum</span> <span class='ocrx_word' id='word_1_462' title='bbox 1487 2630 1510 2661; x_wconf 89' lang='lat' dir='ltr'>B</span> <span class='ocrx_word' id='word_1_463' title='bbox 1531 2646 1564 2651; x_wconf 92' lang='lat'>—</span> <span class='ocrx_word' id='word_1_464' title='bbox 1601 2633 1708 2661; x_wconf 80' lang='lat' dir='ltr'>autem</span> <span class='ocrx_word' id='word_1_465' title='bbox 1732 2630 1846 2662; x_wconf 90' lang='lat' dir='ltr'>CEG:</span> <span class='ocrx_word' id='word_1_466' title='bbox 1871 2638 1947 2661; x_wconf 78' lang='lat' dir='ltr'>vero</span> 
     </span>
     <span class='ocr_line' id='line_1_40' title="bbox 188 2678 1943 2723; baseline -0.003 -8"><span class='ocrx_word' id='word_1_467' title='bbox 188 2684 213 2715; x_wconf 95' lang='lat' dir='ltr'>O</span> <span class='ocrx_word' id='word_1_468' title='bbox 239 2699 272 2705; x_wconf 90' lang='lat'>——</span> <span class='ocrx_word' id='word_1_469' title='bbox 301 2682 352 2714; x_wconf 72' lang='lat'>43.</span> <span class='ocrx_word' id='word_1_470' title='bbox 379 2685 409 2713; x_wconf 86' lang='lat' dir='ltr'>et</span> <span class='ocrx_word' id='word_1_471' title='bbox 424 2690 493 2713; x_wconf 91' lang='lat' dir='ltr'>om.</span> <span class='ocrx_word' id='word_1_472' title='bbox 513 2682 569 2712; x_wconf 89' lang='lat' dir='ltr'>GV</span> <span class='ocrx_word' id='word_1_473' title='bbox 593 2699 634 2704; x_wconf 84' lang='lat'>—-</span> <span class='ocrx_word' id='word_1_474' title='bbox 655 2683 739 2721; x_wconf 80' lang='lat' dir='ltr'>fiunt</span> <span class='ocrx_word' id='word_1_475' title='bbox 754 2690 930 2723; x_wconf 85' lang='lat' dir='ltr'>superscr.</span> <span class='ocrx_word' id='word_1_476' title='bbox 950 2683 983 2713; x_wconf 92' lang='lat' dir='ltr'>in</span> <span class='ocrx_word' id='word_1_477' title='bbox 1001 2685 1025 2713; x_wconf 92' lang='lat' dir='ltr'>A</span> <span class='ocrx_word' id='word_1_478' title='bbox 1046 2699 1079 2704; x_wconf 94' lang='lat'>—</span> <span class='ocrx_word' id='word_1_479' title='bbox 1108 2683 1255 2713; x_wconf 79' lang='lat' dir='ltr'>diiuncta</span> <span class='ocrx_word' id='word_1_480' title='bbox 1274 2678 1362 2712; x_wconf 70' lang='lat' dir='ltr'>A¹V²</span> <span class='ocrx_word' id='word_1_481' title='bbox 1378 2680 1447 2719; x_wconf 86' lang='lat' dir='ltr'>(hic</span> <span class='ocrx_word' id='word_1_482' title='bbox 1465 2689 1505 2711; x_wconf 85' lang='lat' dir='ltr'>ex</span> <span class='ocrx_word' id='word_1_483' title='bbox 1530 2681 1748 2712; x_wconf 85' lang='lat' dir='ltr'>correctione</span> <span class='ocrx_word' id='word_1_484' title='bbox 1773 2680 1943 2721; x_wconf 87' lang='lat' dir='ltr'>antiqua):</span> 
     </span>
     <span class='ocr_line' id='line_1_41' title="bbox 188 2729 1947 2771; baseline -0.003 -7"><span class='ocrx_word' id='word_1_485' title='bbox 188 2733 338 2764; x_wconf 79' lang='lat' dir='ltr'>deiuncla</span> <span class='ocrx_word' id='word_1_486' title='bbox 361 2730 403 2764; x_wconf 78' lang='grc' dir='ltr'>Α2</span> <span class='ocrx_word' id='word_1_487' title='bbox 418 2732 441 2764; x_wconf 92' lang='grc' dir='ltr'><strong>Β</strong></span> <span class='ocrx_word' id='word_1_488' title='bbox 459 2732 483 2763; x_wconf 88' lang='grc' dir='ltr'>Ε</span> <span class='ocrx_word' id='word_1_489' title='bbox 502 2730 552 2769; x_wconf 80' lang='lat' dir='ltr'>V¹‚</span> <span class='ocrx_word' id='word_1_490' title='bbox 581 2732 744 2763; x_wconf 82' lang='lat' dir='ltr'>diminuta</span> <span class='ocrx_word' id='word_1_491' title='bbox 767 2733 809 2770; x_wconf 87' lang='lat' dir='ltr'>G,</span> <span class='ocrx_word' id='word_1_492' title='bbox 835 2733 999 2763; x_wconf 78' lang='lat' dir='ltr'>disiuncta</span> <span class='ocrx_word' id='word_1_493' title='bbox 1023 2733 1048 2764; x_wconf 93' lang='grc' dir='ltr'>Ο</span> <span class='ocrx_word' id='word_1_494' title='bbox 1075 2751 1109 2755; x_wconf 84' lang='grc'><strong>-</strong></span> <span class='ocrx_word' id='word_1_495' title='bbox 1137 2732 1189 2763; x_wconf 76' lang='lat'>44.</span> <span class='ocrx_word' id='word_1_496' title='bbox 1214 2732 1336 2771; x_wconf 72' lang='lat' dir='ltr'>fuerint</span> <span class='ocrx_word' id='word_1_497' title='bbox 1360 2733 1385 2762; x_wconf 84' lang='lat' dir='ltr'>A</span> <span class='ocrx_word' id='word_1_498' title='bbox 1406 2731 1427 2762; x_wconf 89' lang='lat' dir='ltr'>B</span> <span class='ocrx_word' id='word_1_499' title='bbox 1446 2732 1488 2764; x_wconf 90' lang='lat' dir='ltr'>G.</span> <span class='ocrx_word' id='word_1_500' title='bbox 1513 2730 1645 2770; x_wconf 77' lang='lat' dir='ltr'>fuerunt</span> <span class='ocrx_word' id='word_1_501' title='bbox 1669 2731 1693 2762; x_wconf 87' lang='lat' dir='ltr'>E</span> <span class='ocrx_word' id='word_1_502' title='bbox 1722 2747 1754 2751; x_wconf 97' lang='lat'><strong>—</strong></span> <span class='ocrx_word' id='word_1_503' title='bbox 1794 2729 1844 2760; x_wconf 74' lang='lat'>45.</span> <span class='ocrx_word' id='word_1_504' title='bbox 1870 2730 1947 2760; x_wconf 75' lang='lat' dir='ltr'>uni-</span> 
     </span>
     <span class='ocr_line' id='line_1_42' title="bbox 187 2779 1948 2820; baseline -0.002 -7"><span class='ocrx_word' id='word_1_505' title='bbox 187 2782 272 2813; x_wconf 77' lang='lat' dir='ltr'>versi</span> <span class='ocrx_word' id='word_1_506' title='bbox 302 2782 326 2813; x_wconf 93' lang='lat' dir='ltr'>C</span> <span class='ocrx_word' id='word_1_507' title='bbox 345 2782 429 2813; x_wconf 90' lang='lat' dir='ltr'>EG:</span> <span class='ocrx_word' id='word_1_508' title='bbox 465 2781 691 2813; x_wconf 80' lang='lat' dir='ltr'>universitatis</span> <span class='ocrx_word' id='word_1_509' title='bbox 715 2782 739 2812; x_wconf 93' lang='lat' dir='ltr'>O</span> <span class='ocrx_word' id='word_1_510' title='bbox 776 2798 810 2803; x_wconf 94' lang='lat'>—</span> <span class='ocrx_word' id='word_1_511' title='bbox 849 2782 900 2813; x_wconf 76' lang='lat'>46.</span> <span class='ocrx_word' id='word_1_512' title='bbox 937 2785 1017 2813; x_wconf 84' lang='lat' dir='ltr'>esset</span> <span class='ocrx_word' id='word_1_513' title='bbox 1047 2782 1230 2813; x_wconf 76' lang='lat' dir='ltr'>altitudinis</span> <span class='ocrx_word' id='word_1_514' title='bbox 1259 2780 1451 2819; x_wconf 80' lang='lat' dir='ltr'>requisitum</span> <span class='ocrx_word' id='word_1_515' title='bbox 1480 2780 1583 2811; x_wconf 87' lang='lat' dir='ltr'>Henr.</span> <span class='ocrx_word' id='word_1_516' title='bbox 1617 2779 1829 2820; x_wconf 76' lang='lat' dir='ltr'>Stephanus3</span> <span class='ocrx_word' id='word_1_517' title='bbox 1870 2781 1948 2809; x_wconf 81' lang='lat' dir='ltr'>esset</span> 
     </span>
     <span class='ocr_line' id='line_1_43' title="bbox 188 2827 1948 2871; baseline -0.003 -8"><span class='ocrx_word' id='word_1_518' title='bbox 188 2832 365 2871; x_wconf 79' lang='lat' dir='ltr'>repositum</span> <span class='ocrx_word' id='word_1_519' title='bbox 388 2830 553 2867; x_wconf 83' lang='lat' dir='ltr'>Klotzius;</span> <span class='ocrx_word' id='word_1_520' title='bbox 578 2835 656 2863; x_wconf 87' lang='lat' dir='ltr'>esset</span> <span class='ocrx_word' id='word_1_521' title='bbox 679 2834 768 2862; x_wconf 81' lang='lat' dir='ltr'>retro</span> <span class='ocrx_word' id='word_1_522' title='bbox 783 2831 881 2862; x_wconf 80' lang='lat' dir='ltr'>situm</span> <span class='ocrx_word' id='word_1_523' title='bbox 895 2830 949 2862; x_wconf 81' lang='lat' dir='ltr'>vel</span> <span class='ocrx_word' id='word_1_524' title='bbox 966 2832 1168 2863; x_wconf 79' lang='lat' dir='ltr'>reconditum</span> <span class='ocrx_word' id='word_1_525' title='bbox 1185 2832 1260 2862; x_wconf 88' lang='lat' dir='ltr'>Car.</span> <span class='ocrx_word' id='word_1_526' title='bbox 1284 2830 1372 2864; x_wconf 58' lang='lat' dir='ltr'>frid.</span> <span class='ocrx_word' id='word_1_527' title='bbox 1392 2830 1625 2861; x_wconf 81' lang='lat' dir='ltr'>Hermannus.</span> <span class='ocrx_word' id='word_1_528' title='bbox 1651 2828 1798 2860; x_wconf 85' lang='lat' dir='ltr'>Obelum</span> <span class='ocrx_word' id='word_1_529' title='bbox 1815 2827 1948 2859; x_wconf 89' lang='lat' dir='ltr'>addidit</span> 
     </span>
     <span class='ocr_line' id='line_1_44' title="bbox 190 2878 1949 2919; baseline -0.003 -6"><span class='ocrx_word' id='word_1_530' title='bbox 190 2880 348 2913; x_wconf 88' lang='lat' dir='ltr'>Orellius.</span> <span class='ocrx_word' id='word_1_531' title='bbox 392 2899 426 2902; x_wconf 97' lang='lat'><strong>—</strong></span> <span class='ocrx_word' id='word_1_532' title='bbox 467 2890 570 2912; x_wconf 85' lang='lat' dir='ltr'>unum</span> <span class='ocrx_word' id='word_1_533' title='bbox 613 2882 698 2913; x_wconf 85' lang='lat' dir='ltr'>enim</span> <span class='ocrx_word' id='word_1_534' title='bbox 739 2882 941 2912; x_wconf 81' lang='lat' dir='ltr'>interiectum</span> <span class='ocrx_word' id='word_1_535' title='bbox 983 2882 1006 2912; x_wconf 93' lang='lat' dir='ltr'>C</span> <span class='ocrx_word' id='word_1_536' title='bbox 1026 2881 1050 2912; x_wconf 88' lang='lat' dir='ltr'>E</span> <span class='ocrx_word' id='word_1_537' title='bbox 1068 2882 1093 2911; x_wconf 91' lang='lat' dir='ltr'>G</span> <span class='ocrx_word' id='word_1_538' title='bbox 1135 2898 1169 2902; x_wconf 97' lang='lat'><strong>—</strong></span> <span class='ocrx_word' id='word_1_539' title='bbox 1215 2889 1247 2911; x_wconf 82' lang='lat' dir='ltr'>se</span> <span class='ocrx_word' id='word_1_540' title='bbox 1288 2880 1354 2919; x_wconf 84' lang='lat' dir='ltr'>ipse</span> <span class='ocrx_word' id='word_1_541' title='bbox 1395 2882 1424 2910; x_wconf 89' lang='lat' dir='ltr'>et</span> <span class='ocrx_word' id='word_1_542' title='bbox 1470 2880 1493 2910; x_wconf 91' lang='lat' dir='ltr'>C</span> <span class='ocrx_word' id='word_1_543' title='bbox 1510 2879 1533 2910; x_wconf 82' lang='lat' dir='ltr'>E</span> <span class='ocrx_word' id='word_1_544' title='bbox 1552 2880 1576 2909; x_wconf 93' lang='lat' dir='ltr'>G</span> <span class='ocrx_word' id='word_1_545' title='bbox 1623 2895 1657 2900; x_wconf 92' lang='lat'>—</span> <span class='ocrx_word' id='word_1_546' title='bbox 1701 2878 1752 2908; x_wconf 73' lang='lat'>49.</span> <span class='ocrx_word' id='word_1_547' title='bbox 1792 2878 1949 2918; x_wconf 64' lang='lat' dir='ltr'>contingit</span> 
     </span>
     <span class='ocr_line' id='line_1_45' title="bbox 190 2928 1949 2971; baseline -0.003 -9"><span class='ocrx_word' id='word_1_548' title='bbox 190 2931 258 2962; x_wconf 92' lang='lat' dir='ltr'>EG</span> <span class='ocrx_word' id='word_1_549' title='bbox 283 2947 317 2952; x_wconf 99' lang='lat'><strong>—</strong></span> <span class='ocrx_word' id='word_1_550' title='bbox 355 2933 454 2969; x_wconf 79' lang='lat' dir='ltr'>atque</span> <span class='ocrx_word' id='word_1_551' title='bbox 489 2931 578 2962; x_wconf 85' lang='lat' dir='ltr'>CG:</span> <span class='ocrx_word' id='word_1_552' title='bbox 613 2935 641 2962; x_wconf 87' lang='lat' dir='ltr'>et</span> <span class='ocrx_word' id='word_1_553' title='bbox 677 2930 743 2962; x_wconf 89' lang='lat' dir='ltr'>EO</span> <span class='ocrx_word' id='word_1_554' title='bbox 779 2948 814 2953; x_wconf 91' lang='lat'>—</span> <span class='ocrx_word' id='word_1_555' title='bbox 851 2939 954 2971; x_wconf 81' lang='lat' dir='ltr'>eaque</span> <span class='ocrx_word' id='word_1_556' title='bbox 988 2940 1083 2962; x_wconf 89' lang='lat' dir='ltr'>corr.</span> <span class='ocrx_word' id='word_1_557' title='bbox 1117 2939 1159 2960; x_wconf 84' lang='lat' dir='ltr'>ex</span> <span class='ocrx_word' id='word_1_558' title='bbox 1194 2938 1331 2969; x_wconf 82' lang='lat' dir='ltr'>eamque</span> <span class='ocrx_word' id='word_1_559' title='bbox 1364 2928 1452 2967; x_wconf 83' lang='lat' dir='ltr'>AV,</span> <span class='ocrx_word' id='word_1_560' title='bbox 1489 2936 1626 2967; x_wconf 81' lang='lat' dir='ltr'>eamque</span> <span class='ocrx_word' id='word_1_561' title='bbox 1659 2928 1683 2959; x_wconf 91' lang='lat' dir='ltr'>E</span> <span class='ocrx_word' id='word_1_562' title='bbox 1724 2944 1757 2949; x_wconf 86' lang='lat'>—-</span> <span class='ocrx_word' id='word_1_563' title='bbox 1794 2928 1844 2958; x_wconf 68' lang='lat'>22.</span> <span class='ocrx_word' id='word_1_564' title='bbox 1881 2936 1949 2966; x_wconf 86' lang='lat' dir='ltr'>qua</span> 
     </span>
     <span class='ocr_line' id='line_1_46' title="bbox 190 2977 1949 3020; baseline -0.002 -7"><span class='ocrx_word' id='word_1_565' title='bbox 190 2989 233 3013; x_wconf 74' lang='lat' dir='ltr'>ecc</span> <span class='ocrx_word' id='word_1_566' title='bbox 254 2980 479 3012; x_wconf 75' lang='lat' dir='ltr'>coniunctione</span> <span class='ocrx_word' id='word_1_567' title='bbox 501 2981 627 3012; x_wconf 79' lang='lat' dir='ltr'>caelum</span> <span class='ocrx_word' id='word_1_568' title='bbox 650 2981 698 3011; x_wconf 88' lang='lat' dir='ltr'>ita</span> <span class='ocrx_word' id='word_1_569' title='bbox 721 2983 834 3020; x_wconf 86' lang='lat' dir='ltr'>aptum</span> <span class='ocrx_word' id='word_1_570' title='bbox 857 2985 901 3012; x_wconf 86' lang='lat' dir='ltr'>est</span> <span class='ocrx_word' id='word_1_571' title='bbox 924 2981 1023 3012; x_wconf 77' lang='lat' dir='ltr'>affert</span> <span class='ocrx_word' id='word_1_572' title='bbox 1048 2980 1187 3011; x_wconf 74' lang='lat' dir='ltr'>Servius</span> <span class='ocrx_word' id='word_1_573' title='bbox 1211 2978 1252 3009; x_wconf 85' lang='lat' dir='ltr'>ad</span> <span class='ocrx_word' id='word_1_574' title='bbox 1273 2978 1374 3017; x_wconf 73' lang='lat' dir='ltr'>Verg.</span> <span class='ocrx_word' id='word_1_575' title='bbox 1401 2979 1486 3008; x_wconf 86' lang='lat' dir='ltr'>Aen.</span> <span class='ocrx_word' id='word_1_576' title='bbox 1512 2977 1566 3015; x_wconf 86' lang='lat' dir='ltr'>1V,</span> <span class='ocrx_word' id='word_1_577' title='bbox 1593 2977 1668 3009; x_wconf 73' lang='lat'><strong>482.</strong></span> <span class='ocrx_word' id='word_1_578' title='bbox 1696 2995 1729 3000; x_wconf 88' lang='grc'><strong>-</strong></span> <span class='ocrx_word' id='word_1_579' title='bbox 1757 2979 1809 3010; x_wconf 73' lang='lat'>23.</span> <span class='ocrx_word' id='word_1_580' title='bbox 1836 2987 1879 3010; x_wconf 69' lang='lat' dir='ltr'>ex</span> <span class='ocrx_word' id='word_1_581' title='bbox 1901 2979 1949 3009; x_wconf 83' lang='lat' dir='ltr'>his</span> 
     </span>
     <span class='ocr_line' id='line_1_47' title="bbox 191 3025 1948 3067; baseline -0.002 -4"><span class='ocrx_word' id='word_1_582' title='bbox 191 3032 217 3063; x_wconf 87' lang='lat' dir='ltr'>A</span> <span class='ocrx_word' id='word_1_583' title='bbox 235 3030 321 3067; x_wconf 88' lang='lat' dir='ltr'>EV,</span> <span class='ocrx_word' id='word_1_584' title='bbox 349 3039 393 3061; x_wconf 78' lang='lat' dir='ltr'>ea:</span> <span class='ocrx_word' id='word_1_585' title='bbox 415 3030 477 3061; x_wconf 83' lang='lat' dir='ltr'>hiis</span> <span class='ocrx_word' id='word_1_586' title='bbox 501 3032 525 3062; x_wconf 93' lang='lat' dir='ltr'>G</span> <span class='ocrx_word' id='word_1_587' title='bbox 553 3048 587 3053; x_wconf 87' lang='lat'>-</span> <span class='ocrx_word' id='word_1_588' title='bbox 614 3030 667 3062; x_wconf 71' lang='lat'>⁶24.</span> <span class='ocrx_word' id='word_1_589' title='bbox 694 3039 733 3062; x_wconf 83' lang='lat' dir='ltr'>ea</span> <span class='ocrx_word' id='word_1_590' title='bbox 759 3031 782 3062; x_wconf 95' lang='lat' dir='ltr'>C</span> <span class='ocrx_word' id='word_1_591' title='bbox 802 3031 842 3062; x_wconf 86' lang='lat' dir='ltr'>E:</span> <span class='ocrx_word' id='word_1_592' title='bbox 892 3034 921 3062; x_wconf 84' lang='lat' dir='ltr'>et</span> <span class='ocrx_word' id='word_1_593' title='bbox 944 3040 982 3062; x_wconf 85' lang='lat' dir='ltr'>ea</span> <span class='ocrx_word' id='word_1_594' title='bbox 1007 3032 1030 3061; x_wconf 94' lang='lat' dir='ltr'>G</span> <span class='ocrx_word' id='word_1_595' title='bbox 1058 3029 1095 3066; x_wconf 80' lang='lat' dir='ltr'>(V</span> <span class='ocrx_word' id='word_1_596' title='bbox 1121 3030 1152 3060; x_wconf 92' lang='lat' dir='ltr'>in</span> <span class='ocrx_word' id='word_1_597' title='bbox 1179 3037 1307 3067; x_wconf 62' lang='lat' dir='ltr'>marg:</span> <span class='ocrx_word' id='word_1_598' title='bbox 1336 3030 1384 3058; x_wconf 80' lang='lat' dir='ltr'>«et</span> <span class='ocrx_word' id='word_1_599' title='bbox 1407 3025 1460 3058; x_wconf 72' lang='lat' dir='ltr'>vel</span> <span class='ocrx_word' id='word_1_600' title='bbox 1484 3030 1513 3058; x_wconf 79' lang='lat' dir='ltr'>et</span> <span class='ocrx_word' id='word_1_601' title='bbox 1536 3028 1726 3066; x_wconf 58' lang='lat' dir='ltr'>mammen»)</span> <span class='ocrx_word' id='word_1_602' title='bbox 1753 3045 1788 3049; x_wconf 86' lang='lat'>—</span> <span class='ocrx_word' id='word_1_603' title='bbox 1814 3028 1866 3059; x_wconf 70' lang='lat'>26.</span> <span class='ocrx_word' id='word_1_604' title='bbox 1892 3036 1948 3058; x_wconf 88' lang='lat' dir='ltr'>co-</span> 
     </span>
     <span class='ocr_line' id='line_1_48' title="bbox 191 3078 1947 3119; baseline -0.001 -9"><span class='ocrx_word' id='word_1_605' title='bbox 191 3080 303 3111; x_wconf 82' lang='lat' dir='ltr'>haeret</span> <span class='ocrx_word' id='word_1_606' title='bbox 324 3087 412 3111; x_wconf 90' lang='lat' dir='ltr'>corr.</span> <span class='ocrx_word' id='word_1_607' title='bbox 441 3089 482 3111; x_wconf 86' lang='lat' dir='ltr'>ex</span> <span class='ocrx_word' id='word_1_608' title='bbox 506 3080 677 3111; x_wconf 81' lang='lat' dir='ltr'>conhaeret</span> <span class='ocrx_word' id='word_1_609' title='bbox 702 3080 727 3109; x_wconf 95' lang='lat' dir='ltr'>V</span> <span class='ocrx_word' id='word_1_610' title='bbox 755 3097 789 3101; x_wconf 92' lang='lat'>—</span> <span class='ocrx_word' id='word_1_611' title='bbox 816 3080 868 3111; x_wconf 70' lang='lat'>28.</span> <span class='ocrx_word' id='word_1_612' title='bbox 891 3083 1004 3119; x_wconf 81' lang='lat' dir='ltr'>partes</span> <span class='ocrx_word' id='word_1_613' title='bbox 1026 3087 1134 3109; x_wconf 85' lang='lat' dir='ltr'>omnes</span> <span class='ocrx_word' id='word_1_614' title='bbox 1158 3078 1180 3108; x_wconf 90' lang='lat' dir='ltr'>C</span> <span class='ocrx_word' id='word_1_615' title='bbox 1200 3078 1281 3109; x_wconf 80' lang='lat' dir='ltr'>EG:</span> <span class='ocrx_word' id='word_1_616' title='bbox 1309 3085 1418 3108; x_wconf 82' lang='lat' dir='ltr'>omnes</span> <span class='ocrx_word' id='word_1_617' title='bbox 1437 3080 1550 3116; x_wconf 85' lang='lat' dir='ltr'>partes</span> <span class='ocrx_word' id='word_1_618' title='bbox 1573 3078 1598 3109; x_wconf 95' lang='lat' dir='ltr'>O</span> <span class='ocrx_word' id='word_1_619' title='bbox 1633 3093 1666 3100; x_wconf 86' lang='lat'>—</span> <span class='ocrx_word' id='word_1_620' title='bbox 1704 3078 1757 3109; x_wconf 75' lang='lat'>⁶29.</span> <span class='ocrx_word' id='word_1_621' title='bbox 1783 3078 1947 3109; x_wconf 70' lang='lat' dir='ltr'>eoeciderct</span> 
     </span>
     <span class='ocr_line' id='line_1_49' title="bbox 191 3126 1945 3167; baseline -0.002 -7"><span class='ocrx_word' id='word_1_622' title='bbox 191 3127 368 3160; x_wconf 82' lang='lat' dir='ltr'>A¹B¹GV</span> <span class='ocrx_word' id='word_1_623' title='bbox 404 3145 438 3150; x_wconf 96' lang='lat'>—</span> <span class='ocrx_word' id='word_1_624' title='bbox 473 3132 509 3159; x_wconf 81' lang='lat' dir='ltr'>ut</span> <span class='ocrx_word' id='word_1_625' title='bbox 541 3129 668 3160; x_wconf 87' lang='lat' dir='ltr'>CEG:</span> <span class='ocrx_word' id='word_1_626' title='bbox 703 3137 772 3159; x_wconf 90' lang='lat' dir='ltr'>om.</span> <span class='ocrx_word' id='word_1_627' title='bbox 806 3129 831 3160; x_wconf 96' lang='grc' dir='ltr'>Ο</span> <span class='ocrx_word' id='word_1_628' title='bbox 863 3146 896 3150; x_wconf 87' lang='grc'><strong>-</strong></span> <span class='ocrx_word' id='word_1_629' title='bbox 931 3129 982 3160; x_wconf 87' lang='grc'>30.</span> <span class='ocrx_word' id='word_1_630' title='bbox 1012 3131 1116 3167; x_wconf 84' lang='lat' dir='ltr'>posset</span> <span class='ocrx_word' id='word_1_631' title='bbox 1155 3126 1359 3158; x_wconf 85' lang='lat' dir='ltr'>Lambinus:</span> <span class='ocrx_word' id='word_1_632' title='bbox 1399 3127 1498 3167; x_wconf 86' lang='lat' dir='ltr'>possit</span> <span class='ocrx_word' id='word_1_633' title='bbox 1535 3127 1559 3158; x_wconf 91' lang='lat' dir='ltr'>C</span> <span class='ocrx_word' id='word_1_634' title='bbox 1580 3127 1666 3165; x_wconf 91' lang='lat' dir='ltr'>EG;</span> <span class='ocrx_word' id='word_1_635' title='bbox 1701 3127 1784 3158; x_wconf 83' lang='lat' dir='ltr'>item</span> <span class='ocrx_word' id='word_1_636' title='bbox 1820 3134 1852 3157; x_wconf 77' lang='lat' dir='ltr'>v,</span> <span class='ocrx_word' id='word_1_637' title='bbox 1893 3126 1945 3157; x_wconf 74' lang='lat'>32.</span> 
     </span>
     <span class='ocr_line' id='line_1_50' title="bbox 194 3175 1944 3216; baseline -0.002 -8"><span class='ocrx_word' id='word_1_638' title='bbox 194 3193 229 3199; x_wconf 97' lang='lat'>—</span> <span class='ocrx_word' id='word_1_639' title='bbox 256 3177 307 3208; x_wconf 74' lang='lat'>3⁴.</span> <span class='ocrx_word' id='word_1_640' title='bbox 333 3177 426 3208; x_wconf 78' lang='lat' dir='ltr'>nulla</span> <span class='ocrx_word' id='word_1_641' title='bbox 450 3178 494 3209; x_wconf 87' lang='lat' dir='ltr'>C:</span> <span class='ocrx_word' id='word_1_642' title='bbox 524 3179 557 3208; x_wconf 85' lang='lat' dir='ltr'>in</span> <span class='ocrx_word' id='word_1_643' title='bbox 593 3179 651 3209; x_wconf 85' lang='lat' dir='ltr'>illa</span> <span class='ocrx_word' id='word_1_644' title='bbox 675 3178 698 3209; x_wconf 89' lang='lat' dir='ltr'>E</span> <span class='ocrx_word' id='word_1_645' title='bbox 717 3180 740 3209; x_wconf 88' lang='lat' dir='ltr'>G</span> <span class='ocrx_word' id='word_1_646' title='bbox 770 3195 803 3200; x_wconf 95' lang='lat'><strong>—</strong></span> <span class='ocrx_word' id='word_1_647' title='bbox 830 3178 938 3209; x_wconf 83' lang='lat' dir='ltr'>altera</span> <span class='ocrx_word' id='word_1_648' title='bbox 963 3178 986 3209; x_wconf 92' lang='lat' dir='ltr'>C</span> <span class='ocrx_word' id='word_1_649' title='bbox 1005 3178 1070 3209; x_wconf 89' lang='lat' dir='ltr'>EG</span> <span class='ocrx_word' id='word_1_650' title='bbox 1098 3194 1132 3198; x_wconf 97' lang='lat'><strong>—</strong></span> <span class='ocrx_word' id='word_1_651' title='bbox 1170 3176 1222 3207; x_wconf 71' lang='lat'>32.</span> <span class='ocrx_word' id='word_1_652' title='bbox 1258 3185 1298 3208; x_wconf 82' lang='lat' dir='ltr'>ne</span> <span class='ocrx_word' id='word_1_653' title='bbox 1332 3177 1387 3216; x_wconf 83' lang='lat' dir='ltr'>qui</span> <span class='ocrx_word' id='word_1_654' title='bbox 1423 3176 1446 3208; x_wconf 96' lang='lat' dir='ltr'>C</span> <span class='ocrx_word' id='word_1_655' title='bbox 1477 3177 1501 3207; x_wconf 93' lang='lat' dir='ltr'>G</span> <span class='ocrx_word' id='word_1_656' title='bbox 1542 3178 1643 3216; x_wconf 91' lang='lat' dir='ltr'>(corr.</span> <span class='ocrx_word' id='word_1_657' title='bbox 1680 3185 1721 3208; x_wconf 83' lang='lat' dir='ltr'>ex</span> <span class='ocrx_word' id='word_1_658' title='bbox 1756 3183 1857 3214; x_wconf 82' lang='lat' dir='ltr'>neque</span> <span class='ocrx_word' id='word_1_659' title='bbox 1890 3175 1944 3214; x_wconf 87' lang='lat' dir='ltr'>B):</span> 
     </span>
     <span class='ocr_line' id='line_1_51' title="bbox 192 3225 1946 3267; baseline -0.001 -10"><span class='ocrx_word' id='word_1_660' title='bbox 192 3235 231 3258; x_wconf 79' lang='lat' dir='ltr'>ne</span> <span class='ocrx_word' id='word_1_661' title='bbox 253 3227 326 3267; x_wconf 80' lang='lat' dir='ltr'>quis</span> <span class='ocrx_word' id='word_1_662' title='bbox 348 3226 373 3257; x_wconf 91' lang='lat' dir='ltr'>E</span> <span class='ocrx_word' id='word_1_663' title='bbox 400 3244 435 3249; x_wconf 96' lang='lat'>—</span> <span class='ocrx_word' id='word_1_664' title='bbox 461 3236 534 3259; x_wconf 82' lang='lat' dir='ltr'>eum</span> <span class='ocrx_word' id='word_1_665' title='bbox 558 3236 648 3259; x_wconf 89' lang='lat' dir='ltr'>corr.</span> <span class='ocrx_word' id='word_1_666' title='bbox 675 3236 715 3259; x_wconf 79' lang='lat' dir='ltr'>ex</span> <span class='ocrx_word' id='word_1_667' title='bbox 741 3230 818 3259; x_wconf 85' lang='lat' dir='ltr'>tunc</span> <span class='ocrx_word' id='word_1_668' title='bbox 841 3227 878 3266; x_wconf 90' lang='lat' dir='ltr'>B,</span> <span class='ocrx_word' id='word_1_669' title='bbox 905 3236 995 3259; x_wconf 90' lang='lat' dir='ltr'>corr.</span> <span class='ocrx_word' id='word_1_670' title='bbox 1027 3235 1068 3258; x_wconf 77' lang='lat' dir='ltr'>ex</span> <span class='ocrx_word' id='word_1_671' title='bbox 1105 3230 1172 3258; x_wconf 79' lang='lat' dir='ltr'>tum</span> <span class='ocrx_word' id='word_1_672' title='bbox 1208 3225 1235 3256; x_wconf 91' lang='lat' dir='ltr'>V</span> <span class='ocrx_word' id='word_1_673' title='bbox 1268 3243 1301 3249; x_wconf 88' lang='lat'><em>—</em></span> <span class='ocrx_word' id='word_1_674' title='bbox 1337 3226 1498 3267; x_wconf 65' lang='lat' dir='ltr'>attingere</span> <span class='ocrx_word' id='word_1_675' title='bbox 1533 3235 1623 3259; x_wconf 81' lang='lat' dir='ltr'>corr.</span> <span class='ocrx_word' id='word_1_676' title='bbox 1662 3234 1703 3258; x_wconf 84' lang='lat' dir='ltr'>ex</span> <span class='ocrx_word' id='word_1_677' title='bbox 1731 3225 1877 3265; x_wconf 74' lang='lat' dir='ltr'>atinyero</span> <span class='ocrx_word' id='word_1_678' title='bbox 1909 3226 1946 3263; x_wconf 85' lang='lat' dir='ltr'>A,</span> 
     </span>
    </p>
   </div>
   <div class='ocr_carea' id='block_1_4' title="bbox 142 3276 423 3319">
    <p class='ocr_par' dir='ltr' id='par_1_4' title="bbox 142 3276 423 3319">
     <span class='ocr_line' id='line_1_52' title="bbox 142 3276 423 3319; baseline 0 -11"><span class='ocrx_word' id='word_1_679' title='bbox 142 3276 146 3281; x_wconf 79' lang='lat'>&#39;</span> <span class='ocrx_word' id='word_1_680' title='bbox 191 3277 360 3319; x_wconf 73' lang='lat' dir='ltr'>adtinyere</span> <span class='ocrx_word' id='word_1_681' title='bbox 383 3276 423 3308; x_wconf 90' lang='lat' dir='ltr'>V.</span> 
     </span>
    </p>
   </div>
  </div>
 </body>
</html>
