2249 3624
254 147 336 188 478
513 146 841 189 FRAGMENTA
872 147 1150 188 LIBRORUM
1179 149 1249 187 DE
1280 147 1506 188 DEORUM
1535 148 1765 189 NATURA.

254 259 300 294 ut
330 254 493 295 Velleio
529 255 671 295 Cottae
704 254 934 307 disputatio
966 253 1122 300 verior,
1155 253 1258 293 mihi
1289 253 1405 294 Balbi
1428 253 1479 294 ad
1502 254 1688 295 veritatis
1713 255 2028 296 similitudinem

253 317 470 358 videretur
503 331 595 357 esse
627 317 891 370 propensior.

495 578 834 678 Fragmenta
882 576 1138 653 librorum
1186 576 1253 651 de
1301 576 1522 652 deorum
1569 587 1783 655 natura.

948 808 1029 844 Ex
1054 806 1225 844 LIBRO
1251 807 1325 843 111.

362 899 398 941 Ι1.
441 899 681 940 Lactantius
713 898 848 937 Instit.
881 897 1019 937 Divin.
1052 897 1104 944 Il,
1135 894 1173 938 3.
1226 896 1468 948 Intelliqebat
1500 896 1635 936 Cicero
1661 897 1769 949 falsa
1797 911 1900 949 esse,
1931 911 2029 951 quae

246 966 422 1006 homines
451 963 690 1007 adorarent;
720 974 816 1000 nam
845 973 934 999 eum
963 960 1088 999 multa
1113 960 1303 1005 dixisset,
1336 972 1434 1011 quae
1454 958 1505 998 ad
1526 958 1764 999 eversionem
1791 961 2029 1013 reliyionum

214 1029 440 1072 5valerent‚
472 1027 531 1065 ait
561 1031 690 1064 tamen
720 1037 806 1063 non
838 1037 930 1063 esse
963 1021 1035 1062 illa
1065 1023 1192 1075 vulgo
1226 1021 1496 1075 disputanda,
1527 1035 1580 1062 ne
1610 1029 1826 1077 susceptas
1857 1024 2027 1077 publice

244 1090 471 1144 religiones
504 1087 732 1141 disputatio
765 1086 858 1126 talis
891 1085 1143 1137 exstinguat.

357 1150 394 1191 Ξ).
434 1151 674 1191 Lactantius
706 1150 806 1189 Inst.
839 1149 921 1188 div.
955 1149 1006 1195 li,
1029 1146 1067 1186 8.
1120 1148 1255 1186 Cicero
1286 1147 1330 1187 de
1361 1154 1511 1188 natura
1540 1148 1703 1187 deorum
1731 1149 1940 1201 disputans
1971 1150 2028 1189 sic

243 1218 329 1257 ait:
375 1216 558 1255 Primum
596 1213 724 1266 igitur
761 1225 847 1251 non
880 1216 940 1250 est
975 1209 1190 1263 probabile
1223 1223 1313 1249 eam
1345 1211 1557 1251 materiam
1589 1211 1747 1259 rerum',
1791 1211 1904 1252 unde
1937 1217 2028 1252 orta

244 1285 339 1320 sunt
370 1278 529 1325 omnia,
563 1290 653 1316 esse
688 1275 828 1315 divina
860 1272 1121 1326 providentia
1144 1273 1354 1321 effectam,
1388 1274 1461 1313 sed
1482 1273 1637 1313 habere
1660 1279 1700 1313 et
1722 1274 1920 1315 habuisse
1942 1275 2026 1315 vim

193 1354 228 1382 40
244 1348 286 1382 et
315 1348 504 1382 naturam
537 1353 666 1379 suam.
721 1338 773 1377 Ut
801 1337 928 1390 igitur
959 1335 1097 1382 faber,
1130 1349 1221 1374 cum
1247 1337 1347 1389 quid
1380 1334 1672 1377 aedificaturus
1704 1342 1786 1385 est,
1818 1351 1903 1376 non
1933 1337 2025 1391 ipse

241 1405 339 1444 facit
370 1404 607 1450 materiam,
640 1401 712 1441 sed
745 1415 793 1440 ea
823 1400 975 1446 utitur,
1008 1411 1116 1452 quae
1149 1399 1203 1438 sit
1233 1406 1400 1452 parata,
1432 1399 1636 1453 fictorque
1668 1399 1768 1439 item
1800 1413 1921 1439 cera:
1965 1401 2024 1440 sic

240 1468 311 1508 isti
342 1466 632 1520 providentiae
664 1464 831 1503 divinae
863 1462 1078 1501 materiam
1111 1467 1280 1514 praesto
1314 1476 1406 1502 esse
1429 1462 1640 1515 oportuit,
1672 1475 1758 1501 non
1781 1474 1907 1515 quam
1931 1462 2023 1515 ipse

239 1529 413 1577 faceret,
447 1529 519 1569 sed
552 1541 677 1582 quam
709 1526 884 1566 haberet
916 1531 1115 1578 paratam.
1165 1525 1286 1573 Quod
1309 1527 1343 1565 si
1366 1540 1450 1565 non
1474 1532 1536 1565 est
1556 1539 1578 1565 a
1602 1525 1681 1565 deo
1705 1526 1877 1566 materia
1898 1524 2021 1574 facta,

239 1606 292 1632 ne
323 1599 433 1633 terra
465 1592 633 1645 quidem
667 1596 707 1629 et
736 1602 845 1643 aqua
877 1594 917 1628 et
948 1593 1018 1628 a'er
1050 1593 1091 1627 et
1123 1587 1230 1641 ignis
1262 1602 1285 1628 a
1317 1589 1395 1629 deo
1428 1588 1560 1628 factus
1593 1593 1668 1628 est.

190 1667 226 1695 ⁴5
352 1655 390 1695 3.
431 1655 640 1695 Arnobius
671 1654 741 1700 ΙΙΙ,
772 1650 797 1690 6
829 1666 891 1705 sq.
942 1651 1095 1691 Adduci
1114 1674 1166 1679 --
1187 1652 1259 1690 hoe
1289 1658 1331 1690 ut
1352 1652 1559 1691 credamus
1578 1664 1658 1691 non
1680 1664 1906 1704 possumus,
1940 1652 2017 1690 im-

237 1720 443 1760 mortalem
474 1719 584 1758 illam
610 1715 1077 1768 praestantissimiamque
1107 1719 1296 1753 naturam
1326 1715 1497 1754 divisam
1527 1728 1606 1754 esse
1629 1727 1705 1766 per
1735 1727 1860 1754 seoeus
1879 1720 1913 1753 et
1941 1727 2020 1753 esse

232 1789 389 1836 partem
420 1794 542 1820 unam
572 1793 713 1823 mares,
742 1784 897 1830 partem
923 1791 1002 1816 esse
1025 1777 1192 1816 alteram
1207 1777 1393 1827 feminas.
1443 1778 1565 1826 Quem
1589 1777 1744 1829 quidem
1765 1778 1891 1816 locum
1907 1778 2020 1828 plene

237 1848 319 1886 iam
340 1845 485 1885 dudum
505 1843 679 1883 homines
698 1842 871 1893 pectoris
898 1841 976 1880 eii-i
997 1846 1078 1879 tam
1101 1840 1292 1880 Romanis
1314 1841 1459 1879 litteris
1479 1841 1727 1892 explicavere
1748 1853 1867 1892 quam
1892 1840 2020 1881 Grae-

237 1911 314 1956 cis,
363 1914 397 1947 et
437 1914 525 1946 ante
562 1919 695 1945 omnes
728 1904 901 1950 Tullius,
944 1903 1118 1942 Romani
1156 1903 1442 1942 disertissimus
1471 1903 1646 1954 9eneris,
1689 1903 1840 1942 nullam
1869 1904 2019 1943 veritus

185 1981 221 2011 ΞΟ
236 1972 452 2025 impietatis
482 1970 693 2014 invidiam,
727 1969 901 2019 inqenue,
933 1972 1160 2005 constanter
1189 1971 1226 2004 et
1256 1965 1391 2011 libere,
1424 1966 1520 2017 quid
1550 1977 1668 2017 super
1698 1966 1772 2005 tali
1792 1967 2019 2018 opinatione

234 2036 413 2080 sentiret,
455 2035 601 2085 pietate
639 2044 727 2070 eum
757 2030 909 2070 maiore
939 2029 1202 2068 monstravit:
1240 2042 1265 2067 a
1295 2041 1371 2081 quo
1401 2029 1436 2067 si
1467 2040 1529 2067 res
1558 2040 1712 2068 sumere
1741 2029 1884 2068 iudicii
1912 2029 2016 2069 veri-

235 2104 312 2137 tate
351 2097 619 2148 conseriptas,
660 2107 737 2133 non
775 2093 981 2132 vverborum
1018 2091 1252 2131 luculentias
1285 2091 1530 2143 peiyeretis,
1571 2096 1763 2142 perorata
1794 2098 1890 2132 esset
1919 2093 2014 2132 haec

234 2174 357 2201 eausa
386 2173 455 2200 nee
484 2158 695 2202 secundas,
728 2162 769 2195 ut
797 2156 967 2202 dieitur,
1001 2156 1176 2194 actiones
1204 2153 1317 2193 nobis
1347 2154 1394 2193 ab
1425 2154 1642 2205 infantibus
1665 2154 1900 2205 postularet.
1940 2153 2015 2194 Sed

232 2225 327 2277 quid
356 2223 528 2275 aucupia
558 2221 765 2261 verborum
785 2219 1100 2271 splendoremque
1122 2218 1314 2256 sermonis
1336 2217 1420 2269 peti
1439 2217 1486 2256 ab
1507 2211 1579 2256 lioc
1598 2217 1743 2264 dicam,
1778 2230 1866 2257 cum
1887 2218 2012 2257 sciam

180 2293 217 2323 25
233 2301 312 2327 esse
342 2300 421 2327 non
443 2298 613 2338 paucos,
649 2284 716 2336 qui
745 2288 976 2322 aversentur
1005 2288 1039 2320 et
1066 2281 1225 2332 fuyiant
1256 2280 1377 2319 libros
1406 2280 1450 2319 de
1480 2280 1552 2319 hoc
1582 2280 1681 2327 eius,
1714 2293 1783 2319 nee
1812 2281 1855 2320 in
1875 2292 2013 2320 aurem

231 2351 349 2390 ‘velint
379 2349 582 2389 admittere
612 2347 812 2386 lectionem
842 2345 1073 2397 opinionum
1103 2355 1270 2382 suarum
1296 2349 1553 2394 praesumpta
1583 2343 1818 2389 vincentem,
1851 2355 2012 2395 cumque

232 2414 334 2452 alios
375 2412 538 2451 audiam
576 2410 787 2449 mussitare
828 2409 1079 2460 indiqnanter
1118 2412 1152 2445 et
1188 2406 1316 2445 dicere
1354 2411 1533 2457 oportere
1563 2405 1686 2444 statui
1710 2417 1784 2457 per
1814 2410 2006 2454 senatum,

232 2477 463 2516 aboleantur
503 2481 547 2514 ut
586 2475 679 2513 haec
719 2472 889 2524 scripta,
929 2471 1068 2523 quibus
1099 2469 1331 2510 Christiana
1367 2469 1508 2521 reliqio
1538 2467 1811 2520 comprobetur
1839 2473 1874 2508 et
1903 2473 2009 2508 vetu-

232 2541 346 2580 statis
376 2539 628 2591 opprimatur
657 2535 910 2575 auctoritas?

247 2624 2010 2640 Μ

318 2690 349 2720 2.
375 2696 411 2718 M.
439 2695 547 2718 rifan
570 2692 742 2718 ClCERONIS
765 2691 811 2715 DE
834 2690 971 2714 DEORUM
992 2690 1117 2713 NATURA
1142 2689 1237 2712 Lmen
1262 2687 1400 2711 Termes
1423 2686 1618 2710 EXPLICITUS
1640 2686 1815 2711 Ffitzcffffli
1835 2688 2008 2714 cicEfloivts

231 2747 276 2771 DE
305 2745 520 2770 DIVINATIONE
551 2744 646 2768 LIBER
676 2742 797 2766 Primos
826 2742 954 2765 metiar
983 2733 1070 2769 AB;
1106 2740 1142 2762 M.
1176 2739 1284 2762 Termi
1315 2736 1488 2761 emmonis
1517 2736 1563 2760 DE
1590 2736 1726 2761 DEORUM
1753 2737 1879 2761 NATURA
1909 2739 2006 2762 Lmen

230 2797 367 2821 TERTwS
397 2795 591 2819 EXPLICITUS
613 2792 800 2817 FEMCirER.
824 2790 999 2814 Fi-:Liczrffle
1016 2783 1066 2819 V;
1100 2782 1146 2813 M.
1176 2781 1271 2811 Tullii
1295 2779 1459 2811 Ciceronis
1482 2778 1520 2809 de
1544 2779 1679 2810 deorum
1707 2782 1832 2810 natura
1858 2779 1939 2811 liber
1961 2780 2011 2811 III

231 2840 379 2880 explicit.
414 2838 568 2870 Eiusdem
600 2836 637 2866 de
667 2834 842 2866 diuinitate
872 2833 954 2864 liber
975 2833 993 2864 I
1013 2832 1127 2871 incipit
1151 2831 1200 2869 C;
1238 2830 1433 2870 Explieiunt
1462 2832 1527 2860 tres
1555 2829 1634 2861 libri
1661 2830 1698 2861 de
1719 2832 1846 2861 natura
1869 2830 2006 2862 deorum

229 2891 338 2922 marci
360 2889 428 2927 tuly
451 2887 610 2919 ciceronis
633 2886 669 2916 E.

317 2941 349 2971 5.
377 2938 563 2976 «Quamvis
588 2934 786 2967 Lactantius
807 2932 936 2965 librum
954 2941 1024 2964 non
1044 2932 1237 2969 memoret,
1264 2939 1306 2962 ex
1323 2938 1393 2970 quo
1410 2929 1498 2961 haec
1516 2929 1584 2961 sint
1600 2929 1738 2968 hausta,
1764 2930 1867 2961 tertio
1883 2931 2002 2963 tamen

229 2988 319 3021 libro
345 2988 387 3019 de
412 2989 451 3019 N.
471 2989 510 3018 D.
530 2985 733 3018 adscribere
752 2983 866 3015 nulius
883 2982 1050 3023 equidem
1067 2980 1246 3017 dubitavi;
1274 2988 1367 3017 nam,
1394 2980 1431 3010 ut
1449 2980 1496 3010 ait
1512 2978 1566 3010 ille
1584 2977 1643 3010 lib.
1662 2979 1676 3009 Ι
1700 2979 1775 3010 Div.
1794 2979 1876 3011 Inst.
1896 2988 1927 3011 c.
1947 2981 1999 3020 47,

230 3043 315 3071 totus
338 3039 419 3069 liber
443 3038 556 3068 tertius
579 3037 616 3067 de
640 3038 765 3066 natura
788 3035 924 3065 deorum
947 3040 1056 3063 omnes
1078 3031 1225 3070 funditus
1248 3029 1421 3070 religiones
1444 3029 1559 3060 evertit
1581 3037 1621 3059 ac
1645 3028 1736 3060 delet.
1773 3028 1872 3061 Idem
1890 3029 1934 3061 de
1950 3030 2001 3061 ira

231 3089 288 3121 dei
317 3097 347 3119 c.
373 3088 432 3118 ii:
467 3086 589 3117 Tullius
621 3085 715 3116 tertio
748 3085 785 3115 cte
815 3086 940 3114 natura
964 3081 1099 3112 deorum
1121 3079 1203 3110 libro
1227 3079 1373 3109 dissolvit
1391 3077 1542 3117 publicas
1564 3078 1748 3118 religiones.
1783 3078 1870 3110 Vide
1895 3080 1941 3111 sis
1965 3081 2001 3111 et

229 3137 462 3178 Augustinum
487 3136 524 3167 C.
550 3136 590 3166 D.
610 3134 648 3171 V,
668 3135 721 3165 9.»
749 3135 862 3165 DAvis.
890 3150 927 3155 —
954 3132 1006 3163 45.
1035 3131 1159 3162 «Certo
1185 3130 1314 3160 certius
1338 3128 1488 3168 videtur,
1513 3127 1667 3159 Arnobio
1691 3128 1726 3160 in
1749 3131 1868 3161 mente
1893 3129 1999 3161 fuisse

230 3187 369 3218 tertium
396 3185 438 3216 de
457 3186 528 3215 nat.
548 3184 645 3214 deor.
664 3182 828 3214 librum.»
850 3183 964 3214 DAvis.
990 3182 1032 3212 At
1055 3179 1134 3212 vide
1160 3189 1202 3211 ne
1229 3179 1317 3210 haec
1332 3177 1530 3209 Arnobiana
1548 3186 1615 3209 non
1633 3177 1678 3208 ad
1699 3179 1839 3209 tertium
1855 3177 1996 3215 librum,

229 3237 293 3269 sed
317 3235 362 3267 ad
387 3236 414 3266 11
438 3235 456 3275 g
481 3234 522 3264 95
548 3234 761 3274 pertineant:
788 3233 875 3263 Nam
899 3232 986 3273 quod
1009 3234 1038 3263 et
1060 3231 1165 3261 maris
1188 3229 1262 3260 deos
1286 3232 1316 3260 et
1337 3228 1478 3269 feminas
1499 3236 1566 3260 esse
1590 3227 1714 3266 dicitis,
1740 3228 1818 3267 quid
1840 3230 2002 3268 sequatur

228 3286 354 3319 videtis.
380 3283 541 3325 Equidem
563 3282 685 3314 mirari
703 3282 783 3314 satis
805 3291 871 3314 non
889 3289 1037 3323 possum,
1061 3279 1148 3313 unde
1170 3279 1214 3310 ad
1229 3279 1311 3311 istas
1325 3278 1493 3319 opiniones
1507 3280 1612 3310 vester
1627 3276 1680 3310 ille
1691 3277 1846 3318 princeps
1860 3277 1998 3311 venerit.
