2249 3624
373 193 455 234 370
973 195 1043 234 DE
1073 195 1299 236 DEORUM
1327 196 1542 236 NATURA

480 300 632 332 universo
656 301 778 332 mundo
804 317 839 322 —
860 299 1014 339 pluribus
1035 300 1142 332 verbis
1165 301 1351 340 eaeplicatus
1373 301 1449 340 est);
1482 299 1507 331 ΙΙ
1533 299 1551 340 ἓ
1577 300 1639 331 462
1663 301 1798 331 deorum
1821 300 2000 340 prudentia
2020 301 2146 333 consuli

479 352 575 384 rebus
601 352 754 384 humanis
782 358 896 390 usque
926 350 970 381 ad
1004 351 1109 382 finem
1142 349 1220 381 libri
1250 352 1297 387 ΙΙ;
1334 351 1377 381 ΙΙΙ
1403 350 1420 391 g
1446 350 1464 380 6
1488 350 1611 381 Balbus
1641 351 1695 381 sed
1718 353 1868 390 exspecto
1893 351 1971 389 quid
1991 352 2146 392 requiras

478 411 590 443 usque
615 402 660 434 ad
685 401 763 433 libri
788 401 878 432 tertii
904 400 1023 432 finem.
1063 399 1331 440 Diligentissime
1358 399 1503 432 collatus
1528 401 1583 431 est
1606 408 1625 430 a
1650 401 1826 431 LEOPOLDO
1851 401 2045 432 Scamnrio.

370 457 398 488 V
420 465 460 480 =
483 458 561 489 cod.
588 456 872 489 vindobonensis
897 466 930 487 n.
952 456 1012 487 489
1039 457 1083 496 (in
1101 455 1300 488 Endlicheri
1318 455 1483 496 Catalogo
1508 465 1541 488 n.
1566 456 1615 495 ιν)
1635 455 1932 488 membranaceus
1957 456 2087 488 saeculi
2103 457 2144 496 X,

478 508 521 540 ab
554 509 648 540 initio
673 509 707 539 et
735 508 769 538 in
794 506 862 537 fine
888 505 1047 545 mutilus,
1081 515 1176 537 nunc
1201 505 1363 537 foliorum
1389 506 1463 544 428,
1490 506 1523 537 in
1549 507 1686 546 quarto.
1723 505 1778 537 fol.
1806 505 1910 538 4-40
1933 515 1969 537 Μ.
1996 515 2026 538 T.
2053 514 2147 538 cmE-

475 566 573 590 Roms
597 559 634 590 de
656 561 784 589 natura
806 558 942 588 deorum
965 556 1020 587 lib.
1039 556 1072 586 II
1091 559 1122 587 et
1144 556 1198 587 III.
1239 556 1402 587 Continet
1425 565 1458 597 p.
1488 556 1592 586 4-022
1617 557 1645 587 11
1669 555 1688 596 g
1713 556 1753 587 92
1778 556 1875 588 terris
1896 556 2056 596 rebusque
2079 560 2148 588 ter-

474 608 633 640 restribus
649 625 685 630 --
712 608 741 639 11
765 606 783 647 5
812 607 871 638 456
896 615 980 646 quae
1004 615 1079 637 cum
1101 606 1273 643 maximas
1301 614 1334 646 p.
1353 605 1482 638 202-44
1507 607 1534 637 11
1560 605 1578 645 ἓ
1604 606 1644 636 46
1670 607 1785 637 etenim
1808 606 1837 637 si
1860 606 1906 637 dii
1929 615 1995 637 non
2018 610 2093 637 sunt
2108 623 2144 628 —

473 657 502 688 11
528 657 546 698 ἓ
571 657 612 689 86
645 666 729 697 quae
759 666 795 688 eo
826 657 938 697 ferant
961 656 1106 695 aliquid;
1142 664 1176 696 p.
1204 654 1344 687 44—80
1368 655 1398 686 11
1421 654 1440 696 S
1465 656 1528 687 456
1551 656 1709 696 lumitate
1730 656 1825 696 fundi
1848 659 1878 688 te
1900 665 1940 688 ea
1964 664 2077 696 usque
2102 655 2147 687 ad

474 707 583 740 finem
607 708 699 740 tertii
725 706 814 738 libri.
849 704 1001 738 Contulit
1027 706 1178 737 CAROLUS
1203 705 1367 737 Senmnt.

365 761 394 795 21
415 772 454 787 =
478 764 620 796 codices
645 763 754 795 nostri
778 770 918 794 omnes,

365 819 390 851 O
413 827 454 842 =
476 820 532 852 ed.
560 819 743 852 Orelliana.

451 883 633 914 Lectiones
659 882 823 914 codicum
848 880 951 913 APV
974 881 1127 921 integras
1152 881 1409 912 commentario
1428 881 1547 913 critico
1573 881 1704 913 inserui
1730 880 1868 912 omissis
1892 881 2011 911 tamen
2036 881 2145 911 inter—

363 931 448 964 dum
474 931 794 973 permutationibus
818 930 1013 962 litterarum
1037 939 1076 961 ae
1093 933 1128 962 et
1148 939 1175 968 e,
1201 931 1213 962 i
1237 933 1273 962 et
1294 940 1328 970 y,
1349 931 1395 971 ph
1419 932 1454 962 et
1477 930 1501 970 f.
1529 930 1682 962 Eosdem
1707 931 1782 962 etB
1805 929 2015 971 plerumque
2039 930 2143 961 tacite

362 984 506 1015 secutus
530 991 610 1014 sum
634 983 670 1014 in
694 982 943 1023 orthographia
969 981 1199 1013 restituenda.

991 1291 1198 1337 LIBER
1227 1291 1504 1338 PRIMUS.

473 1502 504 1542 I.
539 1498 577 1542 i.
612 1501 714 1542 Cum
745 1501 901 1541 multae
932 1515 999 1541 res
1030 1502 1074 1540 in
1104 1501 1376 1556 philosophia
1406 1514 1675 1555 nequaquam
1706 1502 1807 1543 satis
1839 1501 1976 1543 adhuc
2006 1503 2141 1557 expli-

361 1570 479 1606 catae
507 1567 603 1614 sint,
635 1569 723 1605 tum
745 1564 1020 1618 perdifficilis,
1046 1565 1187 1612 Brute,
1220 1565 1335 1617 quod
1356 1569 1400 1604 tu
1423 1564 1594 1605 minime
1616 1565 1797 1618 ignoras,
1822 1570 1863 1606 et
1883 1566 2140 1619 perobscura

360 1629 552 1683 quaestio
589 1632 653 1668 est
683 1627 734 1666 de
765 1632 914 1666 natura
947 1626 1144 1674 deorum,
1184 1640 1291 1680 quae
1329 1632 1370 1667 et
1402 1627 1453 1667 ad
1490 1628 1747 1681 agnitionem
1779 1629 1907 1668 animi
1945 1627 2139 1682 pulcher-

358 1692 464 1732 rima
504 1695 569 1731 est
607 1695 649 1730 et
685 1689 738 1729 ad
770 1689 1069 1729 moderandam
1101 1688 1343 1742 religionem
1373 1691 1624 1730 necessaria.
1674 1692 1736 1731 De
1769 1705 1852 1745 qua
1880 1697 1964 1731 tam
1996 1692 2135 1731 variae

327 1759 456 1796 5sunt
478 1753 815 1793 doctissimorum
837 1752 1054 1792 hominum
1076 1757 1247 1805 tamque
1270 1751 1555 1805 discrepantes
1577 1754 1826 1801 sententiae,
1857 1758 1903 1793 ut
1924 1754 1965 1792 id
1985 1766 2136 1806 magno

358 1820 606 1870 argumento
639 1828 730 1855 esse
753 1815 923 1862 debeat,
956 1828 1125 1854 causam
1156 1814 1450 1867 philosophiae
1473 1829 1565 1855 esse
1597 1816 1859 1855 inscientiam
1891 1816 2139 1869 prudenter-

358 1893 438 1934 que
468 1878 744 1919 Academicos
775 1891 798 1918 a
829 1878 954 1918 rebus
986 1877 1157 1917 incertis
1189 1877 1486 1917 adsensionem
1510 1878 1762 1918 cohibuisse.
1808 1878 1921 1926 Quid
1944 1883 2006 1918 est
2026 1878 2138 1918 enim

356 1943 593 1983 temeritate
625 1941 789 1994 turpius
820 1946 892 1981 aut
925 1940 1028 1994 quid
1068 1945 1152 1980 tam
1183 1940 1451 1980 temerarium
1483 1945 1653 1994 tamque
1684 1940 1903 1993 indignum
1936 1940 2136 1994 sapientis

358 2005 561 2058 gravitate
591 2010 719 2057 atque
760 2003 995 2043 constantia
1035 2016 1160 2056 quam
1192 2008 1266 2043 aut
1299 2003 1451 2043 falsum
1483 2004 1636 2043 sentire
1667 2009 1741 2043 aut
1772 2003 1887 2056 quod
1918 2016 2002 2042 non
2033 2003 2136 2043 satis

306 2068 576 2122 inexplorate
621 2071 865 2119 perceptum
908 2066 962 2105 sit
999 2070 1041 2105 et
1080 2066 1294 2118 cognitum
1336 2067 1425 2105 sine
1467 2066 1551 2105 ulla
1583 2066 1841 2106 dubitatione
1873 2064 2135 2105 defendere?

357 2127 396 2169 ⁶2.
428 2130 553 2170 Velut
596 2129 639 2168 in
680 2128 756 2168 hac
799 2129 1046 2182 quaestione
1087 2128 1300 2182 plerique,
1338 2127 1450 2181 quod
1492 2130 1672 2168 maxime
1703 2129 1791 2168 veri
1833 2128 1969 2168 simile
2001 2133 2136 2168 estet

357 2205 442 2246 quo
475 2204 620 2231 omnes
651 2191 758 2231 duce
789 2197 937 2231 natura
968 2191 1179 2239 venimus,
1221 2190 1323 2230 deos
1355 2204 1445 2230 esse
1478 2190 1694 2239 dixerunt;
1737 2190 1928 2230 dubitare
1960 2204 2005 2230 se
2036 2192 2135 2230 Pro-

355 2260 542 2309 tagoras,
582 2255 724 2294 nullos
762 2268 854 2294 esse
894 2255 1064 2294 omnino
1103 2254 1305 2306 Diagoras
1344 2253 1495 2293 Melius
1528 2258 1568 2292 et
1599 2253 1849 2293 Theodorus
1882 2253 2135 2309 Cyrenaicus

355 2323 619 2372 putaverunt.
671 2317 754 2366 Qui
785 2331 885 2359 vero
918 2317 1019 2357 deos
1051 2330 1143 2357 esse
1175 2317 1394 2364 dixerunt,
1426 2320 1539 2355 tanta
1571 2321 1667 2356 sunt
1697 2316 1739 2355 in
1761 2317 1961 2356 varietate
1988 2321 2029 2356 et
2049 2316 2136 2357 dis-

1368 2500 1510 2512 ΝΝ

441 2518 635 2549 INSCRIPHO.
682 2523 708 2547 Μ
738 2523 757 2546 r
785 2523 940 2546 crceaom
967 2522 1013 2545 DE
1043 2512 1155 2546 neon&
1184 2523 1310 2546 NATURA
1338 2523 1416 2546 nvcp
1445 2523 1499 2545 Lm
1528 2523 1542 2545 1
1573 2514 1620 2551 A}
1651 2521 1697 2545 ΒΕ
1719 2521 1845 2546 NATURA
1868 2523 2015 2547 DEORUM.
2039 2524 2076 2548 Μ.
2103 2524 2132 2548 r.

352 2574 524 2599 clcEnoms
553 2575 599 2598 DE
626 2573 762 2597 DEORUM
789 2573 913 2597 NATURA
945 2573 1072 2596 mczmr
1104 2573 1199 2595 Lmen
1231 2572 1353 2596 ramus
1383 2562 1537 2603 (singulis
1563 2564 1668 2595 etiam
1694 2565 1830 2604 paginis
1854 2567 2134 2607 superscriptum

353 2619 407 2649 est
429 2625 474 2648 DE
496 2625 622 2649 NATURA
644 2617 790 2654 DEORUM)
811 2615 856 2653 B;
883 2624 920 2646 M.
938 2623 968 2646 r.
986 2616 1155 2646 ciceronis.
1182 2615 1232 2646 De
1256 2616 1391 2646 deorum
1415 2618 1543 2645 natura
1565 2613 1647 2645 liber
1665 2615 1797 2654 primus
1811 2615 1929 2654 Incipit
1947 2615 1991 2654 C;
2015 2616 2136 2655 Incipit

350 2668 432 2699 liber
461 2669 499 2699 de
527 2670 654 2698 natura
677 2667 814 2697 deorum
836 2675 873 2697 M.
900 2674 930 2697 T.
957 2674 986 2697 c.
1013 2665 1057 2696 E.
1092 2665 1117 2695 E
1143 2665 1384 2704 grammaticis
1408 2664 1472 2695 hos
1498 2663 1606 2695 libros
1629 2662 1825 2695 inscribunt
1849 2665 1887 2696 de
1910 2665 2047 2696 deorum
2069 2674 2135 2696 ua-

351 2722 430 2749 tura
454 2718 598 2755 Nonius,
626 2717 818 2754 Charisius,
845 2716 1049 2753 Diomedes,
1077 2714 1187 2746 semel
1205 2715 1421 2751 Priscianus3
1449 2714 1544 2745 idem
1569 2716 1622 2744 ter
1646 2714 1748 2744 vocat
1772 2714 1810 2745 de
1832 2717 1960 2746 natura
1984 2715 2132 2747 deorum.

437 2775 468 2805 2.
494 2774 558 2804 sint
582 2772 628 2805 ⁶21:
656 2775 731 2803 sunt
755 2771 822 2803 alii.
851 2788 885 2793 —
914 2772 1008 2803 brute
1031 2779 1209 2811 superscr.
1236 2780 1254 2801 0
1278 2772 1302 2802 B
1331 2789 1366 2793 —
1395 2771 1425 2802 3.
1453 2771 1491 2801 cle
1514 2771 1650 2801 deorum
1673 2773 1798 2800 natura
1823 2770 1847 2801 E
1875 2788 1908 2793 -
1936 2771 1981 2802 ad
2004 2780 2133 2812 super—

350 2824 520 2864 scriptum
544 2822 653 2854 habet
675 2825 702 2854 A
729 2839 764 2843 —
791 2822 1011 2862 cognitionem
1035 2821 1079 2859 B3
1106 2821 1323 2861 aquationem
1346 2821 1516 2852 Muretus.
1543 2837 1586 2841 —
1617 2817 1648 2850 4.
1676 2822 1745 2849 tam
1768 2828 1948 2860 superscr.
1974 2820 2083 2852 habet
2105 2821 2130 2852 B

352 2890 387 2895 —
407 2874 438 2904 5.
458 2873 522 2904 sinc
545 2875 571 2904 A
586 2871 624 2904 B¹
640 2890 683 2895 ——
701 2875 738 2903 ut
761 2881 831 2903 om.
850 2873 877 2903 A
894 2872 917 2903 C
935 2872 977 2910 Ε,
1004 2879 1183 2912 superscr.
1205 2870 1316 2901 habet
1330 2871 1354 2901 B
1373 2888 1407 2892 —
1434 2871 1468 2900 id
1485 2870 1683 2901 Ernestius:
1712 2878 1782 2901 om.
1810 2869 1838 2902 Ἠ
1853 2871 1895 2909 0;
1920 2872 2130 2912 pronomine

349 2923 481 2954 omisso
505 2930 586 2953 mox
611 2921 842 2953 scribendum
869 2930 948 2953 esse
974 2921 1111 2952 debeant
1134 2920 1219 2952 vidit
1243 2921 1522 2952 Schoemannus.
1552 2937 1587 2942 -—
1616 2920 1646 2951 6.
1673 2928 1739 2951 esse
1763 2920 1876 2952 debeat
1892 2938 1940 2944 --
1956 2922 2132 2953 sententias

345 2970 399 3012 (p.
427 2971 502 3009 374,
529 2972 562 3010 4)
590 2980 660 3003 om.
686 2972 765 3009 AC,
792 2971 856 3003 sed
887 2973 921 3003 in
944 2973 971 3003 A
1000 2973 1080 3012 post
1104 2974 1300 3012 argumento
1330 2971 1467 3010 signum
1493 2970 1547 3001 est
1574 2970 1775 3009 significans
1798 2970 1888 3002 haec
1912 2971 1945 3002 in
1971 2972 2129 3012 margine

347 3020 464 3053 addita
490 3020 614 3059 fuisse,
641 3021 701 3052 ubi
725 3022 793 3052 iam
820 3022 1058 3059 evanuerunt;
1085 3021 1118 3052 in
1147 3022 1171 3052 C
1197 3021 1332 3052 recenti
1356 3028 1463 3051 manu
1488 3020 1636 3059 margini
1661 3018 1836 3061 adscripta
1862 3022 1955 3052 sunt.
1982 3037 2018 3043 —
2044 3030 2129 3053 cau-

346 3080 420 3102 sam
443 3071 577 3102 Astius:
605 3079 711 3101 causa
730 3070 934 3110 principium
957 3071 995 3102 Βι
1011 3070 1055 3107 Ε;
1081 3078 1237 3108 causam,
1268 3070 1471 3109 principium
1495 3069 1551 3100 ed.
1579 3070 1794 3106 Victoriana;
1819 3078 1924 3101 causa
1946 3073 1976 3102 et
1994 3071 2128 3110 princi-

339 3121 437 3161 pium
461 3120 500 3150 132
508 3127 517 3160 3
544 3128 680 3151 causam
702 3120 737 3150 id
759 3123 805 3151 est
823 3120 1030 3160 principium
1054 3119 1078 3150 C
1093 3120 1118 3150 O
1139 3136 1173 3141 —
1193 3127 1259 3150 esse
1282 3119 1490 3150 inscientiam
1507 3118 1586 3150 cod.
1605 3118 1770 3150 Eliensis:
1796 3119 1840 3150 ad
1855 3119 1941 3151 hanc
1956 3120 2128 3152 scientiam

344 3169 494 3211 (litterae
520 3178 583 3200 anc
607 3170 868 3210 superscriptae
893 3169 984 3208 sunt)
1010 3169 1052 3207 B;
1086 3177 1152 3200 esse
1174 3169 1346 3200 scientiam
1370 3169 1394 3200 C
1410 3169 1434 3200 E
1462 3186 1496 3190 —
1530 3169 1560 3200 7.
1587 3168 1784 3200 achademia
1805 3169 1830 3200 B
1857 3184 1893 3191 -
1921 3169 1960 3200 de
1982 3169 2077 3201 rebus
2100 3170 2125 3201 C

347 3237 383 3242 —
410 3219 497 3251 enim
518 3227 589 3250 rem
612 3219 794 3250 temeritate
818 3220 842 3250 C
866 3236 898 3240 —
919 3220 951 3252 8.
978 3219 1108 3259 turpius
1124 3219 1170 3251 C:
1195 3219 1315 3259 fortius
1338 3219 1361 3249 B
1378 3219 1419 3257 E;
1444 3219 1571 3259 foedius
1587 3218 1773 3250 Manutius.
1800 3217 1850 3250 Cf.
1869 3217 1976 3251 Acad.
1995 3219 2009 3250 1
2034 3218 2123 3259 545.

342 3270 372 3301 11
395 3268 414 3310 3
440 3269 493 3300 66.
522 3284 558 3289 —
585 3267 638 3299 42.
665 3276 774 3299 omnes
796 3276 862 3300 sese
884 3269 965 3302 duee
987 3269 1052 3302 BE
1084 3284 1121 3292 -
1151 3268 1302 3301 uenimus
1325 3269 1349 3301 B
1364 3268 1390 3301 E
1411 3277 1418 3300 :
1451 3269 1616 3301 ueniimus
1639 3268 1688 3308 C;
1725 3267 1875 3302 vehimur
1898 3268 1924 3300 O
1951 3285 1987 3292 -
2012 3267 2066 3300 44.
2091 3267 2127 3299 in

344 3327 415 3352 om.
442 3318 467 3351 C
494 3332 530 3341 —-
556 3317 730 3351 etBGE:
759 3326 800 3349 ac
823 3319 860 3351 Ο.
