2249 3624
256 182 338 224 818
921 184 991 225 DE
1021 183 1090 223 RE
1120 183 1345 225 PUBLICA

256 305 364 335 mam
395 291 567 334 laudem
598 293 814 335 clarorum
840 292 1033 334 virorum
1055 294 1318 349 pertineret,
1340 292 1398 335 ad
1419 293 1705 336 domesticum
1728 294 2027 351 maiorumque

254 374 294 414 p.
311 356 424 414 202]
456 374 616 403 morem
649 363 779 403 etiam
809 361 923 404 hanc
954 375 980 403 a
1011 360 1202 405 Socrate
1233 362 1528 405 adventiciam
1561 357 1814 413 docltrinam
1845 363 2028 406 adhibu-

256 435 397 473 erunt.
456 428 503 472 6.
536 429 683 483 Quare
714 433 785 485 qui
816 434 1048 486 utrumque
1078 432 1220 473 voluit
1252 434 1296 473 et
1329 433 1485 487 potuit,
1517 431 1560 473 id
1592 435 1685 485 est,
1707 434 1756 473 ut
1776 445 1873 474 cum
1895 433 2027 474 maio-

254 513 348 541 rum
389 502 605 541 institutis
649 504 738 541 tum
779 499 980 543 doctrina
1020 513 1068 542 se
1106 501 1372 554 instrueret,
1418 500 1474 541 ad
1512 500 1685 542 laudem
1727 500 1843 544 hunc
1883 502 2027 543 omnia

224 571 539 611 5consecutum
567 571 690 623 puto·
743 567 825 610 Sin
849 569 1035 610 alterast
1060 573 1161 610 utra
1185 569 1259 610 via
1291 569 1551 623 prudentiae
1584 569 1836 627 deligenda,
1865 572 2028 624 tamen,

257 640 384 679 etiam
425 639 460 679 si
502 638 572 679 cui
611 636 836 679 videbitur
866 638 939 679 illa
971 639 1014 678 in
1047 638 1221 692 optimis
1252 637 1412 679 studiis
1444 641 1488 679 et
1519 639 1690 680 artibus
1723 640 1871 694 quieta
1901 639 2025 681 vitae

253 709 367 748 ratio
401 707 591 760 beatior,
621 705 732 747 haec
764 706 908 748 civilis
937 705 1201 749 laudabilior
1231 710 1300 748 est
1331 710 1453 749 certe
1487 709 1530 749 et
1562 708 1810 749 inlustrior:
1852 720 1908 749 ex
1942 719 2027 763 qua

253 777 349 817 vita
379 777 443 818 sic
474 774 626 816 summi
656 775 739 815 viri
772 778 1009 832 ornantur,
1039 778 1087 817 ut
1117 776 1191 817 vel
1221 773 1301 818 Μ’.
1327 773 1506 831 Curius,

424 843 590 896 Quem
632 856 783 885 nemo
824 844 981 886 ferro
1022 846 1209 900 potuit
1250 857 1532 900 superare
1574 857 1675 888 nec
1716 857 1875 902 auro,

204 928 240 958 io
254 914 327 956 vel
357 908 396 943 ἐξ
416 908 454 943 ²⁴⁹³
474 908 514 943 {1-

751 963 1000 1020 [Desiderari
1027 968 1209 1008 videntur
1238 981 1309 1009 sem
1333 964 1538 1023 paqinae.]

251 1064 291 1104 p.
309 1044 397 1103 23]
457 1050 535 1093 IV.
566 1048 612 1092 7.
641 1044 954 1102 **·³³<·1fuisse
986 1053 1262 1106 sapientiam,
1294 1054 1440 1093 tamen
1471 1052 1556 1095 hoc
1586 1052 1631 1093 in
1661 1053 1835 1094 ratione
1866 1052 2028 1094 utrius-

252 1133 336 1176 que
375 1121 555 1178 generis
594 1120 819 1171 interfuit,
863 1119 980 1175 quod
1020 1121 1083 1161 illi
1122 1121 1273 1162 verbis
1312 1124 1356 1162 et
1395 1122 1565 1163 artibus
1603 1121 1808 1163 aluerunt
1839 1123 2026 1163 naturae

250 1189 489 1244 priiicipia,
524 1188 567 1229 hi
601 1190 745 1230 autem
777 1190 992 1231 institutis
1024 1191 1069 1231 et
1100 1190 1288 1247 legibus.
1350 1189 1496 1231 Pluris
1525 1202 1635 1231 vero
1666 1189 1777 1232 haec
1807 1191 1908 1231 tulit
1937 1202 2027 1231 una

202 1273 238 1302 45
251 1258 425 1312 civitas,
456 1259 493 1299 si
524 1259 664 1299 minus
696 1259 923 1312 sapientis,
957 1259 1159 1313 quoniam
1189 1258 1233 1299 id
1254 1271 1412 1301 nomen
1435 1260 1495 1300 illi
1518 1262 1604 1300 tam
1626 1260 1835 1301 restricte
1856 1260 2026 1315 tenent,

250 1330 296 1368 at
327 1329 449 1369 certe
480 1340 644 1368 summa
674 1326 805 1369 laude
836 1327 1017 1384 dignos,
1059 1328 1260 1383 quoniam
1301 1329 1563 1382 sapientium
1605 1329 1847 1383 praecepta
1879 1330 1923 1369 et
1953 1328 2027 1368 in-

249 1399 386 1437 venta
417 1396 662 1438 coluerunt.
722 1395 873 1450 Atque
906 1397 1060 1451 etiam,
1102 1395 1219 1451 quod
1250 1399 1293 1437 et
1327 1399 1430 1438 sunt
1461 1396 1710 1438 laudandae
1741 1398 1949 1439 civitates
1980 1397 2026 1437 et

248 1475 289 1515 p.
312 1458 397 1516 ΞΜ
437 1464 639 1517 fuerunt,
680 1460 887 1519 quolniam
930 1464 973 1505 id
1004 1468 1071 1506 est
1105 1467 1147 1506 in
1177 1477 1320 1506 rerum
1353 1468 1512 1506 natura
1543 1466 1677 1523 longe
1709 1466 1881 1507 maximi
1913 1477 2026 1507 con-

251 1534 358 1585 silii,
399 1533 672 1575 constituere
714 1545 807 1575 eam
849 1547 940 1576 rem
982 1535 1225 1589 publicam,
1267 1546 1379 1589 quae
1411 1534 1552 1589 possit
1585 1546 1683 1576 esse
1716 1533 1946 1586 diuturna,
1987 1534 2025 1575 si

206 1602 451 1659 20singulos
481 1615 756 1644 numeremus
787 1604 830 1644 in
861 1604 1087 1660 singulas,
1125 1606 1290 1658 quanta
1320 1605 1403 1645 iam
1436 1604 1684 1657 reperiatur
1713 1604 1907 1645 virorum
1940 1615 2025 1645 ex-

249 1671 499 1714 cellentium
531 1666 782 1712 multitudo!
831 1670 959 1724 Quod
991 1674 1027 1713 si
1059 1675 1135 1713 aut
1169 1672 1327 1713 Italiae
1358 1672 1530 1713 Latium
1562 1675 1638 1713 aut
1670 1672 1863 1714 eiusdem
1886 1669 2025 1714 Sabi-

248 1753 348 1782 nam
379 1742 454 1781 aut
476 1740 683 1782 Volscam
713 1744 907 1798 gentem,
939 1743 975 1783 si
999 1739 1237 1796 Samnium,
1269 1742 1304 1782 si
1338 1741 1573 1797 Etruriam,
1605 1742 1639 1781 si
1673 1754 1876 1799 magnam
1907 1741 2023 1782 illam

250 1808 481 1853 Graeciam
513 1810 791 1852 conlustrare
822 1811 964 1851 animo
997 1810 1284 1865 voluerimus,
1315 1810 1353 1851 si
1386 1809 1545 1852 deinde
1577 1808 1808 1867 Assurios,
1841 1811 1877 1852 si
1908 1808 2026 1851 Per-

250 1890 345 1932 sas,
377 1879 413 1920 si
446 1877 645 1929 Poenos,
676 1879 711 1919 si
744 1878 854 1920 haec
885 1874 923 1909 ’⁹⁴³'
945 1873 983 1909 ‘³3³
1004 1874 1042 1908 ‘³²³‘

201 1961 239 1992 25
758 1946 1063 1999 [Desiderantur
1092 1946 1295 1986 duodecim
1317 1943 1524 1999 paginae]

250 2010 391 2068 p.21.j
451 2015 504 2058 V.
536 2017 580 2057 8.
610 2011 648 2046 ’³²¹'
669 2011 707 2045 ‘³²³'
729 2014 766 2050 22‘·
799 2012 1031 2067 adi-oscati.
1090 2017 1151 2058 Et
1182 2017 1357 2059 Philus:
1396 2017 1676 2059 Praeclaram
1708 2030 1816 2060 vero
1849 2029 2025 2060 causam

249 2084 306 2126 ad
343 2098 410 2126 me
448 2085 655 2139 defertis,
699 2097 793 2127 cum
835 2098 900 2127 me
941 2087 1235 2141 improbitatis
1274 2088 1566 2140 patrocinium
1607 2088 1835 2141 suscipere
1875 2086 2025 2128 voltis.

249 2153 400 2209 Adqui
432 2154 472 2195 id
505 2155 604 2209 tibi,
634 2155 774 2208 inquit
806 2154 1004 2206 Laelius,
1037 2154 1278 2197 verendum
1311 2167 1402 2197 non
1434 2158 1515 2207 est,
1548 2157 1586 2196 si
1618 2167 1669 2197 ea
1701 2154 1880 2210 dixeris,
1913 2167 2024 2210 quae

250 2227 406 2265 contra
445 2224 652 2264 iustitiam
693 2222 779 2264 dici
817 2223 988 2272 solent,
1027 2236 1082 2265 ne
1123 2225 1187 2266 sic
1229 2225 1358 2266 etiam
1399 2225 1565 2266 sentire
1605 2223 1811 2279 videare,
1853 2236 1947 2266 cum
1980 2225 2025 2266 et

205 2292 345 2346 aoipse
386 2292 448 2332 sis
492 2292 614 2346 quasi
650 2292 825 2333 unicum
856 2292 1103 2346 exemplum
1136 2294 1344 2347 antiquae
1376 2294 1612 2348 probitatis
1643 2295 1687 2334 et
1718 2292 1837 2346 fidei,
1880 2304 2024 2346 neque

250 2362 307 2402 sit
338 2361 494 2417 ignota
526 2359 800 2402 consuetudo
844 2362 920 2401 tua
960 2362 1209 2403 contrarias
1252 2362 1295 2402 in
1329 2362 1468 2416 partis
1500 2360 1774 2418 disserendi,
1815 2360 1930 2417 quod
1962 2362 2024 2402 ita

249 2429 469 2471 facillume
501 2441 653 2470 verum
684 2429 872 2470 inveniri
904 2432 1047 2484 putes.
1107 2430 1164 2471 Et
1192 2430 1358 2484 Philus,
1388 2431 1502 2472 Heia
1533 2443 1655 2483 vero,
1686 2431 1841 2485 inquit,
1870 2442 2024 2487 geram

248 2493 388 2550 9⁵22}
423 2495 600 2549 {morem
631 2498 760 2538 vobis
793 2500 836 2538 et
868 2510 933 2539 me
966 2499 1154 2539 oblinam
1186 2500 1353 2555 sciens3
1386 2498 1502 2553 quod
1535 2500 1736 2554 quoniam
1769 2501 1840 2554 qui
1871 2511 2022 2540 aurum

250 2570 466 2621 quaerunt
498 2579 586 2607 non
618 2568 776 2620 putant
807 2567 888 2608 sibi
920 2566 1226 2621 recusandum,
1260 2580 1355 2622 nos,
1388 2580 1482 2610 cum
1515 2569 1721 2609 iustitiam
1751 2580 2024 2622 quaeramuS,

199 2647 339 2677 35rem
378 2636 511 2676 multo
553 2636 666 2675 omni
707 2647 814 2676 auro
861 2636 1099 2689 cariorem,
1139 2636 1298 2676 nullam
1342 2636 1546 2690 profecto
1590 2637 1832 2678 molestiam
1865 2636 2024 2694 fugere

250 2702 475 2746 debemus.
522 2703 673 2759 Atque
703 2705 882 2758 utinam,
915 2717 1038 2759 quem
1071 2703 1127 2746 ad
1149 2704 1320 2746 modum
1343 2707 1544 2747 oratione
1566 2719 1658 2746 sum
1680 2718 1840 2746 usurus
1864 2705 2022 2759 aliena,

337 2863 367 2892 4.
393 2862 603 2894 domesticum
634 2862 799 2894 Heinrich
830 2864 863 2894 ct
887 2863 1023 2894 Moser:
1064 2871 1318 2894 DOMESUCORUM
1344 2864 1367 2896 C
1410 2881 1446 2886 —
1488 2864 1519 2895 2.
1545 2863 1630 2895 hanc
1654 2862 1735 2895 add.
1761 2863 1780 2894 Ξ
1798 2871 1846 2895 m.
1871 2863 1906 2895 in
1931 2863 1955 2895 C
1984 2879 2018 2885 —

249 2941 280 2974 3.
307 2917 392 2978 omi:
418 2943 441 2975 C
470 2960 505 2964 —
531 2944 617 2983 cum]
643 2928 732 2979 Quin
759 2944 783 2975 C
822 2961 857 2966 —
895 2944 927 2974 5.
953 2943 1090 2974 alterast
1113 2947 1191 2974 utra
1220 2944 1358 2984 Madvig
1390 2943 1446 2983 (ad
1464 2944 1535 2976 Cic.
1563 2943 1606 2975 de
1631 2944 1715 2976 finn.
1735 2943 1827 2984 448):
1854 2950 2020 2975 Auri-:Rsrr

248 3030 330 3053 urna
357 3022 393 3060 C,
419 3024 585 3055 alterutra
607 3025 647 3055 sit
672 3025 696 3055 Ο
736 3042 772 3047 -—-
809 3024 840 3056 8.
865 3024 939 3062 ΜΚ]
967 3033 1013 3055 Al.
1041 3024 1065 3055 C
1105 3041 1141 3047 -
1180 3024 1232 3055 43.
1259 3000 1375 3055 Aii'incs
1401 3025 1424 3057 C
1463 3042 1498 3048 —-
1538 3026 1590 3057 45.
1615 3033 1812 3056 Resrmcuss
1838 3024 1862 3056 C
1896 3040 1931 3047 —
1964 3024 2018 3055 2⁴.

247 3103 333 3142 quod
363 3103 443 3134 add.
471 3105 502 3135 in
530 3105 553 3135 C
580 3106 609 3135 2.
631 3113 678 3136 m.
720 3122 755 3127 —
797 3079 948 3136 Πτὲῗωι
983 3105 1007 3136 C
1045 3122 1079 3127 —
1118 3104 1170 3136 2⁵2.
1198 3080 1342 3136 Korscni
1379 3106 1403 3137 C
1443 3123 1478 3128 -—‡
1517 3105 1570 3136 ⁶23.
1597 3113 1802 3137 UETUERIMUS
1827 3105 1852 3136 C
1891 3121 1926 3127 —
1963 3103 2018 3136 26.

247 3154 424 3192 [rogamus
450 3155 485 3183 ut
510 3154 542 3184 in
570 3163 675 3185 causa
701 3155 886 3186 iniustitiae
911 3155 1063 3195 fungaris
1088 3163 1236 3186 munere
1262 3155 1435 3194 advo]eati
1465 3154 1603 3196 supplet
1636 3156 1701 3186 Mai
1743 3171 1779 3177 —-
1821 3162 2019 3186 PILCSPRAE-

329 3207 346 3222 A
1164 3211 1178 3224 τ

247 3241 374 3264 emmiu
401 3233 425 3263 C
452 3250 492 3255 ——
517 3233 557 3264 27
583 3235 616 3264 ct
641 3233 692 3266 32.
719 3236 805 3275 cum]
831 3244 921 3271 ocni
947 3236 971 3267 C
1001 3253 1034 3257 —
1062 3235 1115 3267 228.
1144 3244 1242 3272 ADQL'I
1268 3236 1291 3267 C
1322 3253 1356 3258 —
1384 3245 1449 3268 non
1472 3235 1657 3277 Leopardi,
1683 3235 1834 3274 Lehner,
1854 3233 2013 3266 Dohree:

246 3322 315 3345 om.
336 3313 396 3346 CO
423 3330 459 3336 —
485 3313 537 3344 29.
566 3321 631 3349 (ιι-Μ
659 3315 682 3345 C
713 3332 747 3337 ——
775 3315 827 3346 32.
856 3324 945 3347 PILL’S
970 3316 994 3347 C
1023 3332 1057 3338 -
1085 3316 1136 3348 33,
1165 3316 1262 3358 quod]
1278 3291 1330 3354 cg„
1347 3317 1386 3348 C.
