<?xml version="1.0" encoding="UTF-8"?>
<!DOCTYPE html PUBLIC "-//W3C//DTD XHTML 1.0 Transitional//EN"
    "http://www.w3.org/TR/xhtml1/DTD/xhtml1-transitional.dtd">
<html xmlns="http://www.w3.org/1999/xhtml" xml:lang="en" lang="en">
 <head>
  <title>
</title>
<meta http-equiv="Content-Type" content="text/html;charset=utf-8" />
  <meta name='ocr-system' content='tesseract 3.04.00' />
  <meta name='ocr-capabilities' content='ocr_page ocr_carea ocr_par ocr_line ocrx_word'/>
</head>
<body>
  <div class='ocr_page' id='page_1' title='image "./operaquaesupersu04ciceuoft_0147.png"; bbox 0 0 2249 3624; ppageno 0'>
   <div class='ocr_carea' id='block_1_1' title="bbox 20 2667 32 3475">
    <p class='ocr_par' dir='ltr' id='par_1_1' title="bbox 20 2667 32 3475">
     <span class='ocr_line' id='line_1_1' title="bbox 20 2667 32 3475; baseline 0 0"><span class='ocrx_word' id='word_1_1' title='bbox 20 2667 32 3475; x_wconf 95' lang='lat' dir='ltr'><strong> </strong></span> 
     </span>
    </p>
   </div>
   <div class='ocr_carea' id='block_1_2' title="bbox 523 109 1916 170">
    <p class='ocr_par' dir='ltr' id='par_1_2' title="bbox 523 109 1916 170">
     <span class='ocr_line' id='line_1_2' title="bbox 523 109 1916 170; baseline -0.009 -9"><span class='ocrx_word' id='word_1_2' title='bbox 523 121 608 161; x_wconf 72' lang='lat' dir='ltr'>Lm.</span> <span class='ocrx_word' id='word_1_3' title='bbox 641 120 692 160; x_wconf 92' lang='lat'>11.</span> <span class='ocrx_word' id='word_1_4' title='bbox 735 119 831 160; x_wconf 57' lang='lat' dir='ltr'><strong>cst.</strong></span> <span class='ocrx_word' id='word_1_5' title='bbox 863 118 1211 158; x_wconf 65' lang='lat' dir='ltr'><strong>xxx-xxxi</strong></span> <span class='ocrx_word' id='word_1_6' title='bbox 1249 115 1309 170; x_wconf 78' lang='lat'><strong>§§</strong></span> <span class='ocrx_word' id='word_1_7' title='bbox 1339 112 1561 155; x_wconf 45' lang='lat' dir='ltr'><strong>§is-10³1.</strong></span> <span class='ocrx_word' id='word_1_8' title='bbox 1836 109 1916 151; x_wconf 69' lang='lat' dir='ltr'><strong>ier,</strong></span> 
     </span>
    </p>
   </div>
   <div class='ocr_carea' id='block_1_3' title="bbox 169 226 1982 2716">
    <p class='ocr_par' dir='ltr' id='par_1_3' title="bbox 169 226 1976 1034">
     <span class='ocr_line' id='line_1_3' title="bbox 172 226 1919 288; baseline -0.006 -13"><span class='ocrx_word' id='word_1_9' title='bbox 172 248 317 288; x_wconf 88' lang='lat' dir='ltr'><strong>magna</strong></span> <span class='ocrx_word' id='word_1_10' title='bbox 363 235 465 274; x_wconf 83' lang='lat' dir='ltr'><strong>laus.</strong></span> <span class='ocrx_word' id='word_1_11' title='bbox 523 233 999 286; x_wconf 86' lang='lat' dir='ltr'><strong>Compensabatur,</strong></span> <span class='ocrx_word' id='word_1_12' title='bbox 1044 232 1197 286; x_wconf 89' lang='lat' dir='ltr'><strong>inquit,</strong></span> <span class='ocrx_word' id='word_1_13' title='bbox 1240 243 1351 271; x_wconf 92' lang='lat' dir='ltr'><strong>cum</strong></span> <span class='ocrx_word' id='word_1_14' title='bbox 1393 228 1605 268; x_wconf 91' lang='lat' dir='ltr'><strong>summis</strong></span> <span class='ocrx_word' id='word_1_15' title='bbox 1648 226 1919 266; x_wconf 90' lang='lat' dir='ltr'><strong>doloribus</strong></span> 
     </span>
     <span class='ocr_line' id='line_1_4' title="bbox 172 288 1919 349; baseline -0.006 -12"><span class='ocrx_word' id='word_1_16' title='bbox 172 297 399 337; x_wconf 89' lang='lat' dir='ltr'><strong>laetitia.</strong></span> <span class='ocrx_word' id='word_1_17' title='bbox 459 294 524 336; x_wconf 76' lang='grc'><strong>98.</strong></span> <span class='ocrx_word' id='word_1_18' title='bbox 556 296 692 336; x_wconf 82' lang='lat' dir='ltr'><strong>Audio</strong></span> <span class='ocrx_word' id='word_1_19' title='bbox 729 295 924 349; x_wconf 78' lang='lat' dir='ltr'>equidem</span> <span class='ocrx_word' id='word_1_20' title='bbox 969 294 1206 348; x_wconf 80' lang='lat' dir='ltr'><strong>philosophi</strong></span> <span class='ocrx_word' id='word_1_21' title='bbox 1251 306 1414 339; x_wconf 87' lang='lat' dir='ltr'><strong>vocem,</strong></span> <span class='ocrx_word' id='word_1_22' title='bbox 1454 291 1646 344; x_wconf 82' lang='lat' dir='ltr'><strong>Epicure.</strong></span> <span class='ocrx_word' id='word_1_23' title='bbox 1705 288 1785 329; x_wconf 90' lang='lat' dir='ltr'><strong>Sed</strong></span> <span class='ocrx_word' id='word_1_24' title='bbox 1819 288 1919 343; x_wconf 90' lang='lat' dir='ltr'><strong>quid</strong></span> 
     </span>
     <span class='ocr_line' id='line_1_5' title="bbox 173 356 1920 405; baseline -0.005 -7"><span class='ocrx_word' id='word_1_25' title='bbox 173 360 243 399; x_wconf 92' lang='lat' dir='ltr'><strong>tibi</strong></span> <span class='ocrx_word' id='word_1_26' title='bbox 284 359 505 399; x_wconf 82' lang='lat' dir='ltr'><strong>dicendum</strong></span> <span class='ocrx_word' id='word_1_27' title='bbox 543 360 595 398; x_wconf 89' lang='lat' dir='ltr'><strong>sit</strong></span> <span class='ocrx_word' id='word_1_28' title='bbox 627 359 778 399; x_wconf 85' lang='lat' dir='ltr'><strong>oblitus</strong></span> <span class='ocrx_word' id='word_1_29' title='bbox 811 372 866 398; x_wconf 86' lang='lat' dir='ltr'><strong>es.</strong></span> <span class='ocrx_word' id='word_1_30' title='bbox 928 359 1107 396; x_wconf 82' lang='lat' dir='ltr'><strong>Primum</strong></span> <span class='ocrx_word' id='word_1_31' title='bbox 1139 356 1271 402; x_wconf 89' lang='lat' dir='ltr'><strong>enim,</strong></span> <span class='ocrx_word' id='word_1_32' title='bbox 1313 356 1348 394; x_wconf 87' lang='lat' dir='ltr'><strong>si</strong></span> <span class='ocrx_word' id='word_1_33' title='bbox 1379 368 1477 395; x_wconf 91' lang='lat' dir='ltr'><strong>vera</strong></span> <span class='ocrx_word' id='word_1_34' title='bbox 1508 358 1602 393; x_wconf 89' lang='lat' dir='ltr'><strong>sunt</strong></span> <span class='ocrx_word' id='word_1_35' title='bbox 1634 365 1702 398; x_wconf 89' lang='lat' dir='ltr'><strong>ea,</strong></span> <span class='ocrx_word' id='word_1_36' title='bbox 1743 364 1920 405; x_wconf 92' lang='lat' dir='ltr'><strong>quorum</strong></span> 
     </span>
     <span class='ocr_line' id='line_1_6' title="bbox 173 415 1922 472; baseline -0.005 -11"><span class='ocrx_word' id='word_1_37' title='bbox 173 422 457 461; x_wconf 74' lang='lat' dir='ltr'><strong>recordatione</strong></span> <span class='ocrx_word' id='word_1_38' title='bbox 497 427 534 460; x_wconf 85' lang='lat' dir='ltr'><strong>te</strong></span> <span class='ocrx_word' id='word_1_39' title='bbox 575 420 757 472; x_wconf 77' lang='lat' dir='ltr'><strong>gaudere</strong></span> <span class='ocrx_word' id='word_1_40' title='bbox 790 421 912 465; x_wconf 84' lang='lat' dir='ltr'><strong>dicis,</strong></span> <span class='ocrx_word' id='word_1_41' title='bbox 953 420 1029 458; x_wconf 79' lang='lat' dir='ltr'><strong>hoc</strong></span> <span class='ocrx_word' id='word_1_42' title='bbox 1065 425 1146 465; x_wconf 86' lang='lat' dir='ltr'><strong>est,</strong></span> <span class='ocrx_word' id='word_1_43' title='bbox 1189 419 1222 458; x_wconf 87' lang='lat' dir='ltr'><strong>si</strong></span> <span class='ocrx_word' id='word_1_44' title='bbox 1256 432 1352 457; x_wconf 90' lang='lat' dir='ltr'><strong>vera</strong></span> <span class='ocrx_word' id='word_1_45' title='bbox 1382 422 1478 456; x_wconf 88' lang='lat' dir='ltr'><strong>sunt</strong></span> <span class='ocrx_word' id='word_1_46' title='bbox 1508 422 1576 456; x_wconf 90' lang='lat' dir='ltr'><strong>tua</strong></span> <span class='ocrx_word' id='word_1_47' title='bbox 1598 415 1760 468; x_wconf 84' lang='lat' dir='ltr'><strong>‚scripta</strong></span> <span class='ocrx_word' id='word_1_48' title='bbox 1791 419 1833 454; x_wconf 90' lang='lat' dir='ltr'><strong>et</strong></span> <span class='ocrx_word' id='word_1_49' title='bbox 1862 415 1922 453; x_wconf 88' lang='lat' dir='ltr'><strong>in-</strong></span> 
     </span>
     <span class='ocr_line' id='line_1_7' title="bbox 173 476 1953 535; baseline -0.004 -14"><span class='ocrx_word' id='word_1_50' title='bbox 173 490 311 529; x_wconf 82' lang='lat' dir='ltr'><strong>venta,</strong></span> <span class='ocrx_word' id='word_1_51' title='bbox 346 484 524 535; x_wconf 86' lang='lat' dir='ltr'><strong>gaudere</strong></span> <span class='ocrx_word' id='word_1_52' title='bbox 556 496 637 521; x_wconf 89' lang='lat' dir='ltr'><strong>non</strong></span> <span class='ocrx_word' id='word_1_53' title='bbox 670 488 800 535; x_wconf 85' lang='lat' dir='ltr'><strong>potes.</strong></span> <span class='ocrx_word' id='word_1_54' title='bbox 862 482 972 520; x_wconf 89' lang='lat' dir='ltr'><strong>Nihil</strong></span> <span class='ocrx_word' id='word_1_55' title='bbox 1005 481 1114 520; x_wconf 76' lang='lat' dir='ltr'><strong>enim</strong></span> <span class='ocrx_word' id='word_1_56' title='bbox 1148 481 1228 520; x_wconf 90' lang='lat' dir='ltr'><strong>iam</strong></span> <span class='ocrx_word' id='word_1_57' title='bbox 1260 480 1409 526; x_wconf 87' lang='lat' dir='ltr'><strong>habes,</strong></span> <span class='ocrx_word' id='word_1_58' title='bbox 1452 479 1564 532; x_wconf 89' lang='lat' dir='ltr'><strong>quod</strong></span> <span class='ocrx_word' id='word_1_59' title='bbox 1595 476 1647 517; x_wconf 90' lang='lat' dir='ltr'><strong>ad</strong></span> <span class='ocrx_word' id='word_1_60' title='bbox 1678 490 1829 530; x_wconf 89' lang='lat' dir='ltr'><strong>corpus</strong></span> <span class='ocrx_word' id='word_1_61' title='bbox 1861 486 1953 514; x_wconf 58' lang='grc' dir='ltr'><strong>νεὶ-ι’»</strong></span> 
     </span>
     <span class='ocr_line' id='line_1_8' title="bbox 171 540 1925 595; baseline -0.003 -12"><span class='ocrx_word' id='word_1_62' title='bbox 171 545 298 584; x_wconf 84' lang='lat' dir='ltr'><strong>feras:</strong></span> <span class='ocrx_word' id='word_1_63' title='bbox 330 550 391 583; x_wconf 86' lang='lat' dir='ltr'><strong>est</strong></span> <span class='ocrx_word' id='word_1_64' title='bbox 421 550 558 584; x_wconf 78' lang='lat' dir='ltr'><strong>autem</strong></span> <span class='ocrx_word' id='word_1_65' title='bbox 591 558 613 583; x_wconf 92' lang='lat' dir='ltr'><strong>a</strong></span> <span class='ocrx_word' id='word_1_66' title='bbox 645 550 683 582; x_wconf 83' lang='lat' dir='ltr'><strong>te</strong></span> <span class='ocrx_word' id='word_1_67' title='bbox 713 557 877 595; x_wconf 83' lang='lat' dir='ltr'><strong>semper</strong></span> <span class='ocrx_word' id='word_1_68' title='bbox 899 543 1053 582; x_wconf 77' lang='lat' dir='ltr'><strong>‹lii-tum</strong></span> <span class='ocrx_word' id='word_1_69' title='bbox 1078 557 1153 582; x_wconf 84' lang='lat' dir='ltr'><strong>nec</strong></span> <span class='ocrx_word' id='word_1_70' title='bbox 1177 543 1357 594; x_wconf 84' lang='lat' dir='ltr'><strong>gaudere</strong></span> <span class='ocrx_word' id='word_1_71' title='bbox 1380 554 1631 595; x_wconf 83' lang='lat' dir='ltr'><strong>quemquam</strong></span> <span class='ocrx_word' id='word_1_72' title='bbox 1655 540 1733 580; x_wconf 89' lang='lat' dir='ltr'><strong>nisi</strong></span> <span class='ocrx_word' id='word_1_73' title='bbox 1756 545 1925 593; x_wconf 83' lang='lat' dir='ltr'><strong>propter</strong></span> 
     </span>
     <span class='ocr_line' id='line_1_9' title="bbox 171 601 1924 658; baseline -0.003 -13"><span class='ocrx_word' id='word_1_74' title='bbox 171 620 319 658; x_wconf 73' lang='lat' dir='ltr'><strong>corpus</strong></span> <span class='ocrx_word' id='word_1_75' title='bbox 350 620 424 645; x_wconf 83' lang='lat' dir='ltr'><strong>nec</strong></span> <span class='ocrx_word' id='word_1_76' title='bbox 449 606 605 645; x_wconf 85' lang='lat' dir='ltr'><strong>dolere.</strong></span> <span class='ocrx_word' id='word_1_77' title='bbox 641 606 929 644; x_wconf 76' lang='lat' dir='ltr'><strong>«l‘racteritis»</strong></span> <span class='ocrx_word' id='word_1_78' title='bbox 957 606 1093 658; x_wconf 90' lang='lat' dir='ltr'><strong>inquit</strong></span> <span class='ocrx_word' id='word_1_79' title='bbox 1117 605 1347 657; x_wconf 76' lang='lat' dir='ltr'><strong>«gaudeo».</strong></span> <span class='ocrx_word' id='word_1_80' title='bbox 1380 604 1639 652; x_wconf 82' lang='lat' dir='ltr'><strong>Quibusnam</strong></span> <span class='ocrx_word' id='word_1_81' title='bbox 1661 601 1924 655; x_wconf 72' lang='lat' dir='ltr'><strong>praeteritis?</strong></span> 
     </span>
     <span class='ocr_line' id='line_1_10' title="bbox 170 664 1925 721; baseline -0.003 -13"><span class='ocrx_word' id='word_1_82' title='bbox 170 670 210 708; x_wconf 87' lang='lat' dir='ltr'><strong>Si</strong></span> <span class='ocrx_word' id='word_1_83' title='bbox 243 669 293 708; x_wconf 89' lang='lat' dir='ltr'><strong>ad</strong></span> <span class='ocrx_word' id='word_1_84' title='bbox 326 682 475 721; x_wconf 85' lang='lat' dir='ltr'><strong>corpus</strong></span> <span class='ocrx_word' id='word_1_85' title='bbox 507 667 832 720; x_wconf 85' lang='lat' dir='ltr'><strong>pertinentibus,</strong></span> <span class='ocrx_word' id='word_1_86' title='bbox 865 668 1046 705; x_wconf 88' lang='lat' dir='ltr'><strong>rationes</strong></span> <span class='ocrx_word' id='word_1_87' title='bbox 1079 673 1167 705; x_wconf 87' lang='lat' dir='ltr'><strong>tuas</strong></span> <span class='ocrx_word' id='word_1_88' title='bbox 1200 672 1237 706; x_wconf 86' lang='lat' dir='ltr'><strong>te</strong></span> <span class='ocrx_word' id='word_1_89' title='bbox 1271 667 1392 705; x_wconf 78' lang='lat' dir='ltr'><strong>video</strong></span> <span class='ocrx_word' id='word_1_90' title='bbox 1426 678 1694 718; x_wconf 69' lang='lat' dir='ltr'><strong>compensare</strong></span> <span class='ocrx_word' id='word_1_91' title='bbox 1715 678 1806 703; x_wconf 79' lang='lat' dir='ltr'><strong>cum</strong></span> <span class='ocrx_word' id='word_1_92' title='bbox 1836 664 1925 703; x_wconf 88' lang='lat' dir='ltr'><strong>istis</strong></span> 
     </span>
     <span class='ocr_line' id='line_1_11' title="bbox 171 728 1924 780; baseline -0.004 -9"><span class='ocrx_word' id='word_1_93' title='bbox 171 731 402 777; x_wconf 88' lang='lat' dir='ltr'><strong>doloribus,</strong></span> <span class='ocrx_word' id='word_1_94' title='bbox 445 743 526 769; x_wconf 88' lang='lat' dir='ltr'><strong>non</strong></span> <span class='ocrx_word' id='word_1_95' title='bbox 568 729 808 768; x_wconf 90' lang='lat' dir='ltr'><strong>memoriam</strong></span> <span class='ocrx_word' id='word_1_96' title='bbox 841 741 1014 780; x_wconf 79' lang='lat' dir='ltr'><strong>corpore</strong></span> <span class='ocrx_word' id='word_1_97' title='bbox 1048 734 1336 780; x_wconf 85' lang='lat' dir='ltr'><strong>perceptarum</strong></span> <span class='ocrx_word' id='word_1_98' title='bbox 1370 728 1649 779; x_wconf 88' lang='lat' dir='ltr'><strong>voluptatum:</strong></span> <span class='ocrx_word' id='word_1_99' title='bbox 1693 728 1757 767; x_wconf 91' lang='lat' dir='ltr'><strong>sin</strong></span> <span class='ocrx_word' id='word_1_100' title='bbox 1787 732 1924 766; x_wconf 86' lang='lat' dir='ltr'><strong>autem</strong></span> 
     </span>
     <span class='ocr_line' id='line_1_12' title="bbox 169 788 1976 843; baseline -0.003 -10"><span class='ocrx_word' id='word_1_101' title='bbox 169 794 219 833; x_wconf 89' lang='lat' dir='ltr'><strong>ad</strong></span> <span class='ocrx_word' id='word_1_102' title='bbox 258 794 460 840; x_wconf 89' lang='lat' dir='ltr'><strong>animum,</strong></span> <span class='ocrx_word' id='word_1_103' title='bbox 501 792 651 832; x_wconf 84' lang='lat' dir='ltr'><strong>salsum</strong></span> <span class='ocrx_word' id='word_1_104' title='bbox 692 796 752 830; x_wconf 83' lang='lat' dir='ltr'><strong>ost</strong></span> <span class='ocrx_word' id='word_1_105' title='bbox 794 790 906 843; x_wconf 91' lang='lat' dir='ltr'><strong>quod</strong></span> <span class='ocrx_word' id='word_1_106' title='bbox 950 803 1076 841; x_wconf 81' lang='lat' dir='ltr'><strong>negas</strong></span> <span class='ocrx_word' id='word_1_107' title='bbox 1111 790 1238 828; x_wconf 92' lang='lat' dir='ltr'><strong>animi</strong></span> <span class='ocrx_word' id='word_1_108' title='bbox 1272 791 1400 829; x_wconf 91' lang='lat' dir='ltr'><strong>ullum</strong></span> <span class='ocrx_word' id='word_1_109' title='bbox 1433 803 1524 829; x_wconf 77' lang='lat' dir='ltr'><strong>esse</strong></span> <span class='ocrx_word' id='word_1_110' title='bbox 1556 789 1769 841; x_wconf 88' lang='lat' dir='ltr'><strong>gaudium,</strong></span> <span class='ocrx_word' id='word_1_111' title='bbox 1812 788 1976 842; x_wconf 80' lang='lat' dir='ltr'><strong>quodw</strong></span> 
     </span>
     <span class='ocr_line' id='line_1_13' title="bbox 172 851 1925 906; baseline -0.003 -11"><span class='ocrx_word' id='word_1_112' title='bbox 172 869 252 895; x_wconf 92' lang='lat' dir='ltr'><strong>non</strong></span> <span class='ocrx_word' id='word_1_113' title='bbox 283 855 482 894; x_wconf 84' lang='lat' dir='ltr'><strong>referatur</strong></span> <span class='ocrx_word' id='word_1_114' title='bbox 511 854 560 893; x_wconf 90' lang='lat' dir='ltr'><strong>ad</strong></span> <span class='ocrx_word' id='word_1_115' title='bbox 585 867 748 906; x_wconf 84' lang='lat' dir='ltr'><strong>corpus.</strong></span> <span class='ocrx_word' id='word_1_116' title='bbox 801 852 881 891; x_wconf 88' lang='lat' dir='ltr'><strong>Cur</strong></span> <span class='ocrx_word' id='word_1_117' title='bbox 903 851 1054 890; x_wconf 83' lang='lat' dir='ltr'><strong>deinde</strong></span> <span class='ocrx_word' id='word_1_118' title='bbox 1077 852 1301 891; x_wconf 76' lang='lat' dir='ltr'><strong>Metrodori</strong></span> <span class='ocrx_word' id='word_1_119' title='bbox 1326 852 1477 891; x_wconf 89' lang='lat' dir='ltr'><strong>liberos</strong></span> <span class='ocrx_word' id='word_1_120' title='bbox 1500 852 1794 892; x_wconf 77' lang='lat' dir='ltr'><strong>commendas?</strong></span> <span class='ocrx_word' id='word_1_121' title='bbox 1825 851 1925 905; x_wconf 90' lang='lat' dir='ltr'><strong>quid</strong></span> 
     </span>
     <span class='ocr_line' id='line_1_14' title="bbox 173 911 1928 970; baseline -0.002 -13"><span class='ocrx_word' id='word_1_122' title='bbox 173 919 212 957; x_wconf 84' lang='grc' dir='ltr'><strong>ιἰι</strong></span> <span class='ocrx_word' id='word_1_123' title='bbox 242 918 320 957; x_wconf 88' lang='lat' dir='ltr'><strong>isto</strong></span> <span class='ocrx_word' id='word_1_124' title='bbox 351 918 518 970; x_wconf 85' lang='lat' dir='ltr'><strong>egregio</strong></span> <span class='ocrx_word' id='word_1_125' title='bbox 551 923 621 956; x_wconf 87' lang='lat' dir='ltr'><strong>tuo</strong></span> <span class='ocrx_word' id='word_1_126' title='bbox 655 915 794 955; x_wconf 84' lang='lat' dir='ltr'><strong>officio</strong></span> <span class='ocrx_word' id='word_1_127' title='bbox 827 919 867 954; x_wconf 90' lang='lat' dir='ltr'><strong>et</strong></span> <span class='ocrx_word' id='word_1_128' title='bbox 898 918 1009 953; x_wconf 91' lang='lat' dir='ltr'><strong>tanta</strong></span> <span class='ocrx_word' id='word_1_129' title='bbox 1041 911 1121 953; x_wconf 87' lang='lat' dir='ltr'><strong>lide</strong></span> <span class='ocrx_word' id='word_1_130' title='bbox 1151 937 1205 941; x_wconf 89' lang='lat'><em>-</em></span> <span class='ocrx_word' id='word_1_131' title='bbox 1231 916 1289 954; x_wconf 90' lang='lat' dir='ltr'><strong>sic</strong></span> <span class='ocrx_word' id='word_1_132' title='bbox 1322 915 1430 953; x_wconf 91' lang='lat' dir='ltr'><strong>enim</strong></span> <span class='ocrx_word' id='word_1_133' title='bbox 1463 915 1658 955; x_wconf 83' lang='lat' dir='ltr'><strong>existimo</strong></span> <span class='ocrx_word' id='word_1_134' title='bbox 1679 937 1732 944; x_wconf 91' lang='lat'><strong>——</strong></span> <span class='ocrx_word' id='word_1_135' title='bbox 1754 915 1806 955; x_wconf 86' lang='lat' dir='ltr'><strong>ad</strong></span> <span class='ocrx_word' id='word_1_136' title='bbox 1837 928 1928 954; x_wconf 89' lang='lat' dir='ltr'><strong>cor-</strong></span> 
     </span>
     <span class='ocr_line' id='line_1_15' title="bbox 175 980 438 1034; baseline -0.004 -14"><span class='ocrx_word' id='word_1_137' title='bbox 175 996 247 1034; x_wconf 89' lang='lat' dir='ltr'><strong>pus</strong></span> <span class='ocrx_word' id='word_1_138' title='bbox 280 980 438 1021; x_wconf 73' lang='lat' dir='ltr'><strong>refers?</strong></span> 
     </span>
    </p>

    <p class='ocr_par' dir='ltr' id='par_1_4' title="bbox 174 1038 1982 2716">
     <span class='ocr_line' id='line_1_16' title="bbox 284 1038 1927 1092; baseline -0.004 -8"><span class='ocrx_word' id='word_1_139' title='bbox 284 1045 436 1084; x_wconf 78' lang='lat' dir='ltr'><strong>xxxi.</strong></span> <span class='ocrx_word' id='word_1_140' title='bbox 467 1041 531 1081; x_wconf 74' lang='grc'><strong>99.</strong></span> <span class='ocrx_word' id='word_1_141' title='bbox 566 1042 652 1081; x_wconf 86' lang='lat' dir='ltr'><strong>lluc</strong></span> <span class='ocrx_word' id='word_1_142' title='bbox 684 1046 724 1080; x_wconf 89' lang='lat' dir='ltr'><strong>et</strong></span> <span class='ocrx_word' id='word_1_143' title='bbox 754 1040 872 1087; x_wconf 91' lang='lat' dir='ltr'><strong>illuc,</strong></span> <span class='ocrx_word' id='word_1_144' title='bbox 914 1040 1148 1092; x_wconf 83' lang='lat' dir='ltr'><strong>Torquate,</strong></span> <span class='ocrx_word' id='word_1_145' title='bbox 1179 1052 1254 1078; x_wconf 92' lang='lat' dir='ltr'><strong>vos</strong></span> <span class='ocrx_word' id='word_1_146' title='bbox 1288 1039 1459 1078; x_wconf 90' lang='lat' dir='ltr'><strong>versetis</strong></span> <span class='ocrx_word' id='word_1_147' title='bbox 1492 1038 1608 1078; x_wconf 86' lang='lat' dir='ltr'><strong>licet:</strong></span> <span class='ocrx_word' id='word_1_148' title='bbox 1646 1040 1749 1079; x_wconf 88' lang='lat' dir='ltr'><strong>nihil</strong></span> <span class='ocrx_word' id='word_1_149' title='bbox 1781 1041 1821 1079; x_wconf 93' lang='lat' dir='ltr'><strong>in</strong></span> <span class='ocrx_word' id='word_1_150' title='bbox 1851 1040 1927 1080; x_wconf 89' lang='lat' dir='ltr'><strong>hac</strong></span> 
     </span>
     <span class='ocr_line' id='line_1_17' title="bbox 176 1102 1977 1159; baseline -0.003 -13"><span class='ocrx_word' id='word_1_151' title='bbox 176 1107 383 1159; x_wconf 83' lang='lat' dir='ltr'><strong>praeclara</strong></span> <span class='ocrx_word' id='word_1_152' title='bbox 414 1105 593 1158; x_wconf 82' lang='lat' dir='ltr'><strong>epistula</strong></span> <span class='ocrx_word' id='word_1_153' title='bbox 624 1105 818 1156; x_wconf 87' lang='lat' dir='ltr'><strong>scriptum</strong></span> <span class='ocrx_word' id='word_1_154' title='bbox 850 1102 900 1141; x_wconf 90' lang='lat' dir='ltr'><strong>ab</strong></span> <span class='ocrx_word' id='word_1_155' title='bbox 931 1102 1112 1154; x_wconf 84' lang='lat' dir='ltr'><strong>Epicuro</strong></span> <span class='ocrx_word' id='word_1_156' title='bbox 1145 1114 1378 1153; x_wconf 82' lang='lat' dir='ltr'><strong>congruens</strong></span> <span class='ocrx_word' id='word_1_157' title='bbox 1411 1105 1450 1140; x_wconf 91' lang='lat' dir='ltr'><strong>et</strong></span> <span class='ocrx_word' id='word_1_158' title='bbox 1477 1102 1728 1142; x_wconf 86' lang='lat' dir='ltr'><strong>conveniens</strong></span> <span class='ocrx_word' id='word_1_159' title='bbox 1751 1102 1928 1142; x_wconf 89' lang='lat' dir='ltr'><strong>decretis</strong></span> <span class='ocrx_word' id='word_1_160' title='bbox 1946 1109 1977 1137; x_wconf 77' lang='lat'><strong>15</strong></span> 
     </span>
     <span class='ocr_line' id='line_1_18' title="bbox 176 1164 1929 1221; baseline -0.002 -13"><span class='ocrx_word' id='word_1_161' title='bbox 176 1169 263 1208; x_wconf 78' lang='lat' dir='ltr'><strong>eius</strong></span> <span class='ocrx_word' id='word_1_162' title='bbox 304 1168 530 1221; x_wconf 76' lang='lat' dir='ltr'><strong>reperietis.</strong></span> <span class='ocrx_word' id='word_1_163' title='bbox 589 1168 648 1206; x_wconf 92' lang='lat' dir='ltr'><strong>Ita</strong></span> <span class='ocrx_word' id='word_1_164' title='bbox 685 1165 946 1218; x_wconf 80' lang='lat' dir='ltr'><strong>redarguitur</strong></span> <span class='ocrx_word' id='word_1_165' title='bbox 986 1164 1076 1217; x_wconf 89' lang='lat' dir='ltr'><strong>ipse</strong></span> <span class='ocrx_word' id='word_1_166' title='bbox 1109 1177 1131 1203; x_wconf 88' lang='lat' dir='ltr'><strong>a</strong></span> <span class='ocrx_word' id='word_1_167' title='bbox 1163 1177 1207 1203; x_wconf 90' lang='lat' dir='ltr'><strong>se</strong></span> <span class='ocrx_word' id='word_1_168' title='bbox 1238 1164 1626 1216; x_wconf 84' lang='lat' dir='ltr'><strong>convincunturque</strong></span> <span class='ocrx_word' id='word_1_169' title='bbox 1657 1164 1808 1217; x_wconf 89' lang='lat' dir='ltr'><strong>scripta</strong></span> <span class='ocrx_word' id='word_1_170' title='bbox 1839 1165 1929 1204; x_wconf 89' lang='lat' dir='ltr'><strong>eius</strong></span> 
     </span>
     <span class='ocr_line' id='line_1_19' title="bbox 179 1226 1928 1283; baseline -0.003 -13"><span class='ocrx_word' id='word_1_171' title='bbox 179 1231 381 1283; x_wconf 74' lang='lat' dir='ltr'><strong>probitate</strong></span> <span class='ocrx_word' id='word_1_172' title='bbox 414 1230 544 1283; x_wconf 85' lang='lat' dir='ltr'><strong>ipsius</strong></span> <span class='ocrx_word' id='word_1_173' title='bbox 576 1242 622 1269; x_wconf 89' lang='lat' dir='ltr'><strong>ac</strong></span> <span class='ocrx_word' id='word_1_174' title='bbox 654 1228 847 1268; x_wconf 88' lang='lat' dir='ltr'><strong>moribus.</strong></span> <span class='ocrx_word' id='word_1_175' title='bbox 889 1228 990 1266; x_wconf 88' lang='lat' dir='ltr'><strong>Nam</strong></span> <span class='ocrx_word' id='word_1_176' title='bbox 1023 1227 1101 1266; x_wconf 86' lang='lat' dir='ltr'><strong>ista</strong></span> <span class='ocrx_word' id='word_1_177' title='bbox 1123 1226 1430 1266; x_wconf 88' lang='lat' dir='ltr'><strong>commendatio</strong></span> <span class='ocrx_word' id='word_1_178' title='bbox 1453 1240 1697 1279; x_wconf 88' lang='lat' dir='ltr'><strong>puerorum,</strong></span> <span class='ocrx_word' id='word_1_179' title='bbox 1729 1227 1928 1266; x_wconf 85' lang='lat' dir='ltr'><strong>memoria</strong></span> 
     </span>
     <span class='ocr_line' id='line_1_20' title="bbox 177 1288 1929 1342; baseline -0.002 -10"><span class='ocrx_word' id='word_1_180' title='bbox 177 1299 215 1332; x_wconf 82' lang='lat' dir='ltr'><strong>et</strong></span> <span class='ocrx_word' id='word_1_181' title='bbox 246 1293 393 1332; x_wconf 81' lang='lat' dir='ltr'><strong>caritas</strong></span> <span class='ocrx_word' id='word_1_182' title='bbox 424 1292 649 1338; x_wconf 86' lang='lat' dir='ltr'><strong>amicitiae,</strong></span> <span class='ocrx_word' id='word_1_183' title='bbox 682 1303 934 1331; x_wconf 88' lang='lat' dir='ltr'><strong>summorum</strong></span> <span class='ocrx_word' id='word_1_184' title='bbox 968 1288 1199 1329; x_wconf 82' lang='lat' dir='ltr'><strong>officiorum</strong></span> <span class='ocrx_word' id='word_1_185' title='bbox 1223 1290 1266 1328; x_wconf 88' lang='lat' dir='ltr'><strong>in</strong></span> <span class='ocrx_word' id='word_1_186' title='bbox 1289 1293 1476 1328; x_wconf 82' lang='lat' dir='ltr'><strong>extremo</strong></span> <span class='ocrx_word' id='word_1_187' title='bbox 1499 1289 1645 1342; x_wconf 90' lang='lat' dir='ltr'><strong>spiritu</strong></span> <span class='ocrx_word' id='word_1_188' title='bbox 1667 1289 1929 1329; x_wconf 87' lang='lat' dir='ltr'><strong>conservatio</strong></span> 
     </span>
     <span class='ocr_line' id='line_1_21' title="bbox 178 1350 1930 1404; baseline -0.002 -11"><span class='ocrx_word' id='word_1_189' title='bbox 178 1355 330 1394; x_wconf 77' lang='lat' dir='ltr'><strong>indicat</strong></span> <span class='ocrx_word' id='word_1_190' title='bbox 363 1355 542 1394; x_wconf 88' lang='lat' dir='ltr'><strong>innatam</strong></span> <span class='ocrx_word' id='word_1_191' title='bbox 574 1367 663 1393; x_wconf 90' lang='lat' dir='ltr'><strong>esse</strong></span> <span class='ocrx_word' id='word_1_192' title='bbox 695 1352 852 1392; x_wconf 92' lang='lat' dir='ltr'><strong>homini</strong></span> <span class='ocrx_word' id='word_1_193' title='bbox 886 1352 1134 1404; x_wconf 87' lang='lat' dir='ltr'><strong>probitatem</strong></span> <span class='ocrx_word' id='word_1_194' title='bbox 1167 1354 1408 1404; x_wconf 88' lang='lat' dir='ltr'><strong>gratuitam,</strong></span> <span class='ocrx_word' id='word_1_195' title='bbox 1447 1364 1530 1391; x_wconf 91' lang='lat' dir='ltr'><strong>non</strong></span> <span class='ocrx_word' id='word_1_196' title='bbox 1568 1351 1782 1390; x_wconf 89' lang='lat' dir='ltr'><strong>invitatam</strong></span> <span class='ocrx_word' id='word_1_197' title='bbox 1811 1350 1930 1390; x_wconf 92' lang='lat' dir='ltr'><strong>volu-</strong></span> 
     </span>
     <span class='ocr_line' id='line_1_22' title="bbox 177 1414 1980 1470; baseline -0.002 -15"><span class='ocrx_word' id='word_1_198' title='bbox 177 1417 355 1469; x_wconf 87' lang='lat' dir='ltr'><strong>ptatibus</strong></span> <span class='ocrx_word' id='word_1_199' title='bbox 387 1431 461 1455; x_wconf 75' lang='lat' dir='ltr'><strong>nec</strong></span> <span class='ocrx_word' id='word_1_200' title='bbox 493 1416 766 1470; x_wconf 89' lang='lat' dir='ltr'><strong>praemiorum</strong></span> <span class='ocrx_word' id='word_1_201' title='bbox 798 1414 1061 1454; x_wconf 87' lang='lat' dir='ltr'><strong>mercedibus</strong></span> <span class='ocrx_word' id='word_1_202' title='bbox 1094 1419 1320 1454; x_wconf 89' lang='lat' dir='ltr'><strong>evocatam.</strong></span> <span class='ocrx_word' id='word_1_203' title='bbox 1365 1414 1489 1462; x_wconf 88' lang='lat' dir='ltr'><strong>Quod</strong></span> <span class='ocrx_word' id='word_1_204' title='bbox 1513 1414 1622 1454; x_wconf 90' lang='lat' dir='ltr'><strong>enim</strong></span> <span class='ocrx_word' id='word_1_205' title='bbox 1645 1414 1929 1453; x_wconf 90' lang='lat' dir='ltr'><strong>testimonium</strong></span> <span class='ocrx_word' id='word_1_206' title='bbox 1943 1422 1980 1450; x_wconf 69' lang='lat'><strong>⁶20</strong></span> 
     </span>
     <span class='ocr_line' id='line_1_23' title="bbox 177 1476 1932 1533; baseline -0.001 -16"><span class='ocrx_word' id='word_1_207' title='bbox 177 1480 307 1519; x_wconf 87' lang='lat' dir='ltr'><strong>maius</strong></span> <span class='ocrx_word' id='word_1_208' title='bbox 348 1480 606 1533; x_wconf 86' lang='lat' dir='ltr'><strong>quaerimus,</strong></span> <span class='ocrx_word' id='word_1_209' title='bbox 646 1491 749 1532; x_wconf 91' lang='lat' dir='ltr'><strong>quae</strong></span> <span class='ocrx_word' id='word_1_210' title='bbox 791 1478 966 1517; x_wconf 90' lang='lat' dir='ltr'><strong>honesta</strong></span> <span class='ocrx_word' id='word_1_211' title='bbox 1004 1481 1043 1516; x_wconf 87' lang='lat' dir='ltr'><strong>et</strong></span> <span class='ocrx_word' id='word_1_212' title='bbox 1081 1482 1194 1516; x_wconf 87' lang='lat' dir='ltr'><strong>recta</strong></span> <span class='ocrx_word' id='word_1_213' title='bbox 1234 1477 1315 1516; x_wconf 89' lang='lat' dir='ltr'><strong>sint</strong></span> <span class='ocrx_word' id='word_1_214' title='bbox 1362 1477 1453 1528; x_wconf 89' lang='lat' dir='ltr'><strong>ipsa</strong></span> <span class='ocrx_word' id='word_1_215' title='bbox 1490 1490 1581 1516; x_wconf 90' lang='lat' dir='ltr'><strong>esse</strong></span> <span class='ocrx_word' id='word_1_216' title='bbox 1620 1476 1820 1529; x_wconf 92' lang='lat' dir='ltr'><strong>optabilia</strong></span> <span class='ocrx_word' id='word_1_217' title='bbox 1858 1489 1932 1528; x_wconf 90' lang='lat' dir='ltr'><strong>per</strong></span> 
     </span>
     <span class='ocr_line' id='line_1_24' title="bbox 177 1536 1929 1592; baseline -0.003 -11"><span class='ocrx_word' id='word_1_218' title='bbox 177 1556 284 1589; x_wconf 87' lang='lat' dir='ltr'><strong>sese,</strong></span> <span class='ocrx_word' id='word_1_219' title='bbox 331 1556 422 1581; x_wconf 84' lang='lat' dir='ltr'><strong>cum</strong></span> <span class='ocrx_word' id='word_1_220' title='bbox 461 1542 669 1582; x_wconf 91' lang='lat' dir='ltr'><strong>videamus</strong></span> <span class='ocrx_word' id='word_1_221' title='bbox 709 1545 820 1580; x_wconf 85' lang='lat' dir='ltr'><strong>tanta</strong></span> <span class='ocrx_word' id='word_1_222' title='bbox 861 1539 1000 1579; x_wconf 86' lang='lat' dir='ltr'><strong>officia</strong></span> <span class='ocrx_word' id='word_1_223' title='bbox 1038 1539 1284 1579; x_wconf 75' lang='lat' dir='ltr'><strong>morientis?</strong></span> <span class='ocrx_word' id='word_1_224' title='bbox 1345 1536 1439 1578; x_wconf 76' lang='lat' dir='ltr'><strong>slOO.</strong></span> <span class='ocrx_word' id='word_1_225' title='bbox 1480 1539 1584 1586; x_wconf 88' lang='lat' dir='ltr'><strong>Sed,</strong></span> <span class='ocrx_word' id='word_1_226' title='bbox 1632 1543 1677 1578; x_wconf 89' lang='lat' dir='ltr'><strong>ut</strong></span> <span class='ocrx_word' id='word_1_227' title='bbox 1707 1538 1929 1592; x_wconf 87' lang='lat' dir='ltr'><strong>epistulam</strong></span> 
     </span>
     <span class='ocr_line' id='line_1_25' title="bbox 178 1602 1931 1656; baseline -0.002 -13"><span class='ocrx_word' id='word_1_228' title='bbox 178 1604 422 1644; x_wconf 89' lang='lat' dir='ltr'><strong>laudandam</strong></span> <span class='ocrx_word' id='word_1_229' title='bbox 467 1603 638 1643; x_wconf 89' lang='lat' dir='ltr'><strong>arbitror</strong></span> <span class='ocrx_word' id='word_1_230' title='bbox 676 1616 785 1651; x_wconf 89' lang='lat' dir='ltr'><strong>eam,</strong></span> <span class='ocrx_word' id='word_1_231' title='bbox 827 1616 951 1656; x_wconf 90' lang='lat' dir='ltr'><strong>quam</strong></span> <span class='ocrx_word' id='word_1_232' title='bbox 984 1603 1107 1643; x_wconf 90' lang='lat' dir='ltr'><strong>modo</strong></span> <span class='ocrx_word' id='word_1_233' title='bbox 1140 1602 1315 1642; x_wconf 89' lang='lat' dir='ltr'><strong>totidem</strong></span> <span class='ocrx_word' id='word_1_234' title='bbox 1346 1602 1433 1642; x_wconf 90' lang='lat' dir='ltr'><strong>fere</strong></span> <span class='ocrx_word' id='word_1_235' title='bbox 1468 1603 1606 1642; x_wconf 91' lang='lat' dir='ltr'><strong>verbis</strong></span> <span class='ocrx_word' id='word_1_236' title='bbox 1636 1602 1931 1654; x_wconf 88' lang='lat' dir='ltr'><strong>interpretatus</strong></span> 
     </span>
     <span class='ocr_line' id='line_1_26' title="bbox 176 1663 1931 1720; baseline -0.002 -16"><span class='ocrx_word' id='word_1_237' title='bbox 176 1680 279 1712; x_wconf 87' lang='lat' dir='ltr'><strong>sum,</strong></span> <span class='ocrx_word' id='word_1_238' title='bbox 311 1679 558 1720; x_wconf 90' lang='lat' dir='ltr'><strong>quamquam</strong></span> <span class='ocrx_word' id='word_1_239' title='bbox 581 1679 628 1705; x_wconf 89' lang='lat' dir='ltr'><strong>ea</strong></span> <span class='ocrx_word' id='word_1_240' title='bbox 650 1679 741 1706; x_wconf 90' lang='lat' dir='ltr'><strong>cum</strong></span> <span class='ocrx_word' id='word_1_241' title='bbox 764 1678 925 1705; x_wconf 88' lang='lat' dir='ltr'><strong>summa</strong></span> <span class='ocrx_word' id='word_1_242' title='bbox 947 1666 1034 1705; x_wconf 90' lang='lat' dir='ltr'><strong>eius</strong></span> <span class='ocrx_word' id='word_1_243' title='bbox 1058 1665 1353 1719; x_wconf 87' lang='lat' dir='ltr'><strong>philosophiae</strong></span> <span class='ocrx_word' id='word_1_244' title='bbox 1375 1665 1490 1704; x_wconf 91' lang='lat' dir='ltr'><strong>nullo</strong></span> <span class='ocrx_word' id='word_1_245' title='bbox 1515 1664 1641 1705; x_wconf 89' lang='lat' dir='ltr'><strong>modo</strong></span> <span class='ocrx_word' id='word_1_246' title='bbox 1663 1663 1931 1716; x_wconf 87' lang='lat' dir='ltr'><strong>congruebat,</strong></span> 
     </span>
     <span class='ocr_line' id='line_1_27' title="bbox 176 1725 1981 1781; baseline -0.002 -15"><span class='ocrx_word' id='word_1_247' title='bbox 176 1729 232 1766; x_wconf 81' lang='lat' dir='ltr'><strong>sic</strong></span> <span class='ocrx_word' id='word_1_248' title='bbox 273 1729 458 1767; x_wconf 91' lang='lat' dir='ltr'><strong>eiusdem</strong></span> <span class='ocrx_word' id='word_1_249' title='bbox 501 1733 787 1768; x_wconf 88' lang='lat' dir='ltr'><strong>testamentum</strong></span> <span class='ocrx_word' id='word_1_250' title='bbox 828 1741 910 1766; x_wconf 89' lang='lat' dir='ltr'><strong>non</strong></span> <span class='ocrx_word' id='word_1_251' title='bbox 941 1728 1078 1768; x_wconf 90' lang='lat' dir='ltr'><strong>solum</strong></span> <span class='ocrx_word' id='word_1_252' title='bbox 1110 1741 1133 1767; x_wconf 95' lang='lat' dir='ltr'><strong>a</strong></span> <span class='ocrx_word' id='word_1_253' title='bbox 1164 1727 1405 1781; x_wconf 90' lang='lat' dir='ltr'><strong>philosophi</strong></span> <span class='ocrx_word' id='word_1_254' title='bbox 1437 1728 1661 1780; x_wconf 84' lang='lat' dir='ltr'><strong>gravitate,</strong></span> <span class='ocrx_word' id='word_1_255' title='bbox 1705 1725 1777 1765; x_wconf 87' lang='lat' dir='ltr'><strong>sed</strong></span> <span class='ocrx_word' id='word_1_256' title='bbox 1809 1726 1930 1765; x_wconf 89' lang='lat' dir='ltr'><strong>etiam</strong></span> <span class='ocrx_word' id='word_1_257' title='bbox 1946 1734 1981 1762; x_wconf 73' lang='lat'><strong>‘25</strong></span> 
     </span>
     <span class='ocr_line' id='line_1_28' title="bbox 178 1787 1932 1844; baseline -0.002 -15"><span class='ocrx_word' id='word_1_258' title='bbox 178 1790 227 1829; x_wconf 92' lang='lat' dir='ltr'><strong>ab</strong></span> <span class='ocrx_word' id='word_1_259' title='bbox 258 1790 386 1843; x_wconf 88' lang='lat' dir='ltr'><strong>ipsius</strong></span> <span class='ocrx_word' id='word_1_260' title='bbox 418 1790 621 1830; x_wconf 89' lang='lat' dir='ltr'><strong>sententia</strong></span> <span class='ocrx_word' id='word_1_261' title='bbox 644 1790 784 1830; x_wconf 86' lang='lat' dir='ltr'><strong>iudico</strong></span> <span class='ocrx_word' id='word_1_262' title='bbox 808 1790 1058 1844; x_wconf 86' lang='lat' dir='ltr'><strong>discrepare.</strong></span> <span class='ocrx_word' id='word_1_263' title='bbox 1099 1790 1274 1843; x_wconf 86' lang='lat' dir='ltr'><strong>Scripsit</strong></span> <span class='ocrx_word' id='word_1_264' title='bbox 1296 1791 1406 1830; x_wconf 89' lang='lat' dir='ltr'><strong>enim</strong></span> <span class='ocrx_word' id='word_1_265' title='bbox 1429 1795 1469 1830; x_wconf 90' lang='lat' dir='ltr'><strong>et</strong></span> <span class='ocrx_word' id='word_1_266' title='bbox 1490 1790 1629 1830; x_wconf 88' lang='lat' dir='ltr'><strong>multis</strong></span> <span class='ocrx_word' id='word_1_267' title='bbox 1651 1801 1775 1841; x_wconf 84' lang='lat' dir='ltr'><strong>saepe</strong></span> <span class='ocrx_word' id='word_1_268' title='bbox 1796 1787 1932 1827; x_wconf 91' lang='lat' dir='ltr'><strong>verbis</strong></span> 
     </span>
     <span class='ocr_line' id='line_1_29' title="bbox 179 1848 1932 1906; baseline -0.002 -15"><span class='ocrx_word' id='word_1_269' title='bbox 179 1858 217 1891; x_wconf 87' lang='lat' dir='ltr'><strong>et</strong></span> <span class='ocrx_word' id='word_1_270' title='bbox 248 1852 426 1894; x_wconf 88' lang='lat' dir='ltr'><strong>breviter</strong></span> <span class='ocrx_word' id='word_1_271' title='bbox 455 1858 680 1906; x_wconf 89' lang='lat' dir='ltr'><strong>aperteque</strong></span> <span class='ocrx_word' id='word_1_272' title='bbox 701 1853 742 1892; x_wconf 93' lang='lat' dir='ltr'><strong>in</strong></span> <span class='ocrx_word' id='word_1_273' title='bbox 766 1866 815 1892; x_wconf 92' lang='lat' dir='ltr'><strong>eo</strong></span> <span class='ocrx_word' id='word_1_274' title='bbox 839 1853 965 1901; x_wconf 91' lang='lat' dir='ltr'><strong>libro,</strong></span> <span class='ocrx_word' id='word_1_275' title='bbox 999 1866 1123 1906; x_wconf 91' lang='lat' dir='ltr'><strong>quem</strong></span> <span class='ocrx_word' id='word_1_276' title='bbox 1146 1853 1270 1893; x_wconf 93' lang='lat' dir='ltr'><strong>modo</strong></span> <span class='ocrx_word' id='word_1_277' title='bbox 1292 1852 1524 1900; x_wconf 92' lang='lat' dir='ltr'><strong>nominavi,</strong></span> <span class='ocrx_word' id='word_1_278' title='bbox 1555 1855 1771 1892; x_wconf 91' lang='lat' dir='ltr'><strong>mortem</strong></span> <span class='ocrx_word' id='word_1_279' title='bbox 1799 1848 1932 1889; x_wconf 91' lang='lat' dir='ltr'><strong>nihil</strong></span> 
     </span>
     <span class='ocr_line' id='line_1_30' title="bbox 176 1913 1932 1968; baseline -0.002 -15"><span class='ocrx_word' id='word_1_280' title='bbox 176 1913 234 1953; x_wconf 88' lang='lat' dir='ltr'><strong>ad</strong></span> <span class='ocrx_word' id='word_1_281' title='bbox 267 1927 362 1954; x_wconf 90' lang='lat' dir='ltr'><strong>nos</strong></span> <span class='ocrx_word' id='word_1_282' title='bbox 392 1915 685 1968; x_wconf 83' lang='lat' dir='ltr'><strong>pertinere3</strong></span> <span class='ocrx_word' id='word_1_283' title='bbox 727 1916 866 1968; x_wconf 91' lang='lat' dir='ltr'><strong>quod</strong></span> <span class='ocrx_word' id='word_1_284' title='bbox 898 1915 1036 1955; x_wconf 90' lang='lat' dir='ltr'><strong>enim</strong></span> <span class='ocrx_word' id='word_1_285' title='bbox 1068 1915 1399 1955; x_wconf 90' lang='lat' dir='ltr'><strong>dissolutum</strong></span> <span class='ocrx_word' id='word_1_286' title='bbox 1442 1915 1535 1962; x_wconf 91' lang='lat' dir='ltr'><strong>sit,</strong></span> <span class='ocrx_word' id='word_1_287' title='bbox 1575 1914 1626 1954; x_wconf 91' lang='lat' dir='ltr'><strong>id</strong></span> <span class='ocrx_word' id='word_1_288' title='bbox 1663 1925 1784 1953; x_wconf 86' lang='lat' dir='ltr'><strong>esse</strong></span> <span class='ocrx_word' id='word_1_289' title='bbox 1816 1913 1932 1952; x_wconf 91' lang='lat' dir='ltr'><strong>sine</strong></span> 
     </span>
     <span class='ocr_line' id='line_1_31' title="bbox 177 1976 1932 2031; baseline 0 -17"><span class='ocrx_word' id='word_1_290' title='bbox 177 1989 358 2024; x_wconf 83' lang='lat' dir='ltr'><strong>sensu,</strong></span> <span class='ocrx_word' id='word_1_291' title='bbox 389 1977 519 2030; x_wconf 88' lang='lat' dir='ltr'><strong>quod</strong></span> <span class='ocrx_word' id='word_1_292' title='bbox 550 1982 722 2018; x_wconf 89' lang='lat' dir='ltr'><strong>autem</strong></span> <span class='ocrx_word' id='word_1_293' title='bbox 754 1978 865 2018; x_wconf 88' lang='lat' dir='ltr'><strong>sine</strong></span> <span class='ocrx_word' id='word_1_294' title='bbox 898 1991 1061 2018; x_wconf 89' lang='lat' dir='ltr'><strong>sensu</strong></span> <span class='ocrx_word' id='word_1_295' title='bbox 1093 1978 1185 2026; x_wconf 90' lang='lat' dir='ltr'><strong>sit,</strong></span> <span class='ocrx_word' id='word_1_296' title='bbox 1216 1977 1264 2017; x_wconf 94' lang='lat' dir='ltr'><strong>id</strong></span> <span class='ocrx_word' id='word_1_297' title='bbox 1294 1977 1426 2017; x_wconf 89' lang='lat' dir='ltr'><strong>nihil</strong></span> <span class='ocrx_word' id='word_1_298' title='bbox 1457 1978 1514 2017; x_wconf 92' lang='lat' dir='ltr'><strong>ad</strong></span> <span class='ocrx_word' id='word_1_299' title='bbox 1535 1990 1628 2017; x_wconf 89' lang='lat' dir='ltr'><strong>nos</strong></span> <span class='ocrx_word' id='word_1_300' title='bbox 1658 1976 1932 2031; x_wconf 91' lang='lat' dir='ltr'><strong>pertinere</strong></span> 
     </span>
     <span class='ocr_line' id='line_1_32' title="bbox 177 2038 1982 2094; baseline -0.001 -17"><span class='ocrx_word' id='word_1_301' title='bbox 177 2039 402 2078; x_wconf 87' lang='lat' dir='ltr'><strong>omnino.</strong></span> <span class='ocrx_word' id='word_1_302' title='bbox 451 2040 537 2080; x_wconf 90' lang='lat' dir='ltr'><strong>Hoc</strong></span> <span class='ocrx_word' id='word_1_303' title='bbox 566 2040 699 2093; x_wconf 88' lang='lat' dir='ltr'><strong>ipsum</strong></span> <span class='ocrx_word' id='word_1_304' title='bbox 732 2041 965 2094; x_wconf 87' lang='lat' dir='ltr'><strong>elegantius</strong></span> <span class='ocrx_word' id='word_1_305' title='bbox 997 2041 1095 2094; x_wconf 89' lang='lat' dir='ltr'><strong>poni</strong></span> <span class='ocrx_word' id='word_1_306' title='bbox 1126 2040 1363 2093; x_wconf 88' lang='lat' dir='ltr'><strong>meliusque</strong></span> <span class='ocrx_word' id='word_1_307' title='bbox 1394 2040 1547 2093; x_wconf 90' lang='lat' dir='ltr'><strong>potuit.</strong></span> <span class='ocrx_word' id='word_1_308' title='bbox 1597 2041 1699 2079; x_wconf 90' lang='lat' dir='ltr'><strong>Nam</strong></span> <span class='ocrx_word' id='word_1_309' title='bbox 1732 2039 1844 2093; x_wconf 93' lang='lat' dir='ltr'><strong>quod</strong></span> <span class='ocrx_word' id='word_1_310' title='bbox 1876 2038 1982 2077; x_wconf 88' lang='lat' dir='ltr'><strong>ita30</strong></span> 
     </span>
     <span class='ocr_line' id='line_1_33' title="bbox 177 2101 1932 2156; baseline 0 -17"><span class='ocrx_word' id='word_1_311' title='bbox 177 2102 357 2153; x_wconf 90' lang='lat' dir='ltr'><strong>positum</strong></span> <span class='ocrx_word' id='word_1_312' title='bbox 388 2108 469 2150; x_wconf 87' lang='lat' dir='ltr'><strong>est,</strong></span> <span class='ocrx_word' id='word_1_313' title='bbox 509 2103 643 2156; x_wconf 92' lang='lat' dir='ltr'><strong>quod</strong></span> <span class='ocrx_word' id='word_1_314' title='bbox 675 2104 999 2143; x_wconf 88' lang='lat' dir='ltr'><strong>dissolutum</strong></span> <span class='ocrx_word' id='word_1_315' title='bbox 1031 2103 1122 2150; x_wconf 90' lang='lat' dir='ltr'><strong>sit,</strong></span> <span class='ocrx_word' id='word_1_316' title='bbox 1166 2102 1218 2142; x_wconf 90' lang='lat' dir='ltr'><strong>id</strong></span> <span class='ocrx_word' id='word_1_317' title='bbox 1249 2115 1370 2142; x_wconf 91' lang='lat' dir='ltr'><strong>esse</strong></span> <span class='ocrx_word' id='word_1_318' title='bbox 1403 2103 1511 2143; x_wconf 91' lang='lat' dir='ltr'><strong>sine</strong></span> <span class='ocrx_word' id='word_1_319' title='bbox 1543 2115 1731 2149; x_wconf 88' lang='lat' dir='ltr'><strong>sensu,</strong></span> <span class='ocrx_word' id='word_1_320' title='bbox 1771 2101 1812 2140; x_wconf 93' lang='lat' dir='ltr'><strong>id</strong></span> <span class='ocrx_word' id='word_1_321' title='bbox 1844 2101 1932 2140; x_wconf 90' lang='lat' dir='ltr'><strong>eius</strong></span> 
     </span>
     <span class='ocr_line' id='line_1_34' title="bbox 178 2161 1932 2220; baseline 0 -18"><span class='ocrx_word' id='word_1_322' title='bbox 178 2163 286 2202; x_wconf 92' lang='lat' dir='ltr'><strong>modi</strong></span> <span class='ocrx_word' id='word_1_323' title='bbox 319 2169 401 2211; x_wconf 88' lang='lat' dir='ltr'><strong>est,</strong></span> <span class='ocrx_word' id='word_1_324' title='bbox 432 2171 476 2204; x_wconf 91' lang='lat' dir='ltr'><strong>ut</strong></span> <span class='ocrx_word' id='word_1_325' title='bbox 505 2179 586 2204; x_wconf 91' lang='lat' dir='ltr'><strong>non</strong></span> <span class='ocrx_word' id='word_1_326' title='bbox 619 2167 718 2206; x_wconf 89' lang='lat' dir='ltr'><strong>satis</strong></span> <span class='ocrx_word' id='word_1_327' title='bbox 750 2166 872 2220; x_wconf 90' lang='lat' dir='ltr'><strong>plane</strong></span> <span class='ocrx_word' id='word_1_328' title='bbox 904 2166 1030 2213; x_wconf 87' lang='lat' dir='ltr'><strong>dicat,</strong></span> <span class='ocrx_word' id='word_1_329' title='bbox 1064 2164 1165 2218; x_wconf 93' lang='lat' dir='ltr'><strong>quid</strong></span> <span class='ocrx_word' id='word_1_330' title='bbox 1188 2165 1243 2205; x_wconf 91' lang='lat' dir='ltr'><strong>sit</strong></span> <span class='ocrx_word' id='word_1_331' title='bbox 1263 2165 1526 2205; x_wconf 89' lang='lat' dir='ltr'><strong>dissolutum.</strong></span> <span class='ocrx_word' id='word_1_332' title='bbox 1574 2161 1668 2204; x_wconf 69' lang='grc'><strong>101.</strong></span> <span class='ocrx_word' id='word_1_333' title='bbox 1692 2164 1773 2203; x_wconf 91' lang='lat' dir='ltr'><strong>Sed</strong></span> <span class='ocrx_word' id='word_1_334' title='bbox 1795 2169 1932 2203; x_wconf 90' lang='lat' dir='ltr'><strong>tamen</strong></span> 
     </span>
     <span class='ocr_line' id='line_1_35' title="bbox 180 2225 1932 2281; baseline 0.001 -17"><span class='ocrx_word' id='word_1_335' title='bbox 180 2225 394 2279; x_wconf 87' lang='lat' dir='ltr'><strong>intellego,</strong></span> <span class='ocrx_word' id='word_1_336' title='bbox 427 2227 527 2280; x_wconf 89' lang='lat' dir='ltr'><strong>quid</strong></span> <span class='ocrx_word' id='word_1_337' title='bbox 558 2228 669 2268; x_wconf 90' lang='lat' dir='ltr'><strong>velit.</strong></span> <span class='ocrx_word' id='word_1_338' title='bbox 721 2228 887 2276; x_wconf 86' lang='lat' dir='ltr'><strong>Quaero</strong></span> <span class='ocrx_word' id='word_1_339' title='bbox 919 2234 1081 2275; x_wconf 89' lang='lat' dir='ltr'><strong>autem,</strong></span> <span class='ocrx_word' id='word_1_340' title='bbox 1113 2227 1214 2280; x_wconf 88' lang='lat' dir='ltr'><strong>quid</strong></span> <span class='ocrx_word' id='word_1_341' title='bbox 1247 2227 1301 2267; x_wconf 91' lang='lat' dir='ltr'><strong>sit</strong></span> <span class='ocrx_word' id='word_1_342' title='bbox 1339 2227 1473 2281; x_wconf 90' lang='lat' dir='ltr'><strong>quod,</strong></span> <span class='ocrx_word' id='word_1_343' title='bbox 1516 2241 1607 2267; x_wconf 87' lang='lat' dir='ltr'><strong>cum</strong></span> <span class='ocrx_word' id='word_1_344' title='bbox 1641 2226 1932 2273; x_wconf 87' lang='lat' dir='ltr'><strong>dissolutione,</strong></span> 
     </span>
     <span class='ocr_line' id='line_1_36' title="bbox 177 2287 1934 2343; baseline 0.001 -18"><span class='ocrx_word' id='word_1_345' title='bbox 177 2287 218 2325; x_wconf 92' lang='lat' dir='ltr'><strong>id</strong></span> <span class='ocrx_word' id='word_1_346' title='bbox 250 2293 312 2327; x_wconf 90' lang='lat' dir='ltr'><strong>est</strong></span> <span class='ocrx_word' id='word_1_347' title='bbox 341 2293 492 2336; x_wconf 87' lang='lat' dir='ltr'><strong>morte,</strong></span> <span class='ocrx_word' id='word_1_348' title='bbox 524 2302 672 2329; x_wconf 90' lang='lat' dir='ltr'><strong>sensus</strong></span> <span class='ocrx_word' id='word_1_349' title='bbox 703 2290 840 2330; x_wconf 89' lang='lat' dir='ltr'><strong>omnis</strong></span> <span class='ocrx_word' id='word_1_350' title='bbox 872 2291 1162 2342; x_wconf 76' lang='lat' dir='ltr'><strong>exstinguatur</strong></span> <span class='ocrx_word' id='word_1_351' title='bbox 1193 2294 1234 2330; x_wconf 90' lang='lat' dir='ltr'><strong>et</strong></span> <span class='ocrx_word' id='word_1_352' title='bbox 1265 2303 1358 2329; x_wconf 90' lang='lat' dir='ltr'><strong>cum</strong></span> <span class='ocrx_word' id='word_1_353' title='bbox 1380 2289 1531 2342; x_wconf 89' lang='lat' dir='ltr'><strong>reliqui</strong></span> <span class='ocrx_word' id='word_1_354' title='bbox 1552 2288 1655 2329; x_wconf 90' lang='lat' dir='ltr'><strong>nihil</strong></span> <span class='ocrx_word' id='word_1_355' title='bbox 1677 2289 1729 2328; x_wconf 91' lang='lat' dir='ltr'><strong>sit</strong></span> <span class='ocrx_word' id='word_1_356' title='bbox 1750 2288 1934 2343; x_wconf 78' lang='lat' dir='ltr'><strong>omnino,</strong></span> 
     </span>
     <span class='ocr_line' id='line_1_37' title="bbox 177 2349 1982 2405; baseline 0.002 -18"><span class='ocrx_word' id='word_1_357' title='bbox 177 2349 285 2401; x_wconf 90' lang='lat' dir='ltr'><strong>quod</strong></span> <span class='ocrx_word' id='word_1_358' title='bbox 316 2351 519 2402; x_wconf 88' lang='lat' dir='ltr'><strong>pertineat</strong></span> <span class='ocrx_word' id='word_1_359' title='bbox 549 2351 600 2391; x_wconf 89' lang='lat' dir='ltr'><strong>ad</strong></span> <span class='ocrx_word' id='word_1_360' title='bbox 632 2366 726 2400; x_wconf 89' lang='lat' dir='ltr'><strong>nos,</strong></span> <span class='ocrx_word' id='word_1_361' title='bbox 758 2358 840 2392; x_wconf 89' lang='lat' dir='ltr'><strong>tam</strong></span> <span class='ocrx_word' id='word_1_362' title='bbox 871 2358 1063 2392; x_wconf 87' lang='lat' dir='ltr'><strong>accurate</strong></span> <span class='ocrx_word' id='word_1_363' title='bbox 1094 2356 1261 2405; x_wconf 89' lang='lat' dir='ltr'><strong>tamque</strong></span> <span class='ocrx_word' id='word_1_364' title='bbox 1292 2351 1515 2404; x_wconf 89' lang='lat' dir='ltr'><strong>diligenter</strong></span> <span class='ocrx_word' id='word_1_365' title='bbox 1535 2356 1678 2391; x_wconf 85' lang='lat' dir='ltr'><strong>caveat</strong></span> <span class='ocrx_word' id='word_1_366' title='bbox 1698 2357 1739 2391; x_wconf 89' lang='lat' dir='ltr'><strong>et</strong></span> <span class='ocrx_word' id='word_1_367' title='bbox 1761 2351 1982 2399; x_wconf 52' lang='lat' dir='ltr'><strong>sanciaaas</strong></span> 
     </span>
     <span class='ocr_line' id='line_1_38' title="bbox 177 2412 1932 2465; baseline 0.003 -16"><span class='ocrx_word' id='word_1_368' title='bbox 177 2416 230 2450; x_wconf 86' lang='lat' dir='ltr'><strong>nt</strong></span> <span class='ocrx_word' id='word_1_369' title='bbox 260 2412 680 2465; x_wconf 83' lang='lat' dir='ltr'><strong>Amynomachus</strong></span> <span class='ocrx_word' id='word_1_370' title='bbox 703 2420 750 2454; x_wconf 89' lang='lat' dir='ltr'><strong>et</strong></span> <span class='ocrx_word' id='word_1_371' title='bbox 770 2416 1118 2460; x_wconf 86' lang='lat' dir='ltr'><strong>Timocrates,</strong></span> <span class='ocrx_word' id='word_1_372' title='bbox 1149 2414 1380 2454; x_wconf 90' lang='lat' dir='ltr'><strong>heredes</strong></span> <span class='ocrx_word' id='word_1_373' title='bbox 1403 2414 1509 2460; x_wconf 91' lang='lat' dir='ltr'><strong>sui,</strong></span> <span class='ocrx_word' id='word_1_374' title='bbox 1541 2413 1603 2452; x_wconf 91' lang='lat' dir='ltr'><strong>de</strong></span> <span class='ocrx_word' id='word_1_375' title='bbox 1624 2413 1932 2454; x_wconf 88' lang='lat' dir='ltr'><strong>Hermarchi</strong></span> 
     </span>
     <span class='ocr_line' id='line_1_39' title="bbox 176 2475 1932 2530; baseline 0.002 -19"><span class='ocrx_word' id='word_1_376' title='bbox 176 2475 454 2514; x_wconf 91' lang='lat' dir='ltr'><strong>sententia</strong></span> <span class='ocrx_word' id='word_1_377' title='bbox 495 2475 613 2515; x_wconf 88' lang='lat' dir='ltr'><strong>dent</strong></span> <span class='ocrx_word' id='word_1_378' title='bbox 653 2477 794 2530; x_wconf 92' lang='lat' dir='ltr'><strong>quod</strong></span> <span class='ocrx_word' id='word_1_379' title='bbox 840 2477 974 2517; x_wconf 89' lang='lat' dir='ltr'><strong>satis</strong></span> <span class='ocrx_word' id='word_1_380' title='bbox 1017 2477 1083 2516; x_wconf 91' lang='lat' dir='ltr'><strong>sit</strong></span> <span class='ocrx_word' id='word_1_381' title='bbox 1126 2476 1185 2515; x_wconf 90' lang='lat' dir='ltr'><strong>ad</strong></span> <span class='ocrx_word' id='word_1_382' title='bbox 1231 2476 1363 2516; x_wconf 89' lang='lat' dir='ltr'><strong>diem</strong></span> <span class='ocrx_word' id='word_1_383' title='bbox 1402 2476 1656 2528; x_wconf 89' lang='lat' dir='ltr'><strong>agendum</strong></span> <span class='ocrx_word' id='word_1_384' title='bbox 1693 2475 1932 2516; x_wconf 88' lang='lat' dir='ltr'><strong>natalem</strong></span> 
     </span>
     <span class='ocr_line' id='line_1_40' title="bbox 175 2537 1933 2591; baseline 0.003 -19"><span class='ocrx_word' id='word_1_385' title='bbox 175 2547 310 2574; x_wconf 90' lang='lat' dir='ltr'><strong>suum</strong></span> <span class='ocrx_word' id='word_1_386' title='bbox 350 2538 633 2588; x_wconf 89' lang='lat' dir='ltr'><strong>quotannis</strong></span> <span class='ocrx_word' id='word_1_387' title='bbox 675 2552 846 2579; x_wconf 91' lang='lat' dir='ltr'><strong>mense</strong></span> <span class='ocrx_word' id='word_1_388' title='bbox 889 2539 1200 2578; x_wconf 88' lang='lat' dir='ltr'><strong>Gamelione</strong></span> <span class='ocrx_word' id='word_1_389' title='bbox 1242 2538 1483 2591; x_wconf 84' lang='lat' dir='ltr'><strong>itemque</strong></span> <span class='ocrx_word' id='word_1_390' title='bbox 1527 2537 1770 2578; x_wconf 92' lang='lat' dir='ltr'><strong>omnibus</strong></span> <span class='ocrx_word' id='word_1_391' title='bbox 1801 2551 1933 2578; x_wconf 89' lang='lat' dir='ltr'><strong>men-</strong></span> 
     </span>
     <span class='ocr_line' id='line_1_41' title="bbox 174 2595 1933 2653; baseline 0.003 -19"><span class='ocrx_word' id='word_1_392' title='bbox 174 2595 322 2636; x_wconf 90' lang='lat' dir='ltr'><strong>sibus</strong></span> <span class='ocrx_word' id='word_1_393' title='bbox 367 2599 606 2640; x_wconf 89' lang='lat' dir='ltr'><strong>vicesimo</strong></span> <span class='ocrx_word' id='word_1_394' title='bbox 649 2600 731 2640; x_wconf 91' lang='lat' dir='ltr'><strong>die</strong></span> <span class='ocrx_word' id='word_1_395' title='bbox 776 2601 933 2641; x_wconf 89' lang='lat' dir='ltr'><strong>lunae</strong></span> <span class='ocrx_word' id='word_1_396' title='bbox 976 2602 1097 2641; x_wconf 89' lang='lat' dir='ltr'><strong>dent</strong></span> <span class='ocrx_word' id='word_1_397' title='bbox 1141 2601 1198 2642; x_wconf 91' lang='lat' dir='ltr'><strong>ad</strong></span> <span class='ocrx_word' id='word_1_398' title='bbox 1242 2613 1414 2640; x_wconf 90' lang='lat' dir='ltr'><strong>eorum</strong></span> <span class='ocrx_word' id='word_1_399' title='bbox 1456 2600 1666 2652; x_wconf 90' lang='lat' dir='ltr'><strong>epulas,</strong></span> <span class='ocrx_word' id='word_1_400' title='bbox 1709 2599 1796 2653; x_wconf 89' lang='lat' dir='ltr'><strong>qui</strong></span> <span class='ocrx_word' id='word_1_401' title='bbox 1835 2612 1933 2639; x_wconf 91' lang='lat' dir='ltr'><strong>una</strong></span> 
     </span>
     <span class='ocr_line' id='line_1_42' title="bbox 174 2660 1982 2716; baseline 0.003 -20"><span class='ocrx_word' id='word_1_402' title='bbox 174 2671 346 2699; x_wconf 88' lang='lat' dir='ltr'><strong>secum</strong></span> <span class='ocrx_word' id='word_1_403' title='bbox 388 2660 766 2716; x_wconf 88' lang='lat' dir='ltr'><strong>philosophati</strong></span> <span class='ocrx_word' id='word_1_404' title='bbox 810 2664 938 2711; x_wconf 89' lang='lat' dir='ltr'><strong>sint,</strong></span> <span class='ocrx_word' id='word_1_405' title='bbox 981 2669 1034 2703; x_wconf 91' lang='lat' dir='ltr'><strong>ut</strong></span> <span class='ocrx_word' id='word_1_406' title='bbox 1074 2668 1124 2703; x_wconf 91' lang='lat' dir='ltr'><strong>et</strong></span> <span class='ocrx_word' id='word_1_407' title='bbox 1166 2663 1241 2703; x_wconf 89' lang='lat' dir='ltr'><strong>sui</strong></span> <span class='ocrx_word' id='word_1_408' title='bbox 1272 2668 1318 2703; x_wconf 86' lang='lat' dir='ltr'><strong>et</strong></span> <span class='ocrx_word' id='word_1_409' title='bbox 1347 2662 1645 2702; x_wconf 89' lang='lat' dir='ltr'><strong>Metrodori</strong></span> <span class='ocrx_word' id='word_1_410' title='bbox 1675 2662 1982 2702; x_wconf 64' lang='lat' dir='ltr'><strong>memoriam</strong></span> 
     </span>
    </p>
   </div>
   <div class='ocr_carea' id='block_1_4' title="bbox 169 2831 1933 3173">
    <p class='ocr_par' dir='ltr' id='par_1_5' title="bbox 169 2831 1933 3173">
     <span class='ocr_line' id='line_1_43' title="bbox 258 2831 1932 2878; baseline 0.003 -17"><span class='ocrx_word' id='word_1_411' title='bbox 258 2831 287 2862; x_wconf 84' lang='grc'><strong>6.</strong></span> <span class='ocrx_word' id='word_1_412' title='bbox 312 2842 351 2864; x_wconf 76' lang='lat' dir='ltr'><strong>ne</strong></span> <span class='ocrx_word' id='word_1_413' title='bbox 373 2834 514 2873; x_wconf 74' lang='lat' dir='ltr'><strong>qaudere</strong></span> <span class='ocrx_word' id='word_1_414' title='bbox 537 2837 715 2876; x_wconf 77' lang='lat' dir='ltr'><strong>quicquam</strong></span> <span class='ocrx_word' id='word_1_415' title='bbox 739 2837 762 2867; x_wconf 83' lang='lat' dir='ltr'>B</span> <span class='ocrx_word' id='word_1_416' title='bbox 779 2837 803 2868; x_wconf 85' lang='lat' dir='ltr'>E</span> <span class='ocrx_word' id='word_1_417' title='bbox 831 2856 863 2859; x_wconf 87' lang='lat'><strong>-—</strong></span> <span class='ocrx_word' id='word_1_418' title='bbox 905 2839 958 2869; x_wconf 68' lang='lat'><strong>42.</strong></span> <span class='ocrx_word' id='word_1_419' title='bbox 985 2838 1015 2868; x_wconf 75' lang='lat' dir='ltr'><strong>in</strong></span> <span class='ocrx_word' id='word_1_420' title='bbox 1042 2837 1233 2878; x_wconf 76' lang='lat' dir='ltr'><strong>Madvigius</strong></span> <span class='ocrx_word' id='word_1_421' title='bbox 1259 2837 1302 2876; x_wconf 86' lang='lat' dir='ltr'><strong>(in</strong></span> <span class='ocrx_word' id='word_1_422' title='bbox 1328 2835 1582 2876; x_wconf 81' lang='lat' dir='ltr'><strong>adnotatione):</strong></span> <span class='ocrx_word' id='word_1_423' title='bbox 1608 2845 1651 2867; x_wconf 66' lang='lat' dir='ltr'><strong>ea:</strong></span> <span class='ocrx_word' id='word_1_424' title='bbox 1674 2845 1756 2868; x_wconf 88' lang='lat' dir='ltr'><strong>cum</strong></span> <span class='ocrx_word' id='word_1_425' title='bbox 1780 2837 1932 2867; x_wconf 84' lang='lat' dir='ltr'><strong>Manutio</strong></span> 
     </span>
     <span class='ocr_line' id='line_1_44' title="bbox 176 2879 1931 2927; baseline 0.004 -18"><span class='ocrx_word' id='word_1_426' title='bbox 176 2879 261 2912; x_wconf 61' lang='lat'><strong>310:</strong></span> <span class='ocrx_word' id='word_1_427' title='bbox 287 2889 355 2912; x_wconf 90' lang='lat' dir='ltr'><strong>om.</strong></span> <span class='ocrx_word' id='word_1_428' title='bbox 381 2883 481 2914; x_wconf 88' lang='lat' dir='ltr'><strong>codd.</strong></span> <span class='ocrx_word' id='word_1_429' title='bbox 511 2901 545 2906; x_wconf 93' lang='lat'><em>-</em></span> <span class='ocrx_word' id='word_1_430' title='bbox 582 2887 633 2916; x_wconf 79' lang='lat'>¹5.</span> <span class='ocrx_word' id='word_1_431' title='bbox 659 2887 819 2926; x_wconf 78' lang='lat' dir='ltr'><strong>scriplum</strong></span> <span class='ocrx_word' id='word_1_432' title='bbox 843 2888 977 2926; x_wconf 78' lang='lat' dir='ltr'><strong>epistola</strong></span> <span class='ocrx_word' id='word_1_433' title='bbox 1004 2888 1026 2917; x_wconf 76' lang='grc' dir='ltr'>Β</span> <span class='ocrx_word' id='word_1_434' title='bbox 1051 2906 1093 2910; x_wconf 84' lang='lat'><strong>——</strong></span> <span class='ocrx_word' id='word_1_435' title='bbox 1127 2888 1178 2919; x_wconf 74' lang='lat'>46.</span> <span class='ocrx_word' id='word_1_436' title='bbox 1205 2888 1427 2927; x_wconf 67' lang='lat' dir='ltr'><strong>redaryuetur</strong></span> <span class='ocrx_word' id='word_1_437' title='bbox 1449 2888 1473 2917; x_wconf 89' lang='lat' dir='ltr'><strong>A</strong></span> <span class='ocrx_word' id='word_1_438' title='bbox 1489 2886 1513 2917; x_wconf 93' lang='lat' dir='ltr'>B</span> <span class='ocrx_word' id='word_1_439' title='bbox 1541 2904 1575 2908; x_wconf 97' lang='lat'><strong>—</strong></span> <span class='ocrx_word' id='word_1_440' title='bbox 1609 2895 1642 2917; x_wconf 81' lang='lat' dir='ltr'><strong>se</strong></span> <span class='ocrx_word' id='word_1_441' title='bbox 1664 2889 1709 2918; x_wconf 87' lang='lat' dir='ltr'><strong>A:</strong></span> <span class='ocrx_word' id='word_1_442' title='bbox 1736 2895 1801 2918; x_wconf 84' lang='lat' dir='ltr'><strong>sese</strong></span> <span class='ocrx_word' id='word_1_443' title='bbox 1824 2887 1931 2918; x_wconf 83' lang='lat' dir='ltr'><strong>BMo</strong></span> 
     </span>
     <span class='ocr_line' id='line_1_45' title="bbox 177 2931 1931 2981; baseline 0.003 -21"><span class='ocrx_word' id='word_1_444' title='bbox 177 2946 208 2951; x_wconf 85' lang='lat'><strong>——</strong></span> <span class='ocrx_word' id='word_1_445' title='bbox 228 2931 524 2981; x_wconf 68' lang='lat' dir='ltr'><strong>convincunturque</strong></span> <span class='ocrx_word' id='word_1_446' title='bbox 541 2936 718 2967; x_wconf 80' lang='lat' dir='ltr'><strong>Davisius:</strong></span> <span class='ocrx_word' id='word_1_447' title='bbox 747 2936 990 2976; x_wconf 67' lang='lat' dir='ltr'><strong>uinearumque</strong></span> <span class='ocrx_word' id='word_1_448' title='bbox 1006 2939 1032 2968; x_wconf 80' lang='grc' dir='ltr'>Α</span> <span class='ocrx_word' id='word_1_449' title='bbox 1046 2938 1070 2968; x_wconf 84' lang='grc' dir='ltr'><strong>Β</strong></span> <span class='ocrx_word' id='word_1_450' title='bbox 1086 2938 1109 2969; x_wconf 93' lang='lat' dir='ltr'>C</span> <span class='ocrx_word' id='word_1_451' title='bbox 1125 2938 1150 2968; x_wconf 86' lang='lat' dir='ltr'><em>O</em></span> <span class='ocrx_word' id='word_1_452' title='bbox 1166 2947 1171 2974; x_wconf 89' lang='grc'>;</span> <span class='ocrx_word' id='word_1_453' title='bbox 1197 2939 1466 2973; x_wconf 67' lang='lat' dir='ltr'><strong>moneantur-que</strong></span> <span class='ocrx_word' id='word_1_454' title='bbox 1482 2936 1508 2966; x_wconf 90' lang='lat' dir='ltr'>D</span> <span class='ocrx_word' id='word_1_455' title='bbox 1528 2952 1563 2957; x_wconf 90' lang='lat'>—</span> <span class='ocrx_word' id='word_1_456' title='bbox 1590 2936 1644 2966; x_wconf 72' lang='lat'>20.</span> <span class='ocrx_word' id='word_1_457' title='bbox 1664 2936 1749 2975; x_wconf 77' lang='lat' dir='ltr'><strong>Quid</strong></span> <span class='ocrx_word' id='word_1_458' title='bbox 1771 2936 1857 2966; x_wconf 83' lang='lat' dir='ltr'><strong>enim</strong></span> <span class='ocrx_word' id='word_1_459' title='bbox 1873 2935 1931 2966; x_wconf 79' lang='lat' dir='ltr'><strong>BE</strong></span> 
     </span>
     <span class='ocr_line' id='line_1_46' title="bbox 175 2978 1929 3032; baseline 0.005 -24"><span class='ocrx_word' id='word_1_460' title='bbox 175 2978 288 3032; x_wconf 35' lang='lat'>—.⁴.‘2.</span> <span class='ocrx_word' id='word_1_461' title='bbox 314 2981 388 3020; x_wconf 85' lang='lat' dir='ltr'><strong>sese]</strong></span> <span class='ocrx_word' id='word_1_462' title='bbox 412 2991 444 3013; x_wconf 82' lang='lat' dir='ltr'><strong>se</strong></span> <span class='ocrx_word' id='word_1_463' title='bbox 467 2984 490 3014; x_wconf 90' lang='lat' dir='ltr'>B</span> <span class='ocrx_word' id='word_1_464' title='bbox 516 2986 596 3021; x_wconf 73' lang='lat' dir='ltr'><strong>&lt;non</strong></span> <span class='ocrx_word' id='word_1_465' title='bbox 621 2985 656 3024; x_wconf 63' lang='lat' dir='ltr'><strong>li)</strong></span> <span class='ocrx_word' id='word_1_466' title='bbox 682 3004 723 3007; x_wconf 97' lang='lat'><strong>—</strong></span> <span class='ocrx_word' id='word_1_467' title='bbox 747 2989 842 3017; x_wconf 77' lang='lat' dir='ltr'><strong>lanta</strong></span> <span class='ocrx_word' id='word_1_468' title='bbox 865 2987 948 3017; x_wconf 70' lang='lat' dir='ltr'><strong>AB:</strong></span> <span class='ocrx_word' id='word_1_469' title='bbox 975 2990 1069 3018; x_wconf 78' lang='lat' dir='ltr'><strong>tanta</strong></span> <span class='ocrx_word' id='word_1_470' title='bbox 1093 2995 1158 3017; x_wconf 81' lang='lat' dir='ltr'><strong>esse</strong></span> <span class='ocrx_word' id='word_1_471' title='bbox 1175 2988 1199 3017; x_wconf 89' lang='lat'>0</span> <span class='ocrx_word' id='word_1_472' title='bbox 1226 3003 1260 3007; x_wconf 98' lang='lat'><strong>—</strong></span> <span class='ocrx_word' id='word_1_473' title='bbox 1288 2985 1340 3017; x_wconf 73' lang='lat'>⁶24.</span> <span class='ocrx_word' id='word_1_474' title='bbox 1368 2984 1418 3025; x_wconf 85' lang='lat' dir='ltr'><strong>ea]</strong></span> <span class='ocrx_word' id='word_1_475' title='bbox 1443 2986 1472 3016; x_wconf 76' lang='lat' dir='ltr'><strong>ei</strong></span> <span class='ocrx_word' id='word_1_476' title='bbox 1495 2985 1518 3016; x_wconf 85' lang='grc' dir='ltr'>Β</span> <span class='ocrx_word' id='word_1_477' title='bbox 1546 3002 1580 3007; x_wconf 84' lang='lat'>-</span> <span class='ocrx_word' id='word_1_478' title='bbox 1604 2985 1825 3025; x_wconf 77' lang='lat' dir='ltr'><strong>philosophiae</strong></span> <span class='ocrx_word' id='word_1_479' title='bbox 1848 2994 1929 3016; x_wconf 85' lang='lat' dir='ltr'><strong>nos:</strong></span> 
     </span>
     <span class='ocr_line' id='line_1_47' title="bbox 169 3027 1930 3074; baseline 0.005 -18"><span class='ocrx_word' id='word_1_480' title='bbox 169 3027 347 3067; x_wconf 69' lang='lat' dir='ltr'><strong>philosophi</strong></span> <span class='ocrx_word' id='word_1_481' title='bbox 372 3033 416 3068; x_wconf 85' lang='lat' dir='ltr'><strong>A;</strong></span> <span class='ocrx_word' id='word_1_482' title='bbox 439 3033 641 3073; x_wconf 77' lang='lat' dir='ltr'><strong>philosophia</strong></span> <span class='ocrx_word' id='word_1_483' title='bbox 664 3035 777 3066; x_wconf 82' lang='lat' dir='ltr'>BMO.</span> <span class='ocrx_word' id='word_1_484' title='bbox 806 3035 855 3066; x_wconf 81' lang='lat' dir='ltr'><strong>Ct&#39;.</strong></span> <span class='ocrx_word' id='word_1_485' title='bbox 874 3036 892 3074; x_wconf 65' lang='lat' dir='ltr'><strong>g</strong></span> <span class='ocrx_word' id='word_1_486' title='bbox 910 3038 962 3067; x_wconf 71' lang='lat'><strong>80.</strong></span> <span class='ocrx_word' id='word_1_487' title='bbox 986 3054 1020 3058; x_wconf 92' lang='lat'><strong>—</strong></span> <span class='ocrx_word' id='word_1_488' title='bbox 1048 3038 1099 3068; x_wconf 69' lang='lat'>25.</span> <span class='ocrx_word' id='word_1_489' title='bbox 1127 3046 1147 3067; x_wconf 85' lang='lat' dir='ltr'><strong>a</strong></span> <span class='ocrx_word' id='word_1_490' title='bbox 1174 3037 1363 3067; x_wconf 83' lang='lat' dir='ltr'><strong>Manutius:</strong></span> <span class='ocrx_word' id='word_1_491' title='bbox 1390 3044 1459 3066; x_wconf 89' lang='lat' dir='ltr'><strong>om.</strong></span> <span class='ocrx_word' id='word_1_492' title='bbox 1487 3035 1589 3066; x_wconf 88' lang='lat' dir='ltr'><strong>codd.</strong></span> <span class='ocrx_word' id='word_1_493' title='bbox 1615 3053 1658 3058; x_wconf 85' lang='lat'>—</span> <span class='ocrx_word' id='word_1_494' title='bbox 1681 3036 1734 3067; x_wconf 67' lang='lat'>026.</span> <span class='ocrx_word' id='word_1_495' title='bbox 1759 3038 1789 3066; x_wconf 83' lang='lat' dir='ltr'><strong>el</strong></span> <span class='ocrx_word' id='word_1_496' title='bbox 1810 3034 1930 3074; x_wconf 74' lang='lat' dir='ltr'><strong>multis]</strong></span> 
     </span>
     <span class='ocr_line' id='line_1_48' title="bbox 172 3076 1929 3125; baseline 0.005 -20"><span class='ocrx_word' id='word_1_497' title='bbox 172 3076 280 3107; x_wconf 80' lang='lat' dir='ltr'><strong>mullis</strong></span> <span class='ocrx_word' id='word_1_498' title='bbox 301 3081 329 3108; x_wconf 85' lang='lat' dir='ltr'><strong>el</strong></span> <span class='ocrx_word' id='word_1_499' title='bbox 354 3078 377 3109; x_wconf 89' lang='lat' dir='ltr'>E</span> <span class='ocrx_word' id='word_1_500' title='bbox 397 3097 430 3103; x_wconf 86' lang='lat'>—</span> <span class='ocrx_word' id='word_1_501' title='bbox 457 3081 509 3113; x_wconf 69' lang='lat'>27.</span> <span class='ocrx_word' id='word_1_502' title='bbox 535 3083 684 3124; x_wconf 65' lang='lat' dir='ltr'><strong>breviter]</strong></span> <span class='ocrx_word' id='word_1_503' title='bbox 710 3084 841 3115; x_wconf 76' lang='lat' dir='ltr'><strong>licenter</strong></span> <span class='ocrx_word' id='word_1_504' title='bbox 866 3086 888 3116; x_wconf 81' lang='lat' dir='ltr'>B</span> <span class='ocrx_word' id='word_1_505' title='bbox 910 3104 941 3107; x_wconf 92' lang='lat'><strong>—-</strong></span> <span class='ocrx_word' id='word_1_506' title='bbox 970 3090 1144 3125; x_wconf 76' lang='lat' dir='ltr'><strong>aperteque</strong></span> <span class='ocrx_word' id='word_1_507' title='bbox 1168 3087 1191 3116; x_wconf 81' lang='grc' dir='ltr'><strong>Β</strong></span> <span class='ocrx_word' id='word_1_508' title='bbox 1208 3086 1231 3116; x_wconf 77' lang='grc' dir='ltr'>Ε</span> <span class='ocrx_word' id='word_1_509' title='bbox 1246 3088 1287 3116; x_wconf 71' lang='lat' dir='ltr'><strong>(it</strong></span> <span class='ocrx_word' id='word_1_510' title='bbox 1316 3088 1454 3124; x_wconf 79' lang='lat' dir='ltr'><strong>apteque</strong></span> <span class='ocrx_word' id='word_1_511' title='bbox 1476 3086 1502 3116; x_wconf 89' lang='lat' dir='ltr'><strong>A</strong></span> <span class='ocrx_word' id='word_1_512' title='bbox 1517 3086 1542 3116; x_wconf 93' lang='lat' dir='ltr'>O</span> <span class='ocrx_word' id='word_1_513' title='bbox 1563 3102 1598 3109; x_wconf 93' lang='lat'><strong>—</strong></span> <span class='ocrx_word' id='word_1_514' title='bbox 1624 3086 1677 3116; x_wconf 72' lang='lat'>28.</span> <span class='ocrx_word' id='word_1_515' title='bbox 1697 3085 1775 3124; x_wconf 80' lang='lat' dir='ltr'><strong>quid</strong></span> <span class='ocrx_word' id='word_1_516' title='bbox 1798 3086 1882 3116; x_wconf 77' lang='lat' dir='ltr'><strong>enim</strong></span> <span class='ocrx_word' id='word_1_517' title='bbox 1906 3084 1929 3114; x_wconf 88' lang='lat' dir='ltr'>B</span> 
     </span>
     <span class='ocr_line' id='line_1_49' title="bbox 177 3126 1933 3173; baseline 0.004 -17"><span class='ocrx_word' id='word_1_518' title='bbox 177 3143 208 3147; x_wconf 71' lang='lat'>—</span> <span class='ocrx_word' id='word_1_519' title='bbox 229 3126 279 3157; x_wconf 87' lang='lat'>30.</span> <span class='ocrx_word' id='word_1_520' title='bbox 304 3128 391 3159; x_wconf 64' lang='lat' dir='ltr'><strong>Nam</strong></span> <span class='ocrx_word' id='word_1_521' title='bbox 414 3132 492 3169; x_wconf 75' lang='lat' dir='ltr'><strong>quid</strong></span> <span class='ocrx_word' id='word_1_522' title='bbox 516 3133 539 3163; x_wconf 91' lang='lat' dir='ltr'>B</span> <span class='ocrx_word' id='word_1_523' title='bbox 564 3151 594 3155; x_wconf 83' lang='lat'><strong>-—</strong></span> <span class='ocrx_word' id='word_1_524' title='bbox 623 3134 674 3164; x_wconf 75' lang='lat'>233.</span> <span class='ocrx_word' id='word_1_525' title='bbox 701 3142 775 3164; x_wconf 82' lang='lat' dir='ltr'><strong>cum</strong></span> <span class='ocrx_word' id='word_1_526' title='bbox 792 3142 861 3165; x_wconf 90' lang='lat' dir='ltr'><strong>om.</strong></span> <span class='ocrx_word' id='word_1_527' title='bbox 882 3135 905 3165; x_wconf 93' lang='lat' dir='ltr'>B</span> <span class='ocrx_word' id='word_1_528' title='bbox 927 3153 959 3157; x_wconf 82' lang='lat'>—</span> <span class='ocrx_word' id='word_1_529' title='bbox 988 3136 1039 3167; x_wconf 69' lang='lat'>3³3.</span> <span class='ocrx_word' id='word_1_530' title='bbox 1067 3136 1211 3167; x_wconf 78' lang='lat' dir='ltr'><strong>sancllal</strong></span> <span class='ocrx_word' id='word_1_531' title='bbox 1233 3137 1277 3171; x_wconf 78' lang='lat' dir='ltr'><strong>A3</strong></span> <span class='ocrx_word' id='word_1_532' title='bbox 1304 3136 1459 3166; x_wconf 77' lang='lat' dir='ltr'><strong>sanctitat</strong></span> <span class='ocrx_word' id='word_1_533' title='bbox 1481 3136 1504 3167; x_wconf 93' lang='lat' dir='ltr'><strong>B</strong></span> <span class='ocrx_word' id='word_1_534' title='bbox 1531 3152 1566 3157; x_wconf 91' lang='lat'>—</span> <span class='ocrx_word' id='word_1_535' title='bbox 1593 3135 1647 3166; x_wconf 87' lang='lat'>36.</span> <span class='ocrx_word' id='word_1_536' title='bbox 1671 3134 1933 3173; x_wconf 77' lang='lat' dir='ltr'><strong>Amynomachus</strong></span> 
     </span>
    </p>
   </div>
   <div class='ocr_carea' id='block_1_5' title="bbox 172 3175 1930 3265">
    <p class='ocr_par' dir='ltr' id='par_1_6' title="bbox 172 3175 1930 3265">
     <span class='ocr_line' id='line_1_50' title="bbox 173 3175 1930 3265; baseline 0.005 -59"><span class='ocrx_word' id='word_1_537' title='bbox 173 3175 526 3265; x_wconf 45' lang='lat' dir='ltr'><strong>BlClt]aitnint02nachus</strong></span> <span class='ocrx_word' id='word_1_538' title='bbox 550 3184 571 3214; x_wconf 84' lang='lat' dir='ltr'>A</span> <span class='ocrx_word' id='word_1_539' title='bbox 590 3183 634 3214; x_wconf 87' lang='lat' dir='ltr'><strong>D:</strong></span> <span class='ocrx_word' id='word_1_540' title='bbox 662 3184 911 3215; x_wconf 79' lang='lat' dir='ltr'><strong>antinomachus</strong></span> <span class='ocrx_word' id='word_1_541' title='bbox 935 3185 1038 3217; x_wconf 80' lang='lat' dir='ltr'><strong>codd.</strong></span> <span class='ocrx_word' id='word_1_542' title='bbox 1066 3186 1150 3218; x_wconf 83' lang='lat' dir='ltr'><strong>dett.</strong></span> <span class='ocrx_word' id='word_1_543' title='bbox 1172 3201 1206 3209; x_wconf 91' lang='lat'><strong>-—</strong></span> <span class='ocrx_word' id='word_1_544' title='bbox 1235 3184 1283 3225; x_wconf 83' lang='lat' dir='ltr'><strong>dc]</strong></span> <span class='ocrx_word' id='word_1_545' title='bbox 1301 3186 1345 3216; x_wconf 84' lang='lat' dir='ltr'><strong>ad</strong></span> <span class='ocrx_word' id='word_1_546' title='bbox 1369 3186 1392 3217; x_wconf 94' lang='lat' dir='ltr'><strong>B</strong></span> <span class='ocrx_word' id='word_1_547' title='bbox 1413 3202 1447 3207; x_wconf 87' lang='lat'><strong>—-</strong></span> <span class='ocrx_word' id='word_1_548' title='bbox 1474 3184 1528 3217; x_wconf 82' lang='lat'>40.</span> <span class='ocrx_word' id='word_1_549' title='bbox 1554 3186 1617 3217; x_wconf 75' lang='lat' dir='ltr'><strong>sinc</strong></span> <span class='ocrx_word' id='word_1_550' title='bbox 1641 3187 1666 3216; x_wconf 67' lang='lat' dir='ltr'><strong>A</strong></span> <span class='ocrx_word' id='word_1_551' title='bbox 1681 3186 1724 3216; x_wconf 77' lang='lat' dir='ltr'><strong>Bt</strong></span> <span class='ocrx_word' id='word_1_552' title='bbox 1750 3188 1823 3216; x_wconf 79' lang='lat' dir='ltr'><strong>sunl</strong></span> <span class='ocrx_word' id='word_1_553' title='bbox 1847 3184 1871 3215; x_wconf 89' lang='lat' dir='ltr'>E</span> <span class='ocrx_word' id='word_1_554' title='bbox 1888 3199 1930 3205; x_wconf 72' lang='lat'>—</span> 
     </span>
     <span class='ocr_line' id='line_1_51' title="bbox 172 3234 428 3261; baseline 0.023 -6"><span class='ocrx_word' id='word_1_555' title='bbox 172 3234 192 3255; x_wconf 86' lang='lat' dir='ltr'><strong>u</strong></span> <span class='ocrx_word' id='word_1_556' title='bbox 229 3234 244 3257; x_wconf 82' lang='lat' dir='ltr'><strong>e</strong></span> <span class='ocrx_word' id='word_1_557' title='bbox 290 3236 306 3258; x_wconf 82' lang='lat' dir='ltr'><strong>e</strong></span> <span class='ocrx_word' id='word_1_558' title='bbox 341 3237 364 3259; x_wconf 87' lang='lat' dir='ltr'><strong>u</strong></span> <span class='ocrx_word' id='word_1_559' title='bbox 423 3254 428 3261; x_wconf 92' lang='lat'>.</span> 
     </span>
    </p>
   </div>
  </div>
 </body>
</html>
