2249 3624
452 137 540 176 Lm.
571 137 621 175 11.
663 135 756 176 (ΠΛΡ.
789 136 1153 176 XXIV—XXVI.
1190 134 1249 189 §§
1282 134 1473 177 61-66.
1762 134 1843 176 4⁴9

80 244 160 291 las;
205 242 426 282 caelestem
464 241 574 281 enim
617 241 857 281 altissimam
898 243 1213 296 aetheriamque
1255 248 1463 290 naturam,
1499 242 1539 282 id
1572 249 1634 282 est
1664 243 1844 295 igneam,

83 319 189 360 quae
218 318 292 358 per
322 317 413 344 sese
445 304 583 343 onmia
615 304 824 356 gigneret,
858 317 1002 343 vacare
1035 305 1257 344 voluerunt
1288 318 1334 345 ca
1358 312 1474 358 parte
1497 306 1705 358 corporis,
1738 318 1844 359 quae

82 367 374 408 coniunctione
414 366 587 406 alterius
628 372 769 417 egeret
809 366 860 405 ad
903 367 1218 419 procreandum.
1288 369 1415 407 xxV.
1451 370 1673 408 Saturnum
1706 374 1844 407 autem

82 443 173 470 eum
206 442 297 469 esse
328 429 571 473 voluerunt,
611 429 681 481 qui
725 442 889 468 cursum
925 436 963 468 et
996 430 1310 470 couversionem
1349 431 1575 483 spatiorum
1607 444 1653 469 ae
1685 435 1846 482 tempo-

80 506 168 532 rum
200 492 452 537 contineret,
489 493 560 544 qui
595 491 698 529 deus
731 492 887 529 (lraece
920 491 958 530 id
993 492 1129 543 ipsum
1163 506 1313 531 nomeu
1346 492 1493 538 liabet3
1534 491 1704 544 Κρόνος
1733 492 1876 532 enims

79 555 245 599 dicitur,
283 554 354 606 qui
381 559 442 592 est
472 554 580 592 idem
613 553 784 603 mvuiiog
830 553 869 591 id
903 560 963 592 est
996 555 1172 606 spatium
1206 555 1420 607 timporis.
1472 556 1674 594 Saturnus
1706 561 1843 594 autem

79 622 140 657 est
169 616 424 668 appellatus,
447 616 616 686 ‘quods
600 623 712 655 suui·
716 623 854 655 uetur
879 617 1021 657 ¹inuis:
1055 630 1105 654 ex
1138 630 1180 655 se
1213 618 1324 656 euim
1357 623 1477 656 natos
1509 630 1696 657 comesse
1729 615 1846 669 fingi-

78 684 143 718 tur
177 678 340 724 solitus,
384 678 484 731 quia
525 679 733 717 consumit
774 684 887 717 aetas
929 683 1163 730 temporum
1205 680 1337 731 spatia
1370 680 1578 732 annisque
1611 680 1845 732 praeteritis

78 740 404 780 insaturabiliter
445 741 651 793 expletur,
695 741 856 779 vinctus
897 747 1036 780 autem
1076 754 1097 779 a
1143 742 1261 787 love,
1302 754 1353 780 ne
1386 741 1671 781 inmoderatos
1702 754 1846 781 cursus

75 802 246 842 haberet
276 808 401 856 atque
432 809 478 842 ut
509 817 602 843 eum
636 803 818 842 siderum
852 803 1000 842 vinclis
1032 802 1236 851 alligaret.
1289 803 1370 842 Sed
1402 804 1492 855 ipse
1516 804 1687 856 Iupiter,
1719 804 1761 844 id
1784 809 1896 845 estio

74 864 220 904 iuvans
261 871 399 917 pater,
440 879 565 918 quem
604 865 815 905 conversis
854 865 1019 904 casibus
1060 865 1322 917 appellamus
1361 878 1384 904 a
1416 866 1599 905 iuvando
1631 867 1790 914 lovem,
1823 879 1846 907 a

73 929 208 981 poetis
243 934 386 980 «pater
407 928 637 981 divumque
661 928 988 980 hominumque»
1025 926 1192 970 dicitur,
1225 940 1248 966 a
1282 927 1507 966 maioribus
1534 934 1671 968 autem
1690 930 1845 969 nostris

75 996 269 1044 optumus
310 1003 554 1035 maxumus,
598 996 637 1029 et
670 990 841 1043 quidem
873 996 968 1029 ante
1000 995 1217 1043 optumus,
1257 989 1297 1027 id
1332 995 1394 1028 est
1424 988 1845 1038 beneficentissimus,

77 1065 199 1107 quam
233 1065 475 1099 maxumus,
508 1053 607 1106 quia
640 1054 770 1092 maius
796 1058 857 1092 est
879 1058 1076 1105 certeque
1100 1052 1258 1103 gratius
1282 1052 1482 1104 prodesse
1504 1053 1696 1092 omnibus
1720 1066 1845 1106 quam

75 1129 174 1168 opes
208 1128 377 1168 magnas
408 1115 577 1155 habere.
636 1114 703 1154 65.
735 1115 857 1154 Hunc
888 1115 1012 1168 igitur
1041 1114 1224 1162 Ennius,
1256 1120 1302 1153 ut
1332 1127 1459 1167 supra
1490 1114 1601 1161 dixi,
1633 1121 1897 1169 nuncupatis

73 1178 130 1218 ita
160 1177 327 1225 dicens,

239 1240 431 1294 Aspice
468 1239 560 1280 hoc
590 1239 866 1280 sublimen
897 1239 1156 1286 candens,
1196 1253 1344 1293 quem
1376 1239 1638 1279 invocant
1669 1252 1846 1281 omnes

1036 1303 1239 1342 Iovem:

74 1365 238 1420 planius
270 1378 396 1419 quam
427 1365 510 1405 alio
540 1365 635 1405 loco
666 1365 799 1413 idem,

240 1428 356 1477 Cui,
404 1428 546 1482 quod
591 1428 643 1468 in
690 1442 763 1468 me
810 1433 909 1476 est,
957 1427 1289 1468 exsecrabor
1332 1427 1444 1475 hoc,
1492 1431 1627 1479 quod
1674 1429 1897 1478 lucet,20

1028 1490 1301 1544 quicquid
1334 1497 1443 1531 est:

70 1555 183 1596 hunc
213 1553 338 1594 etiam
371 1566 548 1606 augures
578 1552 733 1600 nostri,
779 1566 871 1593 cum
904 1553 1050 1593 dicunt
1087 1554 1182 1592 love
1213 1552 1423 1606 fulgente,
1462 1560 1662 1596 tonante:
1703 1556 1848 1597 dicunt

73 1617 182 1658 enim
215 1616 330 1657 caelo
361 1616 568 1669 fulgente,
598 1621 784 1656 tonante.
834 1615 1058 1669 Euripides
1090 1620 1248 1663 autem,
1280 1622 1325 1656 ut
1356 1617 1484 1658 multa
1516 1619 1755 1672 praeclare,
1787 1619 1847 1660 sic

70 1681 149 1722 hoc
185 1675 427 1734 [breviter]:

237 1742 392 1782 Vides
423 1741 655 1782 sublime
686 1740 877 1788 fusum,
909 1741 1304 1781 inmoderatum
1336 1743 1579 1793 aethera,
1858 1759 1896 1791 25

239 1805 342 1853 Qui
373 1810 570 1844 terram
602 1810 795 1844 tenero
829 1805 1175 1844 circumiectu
1206 1804 1581 1857 amplectitur?

239 1868 384 1908 Hunc
416 1881 660 1907 summum
692 1867 885 1907 habeto
921 1866 1108 1914 divum,
1139 1866 1274 1907 hunc
1307 1868 1592 1920 perhibeto
1624 1871 1805 1911 Iovem.

70 1931 220 1971 XXVI.
253 1929 319 1970 66.
358 1931 440 1970 Aer
479 1936 640 1977 autem,
686 1935 733 1969 ut
774 1930 903 1969 Stoici
945 1929 1182 1982 disputant,
1228 1931 1472 1970 interiectus
1512 1932 1620 1972 inter
1659 1946 1773 1973 mare
1805 1938 1846 1973 et

71 1993 229 2033 caelum
266 1993 439 2033 Iunonis
480 1993 649 2033 nomine
691 1998 980 2039 consecratur,
1027 2005 1134 2046 quae
1176 1997 1239 2032 est
1279 2006 1397 2032 soror
1428 1998 1469 2033 et
1499 1996 1684 2036 coniunx
1716 1995 1842 2043 Iovis,

71 2056 181 2110 quod
212 2055 249 2094 ei
281 2055 508 2095 similitudo
541 2061 604 2095 est
634 2055 814 2095 aetheris
848 2061 888 2096 et
919 2069 1012 2095 cum
1044 2068 1092 2095 eo
1124 2068 1285 2095 summa
1317 2056 1570 2097 coniunctio.
1621 2058 1893 2102 Effeminat-³0

69 2124 165 2158 runt
196 2123 335 2158 autem
367 2131 462 2158 eum
496 2118 730 2171 Iunonique
761 2118 1017 2165 tribuerunt,
1060 2118 1173 2170 quod
1209 2117 1315 2157 nihil
1347 2122 1410 2157 est
1441 2132 1490 2158 eo
1522 2120 1702 2160 mollius.
1761 2121 1843 2160 Sed

69 2182 270 2221 Iunonem
301 2194 326 2221 a
356 2180 537 2221 iuvando
569 2182 692 2221 credo
715 2181 985 2220 nominatam.
1033 2181 1153 2234 Aqua
1183 2180 1366 2220 restabat
1395 2187 1436 2221 et
1464 2187 1596 2230 terra,
1628 2188 1671 2222 ut
1702 2188 1844 2223 essent

155 2368 186 2400 l.
212 2367 380 2399 caelestem
404 2367 599 2398 altissimam
615 2384 664 2389 --
683 2367 726 2398 ad
746 2367 992 2407 procreandum
1016 2367 1214 2399 Lactantius
1239 2367 1323 2399 lnst.
1342 2368 1372 2405 Ι,
1394 2368 1445 2399 42.
1467 2385 1501 2390 —
1520 2369 1694 2401 caelestum
1717 2371 1743 2401 A
1758 2370 1782 2402 E
1802 2388 1837 2393 —

70 2417 100 2450 3.
126 2418 297 2459 affirmant
320 2425 393 2448 eum
417 2426 482 2448 esse
505 2417 705 2455 Saturnum,
733 2418 789 2456 qui
814 2427 946 2449 cursum
964 2435 1011 2441 --
1028 2419 1168 2449 cominet
1184 2426 1322 2457 eumque
1337 2427 1457 2458 graece
1472 2435 1521 2441 --
1536 2420 1666 2451 habere.
1693 2417 1841 2465 Κρόνος

69 2467 151 2499 enim
181 2468 321 2506 dicitur,
355 2467 440 2506 quod
471 2470 515 2498 est
543 2467 628 2498 idem
658 2467 744 2505 quod
776 2465 932 2511 χρόνος,
959 2471 1192 2499 --εαίῑιιέιαν
1215 2469 1312 2499 annis
1338 2469 1534 2500 Lactantius
1560 2471 1642 2501 Inst.
1668 2470 1692 2506 Ι,
1720 2471 1774 2502 42.
1802 2488 1836 2492 —

70 2516 100 2549 4.
124 2519 410 2549 conversacionem
434 2517 458 2548 P
479 2534 513 2539 —-
541 2517 572 2547 5.
600 2526 716 2548 cronos
740 2518 765 2548 Α
781 2519 803 2549 Β
819 2520 841 2550 P
856 2519 904 2555 νς
932 2527 1050 2549 oronos
1075 2518 1122 2552 C:
1149 2526 1266 2549 orones
1289 2518 1313 2549 E
1334 2534 1368 2540 -—
1397 2518 1426 2549 6.
1454 2519 1590 2549 chronos
1613 2517 1642 2551 Q(
1666 2538 1708 2542 —
1732 2520 1763 2551 8.
1782 2528 1841 2552 ae-

70 2568 149 2598 tates
174 2567 252 2607 (ates
274 2567 308 2597 in
333 2566 463 2605 rasura}
484 2567 506 2597 B
529 2584 562 2588 —
591 2568 642 2598 1¹0.
669 2568 811 2607 iuppiter
827 2569 851 2599 B
867 2569 891 2599 C
914 2584 948 2590 —
977 2569 1028 2599 tl.
1051 2571 1150 2607 paler
1172 2576 1267 2607 quem
1292 2568 1316 2599 C
1332 2567 1356 2598 E
1372 2569 1394 2598 P
1420 2569 1453 2600 et
1477 2577 1599 2608 margo
1617 2569 1664 2599 V:
1686 2573 1840 2609 partem-

70 2624 128 2656 que
152 2618 199 2653 Α;
230 2619 328 2656 pater
350 2625 436 2656 quae
460 2617 483 2647 B
499 2616 525 2646 V
552 2617 710 2656 (utraque
739 2626 803 2649 vox
829 2619 863 2649 in
888 2618 916 2648 V
941 2626 1040 2649 erasa
1067 2619 1138 2655 est,
1173 2618 1207 2648 in
1232 2618 1255 2648 B
1288 2618 1379 2648 inter
1403 2627 1424 2648 α
1449 2620 1483 2649 et
1507 2621 1518 2648 t
1542 2617 1654 2649 littera
1679 2628 1778 2651 erasa
1805 2621 1841 2652 et

11 2690 13 2694 .
70 2674 108 2697 ae
130 2667 163 2698 in
187 2665 206 2697 ἔ
232 2666 335 2705 corr.)
374 2683 409 2688 —
444 2666 635 2697 adiuuando
669 2667 799 2707 (priore
825 2669 845 2699 d
870 2668 986 2706 erasa)
1013 2669 1036 2699 B
1068 2685 1110 2690 —-
1147 2668 1197 2698 ⁴2.
1225 2668 1400 2706 diuomque
1426 2668 1474 2704 B;
1512 2668 1726 2709 diuinwmque
1748 2671 1772 2702 P
1799 2688 1835 2699 .—

12 2707 15 2747 l
71 2715 120 2747 ⁴3.
146 2725 325 2748 maxumus
349 2724 525 2756 superscr.
554 2725 689 2756 musque
712 2718 740 2748 V
767 2736 802 2740 —
829 2718 862 2748 id
885 2721 931 2749 est
955 2717 1033 2750 ead.
1061 2726 1108 2749 m.
1136 2726 1313 2757 superser.
1341 2718 1374 2747 in
1398 2717 1446 2751 B;
1474 2726 1544 2748 om.
1569 2718 1592 2749 C
1621 2736 1654 2740 —
1683 2720 1736 2751 47.
1761 2719 1840 2751 sub-

14 2766 16 2771 '
69 2764 141 2797 lime
162 2764 192 2798 Qt
216 2767 372 2806 (suplime
396 2767 432 2803 Β,
459 2767 619 2806 supplime
643 2768 677 2806 P)
701 2768 737 2798 O.
777 2767 861 2799 Vide
889 2768 906 2807 g
932 2767 963 2799 4.
994 2786 1027 2790 —
1061 2767 1113 2798 49.
1138 2767 1272 2806 planius
1295 2775 1395 2806 quam
1419 2767 1465 2797 B:
1493 2768 1627 2806 planius
1650 2777 1745 2808 quem
1768 2769 1838 2801 AV

16 2829 19 2840 .
70 2815 114 2853 (in
136 2816 164 2845 V
188 2815 249 2848 litt.
275 2825 319 2849 m.
348 2816 554 2857 expuncta);
590 2817 788 2856 planiusque
818 2818 864 2855 E;
902 2818 1093 2857 Pleniusque
1126 2817 1149 2848 C
1185 2834 1218 2838 —
1258 2817 1311 2847 ⁶20.
1338 2817 1422 2847 lucet
1453 2824 1544 2847 corr.
1573 2825 1614 2848 ex
1644 2817 1717 2850 licet
1742 2818 1772 2849 V
1798 2836 1834 2841 -

17 2889 21 2896 .
69 2864 120 2896 22.
143 2866 218 2897 ioue
241 2864 383 2906 fulyenle
405 2869 436 2897 et
458 2869 593 2897 tonante
617 2868 661 2900 13:
690 2867 797 2899 ionem
819 2868 996 2908 fulqentem
1020 2871 1185 2900 tonantem
1211 2870 1233 2900 Ρ
1260 2885 1294 2889 -
1324 2868 1374 2899 23.
1402 2868 1491 2899 caelo
1516 2869 1557 2899 B:
1585 2869 1652 2900 celo
1675 2878 1765 2901 corr.
1785 2879 1834 2902 m.

19 2946 22 2953 ,
70 2922 141 2950 sec.
165 2924 207 2946 ex
235 2916 316 2946 melo
348 2918 393 2953 A3
429 2916 512 2947 melo
537 2917 560 2947 C
579 2917 679 2948 EPV
707 2934 741 2939 -
778 2918 920 2958 fulgente
947 2921 1081 2949 tonante
1105 2919 1151 2950 E:
1188 2919 1355 2958 sulycntae
1383 2922 1538 2950 lomaniae
1560 2920 1606 2955 A;
1640 2919 1785 2960 fulyente
1807 2923 1839 2952 et

20 2960 24 3014 i
70 2967 198 2997 tonante
219 2965 363 2997 BCPV
389 2983 423 2987 —
455 2967 642 3006 eurippides
664 2968 772 2999 ACV
805 2985 839 2990 —
878 2967 930 2999 ⁶24.
958 2968 1099 2999 ὸνθιίίθι·
1122 2967 1249 3000 seclusi
1281 2977 1361 2999 cuin
1387 2969 1526 3000 Daxisio
1557 2970 1591 3000 et
1617 2969 1833 3002 Heindorfio.

22 3023 25 3060 ξ
74 3031 108 3036 -
133 3015 186 3047 26
212 3018 320 3047 tenero
344 3019 469 3047 terram
493 3017 517 3048 O
546 3034 580 3039 —
607 3017 828 3048 circumnectit
851 3018 876 3049 E
904 3034 937 3040 -
965 3018 1018 3049 ⁶27
1042 3018 1186 3058 peribeto
1211 3020 1399 3059 (superscr.
1417 3018 1446 3057 h)
1465 3019 1492 3049 A
1512 3035 1547 3040 —
1573 3018 1626 3050 ⁶28.
1644 3019 1711 3050 Δεῖν
1725 3023 1837 3051 autem

22 3048 27 3101 l
73 3065 336 3096 ——riominatam
361 3066 404 3105 (v
423 3066 475 3104 32)
502 3065 636 3098 Probus
661 3066 773 3099 Schol.
801 3068 834 3098 in
857 3067 986 3108 Vergil.
1012 3067 1131 3099 Bucol.
1158 3076 1191 3108 p
1213 3067 1252 3098 42
1278 3067 1333 3098 ed
1353 3066 1436 3098 Keil.
1466 3084 1501 3089 —
1527 3067 1580 3099 29.
1599 3070 1747 3100 coniunoe
1769 3069 1834 3101 BC

24 3106 29 3178 ’1
74 3112 137 3144 Ev
162 3117 196 3146 et
218 3115 374 3147 Probus:
401 3116 525 3147 coniux
547 3117 601 3148 AO
639 3134 673 3138 —
708 3118 760 3148 30.
787 3118 815 3148 ei
839 3117 996 3149 Probus:
1029 3121 1059 3148 et
1082 3116 1111 3149 ⁵21
1139 3135 1172 3140 —
1200 3119 1246 3148 est
1269 3117 1356 3147 aeris
1378 3119 1406 3147 et
1430 3115 1578 3149 Probus.
1604 3135 1639 3140 —
1666 3118 1838 3158 effemina—

27 3193 30 3215 1
75 3160 191 3194 ueram
206 3165 246 3201 Β;
273 3165 497 3204 effeminarene
514 3167 537 3196 P
565 3183 600 3189 -—
628 3166 679 3198 31,
699 3170 745 3197 est
761 3175 829 3198 om.
853 3167 876 3198 C
897 3183 933 3189 —
953 3167 1000 3206 eo]
1025 3167 1080 3197 illo
1098 3166 1245 3199 Probus.
1266 3183 1300 3187 -
1322 3164 1436 3197 Malim
1453 3166 1596 3204 mollius,
1622 3170 1650 3198 et
1665 3167 1834 3206 Iunonem,

28 3217 32 3255 ᾖ
75 3211 138 3244 nisi
154 3214 265 3246 totum
288 3214 354 3246 hoc
379 3213 479 3246 colon
498 3215 561 3246 Sed
582 3216 737 3247 Iunonem
754 3233 802 3238 --
819 3217 1025 3247 nominatam
1049 3217 1235 3250 insiticium
1261 3217 1325 3247 est.
1354 3233 1390 3238 —
1417 3215 1469 3248 32.
1495 3216 1666 3249 aiuuando
1690 3225 1781 3249 corr.
1800 3217 1835 3248 in

29 3257 33 3298 l
77 3261 264 3295 adiuuando
287 3266 332 3303 A;
358 3265 552 3297 adiuuando
576 3273 666 3298 corr.
692 3265 727 3297 in
749 3274 772 3297 a
794 3265 941 3298 iuuando
964 3266 1001 3298 B.

31 3314 34 3343 l

32 3351 35 3378 l
