2249 3624
663 180 751 220 Lm.
774 182 823 220 11.
867 181 963 222 CAP.
986 183 1168 224 lx—X.
1211 183 1271 236 §§
1294 182 1488 227 ΒΕΖ-36.
1882 185 1963 226 693

202 302 292 329 cum
324 285 480 326 iustitia
510 284 787 339 prudentiam.
848 288 949 328 Nam
982 294 1021 328 et
1054 290 1102 329 iis
1137 288 1258 330 iidem
1291 290 1504 338 habemus,
1538 305 1644 345 quos
1677 292 1770 345 plus
1800 293 1964 333 intelle-

199 364 295 404 gere
335 362 457 403 quam
498 361 574 386 nos
616 348 865 389 arbitramur
905 364 1096 404 quosque
1139 359 1177 391 et
1218 352 1356 392 futura
1396 355 1635 407 prospici-re
1667 355 1875 395 credimus
1907 360 1963 404 et,

198 426 290 453 cum
324 425 388 452 res
419 416 564 463 agatur
594 410 635 449 in
669 410 978 466 discrimenque
1011 422 1178 454 ventum
1211 416 1283 462 sit,
1323 417 1520 469 expedire
1551 431 1637 456 rem
1669 423 1709 457 et
1739 418 1961 458 consilium

198 487 249 515 ex
282 479 468 526 tempore
501 486 647 525 capere
681 487 825 525 posse:
857 474 964 514 hanc
996 477 1106 515 enim
1141 478 1281 516 utilem
1314 478 1502 518 homines
1535 480 1774 520 existimant
1801 493 1962 520 veram-

197 550 278 590 que
311 535 588 588 prudentiam.
657 536 779 575 lustis
812 543 951 577 autem
986 536 1047 591 [et
1078 536 1192 591 lidis]
1226 539 1486 588 hominibus,
1529 542 1568 580 id
1603 548 1665 581 est
1695 543 1816 582 bonis
1847 543 1992 591 viris,5

195 599 250 639 ita
282 597 382 638 tides
412 598 600 643 habetur,
634 605 678 637 ut
709 598 822 638 nulla
855 600 907 639 sit
938 601 977 639 iu
1011 601 1059 639 iis
1092 600 1247 640 fraudis
1279 603 1541 656 iniuriaeque
1573 605 1764 658 suspitio.
1815 606 1960 658 Itaque

194 662 259 702 his
290 661 465 702 salutem
498 666 703 707 nostram,
735 660 799 700 his
832 660 1039 709 fortunas,
1073 664 1136 702 his
1169 664 1323 704 liberos
1355 667 1588 706 rectissime
1621 667 1821 707 committi
1853 668 1960 707 arbi-

195 730 362 764 tramur.
434 720 499 762 34.
548 723 706 762 Harum
751 724 876 775 igitur
921 725 1096 765 duarum
1135 727 1185 765 ad
1228 724 1350 766 tidem
1392 727 1624 768 faciendam
1667 729 1824 768 iustitia
1865 730 1958 782 plus

194 786 336 839 pollet,
367 786 522 839 quippe
555 799 648 824 cum
680 799 727 825 ea
759 786 848 825 sine
880 787 1101 839 prudentia
1130 789 1229 827 satis
1252 788 1405 829 habeat
1425 791 1706 837 auctoritatis;
1739 792 1959 845 prudentia

193 849 281 888 sine
319 848 477 887 iustitia
516 848 617 887 nihil
658 848 765 888 valet
802 848 854 887 ad
886 848 1120 889 faciendam
1156 850 1292 890 tidem.
1357 852 1449 899 Quo
1482 853 1591 891 enim
1625 854 1719 905 quis
1752 854 2008 893 versutiorio

193 917 233 951 et
276 910 495 957 callidior,
540 910 620 949 hoe
667 911 841 950 invisior
885 917 926 950 et
971 913 1207 964 suspectior
1252 913 1435 953 detracta
1479 915 1678 966 opinione
1726 915 1957 967 probitatis.

192 973 324 1021 Quam
365 973 417 1012 ob
449 986 535 1012 rem
577 973 889 1025 intellegentiae
930 974 1088 1014 iustitia
1127 975 1352 1014 coniuncta
1393 982 1595 1028 quantum
1636 976 1747 1016 volet
1788 977 1959 1017 habebit

190 1035 239 1075 ad
273 1035 504 1075 faciendam
538 1035 662 1074 fidem
696 1035 869 1074 virium:
903 1036 1059 1076 iustitia
1091 1036 1179 1076 sine
1211 1037 1434 1090 prudentia
1466 1038 1638 1077 multum
1663 1039 1834 1091 poterit,
1866 1039 1957 1079 sine

190 1097 348 1138 iustitia
379 1097 483 1137 nihil
516 1098 671 1137 valebit
702 1098 937 1150 prudentia.
998 1099 1050 1137 X.
1094 1097 1159 1137 3³5.
1199 1099 1281 1139 Sed
1320 1113 1371 1138 ne
1403 1100 1497 1152 quis
1529 1101 1582 1139 sit
1611 1101 1837 1140 admiratus
1869 1115 1957 1150 cur,

190 1173 281 1200 cum
322 1160 432 1200 inter
471 1173 616 1199 omnes
658 1160 932 1213 philosophos
973 1167 1136 1200 constet
1172 1174 1195 1201 a
1235 1175 1386 1215 meque
1418 1162 1508 1214 ipso
1540 1176 1665 1215 saepe
1697 1163 2006 1215 disputaturum

190 1223 254 1269 sit,
286 1222 358 1276 qui
390 1235 512 1262 unam
546 1222 733 1269 haberet,
765 1236 908 1262 omnes
942 1222 1094 1264 habere
1125 1224 1313 1270 virtutes,
1345 1237 1455 1263 nunc
1487 1225 1544 1264 ita
1575 1225 1804 1277 seiungam,
1836 1226 1956 1278 quasi

189 1285 321 1338 possit
352 1285 598 1338 quisquam,
641 1286 713 1338 qui
746 1299 829 1325 non
861 1285 971 1325 idem
1004 1286 1188 1339 prudens
1219 1287 1294 1333 sit,
1333 1286 1468 1326 iustus
1510 1300 1625 1335 esse,
1664 1288 1747 1326 alia
1777 1293 1839 1326 est
1868 1287 1955 1335 illa,

189 1361 281 1387 cum
313 1348 464 1387 veritas
496 1347 586 1400 ipsa
617 1347 783 1387 limatur
823 1348 865 1387 in
898 1348 1203 1401 disputatione,
1246 1349 1474 1395 subtilitas,
1515 1349 1620 1397 alia,
1661 1363 1753 1389 cum
1785 1349 1836 1389 ad
1867 1350 1955 1404 opi-

189 1409 356 1449 nionem
389 1422 651 1450 communem
684 1411 818 1449 omnis
850 1411 1190 1450 accommodatur
1220 1412 1365 1451 oratio.
1427 1411 1562 1459 Quam
1591 1412 1643 1451 ob
1671 1426 1776 1460 rem,
1802 1418 1847 1452 ut
1868 1412 1955 1451 vol-

189 1485 285 1525 gus,
317 1472 372 1511 ita
404 1485 479 1512 nos
509 1471 590 1511 hoc
623 1472 716 1511 loco
749 1472 973 1526 loquimur,
1004 1479 1049 1513 ut
1081 1474 1185 1513 alios
1217 1473 1358 1521 fortes,
1391 1474 1496 1514 alios
1528 1473 1637 1515 viros
1668 1475 1817 1522 bonos,
1849 1475 1953 1515 alios
1967 1487 2004 1516 20

188 1535 415 1588 prudentes
457 1548 549 1574 esse
582 1533 783 1574 dicamus.
842 1535 1120 1588 Popularibus
1153 1537 1264 1576 enim
1296 1536 1433 1575 verbis
1466 1542 1528 1576 est
1558 1536 1765 1589 agendum
1798 1543 1839 1576 et
1869 1537 1955 1576 usi-

187 1598 305 1645 tatis,
344 1611 438 1636 cum
478 1596 692 1650 loquimur
734 1597 784 1636 de
826 1598 1026 1650 opinione
1065 1598 1280 1650 populari,
1328 1598 1456 1651 idque
1502 1599 1649 1638 eodem
1690 1599 1815 1638 modo
1856 1598 1957 1639 fecit

188 1660 422 1700 Panaetius.
483 1659 564 1699 Sed
597 1659 648 1699 ad
682 1661 944 1713 propositum
976 1666 1248 1700 revertamur.
1318 1658 1385 1699 36.
1424 1662 1524 1701 Erat
1554 1661 1682 1713 igitur
1720 1675 1773 1701 ex
1803 1661 1853 1701 iis
1883 1661 1956 1701 tri-

187 1722 285 1769 bus,
326 1735 433 1775 quae
473 1722 525 1761 ad
568 1722 743 1774 gloriam
784 1723 1058 1775 pertinerent,
1104 1721 1181 1762 hoe
1221 1723 1412 1770 tertium,
1456 1729 1502 1762 ut
1540 1737 1633 1763 cum
1675 1724 1955 1764 admiratione

187 1784 406 1824 hominum
436 1785 597 1824 honore
637 1785 687 1824 ab
726 1785 775 1825 iis
809 1784 923 1837 digni
955 1785 1250 1825 iudicaremur.
1310 1786 1580 1825 Admirantur
1610 1786 1740 1839 igitur
1771 1798 2005 1830 commu-25

188 1847 296 1887 niter
337 1847 397 1886 illi
441 1847 613 1900 quidem
653 1848 814 1895 omnia,
854 1862 962 1900 quae
994 1861 1143 1901 magna
1175 1853 1216 1887 et
1245 1854 1411 1900 praeter
1441 1849 1685 1901 opinionem
1718 1862 1835 1888 suam
1867 1848 1956 1887 ani-

188 1910 519 1957 madverterunt,
559 1911 783 1963 separatim
824 1916 964 1950 autem
1006 1911 1047 1949 in
1079 1910 1278 1962 singulis,
1322 1911 1357 1950 si
1390 1911 1650 1963 perspiciunt
1680 1925 1757 1950 nee
1789 1911 1958 1964 opinata

189 1972 392 2025 quaedam
424 1972 547 2012 bona.
611 1974 756 2026 Itaque
796 1987 869 2012 eos
909 1974 1018 2013 viros
1057 1973 1294 2025 suspiciunt
1325 1974 1614 2026 maxumisque
1647 1973 1836 2013 ecferunt
1866 1973 1956 2013 lau-

189 2034 328 2081 dibus,
372 2035 414 2073 in
447 2035 598 2088 quibus
631 2036 886 2075 existumant
918 2050 961 2074 se
994 2035 1250 2075 excellentes
1283 2035 1485 2089 quasdam
1526 2041 1567 2075 et
1597 2036 1830 2088 singula-res
1862 2048 1957 2089 per-

187 2096 346 2149 spicere
378 2097 579 2144 virtutes,
621 2097 859 2150 despiciunt
895 2103 1034 2137 autem
1067 2111 1138 2137 eos
1180 2104 1221 2137 et
1259 2103 1552 2144 contemnunt,
1591 2098 1633 2137 in
1665 2098 1819 2151 quibus
1850 2097 2006 2137 nihil3o

189 2159 364 2206 virtutis,
396 2159 501 2199 nihil
532 2160 672 2207 animi,
704 2160 809 2199 nihil
836 2174 1063 2200 nervorum
1096 2165 1253 2213 putant.
1313 2161 1406 2199 Non
1439 2160 1551 2199 enim
1583 2172 1730 2200 omnes
1762 2174 1833 2200 eos
1860 2173 1957 2200 con-

187 2227 398 2269 temnunt,
442 2221 493 2261 de
525 2222 678 2275 quibus
710 2222 816 2262 male
849 2222 1118 2262 existumant.
1178 2224 1282 2261 Nam
1313 2235 1418 2275 quos
1449 2222 1686 2276 improbos,
1717 2222 1958 2270 maledicos,

187 2280 479 2324 fraudulentos
510 2290 658 2337 putant
690 2291 731 2325 et
760 2284 812 2325 ad
843 2284 1078 2325 faciendam
1109 2285 1308 2325 iniuriam
1328 2285 1566 2333 instructos,
1589 2298 1661 2324 eos
1684 2289 1959 2324 contemnunt

277 2464 308 2495 ⁴.
334 2464 396 2494 hiis
419 2463 460 2501 H,
486 2463 534 2494 his
557 2471 589 2500 a,
616 2463 678 2502 hijs
701 2472 720 2495 c
748 2481 783 2486 —
811 2463 840 2494 3.
860 2466 984 2503 assatur
1007 2464 1034 2494 si
1058 2465 1092 2495 in
1117 2463 1290 2494 discrimen
1313 2466 1447 2494 ventum
1469 2462 1509 2493 sil
1533 2471 1551 2494 c
1578 2479 1611 2484 —
1639 2463 1670 2494 5.
1690 2463 1811 2502 aulem]
1829 2464 1914 2494 enim
1938 2472 1957 2495 c

190 2531 230 2536 ——
253 2517 284 2545 et
304 2514 378 2554 fidis
408 2511 476 2544 del.
504 2512 720 2544 Facciolatus
751 2515 785 2543 et
810 2514 950 2548 Pearce.
987 2522 1051 2553 ego
1077 2513 1217 2545 seclusi.
1248 2530 1282 2535 —
1316 2513 1345 2544 6.
1373 2512 1433 2552 ita}
1458 2516 1536 2543 nola
1561 2521 1579 2544 c
1612 2530 1647 2534 —
1679 2512 1725 2553 ul]
1751 2514 1777 2543 si
1802 2521 1819 2544 c
1849 2531 1883 2536 -
1917 2514 1959 2545 sil

189 2571 258 2594 om.
284 2571 306 2595 a
344 2581 376 2586 —
416 2563 450 2593 in
474 2563 523 2593 liis
547 2563 651 2600 Hah,
686 2564 718 2594 in
743 2563 806 2602 hijs
829 2571 847 2595 c
887 2581 920 2585 —
959 2564 1095 2603 suspitio
1119 2572 1156 2595 a:
1192 2564 1333 2602 suspicio
1358 2563 1510 2594 BHbco
1546 2580 1579 2584 —
1615 2563 1645 2593 7.
1672 2563 1797 2593 comitti
1822 2562 1894 2602 (litt.
1921 2564 1959 2595 m·

189 2621 259 2644 sec.
281 2614 339 2651 m.)
365 2612 412 2648 }1;
441 2613 642 2644 committere
665 2614 686 2644 b
715 2630 749 2635 —
778 2613 830 2643 010.
856 2613 966 2644 ualeat
992 2621 1039 2644 co
1068 2631 1102 2635 —
1130 2614 1182 2644 [Η.
1209 2613 1390 2652 suspectior
1413 2616 1468 2643 est.
1496 2613 1657 2643 Detracta
1679 2613 1700 2644 b
1727 2629 1762 2635 —·
1790 2613 1841 2644 4⁵2.
1860 2613 1959 2645 inlel-

188 2661 322 2702 liqenlia
344 2662 470 2693 iusticie
493 2670 512 2693 c
540 2680 574 2684 —-
607 2662 759 2693 coiuncta
784 2663 807 2693 B
836 2680 869 2684 —-
904 2663 993 2693 uoles
1016 2670 1034 2694 c
1069 2680 1103 2684 —
1143 2663 1193 2693 43.
1221 2663 1333 2693 uis-um
1357 2670 1375 2693 c
1408 2678 1443 2683 —
1478 2662 1602 2692 iustitia
1625 2662 1694 2692 sine
1713 2663 1959 2701 prudentia--

187 2711 305 2743 valebit
330 2712 509 2751 prudentia
537 2711 719 2743 adiecticia
753 2713 786 2742 et
819 2711 923 2743 futilia
954 2712 1091 2742 censuit
1123 2713 1307 2747 Pcarcius;
1346 2710 1424 2741 vide
1457 2712 1576 2740 tamen
1608 2718 1651 2741 ne
1676 2711 1758 2742 satis
1783 2712 1826 2742 sit
1847 2711 1957 2744 verba

187 2762 314 2792 iustitia
337 2761 405 2792 sine
423 2762 604 2801 prudentia
626 2762 766 2792 multum
787 2763 907 2801 poterit
940 2760 1079 2797 delere,
1114 2769 1204 2800 quae
1237 2768 1319 2790 sane
1353 2759 1396 2790 ad
1427 2768 1527 2797 quam
1552 2758 1590 2789 ob
1614 2768 1683 2789 rem
1707 2760 1851 2792 minime
1877 2764 1957 2802 apta

189 2813 279 2842 sunt.
307 2827 341 2832 —
379 2810 506 2841 iustitia
529 2812 616 2842 enim
639 2812 708 2841 sine
742 2812 844 2849 (enim
869 2818 1060 2850 su[)e1‘scr.}
1084 2811 1105 2842 b
1145 2827 1179 2831 -
1218 2809 1269 2841 ⁴4.
1296 2809 1496 2839 ammiratus
1521 2808 1581 2839 BH
1620 2825 1654 2830 -
1698 2808 1745 2839 18.
1772 2810 1958 2842 sublimitas

189 2868 279 2891 corr.
306 2861 338 2891 in
363 2860 546 2891 sublimitas
569 2860 616 2896 113
642 2859 750 2890 subtili
774 2868 792 2891 c
822 2877 855 2882 —
891 2860 943 2890 49.
970 2861 1081 2890 aratio
1106 2858 1147 2890 11¹
1175 2877 1208 2882 -
1244 2862 1280 2889 αι
1304 2868 1373 2889 om.
1395 2859 1421 2889 ll
1448 2875 1482 2879 —
1518 2857 1571 2888 ΞΟ.
1598 2858 1771 2896 loquemur
1793 2869 1812 2892 c
1839 2878 1875 2883 —
1902 2862 1954 2894 22.

189 2909 364 2948 loquamur
387 2910 491 2947 Hab;
529 2909 701 2948 loquemur
724 2917 742 2940 c
782 2927 817 2931 —
855 2919 890 2940 eo
914 2911 1009 2941 modo
1034 2919 1052 2941 c
1091 2927 1126 2932 —
1166 2910 1216 2942 23.
1244 2919 1287 2941 ea)
1309 2911 1358 2940 liis
1381 2909 1485 2940 tribus
1514 2909 1598 2946 BH,
1636 2917 1678 2940 ex:
1700 2909 1761 2948 hijs
1783 2909 1887 2940 tribus
1915 2918 1957 2949 ος

189 2967 231 2989 ex
254 2959 356 2990 tribus
379 2960 456 2991 abo
486 2977 528 2981 —
562 2958 614 2990 ⁶24.
640 2960 840 2997 pertinerent
865 2961 906 2990 C:
932 2961 1095 2999 pertinent
1120 2959 1186 2991 alii.
1224 2960 1365 2999 [Erravit
1384 2957 1556 2996 OrelliuS.)
1579 2976 1622 2981 —
1657 2959 1957 2990 ammiratione—-

191 3010 416 3040 ammirantur
438 3009 512 3046 Bll,
539 3008 632 3048 quod
660 3017 728 3038 non
754 3008 902 3049 amplius
928 3010 1069 3041 notabo.
1100 3028 1133 3032 —-
1162 3011 1214 3040 25
1235 3008 1276 3039 ab
1299 3010 1347 3039 his
1373 3009 1503 3043 [mab.
1531 3007 1572 3038 ab
1594 3008 1656 3047 hijs
1680 3015 1698 3038 c
1726 3025 1761 3030 —
1787 3008 1956 3039 misaam

190 3067 263 3089 cum
286 3059 593 3089 animaduerterunt
617 3066 658 3095 a;
688 3067 783 3089 suam
807 3059 1077 3090 unimodum-lunt
1102 3068 1120 3090 c
1154 3077 1188 3080 —
1224 3060 1276 3089 28.
1303 3059 1480 3097 Itaque--
1497 3057 1649 3088 laudibus
1672 3058 1803 3089 Nonius
1827 3066 1861 3098 p.
1877 3058 1952 3089 298.

194 3125 228 3130 —
255 3108 398 3147 ecferunt
421 3107 572 3138 laudibus
603 3108 751 3138 Nonius:
783 3109 922 3147 efferunt
945 3109 1096 3140 laudibus
1127 3109 1265 3145 Bllab;
1303 3107 1455 3138 laudibus
1478 3108 1617 3146 efferunt
1640 3115 1657 3138 c
1689 3125 1731 3130 —-
1766 3106 1819 3138 30.
1845 3107 1955 3146 despi-

191 3157 280 3187 ciunt
303 3160 412 3187 autem
436 3165 488 3187 eos
511 3161 539 3187 et
562 3158 792 3195 condemnans,
819 3159 852 3188 in
877 3158 993 3196 quibus
1008 3162 1190 3198 --pulant
1214 3158 1342 3189 Nonius
1367 3166 1399 3197 p.
1416 3156 1490 3187 288.
1519 3173 1551 3177 —
1583 3165 1636 3187 eos
1658 3160 1954 3196 contempnunlque

192 3206 227 3237 in
250 3213 268 3237 ο
294 3222 328 3227 —-
355 3205 407 3237 3⁷¹.
426 3215 604 3237 neruorum
627 3215 693 3238 esse
715 3210 834 3245 putant
858 3216 876 3238 c
904 3225 937 3228 —
966 3208 1018 3240 32.
1041 3209 1217 3239 maledicos
1241 3209 1285 3238 C:
1314 3207 1478 3246 maleficos
1501 3205 1568 3236 alii.
1597 3223 1632 3228 -—
1659 3206 1711 3238 33.
1729 3206 1954 3245 fraudulenles

193 3254 218 3286 B
245 3272 280 3277 -
312 3263 365 3285 eos
387 3259 595 3287 contemnunt
618 3257 747 3295 quidem
770 3258 975 3295 neutiquam,
1001 3259 1054 3288 sed
1085 3259 1222 3296 Bllap:
1247 3265 1300 3288 eos
1322 3257 1411 3286 haud
1435 3259 1643 3287 contemnunt
1665 3256 1806 3295 quidem,
1831 3255 1885 3286 sed
1907 3255 1948 3294 b;

193 3310 246 3334 eos
267 3307 497 3345 contempnunt
519 3306 649 3346 quidem
672 3315 896 3346 nequaquam,
920 3308 975 3339 sed
997 3315 1035 3345 ος
1062 3315 1114 3339 eos
1138 3316 1201 3338 non
1225 3309 1433 3338 contemnunt
1456 3306 1597 3347 quidem,
1621 3307 1676 3338 sed
1698 3305 1849 3346 Madvig.
