2249 3624
558 156 646 195 Lus.
678 155 708 194 Ι.
748 154 844 194 cst.
878 155 1160 195 LVI—LVII.
1198 152 1257 206 §§
1291 150 1538 194 lZ’O—slssl.
1861 148 1934 190 521

174 271 270 311 tiam
303 263 575 306 diuturnitate
606 266 858 314 pertractata
890 266 1159 307 notaverunt,
1201 266 1273 300 aut
1305 274 1469 313 semper
1501 265 1592 306 aut,
1630 260 1662 299 si
1696 259 1737 298 id
1772 258 1942 298 difficile

174 337 252 377 est,
285 329 552 383 plerumque,
586 324 697 378 quod
730 325 763 363 si
797 339 848 363 ne
880 324 920 363 id
956 324 1126 376 quidem
1161 324 1423 369 conceditur,
1457 338 1537 362 non
1571 336 1797 375 numquam
1831 327 1943 360 certe

173 392 272 448 quid
303 391 486 430 futurum
520 388 574 427 sit
606 387 868 438 intellegunt.
929 388 1066 439 Atque
1100 388 1199 425 baec
1233 386 1400 438 quidem
1437 392 1478 425 et
1514 387 1718 438 quaedam
1753 383 1941 424 eiusdem

173 455 280 496 modi
313 456 557 502 argumenta
588 464 661 489 cur
693 451 745 488 sit
777 450 976 488 divinatio
1009 449 1214 488 ducuntur
1245 463 1267 488 a
1300 449 1398 488 sate.

281 515 403 555 Lvll.
458 510 543 551 129,
586 514 617 550 Α
652 518 802 550 natura
834 518 970 550 autem
1013 512 1094 550 alia
1136 511 1343 564 quaedam
1387 512 1491 550 ratio
1535 516 1626 557 est,
1671 524 1779 563 quae
1822 508 1976 548 docet5

173 584 327 634 quanta
359 576 411 615 sit
442 575 568 614 animi
606 575 664 613 vis
697 575 882 613 seiuncta
915 588 935 612 a
970 574 1158 626 corporis
1191 574 1395 619 sensibus,
1429 573 1540 626 qnod
1577 574 1755 612 maxime
1785 572 1945 610 contin-

172 643 229 695 git
259 646 329 680 aut
359 635 662 677 dormientibus
694 642 764 675 aut
797 643 933 675 mente
968 637 1180 688 permotis.
1245 636 1292 675 Ut
1331 637 1437 674 enim
1481 636 1652 674 deorum
1695 636 1821 674 animi
1855 636 1944 673 sine

171 703 326 748 oculis,
359 700 449 740 sine
480 698 666 745 auribus,
699 699 789 737 sine
824 699 965 749 lingua
998 698 1186 737 sentiunt
1219 699 1325 736 inter
1357 712 1400 736 se
1432 698 1531 749 quid
1566 698 1745 750 quisque
1779 698 1945 743 sentiat,

172 779 222 806 ex
255 777 338 818 quo
372 761 414 802 lit
446 768 489 801 ut
522 762 741 808 liomines,
785 761 909 800 etiam
943 774 1034 800 cum
1069 761 1179 799 taciti
1214 766 1359 812 optent
1392 761 1492 812 quid
1526 767 1596 799 ant
1631 767 1827 806 voveant,
1861 773 1942 798 non

171 827 360 867 dubitent
392 826 493 877 quin
527 825 566 862 di
602 824 702 863 illud
737 824 991 862 exaudiant:
1035 824 1090 861 sic
1122 823 1248 862 animi
1283 822 1523 867 hominum,
1568 837 1658 862 cum
1693 829 1763 861 aut
1795 828 1995 861 somnoto

171 889 293 930 soluti
339 894 485 927 vacant
525 900 700 939 corpore
743 892 815 924 aut
855 893 992 924 mente
1035 885 1210 938 permoti
1253 899 1325 937 per
1368 898 1411 924 se
1454 886 1532 937 ipsi
1565 886 1592 935 2·
1628 886 1743 924 liberi
1783 883 1943 923 incitati

172 956 409 996 moventur,
460 955 634 987 cernunt
668 962 738 993 ea,
784 962 890 1001 quae
925 949 1117 1000 permixti
1151 962 1241 986 cum
1275 962 1450 1000 corpore
1487 946 1642 999 [animil
1684 947 1824 985 videre
1863 959 1943 984 non

170 1020 357 1067 possunt.
420 1010 511 1050 130.
546 1013 681 1063 Atque
715 1012 822 1050 lianc
856 1011 1023 1063 quidem
1059 1010 1262 1048 rationein
1297 1016 1469 1048 naturae
1494 1009 1661 1049 diflicile
1686 1016 1747 1047 cst
1770 1009 1945 1047 sortasse

169 1075 385 1116 traducere
418 1075 467 1113 ad
502 1074 540 1112 id
574 1088 704 1124 genus
737 1073 1030 1119 divinationis,
1064 1072 1175 1125 quod
1211 1086 1260 1111 cx
1294 1079 1380 1111 arte
1406 1072 1633 1124 profectum
1659 1072 1849 1117 dicimus,
1873 1071 1944 1109 sed

170 1145 305 1178 tamen
348 1136 388 1176 id
426 1150 594 1189 quoque
636 1136 810 1174 rimatur
851 1142 1053 1188 quantum
1095 1140 1233 1187 potest
1275 1134 1535 1173 Posidonius.
1599 1136 1699 1172 lisso
1733 1140 1873 1173 censet
1905 1134 1996 1172 ini-5

169 1206 315 1240 natura
347 1199 461 1250 signa
496 1198 703 1251 quaedam
738 1212 874 1236 rerum
909 1198 1157 1237 suturarum.
1218 1198 1382 1236 Etenim
1409 1198 1513 1236 Ceos
1547 1198 1785 1249 accepimus
1810 1202 1944 1235 ortum

170 1261 382 1302 caniculae
416 1260 638 1312 diligenter
670 1261 896 1313 quotannis
929 1261 1065 1299 solere
1098 1274 1263 1299 servare
1298 1260 1666 1311 coniecturamque
1700 1274 1869 1310 capere,
1904 1264 1948 1297 ut

170 1325 312 1364 scribit
346 1323 542 1363 Ponticus
577 1322 847 1368 Heraclides,
893 1322 1126 1361 salubrisne
1169 1336 1220 1361 an
1267 1322 1468 1375 pestilens
1512 1336 1644 1361 annus
1681 1322 1844 1361 siiturus
1881 1322 1945 1360 sit.

168 1389 270 1427 Nam
303 1387 335 1426 si
368 1386 584 1425 obscurior
615 1391 655 1424 et
687 1386 807 1438 quasi
841 1385 1070 1437 caliginosa
1094 1385 1212 1424 stella
1237 1385 1441 1430 extiterit,
1467 1385 1620 1436 pingue
1645 1391 1685 1423 et
1707 1389 1945 1423 concretum

170 1463 260 1490 esse
293 1449 480 1494 caelum,
513 1453 558 1486 ut
590 1449 679 1487 eius
711 1446 940 1499 adspiratio
974 1449 1110 1499 gravis
1143 1454 1183 1487 et.
1215 1447 1416 1500 pestilens
1449 1446 1585 1486 sutura
1619 1448 1693 1486 sit:
1741 1448 1804 1485 sin
1838 1445 1946 1484 inlu·
1961 1455 1997 1483 ⁶20

170 1512 264 1552 stris
297 1518 335 1551 et
369 1509 581 1563 perlucida
614 1511 733 1550 stella
764 1511 1021 1563 apparuerit,
1054 1510 1277 1563 significari
1312 1510 1473 1549 caelum
1507 1523 1598 1548 esse
1632 1515 1756 1548 tenue
1780 1521 1947 1560 purum-

173 1587 255 1628 que
287 1579 328 1613 et
360 1579 581 1627 propterea
613 1573 794 1612 salubre.
870 1570 962 1612 -131,
1001 1574 1265 1613 Democritus
1298 1579 1436 1612 autem
1470 1578 1613 1612 censet
1644 1572 1855 1624 sapienter
1886 1571 1948 1610 in-

171 1637 354 1677 stituisse
388 1642 548 1676 veteres
581 1642 626 1675 ut
657 1635 888 1675 hostiarum
921 1635 1228 1675 immolatarum
1263 1635 1570 1688 inspicerentur
1602 1640 1721 1680 exta,
1766 1646 1945 1686 quorum

170 1713 222 1739 ex
252 1698 396 1738 habitu
429 1704 555 1751 atque
587 1712 640 1737 ex
673 1698 810 1738 colore
844 1704 929 1737 turn
963 1698 1237 1745 salubritatis,
1280 1704 1363 1737 tum
1405 1698 1666 1750 pestilentiae
1704 1697 1821 1747 signa
1856 1710 1947 1748 per-

169 1762 272 1814 cipi,
315 1774 397 1800 uon
431 1774 659 1814 numquam
691 1761 840 1807 etiam,
881 1774 987 1814 quae
1020 1761 1073 1800 sit
1106 1759 1169 1799 vel
1202 1761 1397 1800 sterilitas
1429 1773 1624 1812 agrorum
1657 1759 1722 1798 vel
1755 1758 1947 1797 fertilitas
1962 1766 1998 1797 25

168 1824 316 1863 futura.
381 1822 497 1871 Quae
530 1824 563 1862 si
595 1837 617 1862 a
649 1829 794 1862 natura
827 1823 1015 1875 prosecta
1047 1823 1283 1862 observatio
1316 1829 1442 1876 atque
1475 1836 1574 1862 usus
1606 1823 1788 1873 agnovit,
1822 1820 1949 1859 multa

169 1886 330 1926 adferre
362 1886 497 1939 potuit
528 1885 638 1932 dies,
672 1899 781 1939 quae
813 1885 1183 1925 animadvertendo
1216 1892 1475 1933 notarentur,
1510 1892 1552 1925 nt
1584 1886 1653 1924 ille
1686 1884 1948 1923 Pacuvianus

169 1950 237 2004 qui
288 1950 328 1988 in
379 1947 534 2002 Chryse
586 1948 785 2002 physicus
838 1948 1050 1988 inducitur
1101 1949 1269 1988 minime
1322 1955 1510 1988 naturam
1559 1961 1696 1987 rerum
1744 1957 1948 1997 cognosse

169 2012 385 2052 videatur:

510 2074 621 2112 Nam
656 2074 748 2113 isti
793 2074 880 2127 qui
914 2074 1132 2125 linguam
1171 2075 1338 2114 avium
1378 2074 1707 2125 intellegunt
1962 2080 1999 2110 30

338 2137 565 2190 Plusque
609 2150 667 2176 ex
707 2137 887 2175 alieno
923 2137 1099 2176 iecore
1133 2138 1351 2190 sapiunt
1386 2150 1535 2189 quam
1570 2150 1627 2175 ex
1660 2149 1778 2181 sno,

340 2199 507 2251 Magis
548 2200 874 2238 audiendum
917 2212 1065 2251 qnam
1107 2199 1534 2239 auscultandum
1579 2211 1790 2237 censeo.

175 2262 288 2301 Cur‘?
322 2274 501 2315 quaeso,
526 2276 616 2300 cum
641 2262 752 2314 ipse,
777 2261 919 2314 paucis
943 2262 1200 2314 interpositis
1224 2262 1434 2308 versibus,
1459 2262 1571 2300 dicas
1594 2261 1694 2300 satis
1718 2259 1947 2297 luculente:

340 2323 612 2376 Quidquid
664 2331 739 2364 est
787 2324 905 2371 hoc,
967 2325 1141 2363 omnia
1187 2325 1416 2370 animat,
1480 2323 1703 2369 format,
1764 2321 1891 2367 alit,

1071 2393 1251 2438 auget,
1303 2391 1475 2433 creat,
1962 2392 1997 2421 35

340 2448 552 2501 Sepelit
596 2448 908 2501 recipitque
951 2448 1001 2487 in
1043 2462 1158 2488 sese
1201 2449 1374 2489 omnia
1419 2449 1766 2501 omniumque
1809 2446 1945 2486 iden]

1074 2516 1151 2550 est
1193 2518 1368 2563 pater,

260 2688 290 2718 t.
328 2687 490 2717 diuturna
515 2687 778 2725 pertractatione
811 2686 901 2716 coni.
930 2686 1088 2716 Daxisius
1126 2703 1160 2708 —
1206 2686 1236 2717 ⁵2.
1263 2686 1348 2715 sinid
1373 2686 1503 2723 quidem
1532 2687 1576 2720 A,
1609 2686 1657 2714 sin
1691 2686 1817 2722 quidem
1847 2683 1882 2713 V¹
1911 2702 1944 2706 —

171 2737 203 2768 3.
230 2738 420 2775 ιἠίεὶίεΉαιιι
445 2735 498 2767 vel
524 2736 707 2775 inlelliyonl
734 2736 757 2767 C
787 2752 820 2757 —
850 2736 992 2766 eiusdem
1016 2736 1103 2766 modi
1130 2737 1176 2765 (Ξῖ
1216 2737 1372 2766 eiusmodi
1400 2735 1557 2774 lii-lang„
1589 2736 1774 2765 huiusmodi
1799 2735 1823 2764 Ο
1851 2752 1885 2757 -—
1914 2734 1945 2766 4.

171 2788 332 2818 diuinatio
357 2786 415 2826 du]
443 2787 498 2817 hic
523 2786 640 2816 delicit
669 2787 691 2817 li
722 2787 751 2816 in
779 2787 846 2817 hoc
872 2785 960 2816 libro
999 2803 1032 2806 —
1073 2786 1230 2816 dicamur
1254 2784 1292 2816 A¹
1311 2783 1347 2814 W
1380 2804 1419 2807 μ-
1458 2787 1488 2815 u.
1515 2786 1651 2816 sciuncli
1677 2786 1824 2823 Madxig.
1868 2786 1947 2815 «Sic

172 2839 266 2867 certo
298 2836 455 2867 scribere
491 2836 613 2866 Cicero
647 2835 789 2867 debuit:
831 2844 910 2866 nam
943 2837 1080 2866 animus
1118 2844 1227 2875 quum
1265 2836 1413 2866 seiunxit
1449 2844 1486 2866 se
1524 2845 1541 2864 a
1580 2835 1737 2875 corporis
1769 2834 1946 2871 sensibus,

173 2895 333 2925 magnam
360 2886 428 2916 vim
456 2886 573 2923 habet,
601 2894 669 2916 non
696 2887 833 2916 animus
859 2886 928 2916 vim
954 2886 1152 2917 seiunctam
1180 2888 1269 2916 etc.»
1299 2904 1333 2907 —
1362 2886 1379 2915 9
1419 2890 1563 2915 summan!
1587 2888 1610 2916 Α
1639 2894 1728 2915 corr.
1749 2893 1789 2915 ex
1815 2893 1944 2915 *noce—

173 2936 222 2967 Η.
248 2939 352 2966 mente
371 2938 523 2974 permota
555 2934 709 2966 malebat
734 2936 865 2967 Moser.
898 2939 955 2965 au!
980 2936 1012 2966 in
1038 2939 1144 2965 mente
1164 2936 1323 2974 permotis
1349 2944 1410 2974 μιν·
1435 2944 1466 2965 se
1492 2936 1551 2973 ipsi
1575 2935 1690 2973 libere,
1723 2936 1853 2966 incitati
1877 2943 1947 2964 mo-

170 2988 286 3015 ventur
310 2985 470 3016 Davisius
498 3002 532 3007 -
565 2985 657 3015 liberi
683 2986 727 3015 C:
754 2984 853 3015 libere
877 2986 901 3015 O
927 2994 1007 3016 cum
1036 2986 1191 3024 Davisio,
1220 2986 1296 3016 tort.
1324 2985 1417 3015 liberi
1435 2985 1586 3024 [incilali]
1616 3002 1648 3006 —
1680 2985 1730 3015 42.
1750 2988 1949 3015 moueantur

169 3035 210 3065 Αἱ
238 3052 269 3057 -
298 3036 402 3064 animi
427 3035 599 3065 Manutius
625 3033 800 3071 glossema
827 3043 906 3065 esse
933 3034 1017 3065 vidit
1044 3052 1077 3056 —
1107 3036 1158 3065 45
1186 3038 1291 3065 censet
1317 3035 1338 3064 li
1365 3043 1440 3073 sup
1463 3033 1542 3072 lin.⁷
1570 3035 1759 3065 Posidonius
1784 3043 1849 3064 esse
1873 3043 1949 3064 cen—

171 3091 242 3114 sens
267 3084 447 3123 Hottinger
470 3103 513 3107 —
540 3085 589 3115 46.
617 3084 733 3114 etenim
758 3084 950 3115 Manutius:
976 3087 1011 3114 ut
1036 3085 1122 3115 enim
1147 3086 1189 3121 (Σ,
1218 3084 1261 3115 cf,
1289 3084 1331 3114 ad
1360 3084 1478 3120 1,§!i3
1507 3101 1541 3105 —
1573 3085 1624 3115 47.
1652 3084 1836 3123 quodannis
1862 3084 1882 3113 13
1911 3101 1944 3105 -

172 3133 223 3164 49.
250 3138 279 3163 ει
304 3134 405 3166 codd.
433 3134 540 3165 deit:
576 3143 645 3165 om.
667 3134 691 3163 t]
730 3149 763 3153 —
804 3133 857 3163 ΞΟ.
885 3135 1048 3173 aspiratio
1075 3135 1096 3164 B
1124 3135 1155 3164 in
1182 3143 1292 3170 marg.
1331 3151 1364 3155 —
1403 3135 1428 3164 si
1457 3133 1482 3163 V
1521 3151 1555 3155 ——
1595 3135 1646 3165 21.
1674 3135 1832 3173 apparuit
1856 3134 1883 3163 V
1911 3151 1944 3155 —

171 3183 358 3222 stynificare
383 3184 404 3214 B
443 3202 477 3206 —
519 3184 569 3215 24.
597 3184 748 3214 excolere
772 3182 817 3220 V,
852 3185 959 3214 colos-e
984 3185 1069 3215 (sinc
1088 3186 1142 3221 eis)
1168 3184 1271 3214 (totltl.
1300 3183 1383 3213 dett.
1423 3201 1454 3204 —-
1494 3184 1546 3214 G25.
1574 3185 1735 3215 sterelilus
1759 3187 1782 3214 Α
1822 3201 1854 3205 -
1891 3184 1945 3214 28.

172 3232 279 3271 Chrysi
301 3236 342 3264 A‘2
357 3234 394 3270 V,
421 3235 507 3273 crysi
532 3234 582 3271 ΑΙ,
609 3235 720 3272 misy-:2
746 3233 768 3262 Β
796 3234 864 3271 (qui
888 3242 920 3264 se
944 3235 1073 3265 Nonius
1100 3244 1132 3274 p.
1150 3233 1224 3272 ’ἐζ-ΗΞ,
1245 3234 1272 3269 9)
1301 3251 1342 3255 —-
1375 3233 1426 3264 30.
1454 3234 1505 3264 isli
1533 3235 1577 3264 (ἐς
1604 3235 1673 3264 istis
1698 3233 1820 3263 salisb.
1850 3235 1882 3263 ct
1908 3234 1944 3270 O,

172 3286 236 3313 stos
259 3283 337 3314 cod.
365 3284 472 3315 Oxou.
500 3286 534 3315 et
559 3284 702 3324 Relidig.
735 3302 766 3306 —-
815 3285 867 3315 32.
895 3287 1002 3325 magis
1019 3293 1194 3315 --censeo
1218 3283 1348 3314 Nonius
1374 3282 1395 3314 1.
1416 3292 1445 3314 c.
1476 3301 1508 3306 —
1551 3284 1604 3315 36.
1631 3284 1663 3314 id
1687 3287 1732 3314 cst
1756 3284 1805 3314 13¹.
