2249 3624
265 218 347 260 838
938 219 1009 259 DE
1040 219 1108 258 RE
1139 218 1364 259 PUBLICA

265 329 456 375 Nostrae,
486 328 628 380 inquit,
664 330 809 366 contra
840 324 1061 365 duodecim
1093 324 1273 372 tabulae,
1305 337 1398 364 cum
1430 337 1662 377 perpaucas
1693 337 1761 364 res
1789 325 1922 378 capite
1943 332 2037 365 san-

266 389 442 437 xissent,
473 391 515 429 in
546 389 612 428 his
642 389 750 429 hanc
782 401 955 441 quoque
988 386 1258 427 sanciendam
1290 391 1556 439 putaverunt,
1588 387 1622 426 si
1655 387 1747 440 quis
1781 388 2039 427 occentavis-

267 457 331 491 set
368 452 456 492 sive
497 465 663 492 carmen
705 450 983 496 condidisset,
1026 450 1139 503 quod
1179 449 1392 488 infamiam
1424 448 1583 488 faceret
1611 449 1868 501 flagitiumve
1899 448 2035 489 alteri.

265 513 507 561 Praeclare;
539 513 707 553 iudiciis
739 513 849 552 enim
881 512 1214 564 magistratuum,
1248 511 1627 564 disceptationibus
1657 511 1856 564 legitimis
1887 524 2040 565 propo-

234 576 387 616 ssitam
418 576 559 623 vitam,
589 589 674 615 non
705 580 922 628 poetarum
955 574 1134 627 ingeniis
1164 573 1318 613 habere
1350 574 1551 613 debemus
1574 587 1651 613 nec
1672 574 1872 627 probrum
1894 573 2040 614 audire

266 638 346 677 nisi
379 651 426 678 ea
457 638 563 690 lege,
594 642 639 677 ut
669 636 925 690 respondere
957 636 1081 676 liceat
1111 641 1151 676 et
1180 635 1336 676 iudicio
1370 635 1610 677 defendere.
1672 638 1780 676 Haec
1811 650 1862 677 ex
1884 637 2041 678 Cicero-

265 701 330 740 nis
359 707 501 752 quarto
531 701 576 740 de
604 713 648 740 re
669 700 831 752 publica
870 700 970 739 libro
1005 700 1057 738 ad
1093 699 1254 738 verbum
1283 699 1529 750 excerpenda
1557 700 1779 739 arbitratus
1809 712 1918 745 sum,
1962 712 2042 738 non

264 763 386 801 nullis
409 769 574 814 propter
598 763 825 815 faciliorem
855 763 1091 802 intellectum
1126 761 1185 801 vel
1206 761 1507 813 praetermissis
1545 762 1603 801 vel
1626 762 1840 813 paululum
1868 774 2042 801 commu-

265 826 384 872 tatis,
425 826 593 865 multum
634 826 737 865 enim
773 826 824 864 ad
860 837 944 864 rem
973 825 1193 877 pertinent,
1233 836 1353 876 quam
1381 824 1526 863 molior
1555 825 1782 875 eoeplicare,
1824 825 1860 863 si
1885 830 2038 877 potero.

216 897 252 927 40
266 888 375 926 Dicit
403 887 537 927 deinde
567 889 651 928 alia
681 894 715 927 et
745 889 803 927 sic
831 888 1027 928 concludit
1056 887 1160 926 hunc
1189 888 1336 932 locum,
1370 893 1413 926 ut
1442 887 1618 926 ostendat
1651 887 1863 927 veteribus
1895 887 2042 941 displi-

268 950 406 989 cuisse
437 950 635 990 Romanis
676 951 742 990 vel
784 950 946 991 laudari
986 962 1239 1004 quemquam
1280 950 1323 989 in
1363 962 1516 989 scaena
1554 948 1694 990 vivum
1732 949 1946 990 hominem
1977 948 2042 990 vel

266 1011 511 1065 vituperari.
574 1010 903 1066 (Augustinus
933 1013 978 1052 de
998 1013 1105 1052 civit.
1126 1012 1189 1051 dei
1218 1012 1276 1058 II,
1297 1009 1350 1063 9.)

379 1075 452 1114 XI.
500 1073 566 1115 113.
614 1076 883 1116 Comoediam
925 1088 1018 1115 esse
1059 1075 1198 1115 Cicero
1236 1075 1295 1114 ait
1334 1073 1612 1114 imitationem
1652 1074 1782 1122 vitae,
1824 1075 2041 1129 speculum

267 1138 605 1185 consuetudinis,
645 1138 869 1190 imaginem
902 1138 1102 1178 veritatis.
1163 1137 1409 1188 (Donatus
1446 1137 1491 1176 de
1522 1150 1619 1176 com.
1652 1143 1687 1177 et
1717 1143 1820 1190 traq.
1853 1152 1893 1192 p.
1917 1138 2040 1177 LVII.

217 1211 252 1240 45
268 1201 435 1241 Terent.
468 1202 534 1241 ed.
569 1200 795 1253 VVesterh.)

379 1263 440 1303 Ad
468 1264 570 1303 hanc
600 1265 910 1304 convenientiam
933 1264 1121 1316 pertinet,
1154 1262 1258 1315 quod
1287 1263 1406 1302 etiam
1435 1263 1637 1303 scaenicos
1657 1269 1811 1303 actores
1831 1264 2043 1303 earundem

261 1326 493 1379 fabularum
523 1339 603 1366 non
624 1340 754 1379 parvo
784 1327 960 1366 civitatis
989 1327 1136 1365 honore
1165 1326 1306 1377 diynos
1334 1326 1640 1370 eoeistimarunt,
1672 1326 1708 1365 si
1738 1326 1910 1378 quidem,
1942 1326 2045 1378 quod

265 1389 310 1428 in
339 1403 381 1428 eo
411 1403 561 1442 quoque
589 1391 634 1429 de
664 1402 706 1429 re
728 1390 890 1442 publica
920 1390 1020 1429 libro
1049 1393 1398 1435 commemoratur,
1434 1393 1474 1427 et
1504 1388 1734 1429 Aeschines
1756 1389 2043 1437 Atheniensis,

266 1451 329 1491 vir
361 1452 757 1505 eloquentissimuS,
798 1466 890 1491 cum
923 1451 1172 1492 adulescens
1205 1451 1441 1504 tragoedias
1473 1451 1748 1499 actitavisset,
1786 1465 1873 1492 rem
1905 1452 2045 1505 publi-

217 1523 253 1552 20
267 1527 356 1554 cam
402 1515 652 1568 capessivit,
693 1521 733 1554 et
765 1514 1106 1562 Aristodemum,
1142 1515 1343 1567 tragicum
1377 1513 1476 1552 item
1512 1519 1725 1561 actorem,
1763 1515 1955 1554 maximis
1992 1513 2044 1555 de

266 1577 392 1617 rebus
431 1577 545 1631 pacis
584 1583 626 1617 et
654 1577 753 1617 belli
784 1577 967 1630 legatum
999 1576 1050 1616 ad
1081 1576 1323 1629 Philippum
1354 1575 1633 1615 Athenienses
1666 1588 1791 1629 saepe
1823 1575 2042 1617 miserunt.

267 1637 594 1694 (Augustinus
624 1640 669 1679 de
689 1641 795 1679 civit.
817 1641 879 1679 dei
910 1640 966 1686 ΙΙ,
990 1636 1070 1690 Ι111.)

379 1703 470 1742 XII.
511 1700 576 1742 44.
617 1701 722 1744 Οὔτε
756 1702 839 1755 γάρ
872 1702 1028 1743 ἅπασα
1062 1706 1209 1755 τέρψις
1239 1700 1432 1754 μεμπτὸν
1464 1700 1560 1742 οὔτε
1593 1703 1663 1751 τῆς
1692 1703 1903 1754 μουσικῆς
1934 1701 2042 1752 αὕτη

267 1769 405 1813 τέλος,
451 1766 542 1806 ἀλλ’
576 1767 598 1815 ἢ
630 1773 707 1818 μὲν
740 1770 1004 1818 ψυχαγωγία
1045 1764 1156 1805 κατὰ
1198 1763 1243 1805 τὸ
1276 1763 1570 1817 συμβεβηκός,
1613 1764 1774 1811 σκοπὸς
1806 1767 1851 1805 δὲ
1881 1765 1904 1805 ὅ
1937 1781 2044 1818 προ-

216 1837 253 1867 25
268 1835 456 1881 κείμενος
487 1830 511 1878 ἦ
544 1828 649 1881 πρὸς
680 1828 836 1881 ἀρετὴν
869 1829 1081 1879 ὠφέλεια·
1114 1827 1218 1880 ὅπερ
1252 1826 1434 1874 πολλούς
1467 1843 1506 1867 τε
1537 1826 1695 1873 ἄλλους
1718 1825 1849 1867 ἔλαθε
1872 1833 1946 1867 καὶ
1969 1826 2043 1869 τὸν

266 1897 311 1931 ἐν
341 1899 423 1938 τοῖς
442 1892 692 1944 Ιίίκέρωνος
723 1894 798 1932 τοῦ
822 1892 1029 1944 Ῥωμαίου
1062 1894 1370 1937 πολιτικοῖς
1403 1889 1454 1930 τά
1486 1889 1598 1930 κατε).
1627 1892 1838 1943 μουσικῆς
1871 1893 2044 1940 διαλεχ-

266 1958 417 1994 θέντα·
460 1955 509 1995 οὖ
552 1954 636 2007 γάρ
676 1954 798 2007 ἔγωγ3
840 1956 896 1995 ἄν
928 1961 1063 2005 φαίην
1093 1959 1238 2005 ἐκείνῳ
1271 1952 1322 1993 τὰ
1356 1954 1539 1992 τοιαῦτα
1570 1954 1797 2005 εἰρῆσθαι·
1839 1955 1926 2001 πῶς
1956 1952 2041 2006 γάρ

266 2016 322 2057 ἄν
361 2034 421 2065 τις
461 2017 596 2058 αὐτὸν
628 2023 905 2070 ἰσχυρίσαιτο
945 2015 1159 2070 μουσικὴν
1192 2018 1404 2068 λοιδορεῖν
1446 2032 1484 2056 τε
1519 2022 1591 2055 καὶ
1626 2016 1682 2063 ὠς
1714 2015 1887 2066 φαύλην
1918 2014 2044 2056 εὐθύ·

267 2095 353 2120 νειν
384 2088 552 2130 τέχνην,
585 2081 806 2133 ἁρμονιῶν
839 2097 878 2121 τε
910 2086 983 2120 καὶ
1015 2081 1190 2132 ῥυθμῶν
1221 2078 1378 2134 ἀρετάς
1406 2095 1445 2119 τε
1469 2085 1543 2119 καὶ
1574 2085 1728 2125 κακίας
1751 2081 2043 2130 διορίζουσαν,

216 2142 431 2195 3οἄνδρα,
465 2143 511 2190 ὃς
543 2143 589 2184 τὸ
623 2146 856 2192 τηνικαῦτα
887 2144 1068 2196 ῥυθμοῖς
1098 2141 1244 2195 μόνοις
1279 2148 1352 2181 καὶ
1384 2140 1545 2188 τούτοις
1562 2142 1734 2194 ἁγενέσι
1765 2148 1839 2181 καὶ
1861 2140 2045 2192 φαύλοις

267 2205 609 2258 ἐπιδεικνύμενον
635 2204 850 2247 “Ριυ’σκιον
890 2204 962 2245 τὸν
999 2204 1215 2258 ὀρχηστὴν
1247 2204 1357 2244 οὕτω
1389 2203 1569 2257 σφόδρα
1601 2203 1893 2254 ἐξεπλήττετο,
1933 2203 2043 2245 ὥστε

269 2267 456 2319 φάσκειν
496 2268 629 2309 αὐτὸν
673 2275 860 2323 προνοίᾳ.
899 2270 1009 2308 θεῶν
1050 2273 1106 2315 εἰς
1149 2266 1404 2320 ἀνθρώπους
1443 2270 1688 2321 παρελθεῖν.
1749 2268 1846 2307 Kal
1884 2266 1968 2321 γάρ
2009 2269 2049 2307 εἴ

269 2349 324 2379 τις
355 2330 487 2371 αὐτὸν
519 2332 687 2381 φάσκοι
720 2330 769 2371 τά
801 2337 878 2383 μὲν
909 2337 953 2372 ε”ν
985 2330 1011 2384 ᾗ
1043 2338 1320 2383 συγγέγραφε
1352 2333 1545 2381 πολιτείᾳ
1577 2333 1712 2382 λέγειν
1741 2335 1956 2377 ἑκουσίως,
1990 2327 2043 2369 τά

269 2397 313 2434 δὲ
353 2401 448 2447 περὶ
484 2392 695 2434 εΡώσκιον
736 2400 1013 2446 προκειμένης
1055 2392 1193 2433 ἕνεκεν
1226 2393 1485 2439 ὑποθέσεως,
1528 2393 1833 2444 αἶντιστρέφειν
1861 2399 1940 2444 μὲν
1970 2397 2045 2432 καὶ

217 2458 379 2509 δὸἢμᾶς
413 2448 545 2497 οὐδὲν
576 2455 757 2496 κωλύσει
790 2455 862 2496 τὸν
893 2456 1027 2496 αὐτὸν
1061 2454 1199 2508 λόγον.
1257 2456 1376 2495 ”Αλλ’
1411 2455 1521 2506 ὅμως
1552 2461 1627 2495 καὶ
1657 2454 1791 2502 οὕτω,Ἰ
1824 2454 1951 2495 λα’θοι
1983 2471 2044 2502 τις

268 2520 323 2560 ἄν
355 2519 689 2572 ἀποδοκιμάζων
728 2521 917 2571 μᾶλλον,
960 2517 1065 2558 ὅσον
1102 2523 1155 2564 εἰς
1186 2517 1258 2567 τὴν
1290 2521 1524 2571 παροῦσαν
1555 2522 1730 2567 σκέψιν,
1776 2518 1802 2567 ἢ
1844 2516 2045 2564 συνιστας

269 2581 342 2622 τὸν
374 2581 560 2634 ῥήτορα·
602 2581 912 2630 ἀναξιόπιστος
943 2581 1027 2633 γὰρ
1061 2580 1168 2632 πρὸς
1199 2581 1405 2630 ἀληθείας
1437 2580 1606 2633 εὕρεσιν
1637 2582 1664 2630 ἦ
1694 2584 1869 2621 δικαίαν
1900 2586 2044 2632 κρίσιν

270 2644 292 2683 ὁ
334 2653 424 2691 ταῖς
455 2645 552 2684 κατ’
597 2643 734 2694 αὖλὴν
773 2644 799 2694 ἢ
839 2643 950 2684 κατὰ
985 2643 1057 2692 τὴν
1085 2644 1221 2683 αἰτοῦ
1251 2650 1529 2697 προαίρεσιν,
1572 2642 1686 2684 ἀλλὰ
1724 2642 1781 2696 μὴ
1824 2650 1911 2690 ταῖς
1941 2642 2041 2682 κατ3

269 2707 425 2746 οὗσίαν
456 2705 665 2747 δουλεύων
696 2707 967 2746 ὗΐιοθέσεσιν.
1030 2704 1164 2757 Οἶμαι
1198 2708 1241 2745 δὲ
1272 2706 1327 2752 ὡς
1359 2707 1459 2746 οὐδ’
1491 2707 1546 2747 (ἲν
1579 2705 1715 2756 αὐτὴν
1755 2704 1885 2758 ἔψεγε
1915 2705 2045 2759 ῥητο-

218 2769 255 2800 40
271 2767 394 2822 ρικήν
437 2768 509 2809 διὰ
552 2769 648 2817 τούς
688 2772 990 2822 δεκαζομένους
1031 2770 1111 2809 τῶν
1142 2767 1350 2823 ῥητόρων.
1411 2767 1534 2809 Οὕτω
1575 2767 1624 2818 δὴ
1656 2774 1731 2809 καὶ
1761 2770 1800 2808 εἴ
1827 2785 1932 2816 τινες
1962 2769 2044 2809 τῶν

358 2902 388 2934 4.
414 2905 677 2943 magistratuum
701 2904 805 2936 codd.
834 2905 913 2943 (mei
932 2912 1073 2944 quoque
1092 2904 1192 2943 duo):
1219 2913 1259 2934 ac
1279 2904 1538 2943 mayistratuum
1563 2904 1588 2934 O
1614 2921 1648 2925 -
1678 2903 1729 2934 48.
1757 2907 1786 2934 et
1808 2901 1902 2943 (ante
1919 2903 2043 2943 Aesch.)

271 2951 361 2983 maie
393 2953 417 2983 Ο
444 2954 579 2985 uncinis
605 2954 856 2991 circumdedit,
892 2953 947 2985 alii
979 2962 1124 2994 prorsus
1149 2952 1367 2984 deleverunt.
1408 2971 1442 2974 —
1484 2953 1536 2985 23.
1564 2952 1798 2984 Adhibuimus
1824 2953 1912 2984 duos
1937 2952 2041 2984 codd.

270 3004 511 3036 Monacenses.
538 3004 616 3034 cod.
645 3006 756 3035 Graec
793 3005 856 3035 σ215
883 3004 933 3040 (Ξ
950 3005 986 3042 Α)
1014 3005 1048 3034 ct
1072 3002 1134 3034 ⁴04
1161 3005 1207 3041 (Ξ
1226 3004 1260 3039 Β)
1290 3021 1324 3025 ——
1351 3001 1404 3034 ⁶24.
1432 2999 1475 3033 τὸ
1501 3011 1571 3033 om.
1593 3003 1615 3033 Β
1643 3019 1678 3024 ——
1717 3002 1770 3033 26.
1796 2998 1992 3043 μουσικήν
2016 3004 2042 3034 Α

270 3070 311 3074 -
346 3050 591 3088 διαλεχθέντα
622 3054 766 3094 scripsi:
809 3049 973 3094 ῥηθέντα
1005 3052 1128 3089 codd.,
1165 3049 1332 3095 ῥηθέντα
1363 3049 1633 3093 διαλεγόμενον
1670 3052 1694 3082 Ο
1726 3059 1807 3082 cum
1837 3051 2040 3083 Niebuhrio.

270 3101 416 3132 Videtur
439 3099 687 3138 διαλεχθέντα
711 3102 754 3133 ab
780 3104 923 3134 homine
949 3102 1070 3139 sciolo,
1097 3102 1156 3141 qui
1181 3104 1260 3141 post
1283 3098 1329 3132 τι).
1353 3100 1450 3132 κατὰ
1474 3100 1666 3142 μουσικῆς
1692 3101 1914 3141 participium
1932 3110 2043 3140 gene-

271 3153 317 3184 ris
343 3152 468 3192 passivi
494 3153 708 3191 requireret.
737 3152 921 3192 expulsum
947 3161 1037 3184 csse.
1079 3169 1111 3173 —-
1151 3151 1204 3182 29.
1231 3148 1368 3193 αἶρε-τάς
1393 3161 1430 3182 τε
1455 3152 1518 3182 καὶ
1543 3153 1679 3190 κακίας
1704 3150 1930 3182 Meibomius:
1955 3147 2042 3196 ἀρε-

272 3203 354 3240 ταῖς
377 3210 415 3231 τε
439 3200 503 3231 καὶ
526 3203 677 3241 κακίαις
701 3202 804 3233 codd.
833 3220 867 3224 —
896 3203 948 3234 30.
968 3198 1012 3233 τὸ
1036 3202 1113 3233 AB:
1140 3210 1181 3242 γε
1206 3201 1286 3232 cdd.
1316 3218 1349 3224 —
1377 3196 1553 3243 ἀγεννέσι
1577 3203 1610 3232 et
1629 3200 1774 3241 p.839‚4
1804 3195 1942 3242 ἀγεννῆ
1961 3201 1983 3231 Β
2004 3219 2040 3224 —-

273 3251 324 3282 31.
352 3248 520 3293 ρώιοκον
546 3252 568 3281 Β
610 3269 643 3273 -
686 3252 737 3283 32.
766 3253 818 3291 εἰς
843 3253 923 3283 AB:
955 3251 995 3291 ἐς
1018 3252 1043 3281 Ο
1088 3269 1121 3273 -
1163 3250 1215 3282 34.
1244 3246 1524 3294 ἡπροκειμένης
1549 3254 1594 3286 Α,
1626 3246 1652 3291 ἢ
1676 3249 1928 3293 προκειιιιένης
1952 3250 1975 3281 Β
2004 3265 2038 3272 —-

273 3300 324 3331 35.
353 3295 473 3338 οὕτως
497 3300 575 3330 ΑΒ;
613 3295 711 3331 οὔτι.)
737 3302 762 3331 Ο
801 3319 835 3324 -
874 3301 926 3332 36.
954 3297 1062 3341 ὅσον]
1088 3298 1174 3331 ἴσον
1198 3301 1256 3331 AB
1296 3317 1330 3323 —
1369 3301 1421 3333 38.
1449 3296 1471 3332 ὁ
1494 3303 1541 3333 Α;
1573 3296 1600 3343 ἢ
1623 3301 1647 3332 Β
1679 3317 1714 3322 -
1759 3296 1878 3331 αὐτοῦ
1902 3300 1963 3331 ΑΒ
1999 3315 2041 3321 —-

272 3348 324 3381 40.
350 3347 625 3391 δεκαζομένους
649 3350 822 3381 Niebuhr:
855 3349 1124 3392 δικαζομένους
1150 3349 1255 3382 codd.
1281 3365 1324 3373 —
