2249 3624
380 158 460 200 262
814 162 1240 204 TUSCULANARUM
1268 164 1705 206 DISPUTATIONUM

379 267 444 308 3⁶2.
478 269 619 317 Quid?
655 267 890 308 fortitudini
926 268 1235 322 comitibusque
1266 270 1377 315 eius,
1418 269 1691 322 magnitudini
1731 270 1880 318 animi,
1923 271 2137 323 gravitati,

378 332 625 385 patientiae,
656 344 794 370 rerum
824 330 1099 370 humanarum
1132 331 1429 384 despicientiae
1461 345 1544 384 quo
1577 332 1700 371 modo
1732 332 2037 385 respondebis?
2068 333 2139 373 ad-

378 395 569 434 flictusne
601 400 640 434 et
669 395 809 434 iacens
842 399 882 433 et
911 393 1166 433 lamentabili
1198 406 1300 433 voce
1332 393 1555 447 deplorans
1587 393 1757 433 audies:
1802 393 1861 433 «O
1893 395 2025 434 virum
2055 394 2139 434 for-

378 457 554 496 tem1»‘?
586 458 643 496 Te
665 470 762 496 vero
794 457 851 496 ita
881 455 1089 496 adfectum
1120 469 1172 495 ne
1202 456 1337 494 virum
1370 457 1540 508 quidem
1565 455 1787 509 quisquam
1811 456 1978 496 dixerit.
2009 456 2140 496 Amit-

347 518 503 559 stenda
533 519 658 571 igitur
686 518 888 558 fortitudo
921 524 984 557 est
1014 523 1084 558 aut
1116 518 1384 571 sepeliendus
1417 518 1549 557 dolor.

490 581 597 620 XIV.
629 581 789 634 Ecquid
821 581 900 620 scis
930 580 1076 632 igitur,
1116 580 1148 619 si
1182 580 1283 632 quid
1315 581 1366 620 de
1399 579 1625 619 Corinthiis
1657 581 1737 620 tuis
1769 580 1979 626 amiseris,
2017 594 2140 634 posse

375 641 529 682 habere
558 647 599 681 te
629 643 833 696 reliquam
864 642 1169 696 supellectilem
1201 643 1380 682 salvam:
1422 642 1615 682 virtutem
1647 648 1784 682 autem
1817 643 1851 682 si
1882 656 2008 682 unam
2039 644 2141 682 ami-

376 704 499 750 seris,
536 705 613 744 etsi
643 706 776 745 amitti
806 718 891 745 11011
922 709 1059 758 potest
1090 705 1237 750 virtus,
1270 704 1342 744 sed
1375 705 1407 743 si
1440 718 1566 743 unam
1607 704 1821 744 confessus
1862 705 1942 744 eris
1979 710 2019 744 te
2056 718 2140 744 non

375 765 546 813 habere,
577 766 735 806 nullam
767 780 858 806 esse
889 773 929 807 te
959 767 1228 806 habiturum?
1289 764 1354 805 33.
1385 768 1491 806 Num
1523 767 1649 819 igitur
1679 766 1827 806 fortem
1860 768 2009 813 virum,
2042 780 2139 806 num

329 840 362 867 «ο
377 841 525 881 magno
557 829 716 875 animo,
754 843 853 869 num
884 829 1138 882 patientem,
1179 842 1279 867 num
1311 841 1494 880 gravem,
1527 842 1625 868 num
1655 828 1838 867 humana
1870 834 2140 868 contemnen-

375 896 456 930 tem
488 895 606 944 potes
637 891 777 931 dicere
806 896 877 931 aut
906 891 1179 930 Philoctetam
1211 890 1352 937 illum;
1385 903 1408 929 a
1439 895 1477 929 te
1511 891 1621 929 enim
1654 890 1762 929 malo
1793 890 2033 938 discedere,
2066 891 2137 930 sed

374 952 445 992 ille
476 957 587 993 certe
619 966 701 993 non
732 951 870 1000 fortis,
902 953 976 1006 qui
1008 953 1115 993 iacet

1186 1014 1238 1053 in
1269 1019 1415 1054 tecto
1447 1013 1640 1061 umido,

598 1076 744 1126 Quod
776 1077 1007 1124 eiulatu,
1038 1082 1256 1130 questu,
1289 1076 1509 1128 gemitU,
1539 1075 1868 1125 fremitibus,

323 1151 359 1179 45
596 1140 918 1180 Resonando
949 1145 1137 1179 mutum
1168 1138 1381 1178 flebilis
1415 1151 1571 1178 voces
1603 1138 1789 1178 refert.

371 1203 463 1241 Non
484 1214 561 1254 ego
579 1201 766 1242 dolorem
784 1202 973 1242 dolorem
991 1214 1082 1241 esse
1103 1214 1211 1254 nego
1224 1224 1274 1228 —-
1288 1214 1361 1240 cur
1378 1201 1488 1240 enim
1510 1200 1712 1241 fortitudo
1729 1201 2138 1249 desideraretur?—,

372 1263 445 1303 sed
478 1277 573 1303 eum
605 1264 783 1317 opprimi
816 1264 909 1304 dico
942 1264 1161 1316 patientia,
1201 1262 1234 1301 si
1267 1262 1392 1301 modo
1434 1267 1488 1301 :st
1519 1263 1661 1315 aliqua
1692 1263 1914 1316 patientia:
1961 1263 1994 1303 si
2026 1264 2139 1303 nulla

373 1331 455 1373 est,
488 1326 590 1379 quid
623 1339 875 1366 exornamus
906 1325 1218 1379 philosophiam
1250 1330 1321 1364 aut
1344 1324 1443 1377 quid
1467 1325 1555 1364 eius
1578 1326 1747 1364 nomine
1769 1325 1939 1377 gloriosi
1962 1329 2138 1366 sumus?

371 1387 524 1439 Pungit
555 1387 694 1435 dolor,
724 1388 790 1427 vel
822 1388 954 1428 fodiat
984 1400 1106 1427 sane:
1139 1388 1173 1427 si
1205 1388 1342 1426 nudus
1375 1401 1439 1433 eS,
1473 1387 1525 1426 da
1553 1387 1765 1440 iugulum:
1798 1388 1862 1426 sin
1885 1393 2017 1427 tectus
2038 1388 2138 1427 Vol-

323 1450 502 1490 ς1001111115
534 1450 680 1497 armis,
718 1450 760 1490 id
793 1456 857 1490 est
892 1449 1162 1496 fortitudine,
1206 1450 1379 1497 resiste3
1422 1450 1524 1489 haec
1556 1450 1665 1489 enim
1698 1456 1756 1497 te,
1796 1450 1878 1489 nisi
1910 1451 1966 1490 ita
1997 1450 2137 1497 facies,

371 1517 510 1552 custos
548 1512 760 1565 dignitatis
797 1513 1008 1566 relinquet
1049 1518 1090 1552 et
1121 1512 1297 1551 deseret.
1357 1509 1423 1550 34.
1457 1512 1623 1552 Cretum
1657 1512 1827 1565 quidem
1859 1513 1994 1565 leges,
2033 1526 2137 1566 quas

369 1575 448 1614 sive
478 1575 655 1626 Iuppiter
682 1575 768 1614 sive
795 1575 934 1615 Minos
967 1575 1126 1621 sanxit,
1156 1574 1207 1613 de
1240 1574 1348 1613 Iovis
1372 1574 1541 1626 quidem
1568 1575 1789 1622 sententia,
1821 1580 1868 1614 ut
1898 1579 2047 1627 poetae
2078 1574 2137 1614 fe-

368 1641 485 1683 runt,
527 1637 712 1690 itemque
752 1637 954 1690 Lycurgi,
1000 1636 1211 1676 laboribus
1254 1636 1448 1675 erudiunt
1489 1637 1770 1682 iuventutem,
1812 1636 2005 1676 venando
2045 1651 2137 1676 cur-

368 1698 520 1747 rendo,
559 1699 782 1739 esuriendo
825 1698 1024 1746 sitiendo,
1063 1698 1241 1750 algendo
1278 1698 1521 1738 aestuando.
1581 1699 1750 1751 Spartae
1791 1713 1887 1738 vero
1926 1699 2046 1751 pueri
2084 1699 2134 1738 ad

316 1772 352 1802 25
368 1773 479 1801 aram
512 1761 570 1800 sic
600 1761 842 1801 verberibus
874 1761 1156 1814 accipiuntur,

675 1823 735 1863 Ut
765 1822 960 1862 multus
993 1836 1014 1862 e
1047 1823 1338 1862 visceribus
1372 1822 1591 1874 sanguis
1623 1827 1801 1869 exeat,

367 1898 451 1924 non
482 1898 708 1938 numquam
742 1885 886 1932 etiam,
927 1890 994 1932 ut,
1027 1899 1119 1924 cum
1159 1885 1216 1924 ibi
1249 1899 1404 1932 essem,
1443 1885 1682 1930 audiebam,
1723 1884 1774 1923 ad
1816 1897 1985 1923 necem:
2030 1897 2135 1937 quo-

365 1960 456 1986 rum
499 1960 582 1986 non
622 1948 747 1988 modo
787 1961 911 1987 nemo
951 1947 1198 1987 exclamavit
1237 1961 1457 2000 umquam,
1499 1947 1571 1986 sed
1611 1960 1663 1986 ne
1709 1947 1912 1999 ingemuit
1949 1947 2132 2000 quidem.

367 2009 478 2057 Quid
511 2011 640 2062 ergo?
682 2010 762 2050 hoc
792 2011 911 2063 pueri
944 2015 1139 2063 possunt,
1173 2010 1248 2049 viri
1281 2023 1365 2049 non
1397 2011 1623 2062 poterunt?
1663 2014 1703 2048 et
1734 2022 1822 2048 mos
1856 2009 1985 2057 valet,
2027 2009 2132 2049 ratio

315 2085 352 2113 30
365 2085 449 2112 non
481 2072 661 2112 valebit?

477 2134 566 2174 XV.
597 2132 664 2173 35.
705 2135 882 2174 Interest
920 2134 1077 2188 aliquid
1120 2135 1227 2174 inter
1264 2133 1447 2173 laborem
1491 2139 1532 2173 et
1562 2133 1775 2181 dolorem3
1820 2138 1917 2173 sunt
1956 2133 2132 2173 finitima

365 2196 551 2244 omnino,
574 2197 645 2236 sed
666 2202 803 2236 tamen
828 2195 1028 2236 differunt
1049 2196 1220 2250 aliquid.
1260 2196 1395 2235 Labor
1416 2201 1478 2236 est
1506 2196 1665 2235 functio
1690 2195 1893 2249 quaedam
1916 2195 1981 2235 vel
2003 2195 2131 2234 animi

363 2259 427 2299 vel
460 2259 648 2312 corporis
680 2258 882 2311 gravioris
924 2258 1063 2312 operis
1101 2264 1142 2297 et
1181 2258 1387 2305 muneris,
1426 2258 1547 2297 dolor
1587 2264 1726 2298 autem
1769 2263 1906 2298 motus
1938 2270 2060 2310 asper
2088 2258 2130 2297 in

364 2334 536 2375 corpore
567 2321 727 2361 alienus
759 2333 782 2360 a
813 2322 1019 2361 sensibus.
1070 2320 1184 2359 Haec
1219 2320 1301 2360 duo
1333 2320 1477 2360 Graeci
1510 2321 1593 2367 illi,
1626 2334 1805 2373 quorum
1835 2320 2047 2372 copiosior
2069 2325 2131 2359 est

313 2397 349 2426 35
364 2383 506 2436 lingua
536 2396 660 2435 quam
693 2388 856 2430 nostra,
898 2397 981 2422 uno
1014 2382 1184 2422 nomine
1215 2382 1442 2436 appellant.
1499 2384 1642 2435 Itaque
1680 2382 1908 2421 industrios
1938 2381 2129 2421 homines

362 2445 421 2484 illi
453 2446 666 2485 studiosos
697 2445 764 2485 vel
795 2446 933 2498 potius
964 2445 1142 2485 amantis
1174 2445 1332 2485 doloris
1364 2446 1597 2498 appellant,
1631 2458 1707 2484 nos
1730 2444 1987 2484 commodius
2014 2444 2130 2483 labo-

363 2508 524 2556 riosos3
558 2508 672 2548 aliud
705 2514 767 2548 est
797 2509 908 2548 enim
941 2508 1154 2554 laborare,
1186 2508 1299 2547 aliud
1332 2507 1488 2547 dolere.
1541 2507 1574 2547 O
1599 2507 1820 2547 verborum
1848 2507 1969 2559 inops
2000 2507 2128 2546 inter-

451 2684 480 2715 1.
506 2683 674 2723 grauitate
697 2683 775 2713 GR1
801 2699 836 2703 —
864 2682 893 2713 3.
920 2682 1056 2712 audiens
1080 2682 1122 2716 C;
1150 2681 1296 2712 audieris
1319 2679 1385 2711 alii.
1416 2696 1449 2702 —
1478 2680 1509 2711 4.
1537 2680 1660 2711 dixerit
1684 2681 1859 2719 quisquam
1882 2681 1907 2711 O
1936 2698 1966 2702 —
1997 2680 2027 2710 6.
2053 2680 2125 2721 scis]

360 2734 463 2765 nescis
486 2733 665 2764 Ernestius
690 2733 723 2763 et
746 2731 838 2762 Bake
862 2730 883 2762 l.
903 2730 923 2762 l.
944 2741 976 2772 p.
993 2731 1046 2763 84.
1069 2748 1103 2753 —
1131 2731 1157 2761 si
1182 2732 1253 2769 quis
1278 2732 1302 2761 G
1318 2731 1341 2761 R
1369 2747 1403 2751 —
1431 2730 1461 2761 7.
1487 2731 1709 2769 supplectilem
1734 2739 1823 2761 corr.
1844 2731 1875 2761 in
1901 2730 2126 2769 supellectilem

363 2785 388 2815 R
413 2800 447 2805 —-
475 2783 505 2814 8.
530 2782 632 2821 fueris
655 2781 733 2813 ead.
753 2790 798 2812 m.
819 2790 909 2812 corr.
930 2782 963 2812 in
988 2783 1053 2812 eris
1076 2782 1100 2812 R
1129 2797 1163 2803 —
1190 2780 1220 2810 9.
1247 2785 1275 2811 te
1298 2788 1363 2811 esse
1387 2780 1412 2811 Ο
1446 2797 1474 2801 -
1504 2780 1555 2810 11.
1582 2780 1744 2811 discedere
1768 2778 1931 2819 Bentley:
1962 2779 2082 2810 discere
2100 2780 2124 2810 C

365 2850 401 2855 -
428 2832 479 2862 43.
504 2834 585 2862 tecto
609 2831 777 2862 Bouhier:
803 2831 882 2862 lecto
908 2832 970 2863 CO
996 2849 1038 2854 —
1063 2832 1114 2861 45.
1139 2831 1280 2861 mullum
1304 2830 1327 2861 C
1349 2839 1355 2865 ;
1383 2827 1447 2860 sed
1471 2828 1513 2859 cf.
1541 2828 1584 2859 de
1604 2829 1712 2860 Finib.
1734 2831 1759 2860 11
1786 2829 1875 2869 §9:2.
1898 2846 1931 2850 -
1961 2829 2011 2860 17.
2032 2829 2126 2859 modo

362 2884 407 2912 est
429 2880 543 2918 aliqua
563 2881 750 2919 patientia:
775 2881 801 2911 si
824 2880 917 2911 nulla
939 2885 1001 2915 est.
1029 2881 1106 2920 qaid
1122 2889 1328 2912 emor-hamur
1349 2878 1579 2919 philosophia?
1603 2880 1733 2911 Nonius
1751 2888 1784 2920 p.
1805 2879 1877 2910 405.
1900 2896 1935 2900 —
1961 2879 2011 2909 sin
2034 2879 2126 2909 nulla

364 2928 570 2967 Lambinus,
597 2930 622 2960 O
648 2947 683 2952 —
717 2931 768 2962 48.
795 2930 916 2970 sumus]
941 2940 979 2961 su
1004 2931 1036 2962 111
1060 2939 1181 2961 rasura
1206 2929 1313 2961 habet
1337 2931 1363 2960 G
1388 2946 1422 2951 —
1458 2930 1511 2960 ⁵20.
1537 2929 1657 2970 resiste]
1682 2930 1741 2960 iste
1765 2930 1796 2960 in
1822 2938 1941 2960 rasura
1968 2928 2075 2960 habet
2099 2930 2124 2959 G

367 2997 401 3002 —
427 2979 480 3010 2⁴.
506 2978 636 3009 Cretum
659 2980 738 3020 legis
760 2980 936 3012 Charisius
960 2989 993 3021 p.
1021 2979 1095 3015 4⁶24.
1123 2981 1174 3011 42.
1204 2998 1238 3002 —
1274 2980 1325 3011 ⁵22.
1352 2981 1419 3010 sive
1440 2980 1587 3018 luppiter
1610 2988 1679 3010 om.
1708 2980 1752 3017 C;
1787 2978 1841 3010 alii
1870 2979 2032 3020 supplent
2059 2980 2126 3011 sive

364 3029 641 3060 Rhadamanthus.
668 3045 702 3050 —
730 3029 783 3060 23.
809 3029 942 3070 lyyuryi
966 3030 1028 3060 GR
1057 3047 1091 3051 —
1118 3029 1170 3060 26.
1198 3030 1381 3069 Tragicum
1407 3039 1550 3061 versum
1577 3031 1708 3071 primus
1727 3031 1865 3070 agnovit
1882 3031 2123 3062 Lachmannus

366 3078 409 3109 ad
434 3079 569 3109 Lucret.
596 3079 635 3115 V,
661 3078 734 3109 993.
766 3078 810 3119 (p.
837 3079 898 3110 323
923 3078 991 3118 sq.)
1019 3096 1053 3101 -
1085 3079 1195 3109 multis
1224 3080 1248 3109 B
1283 3096 1316 3100 —-
1352 3080 1403 3110 ⁵27.
1431 3080 1615 3120 audiebam]
1645 3080 1795 3111 videbam
1825 3079 1971 3119 Bentley
1994 3079 2070 3111 coll.
2096 3081 2124 3111 V

366 3127 384 3168 ἓ
409 3128 462 3159 77.
491 3145 524 3150 —
551 3127 604 3159 28.
630 3127 704 3168 non]
729 3137 794 3159 uno
819 3130 842 3160 C
871 3147 905 3151 —
933 3129 984 3160 32.
1011 3129 1119 3169 differt
1143 3129 1166 3159 C
1193 3129 1265 3167 (sed
1293 3129 1325 3160 in
1352 3130 1377 3160 G
1401 3128 1477 3169 syll.
1503 3130 1565 3169 fer!
1591 3131 1645 3160 est
1668 3130 1701 3160 in
1727 3131 1871 3167 rasura).
1901 3130 1949 3161 Cf.
1970 3131 2011 3161 HI
2032 3129 2050 3169 ἓ
2068 3128 2120 3161 84.

369 3194 405 3201 -
432 3175 483 3207 34.
510 3178 671 3216 graecula·
695 3178 726 3218 (i.
747 3187 777 3209 e.
802 3177 856 3209 vel
879 3179 1040 3219 graeculli
1063 3178 1117 3210 vel
1141 3179 1252 3219 ymeri
1269 3179 1324 3217 ich)
1344 3180 1386 3213 (ἐς
1418 3178 1494 3210 fort.
1512 3178 1684 3217 Graec-uti,
1712 3188 1791 3211 nam
1817 3179 1900 3220 quid
1927 3188 2123 3220 pronomen

366 3227 414 3258 illi
437 3226 470 3257 h.
489 3224 509 3257 l.
529 3225 593 3257 sibi
617 3226 717 3265 velit,
744 3236 847 3259 versu
873 3229 1031 3269 proximo
1055 3229 1288 3269 aptissimum,
1317 3228 1482 3269 equidem
1507 3238 1575 3261 non
1600 3230 1786 3270 perspicio.
1813 3247 1848 3252 —
1873 3229 1925 3261 36.
1951 3229 2125 3260 studiosios

368 3277 449 3308 ante
472 3283 632 3308 rasuram
656 3277 693 3308 R.
