2249 3624
852 205 1177 253 FRAGMENTA.

133 310 201 349 Sin
227 313 387 348 modicos
412 312 526 347 radix
552 314 693 347 emittat
720 313 845 348 vivida
872 315 1011 357 fructus
1027 344 1035 356 ,

129 374 240 412 Nullo
269 376 411 410 obsessa
437 376 508 410 situ
537 376 638 410 tellus
665 376 806 420 florebit
836 378 974 413 aristis.

128 438 213 475 Iam
242 447 338 474 vero
369 446 534 485 semper
560 433 701 474 viridis
726 447 975 487 semperque
1003 446 1170 488 gravata

127 497 342 537 Lentiscus
370 495 515 547 triplici
547 496 662 535 solita
690 496 965 546 grandescere
994 500 1076 539 selu

128 561 207 600 Ter
230 561 367 611 sr'uges
395 558 569 598 fundens
598 561 671 598 tria
698 566 880 611 tempora
913 569 1112 602 monstrat
1142 568 1301 607 arandi:

126 625 224 662 Nam
251 630 319 660 tres
347 636 418 660 esse
444 626 563 668 serunt
589 627 779 670 promendi
808 629 960 661 vomeris
988 628 1118 664 horas:

126 688 271 725 Primus
298 688 403 723 habel
428 689 589 732 primam
616 690 754 731 fructus
787 690 990 735 mediusque
1031 695 1244 739 secundam,

130 751 269 788 Tertius
295 755 453 786 extremo
480 752 570 795 selus
597 753 786 796 respondet
814 757 955 787 aratro.

127 813 169 851 Si
194 815 350 861 qravida
376 815 534 859 eqreqios
561 814 704 860 qlandis
733 815 899 850 lentiscus
929 827 1074 851 acervos

126 877 312 921 Pr0serat‚
344 877 410 912 hoc
436 876 560 922 laryas
587 877 749 921 sperabis
778 877 822 911 ab
853 879 969 912 omine
1000 890 1144 921 messes,

126 941 171 977 Et
197 941 341 976 modica
368 940 568 982 modicam,
596 950 713 984 parca
737 950 974 984 praenoscere
1002 952 1157 986 parcam

128 1002 267 1041 Glande
291 1007 415 1048 potes:
446 1007 545 1036 terno
571 1003 712 1047 pariter
738 1013 830 1047 quae
858 1007 1013 1048 tempore
1047 1006 1150 1050 floret

128 1065 275 1112 Squilla
303 1065 370 1100 tibi
397 1065 508 1105 dicet,
541 1074 610 1109 quo
637 1070 787 1110 surqant
816 1067 962 1111 meryite
989 1067 1121 1102 culmi.-

124 1127 221 1165 Nam
248 1138 492 1174 quaecumque
519 1128 668 1162 avidum
696 1128 861 1163 lentiscus
889 1130 961 1173 seta
982 1130 1147 1166 colonum

129 1191 393 1232 Praemonuit,
424 1190 579 1236 squillae
604 1196 772 1236 poterunt
801 1192 867 1226 tibi
894 1193 1010 1228 dicere
1037 1195 1155 1239 flores.

128 1253 171 1292 Si
197 1255 325 1291 crebra
351 1259 526 1290 autumno
553 1256 677 1290 videas
703 1260 871 1300 pereunte
898 1258 1036 1291 moveri

126 1316 287 1365 Agmina
314 1329 525 1363 vesparum,
557 1318 697 1353 subitae
722 1320 755 1353 si
780 1320 925 1365 sriqora
953 1319 1121 1365 brumae,

123 1379 215 1417 Ante
243 1381 354 1416 etiam
381 1380 557 1425 Hesperio
584 1391 695 1426 quam
720 1385 872 1427 suryant
899 1381 1061 1417 Pleiades
1097 1389 1200 1430 ortu,

122 1442 373 1488 Praecipitant
400 1443 576 1488 densoque
602 1444 677 1478 ruit
705 1454 784 1479 cum
811 1444 952 1479 turbine
980 1450 1117 1483 vortex.

127 1504 169 1542 Si
191 1516 325 1552 porcae
353 1510 472 1550 turpes
500 1510 531 1540 et
551 1516 629 1540 oves
657 1506 878 1552 qracilesque
905 1508 1064 1552 capellae

129 1568 331 1615 Empectare
356 1579 475 1603 mares
503 1573 633 1603 aveant
659 1569 877 1614 yenitalibus
905 1571 1023 1611 arvis,

131 1630 412 1677 concubitusque
439 1641 550 1665 novos
577 1642 714 1676 semper
739 1633 815 1666 iam
843 1636 930 1666 nota
957 1633 1122 1678 voluptas

125 1693 316 1738 Sollicitet,
345 1695 460 1730 simili
488 1694 654 1729 brumam
680 1696 822 1730 ratione
848 1695 1004 1730 notabis.

123 1755 165 1793 Si
191 1758 286 1792 videt
313 1758 351 1792 in
384 1755 550 1793 Venerem
577 1758 703 1792 tardas
734 1767 796 1793 nec
822 1762 944 1802 sponte
974 1760 1110 1794 moveri

123 1819 277 1857 Securas
304 1821 459 1855 nimium
486 1822 646 1866 qenais,
678 1821 736 1855 cui
760 1821 879 1866 pallia
897 1822 1040 1865 desunt,

120 1881 271 1942 ¹Gaudet
297 1884 422 1929 inops,
452 1884 582 1919 hiemes
609 1885 726 1919 iussus
753 1895 899 1929 sperare
925 1895 1094 1920 serenas:

129 1944 268 1983 Gaudet
295 1950 326 1982 et
353 1951 495 1982 assueta
520 1948 669 1993 qruibus
696 1947 916 1982 venientibus
953 1948 1044 1982 liora

124 2009 309 2055 Tempora
337 2010 400 2055 qui
425 2014 569 2050 servat,
602 2010 717 2044 tardis
745 2014 775 2044 et
804 2010 929 2044 tardus
966 2014 1114 2045 arator:

119 2070 285 2118 Namque
310 2083 414 2119 qrues
440 2077 613 2108 venturae
639 2073 833 2108 imitantur
860 2077 1023 2117 tempora
1053 2073 1222 2108 brumae.-

121 2133 164 2171 Si
190 2135 307 2170 subito
333 2135 480 2170 veniunt
508 2135 694 2180 densisque
719 2146 783 2180 per
810 2139 897 2169 ae'ra
925 2136 1072 2176 turmis,

120 2197 276 2233 Immitis
303 2199 450 2243 festinat
477 2198 612 2239 hiems,·
643 2199 675 2232 si
704 2199 844 2233 tardius
876 2198 962 2233 illae

120 2260 270 2307 Aqmine
295 2272 368 2297 non
393 2272 486 2301 uno,
516 2272 589 2296 non
615 2272 686 2296 uno
715 2266 870 2307 tempore
904 2262 1070 2301 tendunt,

121 2323 228 2360 Lenis
257 2325 369 2360 hiems
396 2335 518 2360 serum
544 2326 686 2360 veniens
713 2330 795 2360 sata
821 2336 903 2359 sera
935 2326 1087 2359 iuvabit.

121 2385 163 2423 Si
187 2388 341 2433 qravido
369 2392 542 2423 autumno
566 2388 716 2432 pecudes
744 2391 776 2422 et
804 2388 933 2422 bucera
971 2388 1066 2422 secla

120 2449 307 2495 Effodiant
331 2451 482 2496 pedibus
508 2451 631 2497 qlebas
651 2451 855 2496 obnioeaque
890 2455 991 2485 vento

120 2510 320 2548 Sustentent
345 2515 488 2559 capita,
518 2514 707 2548 horrendis
733 2513 933 2556 furibunda
959 2513 1129 2558 procellis

121 2572 248 2621 Surqet
273 2576 397 2616 hiems,
427 2579 567 2611 nostros
592 2576 706 2621 fuqiet
732 2586 811 2610 cum
838 2575 961 2610 lucida
987 2576 1084 2610 visus

119 2636 239 2672 Pleias
265 2643 296 2673 et
322 2639 470 2673 miseros
497 2638 643 2673 vexabit
663 2638 791 2672 bruma
825 2638 992 2678 colonos,

119 2697 202 2734 Non
228 2704 367 2735 tenerae
391 2700 539 2745 plantae
556 2726 565 2744 ‚
595 2701 689 2745 flavo
717 2710 789 2734 non
817 2700 919 2734 utilis
947 2710 1049 2735 arvo.

122 2759 219 2804 Quin
243 2764 362 2808 potius
390 2764 472 2798 totis
497 2764 615 2798 iaceat
640 2763 707 2797 nia:
731 2763 894 2808 plurima
927 2764 1034 2798 terris
1050 2791 1058 2803 ‚

123 2822 208 2859 Cum
233 2825 392 2860 nondum
416 2826 571 2872 qrandes
598 2825 734 2860 culmus
761 2826 930 2860 distinxit
958 2827 1116 2867 aristas,

124 2884 168 2921 Ut
195 2886 268 2922 beet
294 2888 496 2933 ayrieolam
523 2888 634 2923 multo
661 2898 740 2923 eum
767 2888 888 2931 fenore
917 2888 1032 2923 tellus.

119 2947 242 2984 Nolim
268 2950 431 2995 equidem
456 2951 591 2996 qemini
615 2950 779 2995 pluresve
805 2960 938 2984 unusve
975 2955 1121 2986 cometes

119 3011 397 3056 Flammiferam
424 3013 557 3048 ducant
581 3013 740 3057 spatioso
769 3012 883 3047 limite
910 3014 1067 3057 crinem,

118 3072 171 3109 Ne
196 3075 298 3109 sitiat
325 3079 396 3110 toto
424 3075 526 3110 tellus
554 3076 648 3110 male
674 3075 806 3118 fertilis
835 3086 951 3110 anno:

119 3134 192 3171 Nec
219 3137 282 3181 qui
300 3138 508 3172 continuam
532 3138 734 3183 proscindit
761 3147 900 3172 vomere
933 3142 1067 3173 terram
1085 3165 1093 3181 ‚

121 3194 162 3232 Si
186 3198 278 3241 sorte
304 3199 444 3234 emittat
469 3199 630 3235 volueres
656 3200 868 3245 circumflua
904 3201 1040 3235 multas

119 3257 269 3305 Insula,
299 3261 472 3297 laetetur:
503 3262 626 3297 timeat
652 3262 790 3308 ’παρίει
820 3262 938 3298 obsita
965 3262 1075 3297 multo

1786 229 1892 272 ⁴045

1821 336 1893 375 320

1818 645 1888 684 325

1816 957 1888 996 330

1815 1268 1886 1306 335

1812 1580 1884 1620 340

1809 1893 1879 1932 345

1809 2202 1880 2241 350

1805 2516 1877 2555 355

1806 2827 1878 2866 360

1805 3139 1875 3178 365
