2249 3624
330 145 411 187 270
764 147 1191 188 TUSCULANARUM
1219 148 1656 190 DISPUTATIONUM

332 268 376 293 se
407 259 534 306 atque
565 252 619 292 ita
650 252 804 291 adflicti
835 257 876 291 et
907 253 1132 292 exanimati
1161 253 1318 294 iacent:
1351 255 1423 308 qui
1448 261 1587 295 autem
1609 256 1851 296 restiterunt
1872 255 2092 296 discedunt

331 316 573 367 saepissime
621 315 876 367 superiores:
931 320 1028 354 sunt
1073 316 1182 354 enim
1224 318 1431 369 quaedam
1488 318 1615 357 animi
1658 317 1954 358 similitudines
1997 332 2090 358 cum

331 391 519 430 corpore.
562 377 611 416 Ut
641 390 767 416 onera
798 378 1005 416 contentis
1037 378 1281 430 corporibus
1312 380 1475 419 facilius
1503 379 1706 427 feruntur,
1737 379 1923 419 remissis
1952 381 2093 433 oppri-

331 447 461 487 munt,
484 440 691 479 simillime
713 439 877 478 animus
900 440 1131 479 intentione
1154 454 1228 480 sua
1250 442 1422 494 depellit
1442 455 1632 496 pressum
1656 443 2093 498 omnemhponderum,

298 503 578 543 sreniissione
609 508 748 541 autem
780 502 837 541 sic
860 507 1042 554 urgetur,
1074 508 1120 542 ut
1151 516 1194 542 se
1225 510 1406 557 nequeat
1437 505 1649 544 extollere.
1700 503 1766 543 55.
1797 505 1861 551 Et,
1893 505 1926 544 si
1952 518 2093 544 verum

331 566 595 619 quaerimus,
633 565 675 603 in
717 564 910 603 omnibus
951 564 1098 604 officiis
1137 567 1445 620 persequendis
1476 567 1603 606 animi
1637 572 1700 606 est
1729 565 1967 606 adhibenda
1998 580 2094 607 con-

330 628 485 674 tentio3
529 640 575 666 ea
608 632 670 665 est
703 626 791 665 sola
823 625 948 665 oflicii
980 632 1191 679 tamquam
1223 629 1424 668 custodia.
1469 629 1550 668 Sed
1581 627 1658 668 hoc
1680 630 1849 682 quidem
1874 630 1917 668 in
1949 628 2094 668 dolore

330 703 525 730 maxume
548 694 609 728 est
632 688 947 741 providendum,
965 702 1016 727 ne
1040 689 1140 742 quid
1162 691 1336 737 abiecte,
1360 705 1410 729 ne
1434 692 1536 744 quid
1559 692 1716 738 timide,
1738 705 1790 730 ne
1812 692 1909 745 quid
1932 692 2093 744 ignave,

330 767 380 792 ne
412 752 511 805 quid
544 751 750 790 serviliter
781 751 1089 790 muliebriterve
1120 751 1343 799 faciamus,
1375 753 1417 791 in
1449 753 1681 806 primisque
1712 753 1916 793 refutetur
1944 767 1990 792 ac
2014 754 2095 792 rei-

279 823 313 851 40
329 816 461 855 ciatur
497 815 775 853 Philocteteus
818 813 888 852 ille
927 813 1094 853 clamor.
1151 816 1439 867 Ingemescere
1481 829 1564 854 non
1606 829 1835 868 numquam
1868 816 1955 855 viro
1995 829 2094 854 con-

328 891 489 917 cessum
523 882 585 916 est
615 876 742 928 idque
774 889 890 923 raro,
923 876 1102 916 eiulatus
1134 891 1185 916 ne
1218 878 1382 917 mulieri
1415 877 1598 930 quidem.
1645 879 1695 916 Et
1724 878 1791 917 hic
1813 878 2008 917 nimirum
2032 882 2094 917 est

328 941 467 987 fletus,
500 953 626 992 quem
658 938 879 978 duodecim
911 939 1075 978 tabulae
1107 940 1148 978 in
1179 939 1396 978 funeribus
1419 938 1607 979 adhiberi
1630 945 1865 980 vetuerunt.
1916 937 1981 978 56.
2007 940 2093 979 Nec

327 1016 426 1042 vero
459 1015 656 1054 umquam
689 1014 740 1040 ne
772 1001 1020 1053 ingemescit
1051 1002 1219 1054 quidem
1253 1002 1316 1040 vir
1345 1001 1464 1041 fortis
1495 1015 1542 1041 ac
1575 1002 1765 1054 sapiens,
1797 1002 1878 1042 nisi
1907 1001 2014 1041 forte
2046 1006 2094 1040 ut

327 1078 370 1104 se
402 1064 594 1104 intendat
624 1063 676 1103 ad
705 1061 960 1110 firmitatem,
992 1069 1036 1103 ut
1062 1065 1105 1103 in
1134 1064 1269 1103 stadio
1292 1077 1483 1104 cursores
1507 1065 1742 1104 exclamant
1763 1078 1888 1118 quam
1911 1064 2093 1103 maxime

277 1132 512 1180 45possunt.
566 1126 740 1166 Faciunt
769 1125 898 1172 idem,
940 1139 1031 1165 cum
1063 1132 1333 1174 exercentur,
1371 1126 1575 1174 athletae3
1616 1127 1777 1180 pugiles
1809 1141 1929 1173 vero,
1970 1127 2093 1166 etiam

327 1203 418 1229 cum
448 1189 603 1228 feriunt
634 1188 939 1235 adversarium,
971 1189 1012 1227 in
1047 1188 1250 1227 iactandis
1282 1189 1489 1228 caestibus
1521 1189 1830 1241 ingemescunt,
1863 1202 1947 1229 non
1980 1187 2093 1241 quod

326 1252 496 1291 doleant
532 1251 724 1290 animove
756 1250 1049 1297 succumbant,
1087 1250 1160 1289 sed
1192 1251 1291 1303 quia
1331 1251 1623 1303 profundenda
1653 1265 1755 1291 voce
1787 1265 1908 1292 omne
1941 1264 2093 1303 corpus

325 1314 556 1354 intenditur
586 1314 784 1366 venitque
816 1313 937 1365 plaga
968 1312 1267 1352 vehementior.
1320 1314 1468 1352 XXIV.
1502 1314 1643 1361 Quid?
1678 1315 1750 1367 qui
1779 1314 1925 1354 volunt
1954 1312 2093 1352 excla-

326 1390 438 1416 mare
471 1376 626 1423 maius,
659 1389 755 1415 num
789 1375 888 1414 satis
920 1375 1076 1414 habent
1106 1375 1257 1422 latera,
1289 1375 1451 1422 fauces,
1484 1376 1669 1428 linguam
1691 1376 1923 1423 intendere,
1955 1389 1977 1415 e
2000 1375 2093 1428 qui-

274 1448 310 1476 20
325 1440 400 1479 bus
439 1439 516 1478 eici
549 1452 689 1478 vocem
724 1443 764 1477 et
793 1437 911 1476 fundi
944 1437 1162 1476 videmus?
1204 1443 1291 1477 toto
1323 1451 1495 1490 corpore
1527 1444 1651 1491 atque
1683 1439 1877 1478 omnibus
1908 1437 2090 1490 ungulis,

325 1508 371 1542 ut
402 1501 573 1548 dicitur,
607 1500 863 1540 contentioni
896 1500 1008 1538 vocis
1043 1499 1298 1539 adserviunt.
1348 1498 1414 1539 57.
1449 1501 1567 1540 Genu
1601 1501 1838 1541 mehercule
1869 1502 1924 1540 M.
1958 1502 2090 1539 Anto-

325 1564 440 1603 nium
471 1564 574 1610 vidi,
607 1577 701 1602 cum
733 1567 929 1601 contente
961 1575 1035 1614 pro
1069 1576 1111 1601 se
1144 1562 1234 1614 ipse
1264 1563 1354 1615 lege
1375 1563 1498 1602 Varia
1521 1562 1699 1610 diceret,
1732 1569 1882 1602 terram
1905 1569 2088 1615 tangere.

325 1628 376 1667 Ut
406 1627 516 1667 enim
549 1625 723 1664 balistae
755 1623 940 1676 lapidum
973 1630 1012 1663 et
1042 1624 1204 1677 reliqua
1234 1631 1441 1664 tormenta
1461 1625 1639 1664 telorum
1663 1639 1711 1665 eo
1734 1626 1943 1678 graviores
1967 1625 2091 1664 emis-

324 1692 463 1731 siones
494 1688 670 1733 habent,
712 1700 794 1740 quo
828 1691 925 1725 sunt
955 1691 1151 1725 contenta
1182 1692 1306 1740 atque
1338 1687 1518 1727 adducta
1551 1688 1860 1734 vehementius,
1902 1689 1961 1728 sic
1993 1701 2090 1735 vox,

273 1761 309 1791 25
325 1755 382 1795 sic
414 1765 580 1797 cursus,
613 1750 671 1789 sic
702 1749 823 1801 plaga
852 1748 932 1787 hoc
964 1748 1147 1800 gravior,
1179 1763 1262 1802 quo
1295 1755 1358 1789 est
1390 1750 1514 1789 missa
1537 1750 1787 1790 contentius.
1841 1750 1968 1789 Cuius
1990 1763 2090 1789 con-

324 1815 524 1857 tentionis
558 1826 652 1852 cum
683 1817 796 1851 tanta
827 1811 887 1850 vis
920 1811 992 1856 sit,
1025 1810 1058 1849 si
1091 1812 1266 1863 gemitus
1298 1811 1341 1850 in
1374 1812 1519 1851 dolore
1551 1811 1602 1851 ad
1636 1810 1967 1851 confirmandum
1999 1811 2088 1851 ani-

325 1892 436 1917 mum
469 1875 639 1921 valebit,
677 1880 865 1913 utemur:
907 1874 969 1912 sin
1002 1873 1080 1912 erit
1111 1873 1179 1912 ille
1211 1874 1389 1926 gemitus
1421 1874 1743 1921 elamentabilis,
1787 1874 1821 1913 si
1853 1873 2088 1919 inbecillus,

325 1943 359 1982 si
389 1940 596 1985 abiectus,
637 1937 670 1976 si
704 1935 871 1982 flebilis,
904 1936 942 1975 ei
974 1936 1047 1988 qui
1078 1949 1121 1974 se
1154 1936 1336 1983 dederit,
1369 1935 1439 1975 vix
1470 1950 1564 1976 eum
1596 1937 1730 1977 virum
1763 1936 1953 1975 dixerim.
2005 1935 2087 1983 Qui

325 2003 495 2057 quidem
541 2000 720 2052 gemitus
766 1998 799 2037 si
841 1997 1062 2037 levationis
1103 1997 1262 2050 aliquid
1307 1997 1504 2046 adferret,
1550 2005 1689 2039 tamen
1721 1998 1954 2038 videremus
1986 1998 2089 2051 quid

276 2072 312 2102 30
326 2070 435 2107 esset
465 2064 584 2103 fortis
617 2068 657 2102 et
687 2061 863 2100 animosi
896 2060 995 2113 viri:
1029 2073 1121 2099 cum
1144 2073 1241 2099 vero
1265 2060 1368 2099 nihil
1391 2060 1610 2101 imminuat
1633 2060 1809 2108 doloris,
1842 2074 1915 2100 cur
1934 2060 2089 2100 frustra

324 2137 467 2183 turpes
499 2139 591 2167 esse
625 2124 846 2163 volumus?
879 2122 979 2175 quid
1012 2127 1075 2161 est
1106 2123 1215 2161 enim
1248 2123 1347 2162 ssetu
1369 2123 1560 2162 muliebri
1583 2123 1671 2163 viro
1695 2123 1887 2176 turpius?
1928 2121 1994 2162 58.
2016 2123 2088 2162 At-

325 2206 406 2245 que
439 2191 517 2230 hoc
548 2191 834 2241 praeceptum,
868 2183 979 2237 quod
1012 2185 1063 2223 de
1095 2184 1239 2224 dolore
1262 2184 1401 2231 datur,
1434 2191 1546 2238 patet
1567 2185 1701 2224 latius.
1748 2184 1953 2224 Omnibus
1976 2184 2086 2223 enim

323 2254 467 2299 rebus,
500 2264 584 2290 non
611 2249 747 2289 solum
782 2247 938 2292 dolori,
971 2246 1097 2286 simili
1129 2247 1397 2286 contentione
1428 2247 1556 2286 animi
1585 2247 1866 2286 resistendum
1898 2251 1971 2286 est.
2022 2247 2088 2285 Ira

325 2315 579 2359 exardescit,
619 2311 749 2350 libido
791 2309 1046 2349 concitatur:
1088 2309 1129 2348 in
1161 2309 1335 2348 eandem
1373 2322 1508 2348 arcem
1540 2308 1867 2361 confugiendum
1898 2313 1980 2355 est,
2020 2320 2087 2347 ea-

273 2385 311 2413 35
325 2378 417 2418 dem
450 2381 546 2416 sunt
577 2387 688 2414 arma
720 2371 933 2412 sumenda.
990 2371 1072 2411 Sed
1104 2371 1302 2424 quoniam
1335 2370 1385 2410 de
1417 2371 1562 2410 dolore
1593 2371 1826 2425 loquimur,
1864 2370 1936 2410 illa
1967 2370 2087 2409 omit-

323 2446 470 2480 tamus.
537 2437 600 2476 Ad
640 2434 858 2475 ferendum
901 2434 1027 2486 igitur
1069 2432 1256 2472 dolorem
1297 2433 1459 2486 placide
1502 2438 1626 2486 atque
1670 2432 1812 2472 sedate
1862 2432 2087 2485 plurimum

324 2500 486 2555 proficit
515 2506 602 2540 toto
634 2503 826 2551 pectore,
859 2501 904 2535 ut
935 2495 1107 2541 dicitur,
1140 2495 1323 2547 cogitare
1356 2508 1481 2548 quam
1511 2494 1553 2534 id
1576 2495 1800 2535 honestum
1821 2494 1887 2534 sit.
1934 2494 2086 2533 Sumus

324 2565 433 2604 enim
465 2568 629 2607 natura,
661 2564 704 2599 ut
735 2564 830 2599 ante
863 2558 949 2597 dixi
980 2579 1034 2586 -
1066 2556 1291 2596 dicendum
1324 2562 1386 2596 est
1417 2558 1525 2596 enim
1557 2557 1725 2610 saepius
1755 2577 1831 2603 ,
1866 2554 2088 2595 studiosis-

325 2626 417 2665 simi
455 2622 876 2677 adpetentissimique
916 2619 1170 2666 honestatis,
1213 2619 1328 2658 cuius
1367 2619 1401 2658 si
1433 2619 1550 2672 quasi
1582 2619 1720 2658 lumen
1759 2617 1932 2670 aliquod
1967 2630 2086 2670 aspe-

273 2695 309 2724 40
325 2688 481 2734 ximus,
530 2686 633 2726 nihil
674 2690 737 2724 est
775 2682 910 2737 quod,
957 2687 1000 2721 ut
1038 2695 1088 2721 eo
1120 2681 1350 2734 potiamur,
1397 2694 1481 2720 non
1512 2680 1644 2733 parati
1676 2681 1804 2719 simus
1837 2684 1878 2719 et
1907 2678 2014 2718 ferre
2046 2683 2087 2718 et

411 2873 441 2902 4.
467 2879 499 2901 se
527 2877 705 2910 superscr.
738 2869 772 2899 in
805 2869 831 2899 G
933 2866 963 2897 3.
994 2866 1032 2896 Ut
1063 2874 1165 2896 onera
1188 2873 1216 2895 c.
1242 2874 1270 2896 c.
1295 2864 1320 2904 f.
1344 2864 1509 2904 feruntur,
1529 2862 1678 2903 pessimis
1701 2862 1933 2902 opprimuntur
1954 2862 2085 2894 Nonius

323 2931 357 2963 p.
384 2922 458 2952 259.
560 2918 590 2950 4.
616 2918 732 2949 simille
764 2919 802 2949 G
903 2924 1073 2955 praessum
1102 2915 1167 2946 GR
1201 2932 1235 2937 -
1274 2913 1304 2944 6.
1326 2913 1549 2953 persequentis
1573 2913 1637 2944 GR
1745 2912 1776 2943 7.
1801 2912 1860 2943 hoe
1885 2913 1970 2943 idem
1994 2912 2018 2943 C
2047 2928 2081 2934 -

323 2973 354 3004 8.
380 2970 521 3002 maximi
545 2977 634 2999 corr.
661 2977 707 2998 111.
734 2976 805 2999 sec.
834 2967 868 2997 in
892 2974 1052 2997 maxumo
1077 2966 1120 2997 G:
1147 2964 1335 2994 marimum
1454 2962 1693 3001 providendum
1716 2965 1778 3001 est,
1805 2971 1908 2993 ne--
1922 2962 2085 3002 faciamus

325 3020 501 3053 Charisius
526 3027 559 3058 p.
586 3017 660 3054 203,
686 3017 717 3047 7.
748 3035 781 3038 -
810 3016 860 3047 40.
886 3015 1095 3055 ingemiscere
1119 3013 1193 3044 R2B
1210 3014 1254 3048 O:
1281 3013 1364 3043 item
1388 3021 1420 3042 v.
1442 3012 1493 3043 43.
1585 3012 1636 3043 43.
1662 3010 1711 3051 ne]
1737 3020 1794 3042 nec
1818 3013 1882 3044 GR
1973 3011 2025 3043 44.
2050 3010 2085 3041 in

323 3071 428 3102 stadio
444 3085 493 3091 --
510 3067 650 3097 athletae
674 3066 850 3097 Charisius
875 3074 908 3105 p.
935 3064 1009 3102 216,
1038 3064 1087 3094 49.
1186 3063 1236 3093 45.
1265 3062 1408 3092 atlaetae
1432 3062 1476 3099 R,
1508 3062 1658 3093 adlaetae
1682 3063 1708 3093 G
1734 3079 1769 3083 --
1796 3062 1848 3092 46.

325 3120 402 3151 GR
430 3135 464 3140 -
499 3116 550 3147 47.
573 3116 742 3154 profunda
773 3113 809 3146 G
912 3114 965 3145 20.
990 3113 1063 3144 elici
1088 3112 1111 3144 C
1209 3112 1261 3142 22.
1287 3114 1465 3149 contempte
1489 3112 1512 3142 R
1601 3110 1872 3142 leuariadieceret
1896 3112 2084 3150 (superscr.

325 3168 401 3209 syll.
427 3176 465 3208 9e
489 3175 535 3197 in.
555 3165 641 3203 sec.)
667 3166 690 3195 G
780 3164 832 3195 033.
859 3163 1008 3194 ballistae
1029 3161 1102 3201 (sed
1121 3160 1226 3192 altera
1245 3161 1255 3191 l
1271 3160 1453 3201 expuncta)
1471 3161 1496 3191 R
1568 3160 1620 3191 25.
1641 3159 1715 3200 quo]
1740 3168 1814 3190 cum
1831 3159 1855 3190 C
1930 3159 1983 3190 28.
2002 3166 2086 3197 quae

325 3219 455 3258 quidem
479 3218 504 3246 G
517 3213 555 3246 R
636 3214 688 3244 29.
707 3213 873 3251 adferrent
896 3214 920 3244 R
933 3213 976 3249 B
1003 3212 1151 3252 adferent
1175 3211 1200 3241 G
1281 3209 1333 3241 311.
1352 3213 1447 3248 turpe
1471 3211 1495 3240 G
1510 3210 1535 3240 R
1616 3208 1669 3241 34.
1689 3209 1801 3241 eadem
1817 3209 1844 3239 G
1917 3206 1970 3239 35.
1990 3207 2088 3238 omit

326 3273 414 3301 tam:
438 3267 475 3298 R.
504 3263 587 3296 Vide
612 3262 657 3294 ad
683 3263 707 3294 V
732 3261 750 3303 S
774 3262 828 3295 56.
912 3261 964 3293 39.
991 3260 1239 3301 adspexerimus
1256 3259 1280 3291 O
1301 3274 1335 3280 -
1362 3257 1415 3290 40.
1442 3266 1552 3290 sumus
1576 3259 1630 3290 G1.
