2249 3624
532 152 621 192 Lm.
652 152 701 192 v.
743 151 840 192 οη.
872 151 1217 192 ΧΧΧιΧ-Χῐ,.
1258 150 1318 204 §5
1351 148 1599 191 412-118.
1869 149 1951 191 363

187 259 378 305 haberet,
417 257 685 309 Anaxagoras
725 262 795 297 aut
834 257 901 296 hic
940 258 1030 312 ipse
1068 259 1329 298 Democritus
1361 271 1483 311 agros
1515 265 1555 298 et
1595 259 1844 311 patrimonia
1876 272 1951 298 sua

186 320 466 374 reliquissent,
488 319 584 359 huic
608 319 794 360 discendi
818 320 1133 374 quaerendique
1156 321 1323 361 divinae
1346 321 1615 362 delectationi
1638 327 1723 361 toto
1747 335 1791 360 se
1813 321 1951 362 animo

185 382 427 423 dedissent?
477 383 621 436 Itaque
658 395 857 433 augurem
896 384 1118 430 Tiresiam,
1156 397 1278 436 quem
1319 385 1549 436 sapientem
1591 382 1751 434 lingunt
1792 389 1952 436 poetae,

185 457 408 498 numquam
441 444 645 484 inducunt
676 444 961 498 deplorantem
994 446 1234 485 caecitatem
1266 460 1396 486 suam.
1443 449 1493 486 At
1522 459 1618 486 vero
1651 446 1951 500 Polyphemum

184 508 389 548 Homerus
421 520 511 546 cum
545 508 753 547 inmanem
786 507 1005 560 serumque
1039 507 1244 555 tinxisset,
1277 523 1369 548 cum
1395 509 1524 548 ariete
1547 509 1669 548 etiam
1694 508 1984 562 conloquen—5

184 576 265 610 tem
307 569 405 609 facit
447 571 622 623 eiusque
663 569 834 608 laudare
875 569 1081 616 fortunas,
1124 572 1237 624 quod
1271 584 1353 624 qua
1386 572 1511 611 vellet
1549 572 1711 624 ingredi
1745 576 1886 624 posset
1916 576 1953 610 et

183 646 290 687 quae
323 633 449 673 vellet
479 634 696 685 attingere.
740 633 865 672 Recte
897 632 963 672 hic
995 633 1190 685 quidem;
1226 634 1357 673 nihilo
1391 635 1500 673 enim
1533 640 1619 674 erat
1651 634 1740 687 ipse
1775 634 1954 688 Cyclops

187 709 312 751 quam
343 696 450 735 aries
482 695 552 735 ille
584 695 843 749 prudentior.

295 758 380 797 XL.
420 754 506 797 ito.
548 758 593 796 In
633 757 834 797 surditate
874 771 972 798 vero
1011 759 1208 812 quidnam
1253 765 1315 797 est
1357 759 1486 798 mali?
1528 760 1622 798 Erat
1655 760 1871 799 surdaster
1902 759 1954 798 M.

185 820 382 866 Crassus;
426 819 498 859 sed
539 819 653 859 aliud
694 819 926 866 molestius,
967 822 1080 874 quod
1122 821 1229 860 male
1268 821 1482 867 audiebat,
1524 822 1646 860 etiam
1679 822 1731 868 si,
1779 827 1821 861 ut
1855 820 2006 860 mihi⁴0

182 883 418 930 videbatur,
450 882 614 922 iniuria.
661 883 801 922 Nostri
835 884 991 922 Graece
1024 883 1108 923 fere
1141 885 1332 923 nesciunt
1365 897 1440 923 nec
1464 883 1608 922 Graeci
1643 884 1800 923 Latine.
1845 884 1954 935 Ergo

181 946 224 986 hi
256 946 297 985 in
327 945 494 985 illorum
525 950 565 984 et
597 944 655 984 illi
688 945 729 983 in
761 945 908 984 horum
942 959 1135 985 sermone
1176 946 1312 993 surdi,
1355 959 1585 999 omnesque
1617 959 1692 985 nos
1726 947 1765 985 in
1799 946 1847 985 iis
1881 945 1956 984 lin-

182 1010 293 1062 guis,
334 1021 436 1062 quas
476 1020 560 1046 non
601 1007 905 1059 intellegimus,
950 1022 1059 1060 quae
1096 1015 1191 1048 suut
1231 1008 1578 1055 innumerabiles,
1619 1009 1732 1047 surdi
1766 1007 1955 1061 profecto

182 1085 342 1112 sumus.
395 1072 472 1110 «At
503 1083 647 1110 vocem
681 1070 911 1110 citharoedi
949 1084 1030 1110 uon
1062 1071 1276 1110 audiunt.»
1327 1072 1386 1110 Ne
1418 1071 1637 1110 stridorem
1672 1071 1838 1124 quidem
1871 1083 1956 1110 ser-

181 1147 269 1180 rae,
312 1138 397 1173 tum
436 1146 529 1172 cum
571 1132 748 1179 acuitur,
781 1138 851 1172 ant
891 1133 1155 1185 grunditum,
1197 1146 1290 1172 cum
1327 1133 1557 1186 iugulatur,
1604 1133 1688 1172 suis
1721 1147 1814 1177 nec,
1863 1138 2006 1172 cum⁴5

182 1197 400 1250 quiescere
438 1195 602 1242 volunt,
642 1194 853 1235 fremitum
894 1197 1192 1236 murmurantis
1234 1196 1372 1236 maris.
1420 1197 1473 1234 Et
1504 1196 1537 1235 si
1570 1202 1714 1235 cantus
1746 1209 1819 1234 eos
1850 1195 1956 1234 forte

181 1259 410 1305 delectant,
452 1258 630 1310 primum
671 1258 857 1310 cogitare
894 1257 1068 1305 debent,
1109 1265 1203 1298 ante
1245 1272 1370 1312 quam
1403 1259 1443 1297 hi
1476 1259 1558 1297 sint
1590 1259 1768 1304 inventi,
1806 1257 1957 1296 multos

180 1321 304 1361 beate
336 1321 492 1360 vixisse
525 1321 755 1373 sapientes,
789 1320 941 1361 deinde
973 1321 1102 1361 multo
1135 1322 1333 1361 maiorem
1357 1322 1515 1375 percipi
1539 1335 1659 1375 posse
1684 1320 1868 1373 legendis
1892 1318 1958 1357 his

181 1396 308 1438 quam
339 1382 562 1422 audiendis
594 1383 862 1436 voluptatem.
918 1381 929 1422 l
950 1381 1015 1422 17:
1041 1385 1146 1423 Tum
1181 1390 1225 1424 ut
1256 1384 1380 1438 paulo
1413 1390 1509 1424 ante
1541 1397 1688 1423 caecos
1720 1384 1771 1422 ad
1793 1382 1957 1422 aurium

182 1446 504 1487 traducebamus
537 1445 808 1499 voluptatem,
841 1447 899 1486 sic
930 1446 1027 1486 licet
1057 1446 1208 1486 surdos
1240 1448 1290 1487 ad
1324 1447 1555 1486 oculorum.
1603 1445 1768 1485 Etenim
1800 1444 1871 1497 qui
1895 1457 1958 1483 se·
1973 1449 2009 1479 ΞΟ

183 1522 276 1549 cum
309 1509 425 1562 loqui
459 1509 613 1561 poterit
644 1522 877 1548 sermonem
910 1509 1080 1548 alterius
1113 1523 1196 1548 non
1229 1510 1429 1563 requiret.

297 1571 587 1624 Congerantur
609 1571 650 1610 in
672 1585 802 1610 unum
826 1572 979 1619 omnia,
1003 1577 1047 1610 ut
1070 1571 1179 1611 idem
1204 1573 1335 1612 oculis
1357 1578 1397 1611 ot
1417 1572 1586 1612 auribus
1609 1577 1756 1624 captus
1779 1569 1842 1615 sit,
1866 1582 1958 1622 pre-

182 1640 319 1675 matur
340 1635 465 1674 etiam
489 1633 703 1673 doloribus
726 1635 954 1674 acerrumis
977 1636 1190 1687 corporis;
1217 1635 1286 1688 qui
1312 1636 1490 1688 primum
1514 1649 1587 1688 per
1609 1648 1652 1674 se
1676 1634 1754 1686 ipsi
1777 1633 1958 1686 plerum-

182 1712 262 1753 que
302 1697 528 1737 conficiunt
562 1696 797 1736 homiuem:
843 1698 906 1737 sin
941 1697 1047 1737 sorte
1096 1697 1403 1751 longinquitate
1443 1698 1632 1750 producti
1669 1695 1958 1735 vehementius

180 1767 319 1801 tamen
350 1764 566 1813 torquent,
600 1772 724 1812 quam
757 1765 802 1799 ut
831 1773 955 1799 causa
978 1760 1028 1799 sit
1050 1773 1121 1799 cur
1142 1759 1340 1807 ferantur,
1372 1762 1472 1814 quid
1496 1766 1558 1800 est
1579 1760 1758 1805 tandem,
1782 1758 1821 1797 di
1845 1758 2009 1804 houm-5

181 1823 292 1877 quod
327 1822 594 1861 laboremus?
627 1827 774 1874 portus
807 1823 917 1861 enim
951 1828 1116 1874 praesto
1150 1829 1231 1870 est,
1265 1824 1463 1876 quoniam
1495 1836 1604 1862 mors
1629 1822 1782 1861 ibidem
1807 1827 1869 1860 est
1890 1834 1958 1860 ae-

181 1892 344 1927 ternum
377 1884 480 1924 nihil
513 1885 721 1924 sentiendi
755 1885 1079 1937 receptaculum.
1116 1886 1362 1925 Theodorus
1396 1885 1643 1939 Lysimacho
1677 1890 1852 1923 mortem
1886 1884 1959 1923 mi-

181 1948 330 1989 nitanti
372 1949 601 2000 «Magnum
633 1960 760 1987 vero»
796 1948 932 2001 inquit
972 1948 1190 1995 «effecisti,
1235 1950 1267 1988 si
1300 1949 1555 1988 cantharidis
1590 1948 1673 1987 vim
1712 1951 1958 1986 consecutus

183 2025 267 2052 es.»
322 2007 415 2049 ¹ll8.
447 2010 604 2049 Paulus
636 2010 747 2049 Persi
781 2010 1023 2063 deprecanti
1055 2025 1106 2050 ne
1139 2011 1178 2050 in
1212 2011 1421 2065 triumpho
1451 2010 1802 2053 duceretur:,«In
1826 2014 1896 2047 tua
1918 2008 1958 2047 id

183 2074 353 2129 quidem
386 2078 594 2127 potestate
626 2080 727 2113 est.»
784 2074 915 2113 Multa
946 2074 1079 2127 primo
1111 2073 1202 2120 die,
1242 2088 1336 2113 cum
1369 2074 1420 2113 de
1453 2074 1540 2127 ipsa
1572 2079 1702 2112 morte
1735 2085 1959 2126 quaerere·
1974 2075 2010 2104 30

183 2151 294 2184 mus,
334 2150 419 2177 non
449 2149 584 2189 pauca
615 2136 740 2176 etiam
771 2142 962 2189 postero,
1005 2149 1097 2176 cum
1129 2144 1326 2189 ageretur
1357 2136 1408 2177 de
1439 2136 1606 2183 dolore,
1639 2141 1735 2176 sunt
1765 2134 1875 2173 dicta
1908 2133 1958 2173 de

271 2335 303 2367 2.
328 2334 558 2374 relinquissent
582 2334 646 2365 GR
674 2352 708 2356 —
736 2333 766 2364 3.
794 2334 1027 2365 dedidissento
1047 2351 1081 2356 —
1111 2336 1140 2365 5.
1159 2335 1284 2375 fixisse!
1309 2336 1332 2365 G
1349 2336 1372 2366 R
1393 2352 1427 2356 —
1455 2335 1485 2365 7.
1507 2343 1599 2373 quem
1626 2335 1690 2366 GR
1716 2335 1748 2364 et
1768 2334 1956 2373 (superscr.

184 2385 262 2419 ead.
289 2394 336 2417 m.
365 2384 459 2424 quae)
487 2385 509 2415 B
538 2401 572 2406 —
601 2385 778 2423 attinqeret
802 2384 840 2415 C.
869 2384 1014 2415 «Cicero
1040 2385 1178 2424 sci-ipsit
1204 2386 1261 2415 aut
1288 2385 1458 2423 attingyere.
1489 2385 1580 2415 Recte
1599 2384 1693 2415 ‘dett
1715 2382 1792 2423 aliq.
1816 2384 1957 2415 Manat:

184 2435 226 2468 cf.
249 2435 324 2476 §55
346 2434 508 2473 peccaret)
534 2435 591 2465 aut
609 2435 781 2474 allisisset-e.
809 2434 850 2464 E!
870 2437 956 2465 rec-le
974 2437 1016 2473 (V.
1038 2443 1066 2465 c.
1089 2434 1196 2465 Lamb
1222 2445 1228 2466 :
1257 2435 1298 2466 cf.
1320 2436 1337 2474 g
1356 2435 1465 2466 4483.»
1491 2436 1546 2465 W.
1566 2453 1607 2457 —
1633 2434 1662 2465 9.
1682 2435 1714 2465 ἰἠ
1740 2434 1960 2464 surditate--

184 2487 229 2518 Μ.
257 2485 395 2517 Crassus
418 2485 549 2515 Nonius
575 2493 607 2524 p.
630 2484 702 2514 476.
732 2501 766 2506 —-
794 2487 867 2514 erat
890 2485 1062 2515 surdaster
1086 2485 1117 2515 J!
1158 2486 1296 2516 Crassus
1322 2486 1517 2519 Priscianus
1543 2486 1597 2521 ill,
1623 2485 1654 2516 7.
1675 2484 1727 2516 43.
1750 2501 1784 2505 —
1811 2485 1961 2513 sudaster

184 2536 248 2567 GR
275 2552 309 2556 ——
339 2535 390 2565 44.
417 2535 530 2565 Nostri
555 2534 735 2566 Davisius:
763 2535 906 2573 epicurei
930 2535 1034 2564 nostri
1060 2535 1103 2565 C:
1133 2535 1308 2575 [Epicurei]
1337 2535 1447 2565 Nostra·
1465 2534 1489 2564 O
1511 2552 1544 2556 —-
1579 2534 1623 2564 12.
1651 2541 1823 2570 manesque
1847 2533 1880 2563 id
1904 2541 1962 2563 nos

185 2585 228 2621 C3
255 2592 427 2622 omnesque
453 2582 508 2623 [id]
534 2592 591 2613 nos
615 2583 658 2614 O:
694 2592 868 2620 omnesque
892 2584 977 2614 videm
1003 2584 1053 2624 s:
1070 2585 1181 2625 iidem„¹
1207 2594 1264 2615 nos
1288 2584 1354 2615 alii.
1394 2584 1529 2615 «Probo
1556 2584 1694 2614 Manutii
1721 2584 1960 2613 coniecturam

185 2643 358 2673 omnesque
381 2635 456 2663 item
479 2642 556 2669 ηοες
585 2632 626 2664 cf.
648 2632 740 2665 Lael.
769 2632 786 2673 ξ
812 2634 842 2664 7.
870 2634 913 2664 ad
939 2634 1054 2665 famil.
1086 2634 1138 2671 Yl,
1165 2636 1196 2671 3,
1219 2636 1246 2665 4.
1267 2633 1329 2665 al:
1357 2634 1392 2664 T.
1413 2634 1451 2664 D.
1474 2634 1495 2664 l.
1515 2632 1556 2663 84
1581 2632 1796 2672 archetypus
1815 2634 1847 2662 et
1867 2632 1959 2663 Orat.

186 2686 204 2726 g
231 2685 286 2716 454
318 2682 482 2715 meliores
506 2684 539 2713 id
564 2692 626 2724 pro
654 2684 769 2714 idem.»
799 2684 851 2714 W.
881 2700 915 2704 —
946 2685 975 2714 in
1002 2685 1049 2714 his
1075 2685 1098 2715 C
1128 2702 1161 2706 —
1192 2684 1240 2715 14.
1268 2685 1308 2716 At
1333 2685 1373 2715 B:
1402 2688 1459 2714 an!
1484 2684 1546 2713 GR
1573 2700 1615 2704 -
1639 2682 1760 2721 serrae}
1785 2683 1853 2720 sere
1878 2682 1902 2712 (ἶ
1923 2699 1958 2704 -

187 2736 226 2767 45
265 2737 324 2766 aut
346 2734 560 2774 mundilam,
595 2742 669 2764 cum
698 2734 884 2774 iugulatur,
920 2735 986 2765 suis
1017 2735 1147 2765 Nonius
1182 2744 1213 2774 p.
1242 2733 1315 2766 414.
1348 2752 1382 2755 -
1415 2734 1609 2774 yrnnnitum
1634 2733 1656 2764 B
1685 2732 1756 2771 (sed
1783 2732 1904 2763 litteris
1930 2733 1962 2762 m'

187 2793 363 2826 superscr.
390 2784 432 2823 di)
459 2784 484 2814 Ο
512 2800 546 2805 —-
575 2784 628 2814 ΞΟ.
658 2784 712 2822 qm·
739 2786 927 2824 (superscr.
947 2786 995 2823 ae)
1023 2785 1064 2815 B:
1093 2793 1176 2823 quae
1200 2786 1224 2815 G
1242 2785 1264 2815 R
1293 2802 1327 2806 —-
1356 2784 1406 2813 22.
1435 2783 1607 2821 Coyantur
1631 2782 1653 2813 B
1684 2800 1716 2804 —
1745 2782 1797 2813 25.
1825 2782 1870 2812 clii
1896 2782 1960 2813 CO

190 2853 224 2858 -—
251 2834 304 2866 ί26.
333 2833 556 2870 «Tregderus
587 2842 628 2864 ex
655 2832 768 2864 Orellii
794 2834 996 2865 coniectura
1028 2834 1144 2865 ibidem
1169 2837 1267 2865 uncis
1297 2832 1454 2864 inclusit:
1489 2835 1521 2863 at
1547 2841 1610 2862 cur
1635 2832 1820 2871 quisquam
1845 2830 1963 2861 ibidem-

188 2884 360 2916 adderet-3
391 2883 470 2914 Mihi
493 2881 717 2913 verisimilius
742 2882 880 2914 videtur
898 2884 1106 2915 Ciceronem
1133 2884 1316 2924 scripsisse
1335 2884 1493 2920 qnoniam
1516 2891 1605 2913 mors
1624 2883 1754 2921 quidem
1779 2890 1859 2912 cum
1886 2882 1964 2912 Nis-

190 2943 288 2971 seno,
315 2932 368 2964 vel
394 2933 519 2973 potius,
547 2934 711 2973 quoniam
739 2942 804 2963 nou
832 2935 902 2964 tam
928 2942 1016 2963 mors
1039 2941 1143 2972 quam
1170 2936 1240 2964 tota
1266 2933 1436 2964 sententia
1462 2932 1512 2963 sic
1537 2931 1753 2968 insignienda
1780 2930 1853 2967 fuit,
1880 2940 1963 2969 quo-

188 2985 281 3015 m'am
305 2983 436 3024 quidem
458 2991 558 3012 mors.
597 2982 647 3013 Cf.
673 2983 728 3017 ΙΙΙ,
755 2982 808 3013 66.
835 2983 958 3013 Parad.
986 2982 1003 3022 S
1029 2982 1081 3013 4-4.
1108 2984 1143 3013 lt.
1167 2984 1200 3014 P.
1222 2984 1277 3017 111,
1298 2982 1349 3013 44.
1378 2982 1420 3012 de
1447 2983 1538 3013 Orat.
1561 2982 1598 3018 Η,
1620 2982 1692 3012 422.
1719 2982 1821 3012 Rosc.
1842 2982 1960 3012 Aruer.

191 3032 285 3073 §3l.
313 3032 333 3063 l.
359 3040 432 3072 agr.
458 3033 483 3069 Ι,
510 3032 540 3063 8.
569 3032 678 3063 Flacc.
707 3032 724 3071 g
751 3032 803 3062 68.
833 3032 975 3072 Philipp.
1004 3034 1042 3069 ll,
1075 3034 1142 3063 101.
1173 3032 1287 3063 rainu.
1308 3032 1378 3067 xit,
1404 3031 1451 3067 14,
1474 3032 1501 3062 2.
1533 3033 1600 3062 Att.
1619 3032 1689 3064 ΧΗ,
1711 3031 1774 3067 6,4
1820 3031 1859 3066 ll,
1885 3032 1910 3065 Ι,
1929 3030 1960 3060 3.

191 3081 327 3113 Sallust.
355 3080 452 3112 Catil.
479 3081 533 3119 31,
559 3082 612 3112 9.»
639 3082 692 3112 W.
733 3080 839 3112 Aliter
871 3090 947 3112 rein
978 3082 1144 3122 expedire
1171 3085 1319 3113 conatur
1351 3081 1440 3112 Bake
1475 3080 1494 3111 l.
1523 3081 1542 3112 l.
1571 3090 1602 3121 p.
1633 3080 1711 3112 414:
1752 3081 1962 3111 «Novissimi

192 3130 344 3162 editores
374 3131 493 3162 ibidem
523 3131 658 3162 uncinis
687 3129 913 3161 incluserunt.
953 3131 1088 3162 Mallem
1121 3133 1314 3162 sensissent
1347 3132 1461 3161 mortis
1485 3130 1697 3162 vocabulum
1723 3131 1825 3161 taciu-
1851 3131 1882 3160 in
1910 3130 1961 3160 bis

192 3180 453 3220 intelligendum
485 3190 582 3219 esse,
617 3183 690 3211 tum
722 3189 765 3211 ne
796 3180 865 3211 dici
896 3181 1040 3220 quidem
1072 3190 1174 3222 posse
1200 3185 1337 3211 mortem
1361 3188 1426 3211 esse
1453 3182 1705 3220 receptaculum.
1750 3179 1869 3211 Delcto
1896 3180 1961 3210 hoc

192 3230 338 3262 restabit
359 3231 491 3270 ibidem,
518 3232 538 3262 i.
566 3240 595 3262 e.
624 3232 656 3262 in
683 3230 738 3261 illo
764 3233 878 3270 portu,
906 3234 939 3262 et
965 3231 1141 3267 universe,
1168 3232 1203 3261 ut
1230 3232 1352 3261 Graec.
1372 3232 1466 3270 ezei,
1494 3230 1588 3272 apud
1615 3231 1758 3262 interos.
1786 3230 1836 3262 Ci.
1856 3238 1959 3271 supra

193 3279 219 3318 1,
244 3279 320 3311 29.»
346 3297 381 3302 —
408 3280 462 3312 29.
487 3284 533 3314 esc
555 3280 594 3313 R¹
620 3299 655 3304 -—
681 3282 798 3312 Persae
822 3281 846 3312 O
875 3298 909 3304 —
937 3281 990 3312 30.
1014 3281 1199 3321 primordie
1223 3281 1260 3312 C.
