2249 3624
208 220 316 262 ’1060
943 223 1222 265 CICERONIS

810 807 1351 868 FRAGMENTA

587 971 779 1022 QUIBUS
812 973 1070 1017 SINGULAE
1103 974 1273 1017 VOCES
1304 974 1586 1018 NOTANTUR

828 1126 961 1157 LIBRIS
985 1125 1072 1157 NON
1096 1126 1338 1158 NOMINATIS.

302 1292 335 1329 1.
390 1292 557 1330 Arcera.
578 1292 782 1341 (Nonius
818 1303 849 1331 s.
886 1292 925 1330 h.
950 1305 988 1330 v.
1018 1304 1058 1343 p.
1091 1292 1166 1341 55.)

168 1371 186 1398 5
299 1354 336 1393 2.
389 1354 559 1392 Fascem
591 1366 717 1392 unum
746 1355 777 1393 si
801 1359 945 1393 nactus
976 1366 1106 1392 esses.
1136 1353 1424 1403 (Charisius
1455 1355 1482 1393 I.
1515 1366 1556 1405 p.
1575 1355 1659 1402 20.)

300 1418 335 1455 3.
388 1417 533 1454 Forem
566 1418 636 1466 (al.
672 1417 796 1455 serem
836 1420 885 1454 al.
920 1417 1038 1455 ficem
1066 1419 1117 1456 al.
1155 1417 1341 1465 faecem).
1383 1417 1800 1464 (Fortunatianus
1829 1417 1851 1455 l.
1888 1419 1957 1455 III.

200 1490 234 1517 c.
265 1478 301 1518 2.
337 1477 388 1517 de
415 1478 653 1518 Elocutione
685 1492 725 1530 p.
758 1480 819 1519 91.
853 1479 918 1518 ed.
956 1480 1132 1530 Capper.
1181 1480 1327 1518 NoBBE.
1367 1492 1404 1518 v,
1442 1480 1544 1519 infra
1578 1481 1624 1519 N.
1658 1480 1742 1530 26.)

298 1541 334 1581 4.
389 1544 523 1593 Ipsus.
560 1542 866 1586 (Diomedes
893 1541 920 1580 l.
951 1543 981 1579 I.
1011 1554 1051 1593 p.
1083 1542 1190 1590 318.)

297 1605 334 1644 5.
390 1605 508 1644 Plure
540 1606 651 1643 venit
682 1605 973 1654 (Charisius
998 1603 1023 1642 l.
1057 1606 1088 1642 I.
1120 1617 1160 1656 p.
1190 1605 1271 1654 84.)

149 1683 185 1712 ⁴0
297 1669 332 1706 6.
387 1669 505 1707 Rare.
534 1667 694 1718 (Idem
727 1667 752 1707 l.
784 1670 833 1705 II.
864 1680 905 1718 p.
930 1667 1031 1717 193.)
2228 1709 2229 1714 ¹

297 1733 334 1768 7.
388 1732 599 1770 Rarenter.
637 1730 780 1780 (Idem
798 1729 919 1777 ibid.)
2228 1719 2231 1759 i

295 1795 332 1832 8.
386 1794 644 1832 Ructaretur.
675 1791 830 1840 (Paul.
858 1793 1065 1831 Diacon.
1096 1804 1133 1828 v.
1166 1791 1342 1830 Ructare
1374 1801 1415 1840 p.
1445 1789 1530 1827 414.
1563 1786 1627 1826 ed.
1658 1786 1858 1835 Gothosr.)
2218 1807 2220 1810 -

299 1857 334 1894 9.
390 1856 447 1893 De
478 1855 641 1906 plebeia
666 1855 778 1893 faece
808 1853 1214 1893 sellulariorum.
1245 1854 1331 1902 (Au
1347 1851 1535 1903 gustin.
1559 1854 1699 1889 contra
1725 1848 1800 1888 Iul.
1822 1846 1957 1897 Pelag.

198 1918 224 1956 l.
261 1920 311 1957 II.
347 1919 390 1956 T.
422 1919 507 1956 VII.
548 1930 587 1969 p.
627 1919 728 1967 988.)

149 2000 184 2029 45
300 1982 359 2020 10.
417 1981 521 2032 Seps
554 1980 822 2031 (Ausonius
851 1977 982 2030 Edyll.
1013 1978 1097 2016 XII.
1134 1977 1434 2027 Teohnopaign.
1472 1988 1510 2027 p.
1545 1974 1631 2014 496.
1667 1972 1732 2012 ed.
1763 1972 1885 2022 Toll.)

301 2046 359 2083 11.
414 2044 621 2082 Formicas
667 2042 809 2082 Cicero
859 2040 1039 2093 appellat
1085 2039 1293 2090 solipugas
1339 2061 1383 2066 —
1432 2037 1633 2088 solivagas
1663 2037 1760 2076 Ern.
1798 2035 1957 2074 Schntz.

200 2128 244 2133 —
277 2105 420 2156 (Plin.
450 2106 494 2143 H.
527 2106 573 2144 N.
600 2105 627 2144 l.
656 2105 801 2143 XXIX.
837 2116 870 2143 c.
900 2104 937 2153 4,
977 2108 1078 2141 sect.
1114 2102 1189 2152 29.)

301 2168 359 2207 12.
417 2167 697 2207 stomachose.
739 2166 1031 2215 (Charisius
1078 2164 1103 2202 l.
1161 2166 1210 2202 II.
1266 2176 1306 2215 p.
1358 2164 1440 2202 193.
1492 2164 1751 2200 stomachosius
1781 2160 1834 2200 ad
1875 2161 1955 2200 Att.

200 2234 260 2281 10,
298 2232 349 2281 5.)

148 2312 185 2341 ⁶20
299 2295 357 2333 13.
415 2294 578 2344 Tesqua
615 2295 693 2330 loca
725 2295 879 2340 auqurio
919 2295 1107 2339 designata
1147 2291 1289 2329 Cicero
1318 2301 1465 2340 aspera
1497 2288 1550 2327 ait
1577 2299 1671 2326 esse
1698 2292 1738 2326 et
1765 2284 1954 2324 difficilia.

199 2359 277 2406 (Pa
294 2355 356 2395 ul.
390 2356 521 2394 Diae.
556 2368 592 2393 V.
629 2356 791 2406 Tesqua
820 2368 859 2405 p.
888 2355 974 2393 465.
1009 2352 1074 2392 ed.
1111 2352 1289 2391 Gothosr.
1319 2364 1359 2403 p.
1398 2352 1484 2390 567.
1517 2353 1645 2389 Amst.
1668 2363 1708 2401 p.
1730 2347 1956 2397 151Lind.)

300 2419 357 2457 14.
416 2419 486 2456 «M.
519 2416 672 2456 Tullius
705 2422 745 2454 et
777 2417 821 2456 C.
858 2417 1011 2456 Caesar
1046 2419 1190 2453 mordeo
1222 2417 1419 2456 memordi,
1460 2426 1579 2461 punqo
1618 2415 1769 2461 pepuyi,
1801 2414 1956 2459 spondeo

198 2485 368 2531 spopondi
396 2480 625 2518 dixerunt.»
683 2478 907 2527 (Gellius
932 2480 978 2517 N.
1007 2481 1052 2517 A.
1088 2479 1129 2516 L.
1164 2478 1249 2515 VII.
1284 2489 1317 2515 o.
1352 2478 1410 2524 19,
1447 2476 1504 2516 15.
1542 2476 1590 2515 cf.
1621 2475 1778 2515 Charis.
1805 2487 1848 2526 p.
1869 2474 1953 2513 364.

198 2549 240 2586 P.
283 2546 444 2586 Cicero:
484 2541 716 2590 «Intellexi,
752 2540 850 2592 quid
884 2553 976 2578 eum
1004 2540 1284 2591 pupugisset.)

147 2623 185 2651 25
300 2609 359 2647 15.
413 2607 584 2643 Lecturus
623 2617 657 2641 es
697 2606 754 2641 hic
793 2607 901 2640 etiam
940 2616 1073 2639 novum
1116 2605 1282 2644 verbum,
1319 2604 1358 2637 id
1395 2607 1465 2637 est:
1500 2599 1740 2647 essentiam3
1775 2601 1837 2636 sed
1862 2601 1957 2636 scias

199 2676 263 2709 hoc
293 2675 408 2718 ipsum
435 2671 570 2705 dixisse
602 2668 816 2704 Ciceronem.
874 2666 967 2703 Nam
992 2664 1213 2703 essentiam
1241 2677 1303 2701 nec
1331 2676 1403 2700 non
1427 2670 1459 2700 et
1485 2660 1725 2700 indolorIam
1753 2664 1956 2698 nominavit

199 2739 354 2772 addens:
393 2732 506 2770 Licet
547 2730 654 2768 enim
698 2728 813 2766 novis
858 2727 984 2765 rebus
1032 2738 1136 2765 nova
1181 2726 1344 2764 nomina
1392 2725 1616 2776 imponere.
1684 2724 1955 2773 (Sidonius

199 2794 518 2848 Apollinaris
548 2792 590 2830 in
627 2789 797 2841 epistola
832 2788 1001 2828 carmini
1040 2789 1141 2827 XIV.
1182 2788 1412 2838 praemissa
1449 2799 1489 2838 p.
1541 2787 1625 2826 144.
1661 2785 1736 2825 Ed.
1772 2786 1866 2824 Sav.
1902 2785 1952 2824 cf.

198 2863 449 2910 Interpretes
483 2854 534 2894 ad
564 2853 678 2891 Finn.
709 2852 744 2895 2,
787 2852 807 2902 ξ
844 2852 902 2890 11.
957 2851 1079 2889 Usum
1117 2851 1228 2888 vocis
1265 2853 1435 2887 essentiae
1467 2849 1653 2888 Ciceroni
1673 2848 1813 2887 tribuit
1832 2848 1954 2887 etiam

149 2922 359 2962 30Seneca
388 2921 427 2958 in
458 2919 532 2969 Ep.
568 2917 631 2955 58.
668 2915 716 2953 cs.
752 2915 951 2953 Muretum
983 2914 1088 2952 Var.
1138 2913 1303 2953 Lectt.
1356 2913 1414 2962 15,
1461 2912 1522 2951 20.
1573 2909 1852 2963 Spaldingium
1901 2909 1953 2949 ad

200 2983 406 3031 Quintil.
442 2987 479 3035 2,
507 2982 563 3023 14.
604 2990 643 3028 p.
678 2977 786 3025 338.)

283 3199 335 3230 ΞΟ.
375 3198 474 3239 Apud
500 3199 638 3230 Festum
664 3200 777 3240 ipsum
802 3209 835 3240 p.
862 3200 935 3231 272.
964 3198 1060 3230 Lind.
1088 3199 1138 3229 sic
1161 3197 1304 3238 legitur:
1344 3197 1474 3229 “Cicero
1507 3205 1592 3228 vero
1637 3204 1762 3236 aspera
1799 3193 1950 3226 difficilia

198 3248 292 3279 aditu
317 3249 418 3283 dizit,
444 3257 520 3279 cum
544 3250 610 3279 ait:
635 3249 705 3280 loca
732 3258 875 3289 aspera,
902 3257 984 3280 saxa
1009 3251 1104 3279 tesca
1130 3251 1241 3278 tuor.»
1290 3248 1422 3279 Vereor
1444 3249 1560 3278 tamen
1586 3254 1628 3277 ne
1646 3245 1745 3287 plura
1761 3244 1950 3276 intercide-

198 3299 265 3329 rint
283 3298 370 3330 inter
393 3306 449 3330 vv.
477 3298 570 3329 aditu
594 3300 627 3329 et
651 3298 727 3338 syll.
754 3308 804 3338 ca,
833 3298 920 3330 adeo
945 3299 983 3328 ut
1006 3298 1126 3338 tragici
1151 3296 1296 3330 alicqus
1312 3295 1572 3335 sitversiculus,
1595 3304 1664 3328 non
1681 3295 1869 3328 Ciceronis.
1889 3294 1947 3328 On.
