2249 3624
312 126 392 169 454
691 133 760 173 DE
791 134 998 175 FINIBUS
1027 134 1289 176 BONORUM
1317 135 1386 176 ET
1415 134 1681 177 MALORUM

419 244 469 284 ΙΙ.
501 242 539 285 3.
569 245 773 285 Existimo
803 245 950 298 igitur,
988 246 1180 300 inquam,
1214 247 1336 295 Cato,
1367 253 1528 288 veteres
1559 247 1653 287 illos
1685 247 1869 287 Platonis
1901 249 2064 289 audito-

306 319 394 354 res,
437 307 738 360 Speusippum,
768 308 1056 355 Aristotelem,
1091 309 1390 357 Xenocratem,
1423 310 1575 349 deinde
1608 323 1749 349 eorum
1780 310 2063 358 Polemonem,

306 367 639 422 Theophrastum
672 369 770 408 satis
802 374 843 408 et
873 370 1036 422 copiose
1068 375 1109 409 et
1139 370 1349 423 eleganter
1372 372 1568 412 habuisse
1591 373 1860 412 constitutam
1883 372 2066 426 discipli—

305 442 420 477 nam,
451 436 498 470 ut
527 444 612 470 non
644 436 754 470 esset
794 444 919 470 causa
949 433 1130 479 Zenoni,
1171 446 1262 472 cum
1295 434 1560 474 Polemonem
1591 434 1799 481 audisset,
1841 448 1914 474 cur
1944 440 1984 474 et
2014 436 2064 474 ab

275 497 354 531 beo
384 492 473 545 ipso
505 498 544 532 et
574 507 597 533 a
628 494 913 546 superioribus
945 495 1192 535 dissideret:
1223 509 1401 547 quorum
1432 495 1512 536 fuit
1541 496 1644 535 haec
1666 497 1886 544 institutio,
1918 498 1958 536 in
1983 511 2067 550 qua

302 553 606 595 animadvertas
637 556 761 596 velim
793 555 894 609 quid
925 556 1169 596 mutandum
1200 563 1322 609 putes
1353 571 1430 597 nec
1460 563 1697 612 exspectes,
1731 559 1828 598 dum
1851 559 1902 599 ad
1926 560 2067 599 omnia

303 614 458 663 dicam,
499 630 606 670 quae
645 630 669 657 a
707 623 747 658 te
788 619 898 658 dicta
932 624 1052 658 sunt:
1092 619 1288 659 universa
1319 620 1429 659 enim
1461 620 1626 659 illorum
1659 621 1822 660 ratione
1855 635 1949 660 cum
1980 626 2067 661 tota

301 681 438 716 vestra
467 680 775 732 confligendum
807 686 920 733 puto.
980 678 1017 719 4.
1055 681 1137 729 Qui
1169 695 1259 721 cum
1291 683 1482 722 viderent
1522 683 1578 722 ita
1610 697 1686 723 nos
1719 697 1810 723 esse
1842 690 1984 731 natos,
2022 689 2068 723 ut

303 743 343 778 et
381 743 658 782 communiter
695 743 748 782 ad
791 756 860 783 eas
899 743 1071 783 virtutes
1113 745 1196 798 apti
1230 759 1435 792 essemus,
1483 758 1586 798 quae
1628 751 1751 785 notae
1795 746 2066 798 illustresque

254 807 418 849 losunt,
459 803 658 845 iustitiam
698 805 814 853 dico,
855 806 1194 859 temperantiam,
1235 812 1392 846 ceteras
1433 808 1599 859 generis
1638 808 1826 847 eiusdem
1864 830 1920 835 —
1958 820 2066 860 quae

303 878 446 905 omnes
487 867 643 907 similes
681 868 832 908 artium
863 869 1120 922 reliquarum
1170 869 1344 908 materia
1383 875 1542 908 tantum
1580 870 1631 908 ad
1663 870 1876 909 meliorem
1908 875 2066 922 partem

302 932 343 966 et
373 929 618 970 tractatione
660 931 857 971 differunt
889 955 961 978 —,
1003 945 1157 984 easque
1199 931 1310 984 ipsas
1341 931 1516 970 virtutes
1547 931 1740 970 viderent
1770 945 1846 970 nos
1878 930 2066 983 magnifi-

302 990 463 1029 centius
495 998 691 1045 appetere
723 999 764 1033 et
793 993 1027 1040 ardentius,
1058 994 1212 1033 habere
1244 994 1365 1032 etiam
1397 993 1564 1032 insitam
1596 994 1803 1045 quandam
1826 993 1891 1032 vel
1922 994 2067 1045 potius

299 1052 485 1093 innatam
525 1056 796 1109 cupiditatem
833 1057 1052 1103 scientiae,
1092 1061 1298 1108 natosque
1330 1068 1422 1093 esse
1454 1054 1505 1093 ad
1538 1055 1903 1107 congregationem
1933 1055 2068 1095 homi-

251 1122 286 1150 45
300 1128 399 1155 num
431 1122 472 1156 et
500 1118 553 1157 ad
584 1120 823 1159 societatem
855 1119 1279 1170 communitatemque
1311 1118 1474 1169 generis
1505 1117 1699 1163 humani,
1745 1130 1879 1169 eaque
1910 1118 1952 1156 in
1983 1131 2068 1158 ma-

299 1178 424 1218 ximis
459 1179 638 1233 ingeniis
679 1181 859 1221 maxime
892 1181 1077 1227 elucere,
1118 1185 1248 1219 totam
1279 1179 1589 1232 philosophiam
1623 1180 1696 1218 tris
1728 1180 1771 1218 in
1803 1181 1933 1232 partis
1966 1181 2069 1221 divi-

299 1246 463 1289 serunt,
496 1255 619 1296 quam
650 1243 913 1296 partitionem
945 1256 968 1282 a
998 1245 1166 1282 Zenone
1199 1256 1289 1282 esse
1318 1247 1522 1281 retentam
1544 1241 1746 1282 videmus.
1808 1240 1845 1280 5.
1881 1242 2068 1289 Quarum

299 1317 389 1343 cum
420 1318 503 1345 una
533 1306 607 1353 sit,
639 1319 722 1359 qua
753 1319 891 1346 mores
924 1306 1176 1346 conformari
1207 1310 1426 1359 putantur,
1458 1305 1604 1344 differo
1628 1317 1718 1343 eam
1751 1310 1929 1358 partem,
1962 1320 2068 1360 quae

299 1366 419 1418 quasi
461 1367 585 1421 stirps
624 1374 686 1407 est
726 1368 853 1408 huius
885 1368 1156 1423 quaestionis·
1218 1367 1300 1414 Qui
1333 1368 1386 1406 sit
1417 1366 1526 1405 enim
1559 1364 1653 1405 finis
1684 1367 1908 1414 bonorum,
1947 1368 2089 1409 moxi

248 1427 377 1467 eohoc
414 1428 504 1469 loco
544 1436 704 1470 tantum
744 1431 857 1479 dico,
894 1445 917 1471 a
948 1431 1160 1470 veteribus
1192 1429 1477 1483 Peripateticis
1509 1429 1877 1482 Academicisque‚
1920 1431 1992 1483 qui
2024 1445 2068 1471 re

297 1492 609 1533 consentientes
641 1493 854 1533 vocabulis
887 1493 1155 1539 differebant,
1188 1506 1282 1531 eum
1315 1492 1466 1538 locum,
1500 1504 1624 1545 quem
1657 1491 1822 1531 civilem
1853 1499 1964 1532 recte
1996 1506 2068 1546 ap-

296 1552 490 1605 pellaturi
521 1555 731 1603 videmur,
765 1555 910 1596 Graeci
942 1550 1183 1601 πτο),ιτικοί’,
1223 1555 1404 1607 graviter
1435 1560 1474 1593 et
1506 1554 1676 1606 copiose
1710 1566 1800 1593 esse
1832 1559 2068 1596 tractatum.

409 1617 478 1655 III.
512 1618 647 1665 Quam
680 1618 809 1658 multa
839 1619 900 1658 illi
933 1618 983 1658 de
1016 1630 1059 1657 re
1090 1617 1256 1670 publica
1282 1617 1560 1670 scripserunt,
1593 1617 1871 1669 quammulta
1893 1617 1944 1657 de
1966 1618 2069 1672 legi-

295 1677 395 1717 bus!
438 1692 561 1733 quam
601 1681 731 1721 multa
768 1695 852 1721 non
884 1681 1021 1720 solum
1062 1685 1286 1733 praecepta
1317 1680 1360 1718 in
1392 1680 1570 1726 artibus,
1613 1679 1685 1718 sed
1718 1680 1843 1719 etiam
1875 1683 2068 1735 exempla

246 1741 339 1780 ⁶25in
380 1743 638 1783 orationibus
674 1744 781 1783 bene
823 1743 988 1783 dicendi
1021 1742 1301 1797 reliquerunt!
1349 1742 1530 1780 Primum
1565 1742 1674 1781 enim
1707 1742 1798 1794 ipsa
1830 1742 1924 1790 illa,
1959 1757 2067 1797 quae

296 1804 501 1845 subtiliter
527 1806 770 1846 disserenda
792 1812 930 1854 erant,
962 1806 1091 1859 polite
1115 1812 1296 1859 apteque
1319 1805 1532 1851 dixerunt,
1565 1810 1651 1844 tum
1677 1802 1946 1852 definientes,
1979 1812 2065 1846 tum

295 1867 537 1919 partientes,
572 1874 615 1909 ut
644 1869 771 1909 vestri
803 1870 940 1916 etiam,
974 1868 1046 1908 sed
1078 1881 1152 1908 vos
1185 1867 1432 1921 squalidius,
1464 1867 1632 1906 illorum
1654 1867 1771 1906 vides
1796 1881 1919 1920 quam
1939 1869 2068 1908 niteat

296 1929 443 1969 oratio.
503 1930 540 1970 6.
573 1932 734 1971 Deinde
767 1945 835 1979 ea,
877 1944 983 1985 quae
1028 1930 1299 1984 requirebant
1329 1930 1558 1970 orationem
1593 1934 1780 1968 ornatam
1814 1935 1854 1969 et
1885 1943 2067 1982 gravem,

297 2003 420 2044 quam
451 1992 669 2045 magnifice
702 2001 797 2034 sunt
830 1994 939 2033 dicta
971 1994 1021 2033 ab
1053 1994 1154 2039 illis,
1188 2006 1311 2047 quam
1334 1992 1577 2045 splendide!
1612 1992 1661 2031 de
1682 1992 1860 2039 iustitia,
1892 1992 1943 2032 de
1965 1999 2069 2032 tem-

245 2055 500 2106 3operantia,
533 2056 583 2095 de
614 2056 879 2104 fortitudine,
911 2056 961 2095 de
993 2056 1197 2102 amicitia,
1231 2055 1281 2094 de
1311 2060 1446 2095 aetate
1470 2055 1684 2107 degenda,
1716 2054 1767 2094 de
1790 2054 2067 2108 philosophia,

296 2116 347 2155 de
379 2119 640 2170 capessenda
670 2132 713 2158 re
744 2119 936 2172 publica,
968 2119 998 2170 †
1019 2119 1236 2158 hominum
1269 2118 1410 2171 spinas
1434 2118 1701 2164 vellentium,
1733 2122 1779 2156 ut
1809 2117 1958 2164 Stoici,
1990 2131 2067 2158 nec

297 2191 394 2218 ossa
423 2179 691 2228 nudantium,
733 2182 805 2221 sed
838 2195 1004 2228 eorum,
1047 2181 1118 2234 qui
1151 2180 1325 2233 grandia
1358 2187 1501 2220 ornate
1535 2181 1710 2228 vellent,
1744 2180 1961 2220 enucleate
1994 2182 2068 2221 mi-

297 2254 399 2280 nora
431 2241 583 2283 dicere.
634 2244 779 2296 Itaque
811 2257 918 2298 quae
951 2249 1048 2283 sunt
1080 2257 1225 2283 eorum
1252 2243 1578 2290 consolationes,
1612 2256 1720 2296 quae
1743 2244 2067 2292 cohortationes,

297 2317 405 2356 quae
438 2305 561 2345 etiam
592 2306 750 2346 monita
783 2312 823 2346 et
855 2306 1031 2346 consilia
1062 2306 1217 2358 scripta
1248 2305 1300 2344 ad
1332 2319 1515 2344 summos
1538 2305 1670 2344 viros!
1705 2306 1802 2345 Erat
1824 2306 1934 2344 enim
1957 2306 2067 2359 apud

247 2373 283 2401 35
298 2379 387 2413 eos,
419 2373 466 2406 ut
496 2373 558 2408 est
587 2382 726 2408 rerum
756 2370 939 2421 ipsarum
971 2374 1140 2415 natura,
1180 2368 1238 2407 sic
1270 2367 1437 2407 dicendi
1470 2367 1711 2406 exercitatio
1745 2367 1915 2420 duplex.
1964 2369 2065 2408 Nam

299 2429 502 2483 quicquid
535 2433 767 2484 quaeritur,
808 2432 851 2471 id
892 2431 1017 2471 habet
1057 2436 1128 2471 aut
1167 2431 1330 2483 generis
1362 2431 1491 2483 ipsius
1524 2430 1613 2469 sine
1646 2431 1837 2482 personis
1870 2430 2068 2483 tempori-

297 2491 462 2546 busque
493 2499 565 2534 aut
595 2494 645 2533 iis
677 2494 883 2534 adiunctis
913 2493 1013 2533 facti
1044 2499 1114 2532 aut
1143 2493 1243 2532 iuris
1275 2498 1345 2532 aut
1366 2492 1548 2532 nominis
1572 2492 1909 2532 controversiam.
1954 2493 2065 2544 Ergo

298 2556 340 2596 in
371 2561 549 2610 utroque
582 2557 904 2604 exercebantur,
937 2570 1070 2610 eaque
1102 2556 1326 2609 disciplina
1357 2555 1494 2594 effecit
1517 2560 1675 2594 tantam
1697 2554 1866 2593 illorum
1886 2559 2065 2606 utroque

386 2751 415 2781 l.
442 2750 608 2781 auditores
627 2749 770 2789 platonis
786 2750 810 2780 B
832 2767 865 2771 —
894 2749 926 2779 6.
945 2748 1034 2789 quid]
1055 2749 1139 2787 quod
1156 2749 1180 2779 B
1198 2766 1241 2770 —
1264 2748 1459 2778 mutandum
1479 2750 1573 2786 pules
1589 2747 1633 2777 A:
1660 2746 1858 2776 imitandum
1877 2749 1971 2785 pules
1987 2746 2063 2783 BE3

292 2805 385 2842 putes
409 2801 602 2831 mutandum
626 2800 650 2830 O
680 2817 714 2821 —-
742 2800 772 2830 7.
799 2808 821 2829 a
845 2803 873 2829 te
898 2799 953 2829 ed.
979 2799 1151 2829 Romana:
1179 2802 1254 2829 ante
1278 2797 1381 2828 codd.
1411 2798 1465 2835 (acl
1487 2801 1515 2828 le
1533 2798 1569 2833 G)
1592 2815 1625 2818 —
1653 2796 1703 2826 43.
1731 2800 1883 2835 appetere
1907 2804 1976 2827 non
1994 2804 2063 2827 om.

297 2852 321 2883 E
341 2869 375 2873 -
403 2851 599 2890 insitamque
623 2850 792 2890 quandam
816 2849 900 2886 AB;
927 2849 1060 2879 insitam
1085 2849 1179 2888 quusi
1203 2849 1373 2886 quandum
1398 2848 1423 2877 G
1447 2863 1474 2868 -·
1506 2846 1564 2886 vel]
1590 2845 1686 2876 uelud
1709 2846 1732 2876 B
1754 2862 1788 2867 -
1818 2846 1869 2876 16.
1896 2845 1956 2875 tris
1980 2846 2062 2876 AB:

296 2902 409 2932 tres'O
437 2916 472 2922 —
503 2900 553 2930 17.
579 2908 645 2930 esse
675 2902 836 2930 retentam
860 2900 939 2930 AB:
975 2902 1133 2929 retentam
1157 2906 1220 2928 esse
1245 2899 1269 2928 O
1297 2915 1330 2919 —-
1368 2897 1418 2927 48.
1445 2896 1484 2926 si!
1509 2904 1608 2933 quam
1633 2896 1699 2925 oris
1722 2895 1784 2926 BE
1813 2912 1847 2915 —
1874 2895 2067 2934 confirmari

297 2952 360 2983 AB
376 2952 400 2982 C
428 2967 462 2971 -—
495 2949 545 2980 49.
574 2950 628 2988 qui
653 2951 697 2980 A:
724 2949 796 2987 quis
819 2949 843 2979 B
859 2949 890 2979 M
912 2966 944 2970 -
972 2948 1024 2978 2¹.
1044 2957 1117 2978 enm
1134 2950 1180 2978 A:
1208 2948 1300 2977 ¹illum
1323 2948 1346 2977 B
1362 2947 1393 2977 M
1414 2963 1448 2967 -
1478 2945 1527 2976 23.
1551 2945 1682 2984 publica
1699 2953 1768 2975 om.
1790 2946 1813 2976 B
1832 2962 1874 2966 —
1897 2945 1950 2975 26.
1970 2948 2065 2983 aple—

298 3001 368 3041 que]
394 3004 492 3039 atque
514 3000 538 3030 B
559 3017 594 3021 —
622 2999 673 3030 ⁴29.
694 2999 731 3030 de
754 2999 985 3038 temperantia,
1012 2999 1050 3029 (le
1071 2998 1262 3037 fortitudine
1279 3015 1325 3019 --
1343 2997 1379 3026 cle
1403 2995 1598 3033 capessenda
1624 3003 1659 3025 re
1679 2994 1812 3033 publica
1836 2995 1861 3025 G
1880 2996 1912 3025 et
1931 2994 2065 3035 Madvig

300 3051 343 3088 {in
368 3050 520 3087 adnot.):
552 3049 590 3079 de
614 3049 826 3088 fortitudine,
850 3066 899 3071 -—
923 3049 960 3079 de
984 3049 1181 3087 capessenda
1205 3057 1241 3077 re
1260 3056 1309 3086 μ,
1336 3048 1373 3076 (Ie
1398 3046 1635 3084 (emperantia,
1662 3045 1698 3075 (Ie
1720 3044 1913 3084 fortitudine
1938 3046 1962 3074 Α
1978 3044 2062 3077 BD:

299 3101 336 3131 de
358 3099 549 3133 fortitudine
564 3115 611 3120 —-
627 3099 664 3129 de
688 3099 885 3137 capessenda
909 3107 944 3129 re
967 3098 1117 3136 public-a,
1144 3099 1181 3128 cle
1204 3097 1420 3136 temperantia
1447 3097 1477 3127 M
1492 3097 1515 3126 O
1537 3115 1568 3118 —
1599 3096 1650 3126 30.
1678 3096 1715 3125 (Ie
1739 3094 1888 3125 anticitia
1913 3102 1981 3124 om.
2002 3094 2024 3124 B
2040 3094 2064 3125 E

301 3166 336 3170 —
361 3149 413 3180 31.
439 3149 605 3179 hominum
627 3150 652 3179 A
667 3149 709 3179 B:
737 3149 858 3179 homini
883 3148 925 3183 Ex,
953 3157 1009 3178 nec
1032 3157 1122 3179 more
1145 3148 1312 3178 hominum
1337 3155 1417 3178 cuin
1442 3147 1554 3176 Marso
1573 3146 1615 3179 02
1642 3154 1731 3175 more
1747 3144 1914 3175 hominum
1930 3152 1993 3173 non
2011 3142 2065 3174 alii

301 3198 395 3239 apud
412 3198 632 3230 Lambinurn.
653 3197 701 3229 Cf.
720 3206 753 3238 p.
772 3198 887 3228 206—
906 3196 1030 3237 spinas]
1048 3197 1085 3227 cle
1100 3197 1212 3235 spinas
1229 3198 1252 3227 A
1265 3196 1342 3231 nex
1371 3196 1407 3226 de
1422 3195 1524 3234 spinis
1541 3195 1586 3231 D;
1614 3203 1670 3225 nec
1685 3195 1796 3234 spinas
1814 3196 1857 3230 ὃς
1877 3202 1940 3224 acu
1955 3194 2066 3232 spinas

303 3257 384 3280 cum
401 3247 601 3280 Heinrichio
620 3248 644 3278 O
665 3265 699 3270 —
727 3247 778 3279 33.
799 3256 883 3288 quae
900 3256 969 3279 om.
988 3248 1012 3278 B
1030 3264 1072 3270 —
1095 3246 1146 3278 37.
1167 3246 1217 3286 iis]
1243 3246 1291 3276 liis
1315 3247 1337 3276 A
1352 3245 1373 3275 Β
1387 3245 1410 3276 O
1433 3262 1466 3266 —
1488 3243 1588 3286 Er90]
1615 3253 1672 3284 eqo
1689 3245 1716 3275 Α
1736 3261 1771 3266 -
1798 3243 1849 3276 38.
1869 3239 1967 3284 efficit
1989 3242 2062 3274 AB.
