2249 3624
671 197 767 237 cst.
797 198 954 237 xxm.
994 196 1053 250 ὃς
1085 195 1281 237 81—-85,
1768 195 1841 237 611

96 304 148 346 ad
177 315 360 345 carceres
391 314 414 342 a
444 301 557 341 calce
587 303 789 344 revocari.
838 300 903 341 84.
938 302 1047 350 Quid
1081 304 1188 342 enim
1220 303 1345 342 habet
1376 303 1458 342 vita
1488 302 1718 342 commodi?
1750 302 1850 356 quid

96 380 176 408 non
206 366 345 418 potius
377 363 564 403 laboris?
617 364 697 403 Sed
729 364 878 404 habeat
910 378 1026 408 sane,
1061 365 1180 404 habet
1212 371 1321 404 certe
1353 370 1487 404 tamen
1519 370 1589 403 aut
1618 365 1850 404 satietatem

95 433 163 469 aut
192 425 373 466 modum.
432 427 522 465 Non
563 426 677 466 lubet
716 427 826 466 enim
865 427 963 465 mihi
1004 426 1220 479 deplorare
1263 428 1412 472 vitam,
1454 427 1565 480 quod
1605 425 1721 466 multi
1754 432 1794 466 et
1825 427 1851 465 ii

95 490 204 530 docti
234 501 359 541 saepe
390 487 598 534 fecerunt,
641 502 778 541 neque
812 502 874 527 me
908 489 1061 527 vixisse
1101 490 1306 540 paenitet,
1347 491 1544 542 quoniam
1578 489 1633 527 ita
1665 488 1770 534 vixi,
1809 493 1853 527 ut

95 564 178 591 non
207 549 360 589 frustra
401 564 466 589 me
505 557 644 590 natum
683 552 958 597 existumem,
998 558 1034 588 ct
1069 564 1118 589 ex
1152 553 1231 590 vita
1264 552 1319 590 ita
1351 551 1520 589 discedo
1554 557 1766 603 tamqnam
1800 556 1884 588 cxii

93 612 292 664 hospitio,
326 625 409 650 non
441 618 650 665 tamqnam
683 626 704 651 e
736 612 873 652 domo.
937 612 1226 652 Connnorandi
1260 613 1368 652 enim
1403 620 1546 652 natura
1579 613 1852 651 diversorium

94 675 230 721 nobiS‚
263 688 344 714 non
376 674 590 713 habitandi
623 674 750 713 dedit.
811 676 844 711 (l
878 675 1134 727 praeclarum
1167 676 1300 721 «lieni,
1333 690 1425 714 cuin
1457 676 1506 713 ad
1542 674 1642 713 illud
1667 675 1853 714 divinum

93 738 323 778 animorum
356 736 581 776 concilium
616 743 866 789 coetumque
901 736 1132 789 proiit-iscar
1164 752 1341 790 cumque
1374 752 1423 775 cx
1450 738 1524 776 hac
1552 737 1671 775 turba
1695 742 1735 775 et
1757 750 1855 774 con-

94 799 260 839 luvione
291 798 527 838 discedam!
575 798 817 838 Proliciscar
849 801 957 838 enim
990 813 1073 838 non
1105 800 1154 838 ad
1190 813 1259 838 eos
1291 800 1424 839 solnm
1458 800 1589 844 viros,
1621 798 1671 837 de
1704 798 1855 852 quibus

93 866 186 901 aute
219 860 329 907 dixi,
362 874 505 900 verum
538 862 658 900 etiam
693 861 741 900 ad
778 860 975 900 Catonem
1011 875 1160 906 mcum,
1194 876 1276 914 qno
1309 875 1430 900 nemo
1463 862 1525 899 vir
1558 861 1704 899 molior
1736 865 1907 898 natusto

94 929 169 970 est,
201 935 321 962 nemo
354 923 506 976 pietate
539 923 843 976 praestantior:
876 923 992 962 cuius
1024 937 1046 962 a
1078 936 1141 962 me
1163 936 1312 976 corpus
1336 929 1399 962 cst
1421 930 1644 962 crematum
1668 944 1720 950 —
1743 921 1857 975 quod

95 991 237 1026 contra
277 985 418 1024 decuit
459 985 509 1024 ab
550 986 621 1024 illo
663 999 798 1024 meum
839 1011 914 1031 —‚
963 986 1125 1025 animus
1149 999 1262 1024 ·vero
1303 1000 1382 1025 non
1422 1000 1484 1025 me
1526 986 1743 1030 deserens,
1785 983 1857 1023 sed

94 1053 333 1101 respectans
372 1047 412 1086 in
453 1060 501 1087 ca
540 1047 730 1100 profecto
770 1047 858 1087 loca
896 1048 1111 1094 discessit,
1155 1062 1237 1100 qno
1278 1048 1378 1086 milii
1418 1048 1496 1099 ipsi
1533 1047 1728 1086 cernebat
1767 1059 1858 1086 esse

95 1109 363 1150 veniendum.
418 1110 554 1158 Quem
587 1124 664 1162 ego
698 1124 834 1149 meum
867 1124 1007 1149 casum
1040 1109 1204 1149 sortiter
1234 1108 1340 1147 serre
1373 1109 1486 1147 visus
1518 1122 1628 1155 sum,
1661 1122 1744 1148 non
1777 1122 1859 1160 quo

97 1185 230 1225 aequo
271 1173 409 1212 animo
450 1172 622 1219 serrem,
667 1172 739 1212 sed
780 1186 844 1211 nie
883 1173 972 1224 ipse
1011 1172 1259 1211 consolabar
1295 1171 1552 1210 existumans
1584 1184 1668 1209 non
1701 1170 1910 1222 longin-t5

97 1247 224 1288 quum
258 1235 366 1273 inter
397 1248 471 1274 nos
504 1236 738 1287 digressum
771 1241 809 1273 et
833 1235 1060 1273 discessum
1085 1234 1186 1273 sore.
1236 1231 1304 1271 δῦ.
1327 1233 1401 1272 llis
1425 1233 1523 1272 mihi
1548 1233 1683 1280 rebus,
1707 1234 1860 1285 Scipio,

95 1318 148 1326 —
179 1296 219 1336 id
252 1297 363 1336 enim
396 1303 434 1336 te
467 1310 561 1336 cum
595 1297 733 1337 Laelio
766 1296 959 1336 admirari
992 1297 1128 1336 solere
1161 1296 1303 1334 dixisti
1336 1319 1388 1322 —
1429 1295 1532 1335 levis
1563 1301 1626 1335 est
1657 1301 1861 1341 senectus,

96 1371 172 1398 nec
204 1358 339 1398 solum
372 1372 456 1398 non
490 1359 685 1405 molesta,
718 1359 790 1398 sed
823 1359 947 1398 etiam
979 1357 1172 1398 iucunda.
1235 1357 1357 1405 Qnod
1390 1358 1423 1397 si
1457 1359 1498 1397 in
1529 1358 1609 1397 hoc
1641 1370 1752 1403 erro,
1791 1358 1862 1410 qui

97 1420 259 1461 animos
296 1420 511 1460 hominnm
551 1421 794 1460 inmortales
826 1434 918 1460 esse
951 1421 1139 1466 credam,
1180 1420 1357 1459 libenter
1389 1433 1480 1459 erro
1514 1433 1588 1459 nec
1621 1419 1721 1458 mihi
1753 1419 1862 1458 hunc

97 1497 293 1530 errorem,
326 1497 409 1537 quo
443 1483 642 1529 delector,
676 1483 773 1522 dum
807 1484 915 1529 vivo,
948 1483 1188 1536 extorqueri
1222 1482 1337 1522 volo:
1370 1484 1433 1522 sin
1467 1488 1666 1528 mortuus,
1697 1487 1742 1520 ut
1771 1482 1913 1534 qui-20

98 1547 190 1586 dam
222 1547 371 1586 minuti
404 1546 647 1599 philosophi
680 1551 864 1591 censent,
898 1546 1000 1585 nihil
1033 1546 1220 1591 sentiam,
1254 1558 1335 1583 non
1367 1558 1515 1584 vereor
1546 1558 1597 1583 ne
1619 1544 1730 1583 hunc
1753 1557 1864 1583 erro-

97 1622 182 1649 rem
213 1622 350 1648 meum
382 1608 623 1661 philosophi
658 1608 809 1648 mortui
843 1607 1057 1647 irrideant.
1110 1607 1232 1654 Quod
1265 1607 1299 1646 si
1331 1621 1414 1646 non
1447 1621 1590 1647 sumus
1621 1606 1862 1646 inmortales

96 1670 247 1718 futuri,
286 1677 425 1710 tamen
465 1671 656 1722 extingui
697 1670 855 1710 homini
898 1683 975 1710 suo
1017 1676 1206 1722 tempore
1246 1670 1430 1721 optabile
1471 1675 1545 1709 est.
1605 1671 1708 1708 Nam
1739 1668 1866 1707 habet

98 1740 246 1774 natura
275 1740 320 1774 ut
350 1734 524 1773 aliarum
558 1747 697 1773 rerum
731 1734 933 1780 onmium,
966 1733 1025 1772 sic
1056 1731 1222 1771 vivendi
1256 1732 1440 1771 modum.
1492 1733 1694 1772 Senectus
1725 1736 1863 1770 autem

100 1797 245 1836 aetatis
276 1801 339 1836 est
371 1795 554 1849 peractio
587 1801 799 1848 tamquam
831 1794 1010 1842 fabulae,
1045 1795 1161 1834 cuius
1194 1793 1534 1847 defetigationem
1565 1794 1709 1847 fugere
1741 1793 1914 1833 debe-25

101 1872 211 1905 mus,
245 1859 488 1911 praesertim
519 1856 713 1897 adiuncta
745 1858 947 1897 satietate.

211 1920 322 1960 Haec
360 1920 484 1960 habui
525 1919 576 1959 de
613 1925 829 1959 senectute
868 1932 975 1972 quae
1013 1919 1226 1966 dicerem;
1271 1919 1323 1958 ad
1363 1933 1490 1972 quam
1528 1919 1686 1959 utinam
1719 1933 1866 1973 perve-

102 1982 247 2030 niatis,
278 1988 323 2022 ut
353 1995 421 2030 ea,
455 1995 564 2036 quae
596 1996 649 2022 ex
680 1996 745 2022 me
776 1982 974 2029 audistis,
1006 1995 1050 2021 re
1081 1982 1245 2034 experti
1278 1981 1453 2034 probare
1484 1982 1668 2034 possitis.

167 2125 196 2156 1.
216 2133 237 2155 α
252 2124 340 2156 calce
356 2124 399 2155 ad
416 2133 565 2155 carceres
589 2124 666 2155 cod.
684 2123 863 2156 llaerclius
881 2124 1013 2162 Klotzii,
1032 2125 1075 2155 acl
1093 2133 1241 2155 carceres
1258 2132 1327 2155 om.
1345 2124 1368 2155 E
1390 2141 1423 2146 -—
1445 2125 1529 2155 enim
1545 2124 1638 2155 habet
1654 2127 1726 2156 uita
1750 2126 1863 2156 BNR:

101 2174 193 2206 habet
215 2175 301 2206 enim
323 2175 395 2205 uita
420 2175 474 2209 IS,
501 2175 585 2205 enim
610 2175 683 2205 uita
706 2175 799 2206 habet
825 2175 848 2206 E
873 2174 967 2206 solus
995 2192 1028 2196 —
1057 2176 1086 2206 Ξ(
1107 2175 1199 2205 habet
1222 2183 1300 2205 sane
1316 2175 1465 2205 1313le
1485 2192 1519 2196 —
1546 2174 1659 2205 habuit
1681 2178 1766 2205 certe
1782 2176 1809 2206 N
1830 2193 1864 2198 —-

102 2223 132 2256 3.
158 2233 223 2256 non
245 2224 330 2255 enim
353 2223 438 2254 iubet
462 2225 508 2259 N.
536 2225 621 2255 enim
645 2233 715 2255 om.
736 2224 760 2255 E
786 2237 828 2247 -
858 2234 908 2256 me
932 2225 943 2255 l
979 2241 1013 2246 —
1048 2225 1182 2255 ctfdocti
1206 2226 1251 2255 N:
1285 2225 1407 2256 indocti
1433 2225 1508 2263 ΒΞ,
1541 2228 1569 2255 et
1592 2225 1713 2255 indocti
1736 2225 1802 2263 lR,
1839 2228 1869 2255 et

102 2274 186 2305 docti
209 2274 233 2305 E
260 2291 295 2296 —
322 2273 351 2305 4.
370 2273 518 2313 fecerunt
541 2283 636 2312 saepe
662 2275 696 2306 E.
724 2283 819 2314 saepe
844 2282 913 2305 om.
935 2274 958 2304 R
986 2291 1020 2295 —
1048 2275 1172 2304 uixisse
1196 2283 1245 2304 me
1269 2275 1295 2304 N
1320 2291 1361 2296 -—
1382 2275 1503 2313 penitet
1528 2283 1576 2305 me
1600 2275 1724 2306 uixisse
1748 2275 1818 2305 1—
1834 2275 1865 2306 5.

101 2324 150 2355 ita
171 2332 247 2364 sup.
267 2322 323 2354 lin.
351 2323 363 2353 I
392 2341 424 2345 —
452 2323 482 2354 6.
502 2332 518 2354 e
534 2324 628 2354 domo
654 2324 786 2354 INRS:
813 2333 829 2355 e
853 2331 918 2356 om.
940 2324 976 2355 E.
1003 2332 1045 2354 ec
1062 2324 1156 2354 domo
1181 2323 1238 2354 ΒΟ
1266 2341 1301 2345 -
1329 2324 1549 2355 diuersorium
1574 2324 1618 2355 C:
1645 2325 1870 2363 deuersorium

103 2372 128 2404 Ο
154 2390 188 2395 -
214 2372 244 2403 7.
271 2372 357 2403 dedit
381 2381 444 2403 non
467 2372 639 2404 habitandi
664 2373 744 2412 (orn.
762 2373 861 2410 nobis>
888 2374 911 2404 E
936 2373 1030 2404 solus
1059 2391 1092 2394 —
1127 2374 1297 2404 habitandi
1321 2374 1428 2404 locum
1453 2375 1538 2404 dedit
1562 2375 1580 2405 2
1606 2373 1708 2404 codd.
1730 2374 1870 2405 Manutii

105 2438 140 2444 —
165 2430 239 2453 cum
262 2422 295 2452 in
317 2421 410 2452 ittam
435 2421 506 2460 (sic)
525 2439 542 2444 -
558 2441 575 2445 -
593 2422 755 2453 discedam
786 2423 918 2454 Nonius
951 2432 983 2462 p.
1002 2422 1077 2460 5224,
1098 2423 1155 2462 31,
1190 2423 1284 2454 idem
1315 2432 1348 2463 p.
1368 2423 1426 2462 82,
1448 2424 1487 2454 10
1518 2432 1654 2462 cumque
1678 2432 1720 2454 ez
1743 2424 1805 2455 hac
1822 2440 1870 2447 —-·

103 2472 266 2504 discedam
293 2489 328 2494 —
355 2472 399 2502 ad
421 2472 502 2502 illud
528 2472 660 2503 BlNS:
687 2472 730 2502 ad
755 2472 845 2503 illum
869 2472 912 2509 E,
940 2473 973 2503 in
997 2473 1077 2503 illud
1102 2472 1220 2504 Duisb.
1249 2474 1281 2504 ct
1308 2472 1410 2511 Hild.‚
1436 2474 1471 2504 in
1498 2473 1589 2504 illum
1614 2474 1637 2503 R
1664 2475 1698 2504 et
1722 2473 1808 2504 Gud.
1832 2491 1866 2496 —

104 2521 292 2553 diuinorum
315 2522 370 2553 ΒΞ
398 2539 431 2542 -
459 2522 489 2553 8,
517 2522 716 2562 animorum]
735 2531 882 2553 amorem
906 2523 930 2554 E
960 2540 992 2544 —
1020 2526 1213 2562 caelumque
1235 2516 1322 2554 BRS
1346 2540 1387 2545 -
1412 2532 1486 2553 cum
1510 2532 1553 2554 ex
1576 2523 1638 2553 hac
1662 2523 1778 2555 turbae
1800 2524 1870 2555 col-

105 2569 234 2603 luuione
256 2573 284 2604 N
309 2589 343 2594 —
372 2570 401 2602 9.
421 2572 524 2602 solum
549 2572 593 2602 ad
614 2580 667 2603 eos
691 2572 714 2602 E
737 2588 782 2595 —
806 2572 856 2603 10.
883 2574 981 2603 eliam
1006 2581 1075 2603 om.
1097 2572 1120 2602 E
1149 2590 1183 2595 —
1212 2581 1275 2612 quo
1298 2573 1374 2603 uiro
1392 2574 1446 2603 uir
1463 2582 1554 2604 nemo
1578 2573 1602 2604 E
1630 2590 1664 2595 —
1694 2574 1743 2605 11.
1764 2573 1868 2615 nemo]

105 2628 208 2660 neque
231 2621 267 2659 R,
293 2629 359 2652 om.
383 2622 407 2652 E
434 2639 468 2644 —
494 2623 616 2662 pietate
639 2631 709 2654 om.
730 2623 754 2653 B
778 2639 822 2646 —
845 2627 887 2654 est
911 2632 1031 2664 corpus
1054 2633 1075 2654 a
1099 2632 1149 2654 me
1172 2625 1416 2654 concrematum
1441 2623 1464 2654 E
1491 2640 1525 2644 —
1555 2630 1675 2662 corpus
1690 2627 1872 2654 crematum

105 2674 150 2702 est
172 2671 197 2702 O
221 2672 255 2702 et
278 2670 398 2703 Duisb.
426 2670 521 2703 solus
547 2681 588 2703 ex
613 2673 702 2703 meis
736 2690 770 2694 —
803 2682 867 2712 quo
890 2676 1008 2705 contra
1033 2674 1056 2705 E
1092 2691 1125 2695 —
1165 2673 1215 2704 13.
1242 2673 1316 2703 loca
1336 2672 1481 2712 profecto
1505 2672 1530 2703 E
1556 2689 1590 2694 —
1617 2673 1684 2712 ipse
1707 2673 1869 2710 BlNRS,

106 2726 175 2751 om.
194 2720 218 2751 E
241 2736 284 2744 —
306 2729 372 2752 esse
396 2730 467 2752 om.
487 2721 512 2752 E
551 2739 585 2743 —-
626 2721 677 2753 114.
704 2723 908 2754 ueniundum
934 2724 944 2754 1
980 2741 1014 2746 —
1053 2731 1116 2762 quo
1140 2731 1209 2754 om.
1230 2723 1257 2753 N
1292 2741 1325 2744 —
1365 2723 1415 2754 15.
1444 2731 1548 2762 aequo
1572 2730 1640 2753 om.
1663 2722 1686 2753 E
1719 2739 1753 2745 —
1792 2731 1872 2753 con-

104 2768 234 2801 solabor
254 2771 294 2808 N,
319 2771 511 2802 consotobor
534 2771 558 2802 B
588 2789 622 2793 ——
661 2772 711 2802 17.
731 2781 806 2802 cum
830 2772 926 2804 laelio
951 2776 980 2804 tc
1004 2774 1059 2804 BS
1086 2790 1121 2795 -
1158 2775 1303 2803 senectus
1326 2781 1387 2802 non
1413 2772 1518 2803 solum
1541 2772 1678 2803 molesta
1703 2772 1727 2803 E
1755 2790 1788 2795 -
1817 2771 1869 2802 18.
1892 2780 1897 2783 ’

107 2818 163 2858 qui
185 2819 228 2850 C:
255 2821 342 2858 quod
365 2822 390 2852 O
417 2838 451 2842 —
479 2821 529 2852 19,
549 2821 718 2851 hominum
743 2830 812 2852 om.
834 2822 906 2861 BN,
932 2822 1134 2853 immortales
1149 2823 1316 2852 nominum
1333 2822 1358 2853 E
1384 2840 1423 2844 -—
1447 2823 1544 2853 credo
1569 2822 1623 2853 ΒΞ
1651 2839 1686 2844 -
1715 2822 1768 2853 Ἡ.
1788 2821 1836 2853 nil
1859 2822 1871 2852 1

110 2885 144 2890 —
169 2868 221 2901 22.
239 2877 366 2915 mecum
389 2870 445 2901 BS
474 2888 505 2891 —
529 2871 713 2910 philosophi
735 2872 859 2902 mortui
884 2873 1023 2904 EINR:
1050 2873 1173 2903 mortui
1195 2872 1376 2911 philosophi
1402 2872 1490 2903 BSO
1519 2889 1554 2894 —
1580 2880 1653 2902 sum
1675 2870 1874 2902 immortalis

106 2915 237 2956 futurus
260 2919 284 2950 E
310 2936 345 2942 —
372 2919 425 2951 24.
452 2929 565 2952 rerum
589 2923 735 2952 omnium
760 2921 838 2952 EN:
865 2931 952 2953 omn.
972 2932 1084 2954 rerum
1108 2923 1254 2953 Blnso
1286 2940 1316 2943 —
1344 2922 1396 2953 ⁹25.
1424 2925 1468 2952 est
1492 2921 1611 2952 aetatis
1630 2921 1779 2960 peractio
1804 2920 1870 2958 ΒΞ,

108 2969 153 2998 est
172 2970 316 3007 peractio
339 2971 457 3001 aetatis
480 2972 504 3003 E
533 2989 566 2993 —
598 2972 861 3012 defetigationem
886 2973 982 3003 lRS:
1009 2973 1216 3011 desectionem
1241 2971 1265 3002 E
1291 2969 1384 3002 solus
1410 2979 1450 3001 ex
1478 2971 1577 3007 meis,
1604 2970 1874 3010 defatigationem

109 3015 219 3055 BNO,
248 3019 331 3050 item
355 3020 380 3051 E
404 3029 482 3062 sup.
502 3020 559 3053 lin.
604 3039 638 3044 —
680 3022 732 3053 ²28,
759 3022 804 3052 M.
834 3022 942 3053 Tmn
966 3023 1143 3054 Cmsfloxzs
1175 3030 1254 3053 caro
1283 3030 1381 3052 imon
1411 3029 1576 3052 menen.
1603 3021 1643 3058 S,
1677 3020 1825 3059 Explicit
1847 3023 1872 3055 t.

110 3070 284 3099 senectutis.
313 3069 357 3106 B,
388 3070 545 3110 Explicit.
573 3072 602 3109 Ι,
639 3071 785 3110 Erpticit
809 3071 921 3102 tullius
945 3072 983 3102 de
1006 3075 1177 3103 senectute.
1205 3072 1248 3109 R,
1282 3070 1391 3101 Marci
1409 3070 1503 3100 Tullii
1526 3070 1689 3102 Ciceronis
1712 3071 1751 3101 de
1773 3071 1874 3101 Sene-

111 3118 195 3147 ctute
217 3117 260 3148 ad
274 3118 420 3150 Acticum
443 3120 524 3151 liber
547 3121 694 3160 explicit.
715 3120 852 3157 Duisb..
878 3123 924 3152 M.
944 3122 1028 3152 tullii
1052 3121 1210 3152 ciceronis
1233 3121 1270 3151 de
1293 3123 1452 3150 senectute
1474 3120 1556 3151 tiber
1579 3121 1713 3160 explicit
1738 3119 1824 3151 Gud.
1840 3120 1871 3157 2,

112 3165 220 3246 {larci
237 3167 332 3249 Jgalllpl
347 3168 510 3202 Ciceronis
528 3171 680 3202 Oratoris
703 3171 963 3202 excellentissimi
987 3171 1025 3202 de
1041 3172 1210 3201 Senectute
1233 3169 1313 3201 liber
1336 3169 1471 3209 explicit
1485 3170 1633 3210 feliciter.
1652 3170 1710 3201 deo
1725 3169 1871 3210 gracias.

140 3222 221 3247 men.
277 3225 295 3249 e
338 3243 344 3250 .
