2249 3624
240 185 321 227 846
928 185 999 226 DE
1029 186 1098 226 RE
1129 184 1356 226 PUBLICA

241 294 388 348 optimi
421 298 547 347 atque
577 291 841 332 invictissimi
873 291 953 331 viri
985 292 1200 332 memoria.
1238 291 1400 331 Deinde
1431 303 1509 344 ego
1542 292 1660 333 illum
1693 292 1745 332 de
1767 306 1844 333 suo
1864 306 2011 347 regno,

239 357 310 397 ille
354 370 419 396 me
462 356 513 395 de
550 360 692 395 nostra
730 367 774 393 re
815 353 981 407 publica
1020 359 1290 406 percontatus
1330 359 1419 401 est,
1469 354 1700 408 multisque
1731 354 1872 394 verbis
1903 355 2011 395 ultro

239 421 430 473 citroque
461 418 612 457 habitis
641 417 713 456 ille
745 416 866 455 nobis
900 422 962 455 est
992 422 1266 468 consumptus
1298 415 1402 455 dies.

354 483 405 521 X·
451 478 517 519 40.
562 481 662 519 Post
700 483 838 518 autem
878 484 1081 530 apparatu
1120 479 1238 530 regio
1280 479 1439 532 accepti
1481 493 1715 520 sermonem
1757 480 1800 519 in
1840 480 2011 520 multam

205 550 404 584 5noctem
435 541 733 596 produximus,
778 554 869 579 cum
903 554 1034 580 senex
1070 540 1174 579 nihil
1206 540 1289 580 nisi
1320 540 1370 579 de
1402 540 1598 582 Africano
1640 542 1886 595 loqueretur
1925 555 2014 582 om-

238 608 395 659 niaque
427 606 517 645 eius
549 617 632 643 non
662 603 771 642 facta
803 603 964 650 solum,
1007 602 1081 642 sed
1114 603 1237 642 etiam
1271 603 1383 642 dicta
1414 604 1690 644 meminisset.
1750 605 1937 652 Deinde,
1968 610 2015 645 ut

237 670 421 710 cubitum
454 667 737 712 discessimus,
769 679 832 705 me
866 671 905 705 et
936 665 986 704 de
1018 666 1085 704 via
1117 670 1156 704 et
1188 665 1261 718 qui
1292 663 1343 704 ad
1377 666 1546 706 multam
1571 672 1732 706 noctem
1756 667 2013 720 vigilassem,

236 733 365 773 artior
405 743 529 784 quam
571 729 733 768 solebat
773 741 946 767 somnus
988 727 1236 779 complexus
1269 732 1342 767 est.
1405 729 1482 767 Hic
1515 728 1615 768 mihi
1647 750 1703 757 —
1733 730 1858 769 credo
1891 729 2012 783 equi-

237 797 329 834 dem
363 807 415 833 ex
445 792 545 839 hoc,
586 790 698 844 quod
731 803 895 830 eramus
926 790 1080 838 locuti;
1123 790 1169 829 fit
1201 790 1311 829 enim
1342 789 1428 830 fere
1472 796 1517 830 ut
1548 791 1822 844 cogitationes
1855 805 2014 831 sermo-

187 867 397 910 aonesque
438 854 570 894 nostri
607 855 770 907 pariant
808 852 969 905 aliquid
1012 853 1053 892 in
1085 865 1233 891 somno
1265 851 1372 899 tale,
1417 852 1540 905 quale
1573 852 1624 892 de
1655 853 1839 893 Homero
1870 852 2014 893 scribit

234 921 407 966 Ennius,
440 918 491 958 de
526 931 609 970 quo
640 916 839 955 videlicet
868 914 1116 968 saepissime
1148 913 1326 966 vigilans
1359 914 1523 955 solebat
1554 915 1737 968 cogitare
1760 922 1801 956 et
1822 915 2011 969 loqui—

235 982 454 1022 Africanus
495 992 539 1019 se
580 977 765 1018 ostendit
806 990 854 1017 ea
894 977 1051 1024 forma,
1093 991 1202 1031 quae
1241 977 1342 1017 mihi
1382 992 1434 1017 ex
1465 979 1646 1031 imagine
1679 979 1770 1018 eius
1802 990 1925 1030 quam
1958 991 2013 1017 ex

235 1045 328 1098 ipso
360 1048 448 1082 erat
478 1041 640 1088 notior3
685 1053 808 1093 quem
841 1039 912 1079 ubi
944 1040 1120 1092 agnovi,
1152 1041 1350 1094 equidem
1383 1041 1602 1088 cohorrui,
1643 1041 1715 1081 sed
1748 1041 1840 1081 ille:
1885 1040 2012 1088 Ades,

236 1107 390 1161 inquit,
422 1106 561 1145 animo
594 1109 635 1143 et
666 1103 810 1143 omitte
844 1103 1048 1148 timorem,
1072 1103 1229 1155 Scipio,
1262 1108 1303 1142 et
1334 1116 1443 1156 quae
1471 1104 1605 1143 dicam
1629 1102 1746 1143 trade
1768 1102 2011 1142 memoriae.

186 1177 223 1206 ⁴5
349 1169 422 1208 XI.
456 1165 538 1220 (Π.)
573 1163 638 1205 ll.
670 1166 852 1205 Videsne
883 1164 995 1204 illam
1029 1164 1188 1212 urbem,
1222 1178 1328 1218 quae
1359 1179 1506 1218 parere
1537 1166 1695 1219 populo
1728 1167 1914 1206 Romano
1945 1179 2014 1205 co-

236 1239 325 1275 acta
355 1245 431 1286 per
462 1244 527 1269 me
559 1233 733 1268 renovat
765 1227 940 1280 pristina
971 1225 1082 1267 bella
1114 1242 1191 1268 nec
1223 1235 1361 1282 potest
1392 1229 1640 1282 quiescere?
1672 1251 1727 1257 —
1765 1227 2013 1268 ostendebat

236 1302 375 1337 autem
407 1292 704 1343 Karthaginem
737 1289 788 1329 de
821 1289 989 1328 excelso
1031 1295 1070 1329 et
1109 1290 1232 1343 pleno
1266 1291 1479 1332 stellarum
1511 1292 1659 1332 illustri
1691 1297 1732 1331 et
1763 1292 1875 1331 claro
1907 1304 2012 1344 quo-

236 1359 331 1399 dam
363 1358 455 1397 loco
486 1377 542 1382 —
573 1354 622 1392 ad
656 1365 781 1406 quam
815 1357 857 1391 tu
891 1353 1215 1405 oppugnandam
1247 1366 1357 1393 nunc
1389 1354 1508 1393 venis
1542 1367 1676 1407 paene
1708 1353 1841 1394 miles.
1893 1353 2010 1393 Hanc

234 1423 316 1462 hoc
355 1418 526 1459 biennio
570 1415 719 1455 consul
761 1419 922 1454 evertes
966 1415 1130 1467 eritque
1172 1428 1407 1467 cognomen
1449 1417 1489 1455 id
1535 1417 1611 1456 tibi
1658 1429 1732 1468 per
1762 1421 1802 1455 te
1832 1420 2010 1467 partum,

185 1490 222 1518 20
237 1486 350 1538 quod
391 1482 522 1521 habes
554 1478 691 1518 adhuc
723 1491 744 1516 a
777 1477 896 1516 nobis
927 1476 1241 1516 hereditarium.
1305 1477 1406 1517 Cum
1438 1484 1577 1518 autem
1610 1477 1907 1530 Karthaginem
1938 1476 2010 1515 de-

235 1546 406 1591 leveris,
437 1542 694 1595 triumphum
727 1541 860 1593 egeris
893 1553 1127 1592 censorque
1159 1539 1288 1579 fueris
1321 1545 1360 1579 et
1390 1540 1543 1579 obieris
1575 1541 1737 1591 legatus
1760 1542 2009 1593 Aegyptum,

237 1610 426 1663 Syriam,
472 1607 642 1652 Asiam,
689 1603 929 1650 Graeciam,
975 1602 1170 1653 delegere
1210 1602 1358 1641 iterum
1401 1603 1547 1641 consul
1585 1603 1735 1642 absens
1766 1602 2009 1655 bellumque

236 1671 465 1711 maximum
509 1665 731 1713 conficies,
780 1665 1045 1705 Numantiam
1089 1664 1325 1704 exscindeS.
1403 1665 1484 1704 Sed
1532 1678 1625 1704 cum
1671 1665 1753 1704 eris
1796 1678 1919 1704 curru
1965 1664 2009 1703 in

238 1732 490 1786 Capitolium
522 1732 731 1776 invectus,
765 1728 953 1768 offendes
985 1741 1070 1767 rem
1104 1727 1314 1780 publicam
1347 1728 1532 1767 consiliis
1563 1727 1848 1780 perturbatam
1879 1739 2010 1779 nepo-

184 1802 221 1830 25
236 1797 288 1836 tis
321 1795 416 1835 mei.

348 1857 440 1896 XII.
480 1853 545 1894 le.
577 1855 655 1894 Hic
688 1859 750 1901 tu,
782 1853 994 1900 Afric-ane,
1027 1851 1225 1892 ostendas
1258 1852 1469 1904 oportebit
1500 1851 1659 1904 patriae
1690 1851 1832 1891 lumen
1865 1848 2009 1896 animi,

232 1920 391 1974 ingenii
432 1917 685 1970 consiliique
726 1916 800 1956 tui.
862 1915 941 1954 Sed
982 1917 1071 1954 eius
1104 1915 1304 1966 temporis
1336 1914 1563 1966 ancipitem
1595 1913 1717 1953 video
1751 1914 1871 1967 quasi
1903 1911 2010 1951 fato-

233 1998 325 2023 rum
356 1982 480 2021 viam.
539 1982 643 2019 Nam
688 1993 783 2018 cum
823 1984 937 2017 aetas
979 1983 1049 2016 tua
1089 1983 1285 2029 septenos
1327 1976 1489 2015 octiens
1520 1975 1623 2015 solis
1655 1975 1867 2015 anfractus
1898 1974 2010 2013 redi-

233 2051 386 2098 tusque
427 2040 703 2088 converterit,
750 2040 920 2093 duoque
957 2039 985 2078 ii
1027 2040 1220 2085 numeri,
1267 2051 1443 2090 quorum
1487 2043 1664 2090 uterque
1704 2037 1854 2091 plenus
1907 2036 2011 2076 alter

182 2108 363 2148 30altera
404 2105 455 2145 de
498 2117 624 2144 eausa
670 2103 865 2149 habetur,
907 2101 1080 2141 circuitu
1111 2100 1290 2140 naturali
1321 2113 1524 2140 summam
1557 2100 1630 2139 tibi
1661 2099 1829 2140 fatalem
1868 2099 2010 2139 confe-

235 2171 387 2215 cerint,
428 2169 471 2207 in
511 2173 551 2206 te
590 2180 719 2205 unum
751 2170 877 2217 atque
909 2164 952 2202 in
983 2169 1099 2203 tuum
1132 2176 1287 2202 nomen
1319 2175 1362 2202 sc
1394 2168 1479 2202 tota
1511 2167 1727 2202 convertet
1758 2162 1928 2202 civitas:
1968 2166 2009 2201 te

235 2238 427 2278 senatus,
466 2236 506 2270 te
540 2242 684 2269 omnes
715 2228 837 2274 boni,
882 2233 920 2267 te
952 2227 1075 2273 socii,
1116 2231 1156 2264 te
1189 2225 1324 2265 Latini
1357 2223 1654 2264 intuebuntur:
1698 2230 1741 2264 tu
1774 2225 1854 2264 eris
1886 2237 2008 2270 unus,

234 2296 276 2335 in
310 2308 394 2347 quo
425 2294 581 2333 nitatur
613 2291 791 2330 civitatis
823 2290 952 2336 salus,
984 2302 1045 2334 ac,
1078 2301 1128 2326 ne
1161 2288 1305 2334 multa,
1339 2287 1518 2327 dictator
1548 2300 1634 2326 rem
1667 2286 1877 2339 publicam
1909 2299 2010 2325 con-

235 2358 383 2396 stituas
415 2360 599 2407 oportet,
632 2353 665 2392 si
696 2353 846 2405 impias
878 2352 1214 2404 propinquorum
1247 2363 1393 2389 manus
1426 2349 1637 2401 effugeris.
1698 2348 1777 2388 Hic
1808 2360 1901 2387 cum
1935 2360 2007 2387 ex·-

185 2424 221 2453 35
236 2420 454 2459 clamasset
485 2417 653 2456 Laelius
684 2414 1076 2467 ingemuissentque
1118 2412 1408 2451 vehementius
1448 2411 1597 2458 ceteri,
1637 2411 1787 2451 leniter
1817 2409 2008 2449 arridens

237 2482 397 2534 Scipio:
440 2480 506 2519 Stl
542 2492 722 2532 quaeso,
753 2476 903 2528 inquit,
935 2489 987 2515 ne
1019 2488 1084 2514 me
1116 2488 1138 2515 e
1169 2487 1330 2514 sommo
1362 2474 1574 2521 excitetis,
1607 2479 1647 2513 et
1679 2484 1906 2527 parumper
1935 2484 2008 2511 au-

236 2544 321 2584 dite
353 2549 500 2583 cetera.

324 2674 355 2703 4.
380 2670 556 2703 clarissimi
580 2670 617 2705 R,
644 2668 706 2700 sed
732 2669 765 2699 in
791 2675 900 2707 marg.
928 2667 1134 2697 inuielissimi
1173 2684 1208 2688 —
1244 2665 1276 2696 ⁶2.
1303 2667 1349 2695 esc
1372 2673 1441 2696 om.
1462 2665 1486 2696 P
1520 2681 1554 2686 —
1590 2663 1620 2695 3.
1647 2666 1859 2703 consumptus
1881 2666 1927 2694 est
1950 2662 2009 2694 FO

237 2741 272 2746 —
299 2721 331 2754 4.
357 2723 447 2761 reyio
472 2722 641 2760 apparatu
665 2719 689 2749 Ο
726 2735 761 2740 -
800 2719 831 2748 5.
856 2717 1075 2756 perduoeimus
1097 2717 1121 2746 Ρ
1149 2732 1183 2736 -
1211 2714 1317 2753 africo
1342 2712 1379 2745 R¹
1419 2730 1453 2735 -—-
1491 2713 1522 2744 7.
1550 2713 1588 2743 dc
1611 2713 1670 2743 uia
1694 2712 1812 2744 codd:
1839 2715 1869 2744 et
1890 2712 2011 2752 fessum

235 2773 272 2803 dc
294 2773 352 2802 ‘cia
375 2773 434 2801 aut
457 2773 487 2801 et
510 2770 668 2809 defesswn
689 2769 746 2798 via
770 2767 850 2798 edd.
878 2768 961 2797 vett.
993 2783 1026 2787 —
1054 2765 1097 2794 ad
1122 2772 1191 2795 om.
1212 2765 1236 2795 E
1262 2765 1294 2794 in
1320 2764 1388 2794 fine
1413 2772 1538 2794 versus
1577 2780 1611 2785 —
1650 2764 1681 2795 8.
1707 2765 1821 2795 arcior
1843 2765 1868 2795 R
1896 2781 1929 2786 —
1958 2764 2010 2795 hic

233 2831 312 2862 ergo
335 2821 414 2851 milii
439 2821 469 2851 M
506 2837 540 2841 -
580 2819 631 2850 ἸΟ.
657 2818 782 2848 somnio
808 2818 841 2853 F,
869 2815 932 2847 sed
957 2816 967 2845 i
992 2815 1156 2855 punctata
1190 2831 1223 2836 —-
1258 2815 1291 2844 in
1316 2823 1429 2844 somno
1453 2813 1582 2852 aliquid
1606 2813 1630 2844 E
1668 2830 1703 2836 —
1744 2815 1795 2844 Μ.
1821 2813 2010 2853 saepissime

236 2880 306 2902 om.
326 2871 355 2900 M
394 2887 428 2890 --
469 2868 518 2899 43.
545 2867 599 2897 ubi
625 2867 667 2898 C:
694 2870 729 2896 ut
755 2867 778 2897 O
816 2883 851 2887 —
895 2864 942 2896 ¹4.
969 2864 1148 2894 memoriae
1172 2864 1266 2894 trade
1290 2865 1315 2895 R
1342 2881 1377 2885 —
1415 2865 1466 2895 45.
1489 2873 1525 2902 p.
1544 2873 1573 2894 r.
1601 2864 1714 2901 EPR,
1736 2863 1890 2904 publicae
1913 2865 1961 2895 rei
1986 2864 2007 2895 F

238 2938 274 2944 --
304 2921 354 2951 46.
381 2918 565 2949 oslcnclcbal
589 2934 639 2939 --
664 2917 733 2947 loco
758 2915 859 2946 asscrt
884 2913 1082 2945 Macrobius
1108 2913 1140 2943 in
1167 2921 1297 2943 comm.
1325 2915 1349 2949 Ι,
1369 2912 1400 2948 4,
1417 2914 1435 2943 5
1462 2930 1496 2934 —
1536 2914 1588 2944 47.
1614 2913 1834 2953 Kartaginem
1859 2914 1902 2951 M,
1929 2922 2008 2945 car-

235 2970 401 3009 thaqinem
426 2968 461 3002 Ε,
487 2967 693 3005 carlassinem
720 2966 772 2995 [fu
801 2982 834 2987 —
871 2964 921 2995 ⁴19.
948 2971 1062 2993 nomen
1090 2964 1111 2992 P
1150 2977 1183 2982 —
1222 2962 1274 2992 20.
1302 2971 1323 2992 a
1346 2962 1437 2993 *nobis
1460 2962 1567 2992 adhuc
1593 2962 1614 2993 F
1642 2980 1675 2984 —
1703 2963 1800 2994 Kart.
1828 2963 1872 3000 Μ,
1898 2963 2004 2994 carth,

237 3022 275 3054 R.
301 3022 382 3051 cart.
411 3018 466 3048 Er·
494 3034 527 3038 —
566 3017 710 3056 deleqerc
735 3015 802 3045 EM
819 3016 857 3045 P:
885 3013 1025 3053 deligere
1050 3012 1158 3047 l⁴'RO;
1185 3011 1326 3050 dileycre
1350 3012 1471 3043 Lamb.
1500 3028 1534 3033 —
1562 3011 1614 3042 ⁶22.
1642 3011 1755 3042 absens
1779 3012 1892 3042 consul
1915 3012 1940 3042 Ο
1969 3029 2003 3033 -

236 3070 289 3100 ⁶23.
316 3067 485 3099 exscincles
509 3066 532 3096 E
545 3067 582 3096 1³:
622 3066 774 3096 ercindcs
797 3065 827 3095 M
844 3065 865 3094 P
882 3064 922 3100 R,
953 3062 1084 3092 excides
1107 3061 1132 3091 Ο
1172 3076 1205 3082 -
1242 3061 1346 3099 fueris
1370 3061 1412 3097 R,
1447 3060 1510 3092 sed
1536 3059 1624 3091 linea
1650 3060 1823 3092 subducta
1850 3060 1928 3092 ead.
1956 3069 2003 3093 m.

237 3127 329 3149 corr.
370 3132 404 3138 —
443 3115 496 3145 24.
522 3123 610 3144 cons.
635 3114 783 3153 perturb.
810 3122 882 3151 nep.
909 3111 972 3142 mei
998 3111 1056 3141 ΕΓ
1071 3111 1157 3140 MP:
1195 3118 1282 3139 cons.
1309 3118 1381 3148 nep,
1410 3110 1471 3140 mei
1493 3109 1640 3148 perturb.
1669 3110 1710 3146 R,
1740 3109 1888 3149 perturb.
1915 3118 2002 3141 cons.

236 3177 308 3206 nep.
335 3166 397 3196 mei
422 3166 446 3195 O
489 3181 522 3185 —
568 3165 616 3194 27.
643 3165 830 3202 ingeniique
855 3162 884 3192 M
929 3179 960 3183 —
1004 3160 1087 3190 sicut.
1111 3160 1154 3195 R.
1182 3159 1245 3190 sed
1271 3168 1346 3199 sup.
1376 3158 1432 3190 lin.
1461 3160 1556 3198 quasi
1598 3175 1631 3180 —
1674 3160 1727 3191 28.
1754 3169 1833 3190 nam
1855 3168 1930 3190 cum
1953 3176 2005 3182 --

237 3216 390 3256 effuycris
414 3212 609 3244 Macrobius
634 3213 707 3248 1,5,
730 3213 745 3242 2
772 3228 805 3232 ——
834 3211 1018 3250 amfraclus
1041 3209 1098 3239 FO
1138 3224 1174 3230 —
1212 3208 1265 3238 29.
1292 3209 1323 3238 1ιί
1349 3209 1421 3246 CO,
1449 3208 1511 3239 sed
1537 3209 1560 3239 R
1586 3201 1635 3238 hii
1664 3225 1700 3231 -
1738 3209 1791 3241 3¹.
1817 3212 1847 3240 te
1869 3209 1950 3250 sem]
1975 3213 2005 3240 et

238 3269 370 3295 senalus
395 3264 418 3295 E
456 3280 490 3285 —
526 3262 578 3292 33.
606 3270 661 3291 nec
686 3262 792 3292 multa
817 3260 854 3291 11¹
883 3278 916 3283 -
943 3259 996 3291 34.
1023 3260 1150 3297 oportet
1173 3259 1355 3288 constituas
1379 3259 1404 3289 R
1433 3275 1465 3280 -
1494 3258 1746 3290 exclamauissct
1769 3259 1860 3297 Mle,
1886 3259 2003 3290 ποῖα-

239 3318 336 3345 utssct
359 3310 396 3344 11¹
425 3329 458 3334 —
496 3310 545 3343 35.
571 3311 668 3341 ceteri
692 3310 905 3341 venementius
928 3310 953 3341 Ο
988 3326 1023 3331 -
1059 3309 1176 3340 leuiter
1199 3308 1265 3339 EM
1302 3324 1337 3329 —
1376 3308 1429 3340 36.
1456 3308 1510 3339 St!
1536 3316 1656 3348 quaeso
1679 3309 1739 3339 lan
1763 3306 1849 3348 (coll.
1875 3315 1930 3349 ep.
1957 3306 2002 3339 ad
