2249 3624
241 119 323 163 474
840 122 910 162 DE
941 121 1167 162 DEORUM
1196 121 1412 164 NATURA

241 226 345 269 felix
384 228 636 278 habebatur,
679 235 823 270 contra
864 230 964 270 deos
1005 229 1289 270 testimonium
1322 229 1483 277 dicere,
1527 230 1641 284 quod
1673 231 1716 271 in
1746 231 1819 273 illa
1848 231 2016 276 fortuna

241 296 325 331 tam
358 291 430 332 diu
460 294 631 333 viveret.
680 292 926 345 Dionysius,
966 291 1016 331 de
1050 305 1135 345 quo
1167 297 1261 331 ante
1294 291 1402 339 dixi,
1444 304 1536 332 cum
1568 292 1709 333 fanum
1741 295 2014 349 Proserpinae

241 354 386 394 Locris
417 355 712 407 expilavisset‚
742 354 965 406 navigabat
996 355 1246 407 Syracusas:
1278 355 1398 407 isque
1429 368 1522 395 cum
1550 356 1866 397 secundissumo
1890 365 2014 398 vento

242 428 406 455 cursum
440 421 621 463 teneret,
654 415 794 456 ridens
830 416 1113 463 «Videtisne»,
1143 417 1283 470 inquit
1316 417 1482 465 «amici,
1515 431 1641 471 quam
1671 418 1781 459 hona
1811 432 1834 459 a
1865 419 1926 459 dis
1954 421 2016 460 in-

209 478 487 517 smol-talibus
525 478 736 530 navigatio
777 478 990 531 sacrilegis
1031 478 1221 518 detur?»
1266 479 1398 532 quue
1437 480 1565 519 homo
1605 486 1751 520 acutus
1783 495 1877 521 cum
1908 483 2016 523 bene

241 540 451 593 planeque
482 540 758 593 percepisset,
791 541 833 580 in
865 541 1011 580 eadem
1045 541 1250 580 sententia
1281 542 1601 594 perseverabat:
1634 544 1706 596 qui
1738 557 1832 583 cum
1863 546 1914 585 ad
1942 547 2017 586 Pe-

241 602 519 655 loponnesum
551 602 726 642 classem
757 603 988 656 appulisset
1020 608 1061 643 et
1091 603 1134 642 in
1165 602 1308 643 fanum
1341 605 1525 644 venisset
1556 605 1665 644 Iovis
1698 605 1905 659 Olympii,
1944 621 2017 647 au-

241 677 358 704 reum
390 664 427 704 ei
459 664 641 704 detraxit
671 665 894 704 amiculum
927 666 1073 717 grandi
1105 666 1313 719 pondere,
1346 680 1431 720 quo
1465 668 1605 707 Iovem
1638 674 1804 707 ornarat
1826 682 1847 708 e
1872 683 2017 710 manu-

240 726 320 766 biis
362 726 772 779 Karthaginiensium
812 733 1014 780 tyrannus
1053 728 1178 775 Gelo,
1218 734 1344 782 atque
1385 729 1427 768 in
1459 742 1508 769 eo
1547 730 1670 769 etiam
1703 731 1924 771 cavillatus
1956 737 2019 772 est

191 799 227 829 4ο
242 794 399 829 aestate
430 801 555 841 grave
587 802 678 829 esse
710 802 882 829 aureum
905 790 1153 838 amiculum,
1185 790 1323 830 hieme
1345 791 1563 844 frigidum,
1595 793 1720 845 eique
1744 793 1909 833 laneum
1932 794 2019 847 pal-

240 851 341 890 lium
373 851 535 898 iniecit,
571 865 663 891 cum
695 850 737 890 id
769 865 862 891 esse
894 852 946 891 ad
978 866 1099 892 omne
1119 854 1216 892 anni
1242 859 1405 907 tempus
1437 860 1580 907 aptum
1604 854 1774 894 diceret.
1816 855 2017 909 Idemque

240 913 481 966 Aesculapii
518 914 719 965 Epidauri
763 914 933 955 barbam
974 928 1142 955 auream
1186 916 1295 956 demi
1338 917 1488 956 iussit:
1536 930 1674 969 neque
1718 917 1828 956 enim
1868 930 2020 957 conve-

240 975 331 1015 nire
369 976 588 1015 barbatum
632 989 723 1016 esse
762 976 917 1024 filium,
960 991 1053 1017 cum
1089 979 1130 1017 in
1164 979 1356 1017 omnibus
1389 978 1497 1018 fanis
1530 984 1648 1031 pater
1679 979 1864 1019 inberbis
1896 985 2018 1020 esset.

240 1035 307 1077 84.
339 1037 473 1077 Etiam
506 1051 672 1078 mensas
704 1044 924 1091 argenteas
958 1040 1008 1079 de
1041 1040 1235 1079 omnibus
1269 1040 1457 1080 delubris
1488 1041 1610 1080 iussit
1640 1041 1818 1089 auferri,
1850 1043 1892 1082 in
1926 1043 2020 1096 qui-

191 1111 226 1140 45
240 1100 318 1139 bus
350 1113 443 1139 cum
475 1113 588 1140 more
620 1102 773 1141 veteris
805 1102 1004 1142 Graeciae
1036 1103 1283 1154 inscriptum
1307 1108 1418 1142 esset
1448 1116 1643 1143 BONORUM
1665 1117 1858 1152 DEonvM,
1890 1105 1950 1144 uti
1975 1119 2019 1145 se

241 1175 387 1202 eorum
426 1162 613 1202 bonitate
646 1163 753 1203 velle
785 1165 962 1204 dicebat.
1019 1164 1134 1204 Idem
1168 1165 1417 1204 Victoriolas
1449 1178 1597 1205 aureas
1631 1170 1672 1205 et
1703 1171 1868 1218 pateras
1901 1180 2020 1206 coro·-

240 1238 420 1278 nasque,
454 1238 563 1278 quae
595 1226 913 1266 simulacrorum
947 1228 1149 1280 porrectis
1181 1228 1374 1267 manibus
1406 1228 1744 1274 sustinebantur,
1776 1228 1866 1268 sine
1898 1228 2021 1268 dubi-

240 1287 397 1327 tatione
428 1288 603 1328 tollebat
634 1303 768 1343 eaque
801 1304 844 1329 se
875 1291 1085 1343 accipere,
1118 1304 1199 1329 non
1228 1289 1393 1329 auferre
1432 1290 1622 1330 dicebat:
1655 1303 1747 1330 esse
1778 1292 1887 1330 enim
1918 1292 2021 1331 stul-

241 1351 394 1398 titiam,
426 1363 448 1390 a
477 1351 629 1404 quibus
660 1352 769 1392 bona
802 1365 1090 1405 precaremur,
1132 1352 1183 1391 ab
1215 1352 1265 1391 iis
1290 1352 1600 1404 porrigentibus
1624 1358 1665 1392 et
1687 1352 1884 1393 dantibus
1907 1354 2019 1394 nolle

190 1423 227 1452 20
241 1427 421 1453 sumere.
471 1414 751 1468 Eundemque
782 1415 924 1454 ferunt
954 1415 1077 1462 haec,
1110 1427 1217 1467 quae
1252 1415 1362 1461 dixi,
1395 1414 1558 1454 sublata
1591 1414 1642 1454 de
1672 1414 1779 1455 fanis
1811 1416 1854 1454 in
1886 1415 2021 1456 forum

241 1476 470 1529 protulisse
511 1482 553 1516 et
592 1490 666 1529 per
703 1490 953 1530 praeconem
986 1477 1226 1517 vendidisse
1259 1483 1489 1530 exactaque
1531 1478 1713 1530 pecunia
1744 1478 1929 1518 edixisse
1961 1483 2020 1534 ut,

243 1539 354 1593 quod
387 1539 566 1592 quisque
598 1540 704 1579 sacri
734 1539 928 1585 haberet,
974 1540 1015 1580 id
1052 1544 1148 1579 ante
1182 1539 1292 1578 diem
1325 1546 1478 1579 certam
1510 1540 1553 1579 in
1585 1554 1707 1579 suum
1741 1541 1930 1594 quidque
1961 1542 2021 1582 fa-

241 1615 341 1641 num
372 1602 559 1641 referret.
617 1601 674 1642 Ita
705 1602 756 1642 ad
789 1603 1048 1655 impietatem
1080 1602 1122 1641 in
1155 1601 1258 1641 deos
1290 1601 1333 1640 in
1364 1602 1556 1642 homines
1587 1603 1782 1642 adiunxit
1812 1604 2021 1645 iniuriam.

241 1665 415 1704 XXXV.
448 1664 569 1704 Hunc
600 1665 726 1717 igitur
755 1678 831 1705 nec
858 1665 1079 1718 Olympius
1111 1664 1302 1716 Iuppiter
1331 1664 1506 1704 fulmine
1538 1666 1744 1718 percussit
1765 1679 1842 1705 nec
1863 1666 2022 1706 Aescu-

190 1727 377 1780 25lapius
417 1727 570 1766 misero
612 1726 897 1780 diuturnoque
938 1727 1083 1766 morbo
1122 1727 1407 1766 tabescentem
1439 1727 1672 1775 interemit,
1714 1733 1840 1781 atque
1870 1729 1912 1768 in
1944 1742 2019 1769 suo

240 1790 391 1829 lectulo
433 1794 623 1829 mortuus
654 1789 683 1841 ’ἰ-
714 1790 755 1830 in
795 1789 1008 1843 typanidis
1043 1803 1189 1843 rogum
1226 1789 1381 1828 inlatus
1423 1795 1486 1829 est
1528 1802 1707 1844 eamque
1752 1796 2019 1843 potestatem,

329 1959 358 1990 4.
383 1958 466 1998 felix
490 1960 537 1990 B:
562 1959 634 1998 filia
658 1960 683 1990 A
700 1959 723 1989 C
738 1959 762 1990 E
777 1960 800 1989 P
816 1960 864 1995 V;
896 1959 931 1990 in
955 1959 1149 1998 Pamphylia
1171 1959 1255 1998 felia:
1280 1957 1515 1989 Heindorfius.
1548 1977 1580 1981 -
1614 1959 1644 1989 ἱ).
1671 1958 1851 1997 Dionysius
1866 1976 1884 1982 —
1899 1978 1918 1982 -
1935 1959 2020 1991 nolle

238 2018 366 2040 sumere
394 2009 437 2047 (v.
466 2008 516 2047 49)
549 2009 733 2049 exscripsit
763 2007 922 2040 Valerius
954 2009 1124 2040 Maximus
1149 2009 1180 2047 1,
1208 2010 1219 2039 4
1253 2010 1320 2040 ext.
1349 2008 1379 2039 3.
1410 2027 1444 2031 —
1478 2008 1508 2038 3.
1537 2016 1710 2040 seracusas
1734 2009 1813 2039 AV¹
1842 2028 1876 2032 —
1909 2011 1940 2041 5.
1966 2020 2023 2042 sa—

240 2059 354 2099 crilegyi
380 2060 402 2090 B
432 2076 465 2081 -
492 2059 592 2099 quue
617 2059 828 2090 Lambinus:
862 2062 961 2098 alque
984 2062 1008 2090 A
1026 2060 1049 2089 C
1066 2060 1089 2090 E
1105 2059 1190 2096 PV;
1224 2060 1318 2098 atqui
1344 2059 1366 2090 B
1395 2076 1428 2080 -
1456 2062 1593 2089 acculus
1617 2060 1642 2090 A
1672 2078 1705 2081 —
1733 2059 1810 2090 benc
1831 2059 2022 2100 plane[que]

241 2110 266 2140 Ο
292 2107 369 2139 coll.
396 2108 497 2139 Tusc.
527 2110 551 2140 ll
578 2108 596 2148 ξ
622 2109 674 2140 44..
703 2127 738 2131 —
766 2110 796 2140 6.
824 2110 879 2149 qui
904 2110 991 2149 quod
1015 2110 1060 2140 ad
1084 2112 1108 2140 A
1126 2110 1148 2140 B
1166 2110 1189 2141 C
1206 2110 1228 2140 P
1246 2110 1269 2139 V
1289 2109 1343 2145 (ad
1368 2118 1459 2139 corr.
1487 2118 1529 2140 ex
1553 2118 1575 2139 a
1599 2110 1645 2143 Α;
1674 2110 1760 2148 quod
1785 2118 1877 2141 corr.
1897 2111 1929 2142 in
1948 2120 2022 2142 cum

241 2160 265 2190 B
282 2158 341 2197 V);
377 2159 455 2197 quid
480 2161 566 2197 quod
589 2169 663 2191 cum
688 2161 730 2191 ad
755 2160 779 2191 Ε
809 2178 842 2182 -
871 2161 1125 2199 peloponensum
1149 2162 1174 2190 A
1191 2160 1213 2190 Β
1231 2159 1254 2191 C
1273 2160 1311 2197 V,
1343 2158 1605 2197 pclopcmensum
1631 2158 1654 2189 E
1683 2177 1716 2180 —
1749 2159 1779 2190 7.
1807 2160 1949 2190 classum
1972 2161 2019 2197 A3

240 2212 387 2239 caso-um
411 2209 547 2240 classem
571 2210 594 2241 Ε
623 2227 657 2231 -
685 2210 844 2248 apulisset
867 2212 892 2241 A
915 2228 947 2231 —
976 2210 1006 2240 8.
1034 2211 1214 2240 deiram-um
1238 2210 1265 2239 V
1284 2226 1319 2230 —
1347 2209 1444 2238 ioacn
1468 2209 1494 2239 A
1517 2226 1548 2229 ——
1577 2217 1592 2239 e
1617 2209 1640 2239 B
1657 2208 1679 2239 C
1697 2209 1719 2239 E
1735 2210 1758 2240 P
1773 2209 1820 2238 V:
1850 2218 1892 2240 ea·
1917 2210 2021 2248 A(?)O

244 2277 277 2281 —
297 2259 452 2290 manibiis
476 2269 565 2291 corr.
593 2261 626 2291 in
651 2260 817 2291 manubiis
841 2261 864 2291 C
884 2269 889 2296 ;
916 2259 1082 2290 manubiis
1105 2260 1131 2289 is
1155 2261 1178 2290 A
1197 2261 1237 2297 l‘,
1262 2258 1427 2289 inanabits
1450 2258 1490 2288 iis
1509 2258 1533 2287 V
1552 2275 1586 2279 —-
1608 2258 1638 2287 9.
1658 2259 1964 2298 cartlzayinensium
1980 2260 2020 2298 A,

240 2310 538 2349 cathaqiniensium
557 2311 580 2341 C
595 2336 600 2349 ,
626 2310 933 2350 lcarlhayinensium
951 2310 974 2340 E
990 2335 995 2347 ,
1023 2309 1318 2349 ca7·la9inicnsium
1336 2308 1363 2338 V
1381 2324 1412 2328 —
1433 2308 1504 2347 yolo
1520 2308 1546 2338 A
1564 2308 1587 2338 B
1603 2308 1626 2339 C
1642 2307 1666 2338 E
1684 2308 1709 2338 V
1725 2315 1731 2337 ;
1758 2308 1834 2347 gelu
1856 2310 1897 2343 P:
1925 2308 2022 2339 Hiero

241 2359 319 2390 cod.
348 2359 605 2399 Glogaviensis‚
633 2362 669 2391 O.
714 2360 882 2391 Gelonem
910 2360 1048 2391 Hieroni
1075 2361 1180 2391 etiam
1205 2369 1260 2400 ap.
1282 2358 1458 2389 Valerium
1484 2359 1570 2389 Max.
1600 2366 1681 2388 cum
1706 2359 1838 2397 optimo
1863 2360 2023 2390 omnium

242 2409 364 2440 codice
398 2410 567 2441 Beruensi
598 2410 777 2441 substituit
812 2409 1003 2450 Kemptius.
1034 2426 1068 2431 —
1096 2410 1147 2440 40.
1174 2418 1314 2449 grauem
1339 2412 1363 2439 A
1380 2409 1402 2439 B
1420 2408 1522 2439 EPV
1549 2425 1582 2429 —
1613 2409 1664 2439 44.
1691 2411 1806 2447 aptum
1831 2410 2020 2449 (superscr.

242 2462 321 2491 ante
347 2460 407 2499 ad)
435 2460 477 2490 V:
504 2464 579 2499 apic
605 2462 650 2494 Ε;
686 2469 755 2491 om.
783 2462 809 2491 A
826 2461 848 2491 B
865 2461 887 2491 C
904 2461 926 2490 P
941 2460 978 2491 O.
1006 2459 1065 2499 (ad
1088 2463 1266 2497 utramque
1290 2462 1416 2497 tempus
1439 2458 1519 2488 anni
1543 2458 1653 2497 aplius
1677 2457 1859 2494 Valerius;
1889 2459 2024 2497 utrique

241 2512 379 2550 tempori
404 2515 519 2550 aptum
542 2511 742 2541 Lactantius
767 2511 849 2540 lust.
879 2510 951 2540 Div.
980 2510 1018 2546 11,
1046 2509 1089 2548 4.)
1119 2527 1154 2531 —
1183 2510 1233 2540 42.
1261 2509 1428 2547 aesculapi
1452 2507 1552 2543 A¹B;
1581 2508 1714 2546 asclepii
1738 2507 1793 2546 (cf.
1815 2507 1832 2547 ἓ
1852 2508 1901 2546 39)
1928 2516 2019 2539 corr.

242 2562 275 2592 in
300 2562 465 2600 esculapio
491 2562 514 2592 C
545 2577 577 2582 —
615 2561 767 2599 epidauri
797 2569 887 2590 corr.
915 2560 946 2590 in
972 2560 1145 2598 epidaurio
1170 2561 1207 2590 C.
1245 2559 1328 2589 Vide
1356 2567 1398 2589 ne
1423 2558 1590 2597 Epidauri
1615 2557 1739 2588 lalsum
1765 2558 1939 2596 glossema
1965 2559 2019 2590 sit.

244 2628 278 2632 —
307 2611 358 2642 43.
387 2615 475 2642 esset.
501 2612 600 2642 eliam
625 2609 849 2641 Gulielmius:
876 2613 965 2640 esset.
993 2611 1061 2640 iam
1086 2609 1133 2646 ⁸213
1162 2612 1251 2640 esset.
1278 2610 1366 2640 Idem
1387 2610 1412 2639 O
1433 2626 1467 2630 —
1497 2608 1548 2639 lli.
1575 2608 1683 2647 auferi
1709 2607 1786 2638 ΒΨ
1809 2626 1841 2629 —
1870 2610 1921 2640 45.
1949 2617 2023 2639 cum

242 2661 367 2701 (quom)
392 2662 469 2693 cod.
499 2662 797 2701 Rehdingerianus
823 2663 857 2691 et
882 2660 1073 2697 Madvigius
1100 2660 1153 2697 (ad
1181 2660 1250 2690 Cic.
1273 2659 1316 2690 de
1344 2658 1452 2690 Finil).
1480 2667 1513 2697 p.
1533 2657 1629 2696 l1-64)1
1658 2658 1744 2696 quod
1768 2656 1847 2689 QtO.
1875 2657 1925 2688 Cf.
1946 2666 2020 2689 var.

243 2710 324 2742 lect.
348 2711 389 2741 ad
417 2721 447 2741 v.
469 2712 498 2742 6.
523 2730 556 2733 —
585 2712 636 2742 116.
664 2720 869 2749 coronasque
892 2720 977 2748 quae
1000 2711 1256 2740 simulacrorum
1282 2711 1378 2749 (quae
1402 2708 1595 2748 superscu)
1615 2707 1663 2737 V:
1691 2716 1894 2746 coronasque
1915 2708 2022 2738 simu-

242 2761 411 2791 lac-rorum
436 2764 461 2792 A
477 2762 500 2792 E
517 2763 558 2797 P;
586 2770 725 2792 coronas
750 2770 835 2800 quae
857 2761 1113 2790 simulam-ormi
1139 2760 1161 2789 B
1179 2761 1202 2789 C
1230 2760 1327 2798 (quae
1351 2767 1443 2788 corr.
1471 2766 1511 2788 ex
1537 2766 1631 2795 quem
1657 2758 1693 2796 C)
1721 2775 1755 2779 —
1785 2758 1836 2788 47.
1861 2759 2023 2796 porrech's

244 2819 334 2841 corr
355 2820 396 2841 ex
419 2814 590 2849 porrectas
613 2813 636 2841 A
661 2828 693 2832 —
722 2810 924 2841 sustinebant
950 2811 971 2840 Ρ
999 2826 1033 2831 -
1064 2810 1115 2839 48.
1143 2817 1260 2846 casque
1279 2808 1446 2839 Valerius.
1469 2825 1502 2829 -—
1526 2808 1578 2838 49.
1598 2807 1638 2838 ab
1663 2808 1690 2836 is
1710 2808 1756 2844 A,
1784 2807 1824 2838 ab
1847 2807 1895 2837 his
1913 2807 2019 2846 BEP,

244 2860 284 2891 ab
314 2861 375 2890 hiis
400 2861 424 2889 V
458 2878 491 2881 —
526 2862 577 2892 Ἣ.
603 2863 744 2899 pecunia
777 2861 916 2891 edixisse
941 2860 964 2891 E
980 2860 1029 2889 V:
1063 2859 1224 2897 pecuniae
1249 2859 1369 2889 amisse
1395 2858 1453 2893 ss¹;
1488 2858 1631 2895 pecunia
1655 2857 1778 2887 dixisse
1801 2854 1955 2888 Ass‘2CP
1982 2874 2017 2879 —

243 2912 297 2942 22.
318 2912 451 2949 quisque
475 2912 564 2941 sacri
590 2913 611 2942 Β
631 2921 636 2941 ;
664 2912 799 2951 quisquc
823 2920 842 2941 α
867 2911 970 2940 sacris
994 2911 1019 2940 A
1036 2910 1059 2939 C
1078 2910 1100 2939 Ε
1117 2910 1138 2939 Ρ
1154 2909 1180 2938 V
1195 2910 1220 2937 Ο
1240 2926 1273 2930 -
1297 2909 1442 2949 quidque
1459 2908 1516 2938 V¹:
1545 2909 1684 2948 quicque
1700 2909 1725 2938 A
1741 2908 1763 2937 B
1780 2904 1840 2943 V²;
1867 2915 2021 2946 quamque

246 2962 294 2995 C:
329 2962 449 2999 quique
481 2961 503 2991 Ε
521 2963 563 2992 P:
601 2963 750 3000 quodque
782 2962 806 2991 O
837 2977 869 2982 —
907 2959 957 2990 ⁰253.
986 2959 1186 2997 impletatem
1211 2959 1276 2989 BV
1303 2961 1403 2996 (corr.
1432 2959 1465 2988 in
1491 2959 1691 2995 impietatem
1717 2957 1755 2995 V⁷
1782 2965 1871 2987 corr.
1899 2957 1932 2987 in
1956 2958 2020 2987 im-

241 3011 330 3050 plela
355 3011 534 3040 temerilalc
558 3012 593 3049 B)
623 3029 656 3034 —
684 3011 859 3041 adiumentis,
882 3012 929 3046 A,
955 3010 1104 3039 iniunxit
1129 3010 1151 3038 C
1182 3025 1215 3030 -—
1243 3007 1295 3039 ⁶24.
1322 3009 1456 3048 [turnino
1480 3007 1518 3038 ΑΙ
1534 3006 1573 3037 V¹
1600 3024 1634 3028 ——
1663 3008 1714 3038 25.
1742 3007 1836 3045 atqui
1859 3015 1948 3037 corr.
1976 3014 2019 3037 ex

245 3063 346 3098 atque
369 3061 393 3090 A
411 3060 432 3089 Β
451 3077 484 3081 -
512 3061 564 3090 626,
584 3061 617 3090 in
642 3062 807 3099 lypanidis
829 3068 947 3099 rogum
969 3062 992 3089 A
1011 3059 1032 3089 Ε
1051 3060 1071 3089 P
1088 3058 1130 3088 V:
1157 3058 1191 3088 in
1215 3058 1402 3096 tyrannides
1424 3066 1543 3096 royum
1563 3058 1604 3091 13;
1631 3059 1664 3087 in
1688 3056 1878 3095 timpam'dz's
1900 3064 2018 3095 royum

247 3112 292 3143 ως
319 3110 351 3139 in
380 3109 588 3147 Tymynmidis
611 3119 728 3149 rogam
746 3112 793 3146 O;
819 3110 852 3140 vi
876 3109 1119 3147 tympanizans,
1145 3117 1226 3146 rosso
1247 3108 1296 3137 Fr.
1318 3109 1499 3146 Meyerus:
1526 3111 1555 3137 σι
1578 3106 1762 3144 impunilus
1784 3115 1865 3146 royo
1883 3106 2016 3136 Schoe-

247 3168 410 3190 maunus.
445 3158 597 3189 Aliorum
625 3162 824 3190 commenta
851 3158 1027 3197 congessit
1052 3160 1085 3187 et
1109 3157 1202 3187 auxit
1228 3157 1392 3187 Foertscli
1420 3157 1575 3193 Quaesit.
1602 3155 1685 3187 Tull.
1713 3165 1745 3196 p.
1774 3157 1791 3186 '⁴2
1816 3165 1893 3196 sqq.
1935 3154 2016 3187 Vul-

247 3212 363 3250 gatam
388 3210 505 3240 aulem
530 3208 715 3240 lectionem
747 3210 792 3240 ita
817 3209 973 3240 defendit
998 3207 1203 3238 Welckerus
1230 3207 1326 3246 (Mus.
1356 3206 1464 3237 Rlien.
1492 3207 1530 3236 N.
1557 3207 1589 3236 S.
1617 3206 1656 3236 Vl
1684 3215 1716 3246 p.
1735 3206 1829 3245 399),
1856 3208 1893 3236 ut
1918 3205 2014 3244 Tym—

242 3261 398 3299 panidem
429 3260 502 3300 rogi
531 3259 707 3290 artificiosi
735 3261 783 3299 (v.
810 3260 941 3291 Theon.
973 3261 1160 3299 Progymn.
1188 3266 1222 3298 p.
1249 3257 1289 3289 68
1315 3256 1373 3293 cd,
1397 3255 1538 3298 Speng.)
1569 3257 1751 3288 auctorem
1777 3255 1881 3288 fuisse
1906 3255 2010 3292 dicat,
