2249 3624
225 181 308 225 626
1000 182 1225 223 LAELIUS

226 288 443 329 eiusdem?
501 289 648 341 Neque
681 288 788 327 enim
820 292 916 326 sunt
946 287 1015 327 isti
1048 287 1261 335 audiendi,
1294 288 1366 340 qui
1396 288 1592 328 virtutem
1625 288 1772 328 duram
1805 293 1845 329 et
1875 292 1994 343 quasi

223 351 400 392 ferream
440 365 530 391 esse
569 349 779 403 quandam
816 349 989 389 volunt:
1035 362 1143 402 quae
1184 350 1355 402 quidem
1394 355 1458 390 est
1495 364 1588 390 cum
1621 351 1763 391 multis
1795 351 1837 391 in
1868 353 1993 393 rebus

223 419 312 454 tum
342 415 385 454 in
415 413 597 454 amicitia
629 417 772 452 tenera
803 417 928 464 atque
959 411 1207 459 tractabilis,
1239 418 1286 452 ut
1317 417 1356 452 et
1386 413 1507 452 bonis
1538 413 1657 453 amici
1691 414 1810 466 quasi
1841 414 1994 454 diffun-

224 477 347 516 datur
386 481 427 516 et
465 474 743 515 incommodis
782 474 1067 514 contrahatur.
1129 475 1263 522 Quam
1297 475 1348 515 ob
1380 488 1468 515 rem
1509 488 1637 528 angor
1674 475 1775 523 iste,
1814 477 1887 529 qui
1918 490 1992 530 pro

191 539 355 579 5amico
387 551 512 590 saepe
544 537 776 590 capiendus
808 542 888 583 est,
920 550 1003 576 non
1035 542 1197 576 tantum
1228 538 1353 585 valet,
1385 543 1431 578 ut
1461 538 1581 578 tollat
1602 552 1624 578 e
1646 539 1731 578 vita
1752 538 1994 588 amicitiam,

220 614 305 641 non
336 601 430 653 plus
463 612 588 652 quam
619 604 664 639 ut
693 599 887 646 virtutes,
921 599 1020 652 quia
1048 612 1135 639 non
1166 600 1303 640 nullas
1335 614 1455 640 curas
1487 606 1528 641 et
1550 601 1764 641 molestias
1786 600 1994 649 adferunt,

219 663 503 716 repudientur.

332 724 442 763 XIV.
475 724 576 764 Cum
608 729 748 764 autem
780 724 1001 764 contrahat
1030 723 1279 773 amicitiam,
1310 730 1356 764 ut
1387 739 1512 778 supra
1543 725 1654 773 dixi,
1687 726 1721 765 si
1752 739 1836 779 qua
1866 726 1995 779 signi-

219 783 357 826 ficatio
387 787 550 826 virtutis
583 787 767 834 eluceat,
798 788 849 827 ad
882 800 1005 840 quam
1039 801 1082 826 se
1115 787 1265 827 similis
1297 787 1461 827 animus
1493 787 1678 840 adplicet
1709 795 1750 827 et
1780 788 1992 841 adiungat,

171 847 260 889 toid
292 863 386 889 cum
418 848 649 902 contingit,
680 862 798 888 amor
830 850 1045 889 exoriatur
1076 862 1249 889 necesse
1282 855 1358 890 est.
1418 847 1484 889 49.
1519 850 1629 898 Quid
1665 851 1776 890 enim
1808 855 1891 891 tam
1924 851 1995 890 ab·

217 912 390 952 surdum
422 924 546 965 quam
578 911 778 951 delectari
810 912 951 952 multis
982 912 1176 951 inanibus
1207 912 1356 959 rebus,
1399 917 1443 951 ut
1473 911 1656 959 honore,
1688 917 1734 952 ut
1765 912 1918 966 gloria,
1948 917 1995 952 ut

217 973 429 1022 aedificio,
470 979 517 1014 ut
554 975 708 1014 vestitu
748 974 950 1028 cultuque
983 974 1194 1026 corporis,
1237 974 1377 1014 animo
1419 979 1559 1014 autem
1596 975 1748 1015 virtute
1786 975 1992 1028 praedit0,

217 1049 267 1076 eo
306 1037 380 1090 qui
415 1037 483 1077 vel
519 1050 657 1076 amare
694 1037 782 1084 vel,
822 1043 868 1076 ut
904 1038 962 1076 ita
1001 1037 1159 1084 dicam,
1198 1036 1417 1076 redamare
1448 1036 1607 1089 possit,
1646 1050 1730 1076 non
1763 1037 1991 1076 admodum

216 1096 445 1140 delectari?
503 1098 614 1139 Nihil
648 1104 710 1139 est
741 1099 851 1139 enim
885 1099 1222 1138 remuneratione
1261 1099 1610 1146 bencvolentiae,
1649 1099 1752 1138 nihil
1784 1099 1994 1139 vicissitu-

165 1173 201 1202 45
216 1160 314 1202 dine
346 1162 579 1203 studiorum
614 1160 934 1215 officiorumque
964 1161 1205 1201 iucundius.
1246 1160 1313 1200 50.
1338 1161 1478 1209 Quid?
1511 1161 1544 1201 si
1577 1161 1681 1201 illud
1715 1161 1840 1201 etiam
1872 1161 1993 1201 addi-

214 1238 330 1272 mus,
373 1225 486 1278 quod
529 1230 641 1264 recte
680 1225 778 1264 addi
819 1229 978 1278 potest,
1020 1224 1123 1263 nihil
1168 1237 1259 1264 esse
1302 1223 1414 1277 quod
1453 1224 1504 1263 ad
1546 1237 1590 1263 se
1626 1238 1715 1264 rem
1746 1223 1876 1263 ullam
1908 1229 1991 1263 tam

206 1287 360 1328 ,illiciat
402 1293 444 1328 et
482 1287 664 1327 attrahat
704 1301 829 1340 quam
869 1287 920 1327 ad
961 1287 1187 1326 amicitiam
1221 1286 1475 1333 similitudo,
1518 1286 1775 1326 concedetur
1805 1285 1992 1339 profecto

214 1363 357 1390 verum
390 1363 504 1397 esse,
543 1355 589 1390 ut
620 1350 754 1390 bonos
786 1350 885 1390 boni
919 1349 1096 1401 diligant
1127 1349 1449 1402 adsciscantque
1481 1349 1558 1389 sibi
1589 1349 1708 1403 quasi
1743 1349 1993 1403 propinqui·-

212 1418 299 1453 tate
338 1413 583 1452 coniunctos
623 1418 749 1466 atque
790 1418 951 1452 natura.
1011 1412 1125 1451 Nihil
1158 1417 1220 1452 est
1253 1412 1362 1451 enim
1395 1411 1662 1464 adpetentius
1694 1412 1894 1452 similium
1927 1411 1992 1451 sui

162 1487 199 1516 20
214 1489 290 1516 nec
320 1474 515 1528 rapacius
547 1488 672 1528 quam
706 1480 868 1514 natura.
930 1475 1064 1522 Quam
1098 1474 1150 1514 ob
1182 1489 1269 1514 rem
1302 1475 1381 1514 hoc
1416 1474 1600 1527 quidem,
1631 1475 1764 1514 Fanni
1796 1480 1836 1514 et
1868 1475 1994 1514 Scae-

212 1538 329 1586 vola,
371 1543 555 1585 constet,
596 1543 641 1578 ut
673 1537 848 1589 opinor,
884 1537 1007 1576 bonis
1038 1537 1149 1577 inter
1178 1537 1313 1577 bonos
1347 1538 1467 1590 quasi
1502 1538 1778 1578 necessariam
1809 1538 1993 1578 benevo-

211 1599 398 1647 lentiam,
431 1600 502 1653 qui
534 1605 596 1640 est
627 1600 835 1639 amicitiae
867 1597 960 1639 sons
992 1613 1015 1639 a
1048 1605 1196 1639 natura
1229 1600 1494 1639 constitutus.
1547 1599 1627 1639 Sed
1661 1600 1805 1639 eadem
1828 1600 1992 1640 bonitas

212 1663 337 1703 etiam
376 1662 427 1702 ad
466 1662 781 1702 multitudinem
814 1663 1007 1715 pertinet.
1068 1663 1159 1702 Non
1193 1663 1301 1702 enim
1334 1668 1396 1702 est
1427 1662 1657 1701 inhumana
1689 1662 1822 1702 virtus
1854 1675 1991 1715 neque

210 1725 395 1765 inmunis
436 1739 574 1778 neque
615 1725 824 1778 superba,
872 1738 980 1777 quae
1026 1725 1151 1764 etiam
1197 1725 1379 1777 populos
1428 1725 1648 1764 universos
1693 1725 1802 1764 tueri
1845 1725 1991 1778 eisque

161 1792 381 1840 25optume
413 1788 633 1828 consulere
666 1788 820 1834 soleat,
859 1787 973 1840 quod
1004 1800 1090 1826 uon
1120 1787 1275 1827 faceret
1305 1787 1518 1839 profecto,
1551 1787 1585 1827 si
1617 1800 1640 1826 a
1672 1787 1842 1827 caritate
1873 1786 1988 1838 vulgi

209 1850 466 1890 abhorreret.
527 1847 594 1889 51.
625 1850 762 1902 Atque
793 1849 917 1888 etiam
950 1849 1049 1889 mihi
1082 1849 1250 1902 quiden]
1282 1849 1496 1897 videntur,
1535 1850 1607 1903 qui
1638 1849 1830 1889 utilitatis
1863 1861 1990 1889 causa

208 1912 372 1966 fingunt
410 1912 634 1959 amicitias,
677 1912 1022 1951 amabilissimum
1060 1912 1219 1951 nodum
1260 1912 1467 1951 amicitiae
1505 1912 1667 1951 tollere.
1736 1913 1829 1951 Non
1877 1912 1989 1952 enim

208 1980 293 2014 tam
323 1975 481 2014 utilitas
513 1980 631 2027 parta
661 1988 735 2027 per
765 1975 945 2014 amicum
986 1988 1110 2027 quam
1150 1975 1271 2014 amici
1304 1987 1419 2014 amor
1450 1974 1540 2027 ipse
1574 1974 1771 2021 delectat,
1812 1979 1988 2027 tumque

208 2037 312 2077 illud
332 2035 396 2084 fit,
420 2037 533 2090 quod
558 2037 610 2076 ab
633 2037 766 2076 amico
799 2042 862 2076 est
884 2037 1128 2089 profectum,
1160 2036 1403 2082 iucundum,
1435 2037 1469 2075 si
1502 2050 1595 2076 cum
1630 2037 1766 2076 studio
1800 2042 1863 2076 est
1894 2050 1989 2090 pro-

157 2099 384 2147 3ofectum,
426 2104 674 2152 tantumque
705 2100 822 2139 abest
854 2104 899 2138 ut
929 2099 1140 2138 amicitiae
1180 2105 1351 2152 propter
1387 2099 1658 2151 indigentiam
1692 2099 1904 2146 colantur,
1946 2103 1991 2138 ut

208 2165 263 2212 ii,
307 2163 380 2216 qui
411 2161 559 2214 opibus
592 2168 633 2202 et
663 2162 795 2215 copiis
827 2162 1092 2214 maximeque
1124 2161 1300 2208 virtute,
1331 2161 1371 2199 in
1405 2175 1488 2214 qua
1521 2161 1744 2214 plurimum
1777 2166 1842 2201 est
1871 2174 1991 2214 prae-

209 2226 329 2272 sidii,
376 2224 547 2263 minime
589 2225 762 2264 alterius
803 2224 1042 2276 indigeant,
1084 2224 1365 2263 liberalissimi
1404 2224 1487 2263 sint
1527 2229 1566 2263 et
1605 2221 1989 2263 beneficentissimi.

209 2288 347 2341 Atque
377 2287 488 2327 haud
519 2287 647 2326 sciam
678 2300 730 2326 an
764 2300 815 2326 ne
848 2300 953 2339 opus
986 2286 1039 2326 sit
1071 2286 1243 2339 quidem
1274 2285 1379 2326 nihil
1413 2299 1613 2339 nmquam
1645 2285 1817 2326 omnino
1843 2285 1988 2325 deesse

209 2349 368 2390 amicis.
420 2349 496 2389 Ubi
527 2349 639 2388 enim
672 2348 810 2389 studia
841 2354 985 2388 nostra
1016 2349 1269 2401 viguissent,
1311 2349 1345 2388 si
1376 2362 1605 2402 numquam
1637 2348 1836 2396 consilio,
1867 2360 1988 2387 num-

298 2516 328 2547 4.
355 2516 441 2547 enim
465 2523 532 2546 om.
552 2514 646 2545 BSV
679 2532 713 2536 -
752 2514 783 2545 2.
811 2523 876 2546 esse
900 2515 1074 2555 quandam
1104 2515 1222 2546 DEG:
1263 2515 1434 2554 quandam
1457 2522 1524 2546 esse
1552 2514 1628 2553 BS⁷
1663 2513 1834 2552 quandam
1857 2512 1920 2544 VO
1948 2529 1984 2535 —-

208 2565 244 2596 in
267 2565 378 2596 mullis
402 2565 428 2596 D
468 2581 503 2585 —
545 2564 575 2595 3.
603 2564 837 2603 diffundantur
860 2567 888 2595 et
911 2565 976 2595 inc.
1003 2565 1245 2595 contrahantur
1277 2566 1322 2602 (⁷2,
1355 2573 1438 2596 cum
1463 2563 1593 2596 librarii
1619 2564 1719 2595 amici
1748 2571 1812 2603 pro
1837 2569 1985 2594 numero

209 2613 333 2655 plurali
357 2613 550 2650 haberent;
583 2612 674 2643 bonis
697 2613 797 2643 amici
821 2613 925 2643 animi
949 2614 1047 2652 quasi
1072 2614 1303 2652 diffundantur
1328 2616 1394 2645 etc.
1422 2614 1515 2645 coni.
1543 2613 1695 2653 Seyffert
1728 2629 1762 2634 —
1796 2613 1828 2643 5.
1853 2615 1890 2643 uc
1914 2619 1983 2643 om.

210 2664 236 2694 G
262 2681 296 2685 —
324 2663 355 2694 6.
381 2673 446 2695 ηοη
468 2663 556 2694 ullas
580 2664 605 2693 G
632 2679 665 2684 —
701 2663 731 2694 8.
758 2663 945 2702 contrahat]
964 2666 1080 2693 contra
1098 2664 1142 2693 ad
1166 2664 1192 2694 G
1220 2682 1252 2686 —
1281 2665 1328 2694 sic
1353 2664 1450 2703 quasi
1472 2663 1585 2703 siquis.
1612 2663 1721 2699 BGS,
1747 2663 1774 2693 si
1798 2671 1865 2702 qua
1889 2661 1985 2702 quasi

208 2714 292 2753 δέρη.
313 2714 338 2744 D
379 2729 412 2735 —
460 2714 510 2744 lO.
541 2713 700 2753 contingit
723 2713 807 2744 DE:
843 2713 978 2752 conciyil
1002 2713 1130 2743 BGSV
1169 2731 1203 2735 —
1250 2714 1301 2744 42.
1329 2714 1490 2753 aedissz'cz'o
1516 2714 1541 2744 G
1569 2729 1602 2734 -
1630 2713 1748 2744 uestito
1766 2713 1792 2744 D
1821 2729 1855 2734 -·
1882 2711 1986 2743 animi

209 2766 320 2793 autem
344 2763 385 2801 E⁷
412 2763 583 2793 animante
607 2763 633 2793 D
662 2779 696 2784 —
722 2763 892 2801 praedicto
917 2764 963 2800 G,
988 2764 1144 2801 praedila
1168 2764 1192 2794 E
1219 2780 1253 2784 —-
1283 2763 1333 2794 43.
1361 2764 1546 2794 reclamare
1570 2763 1639 2800 ΒΞ,
1665 2763 1869 2794 readamare
1893 2762 1920 2793 D
1948 2779 1982 2783 —

211 2811 264 2844 ⁴4.
290 2813 375 2843 enim
398 2816 442 2844 est
465 2812 556 2843 BSV
595 2828 630 2833 ——
671 2813 722 2843 45.
750 2812 829 2851 quid
852 2813 879 2842 si
902 2812 984 2842 illud
1007 2813 1107 2843 etiam
1133 2813 1178 2843 C:
1210 2814 1296 2851 quod
1319 2813 1346 2843 si
1370 2813 1471 2844 eham
1494 2813 1576 2843 illud
1601 2813 1626 2843 O
1658 2830 1699 2835 —-
1737 2813 1789 2844 47.
1817 2813 1936 2844 illiciat
1959 2811 1983 2843 C

211 2861 287 2901 (sed
304 2864 328 2892 G
346 2863 498 2900 illiceat):
519 2861 646 2892 alliciat
662 2862 686 2892 O
715 2879 749 2884 —
776 2865 806 2892 el
826 2862 976 2892 albrahat,
999 2862 1144 2902 scripsi:
1172 2865 1201 2893 et
1217 2866 1285 2893 tam
1302 2863 1415 2893 trahat
1439 2863 1477 2901 C,
1503 2866 1533 2893 et
1549 2866 1616 2893 lam
1633 2862 1782 2893 attremat
1806 2862 1843 2893 Ο.
1879 2859 1986 2892 lntel-

210 2909 335 2951 legitur
368 2919 474 2951 quam
510 2909 608 2941 facile
644 2919 854 2942 ETATTRAHAT
889 2912 923 2942 ln
954 2910 1166 2941 EFTETRAHAT
1202 2913 1380 2952 corrumpi
1414 2912 1588 2952 potuerit;
1627 2911 1771 2942 offendit
1803 2912 1921 2941 autem
1951 2910 1984 2940 in

210 2959 359 2992 lectione
385 2960 553 2991 librorum
580 2961 696 3000 potius
721 2961 910 3001 repetitum
936 2963 1005 2991 tam
1030 2968 1136 2999 quam
1161 2960 1260 2991 verbi
1286 2960 1452 3001 simplicis
1472 2961 1642 2992 «trahere»
1660 2969 1757 2998 usus,
1777 2960 1835 3000 qui
1853 2960 1984 3000 optime

211 3008 327 3041 locum
358 3008 491 3040 habere
522 3011 670 3049 poterat.
711 3027 746 3031 —
788 3010 967 3041 similitudo
992 3011 1035 3047 E,
1071 3010 1151 3041 add.
1178 3019 1254 3050 sup.
1283 3010 1340 3041 lin.
1367 3020 1414 3042 m.
1441 3020 1513 3042 rec.
1539 3020 1671 3042 morum
1711 3027 1746 3031 —
1786 3010 1985 3040 concedatur

210 3059 342 3090 BDSV
369 3077 402 3082 —
431 3059 482 3090 49.
501 3059 657 3090 similium
680 3059 741 3090 sibi
765 3060 786 3090 S
815 3077 848 3081 -
876 3059 930 3090 20.
956 3067 1014 3089 nec
1038 3059 1081 3089 C:
1107 3060 1188 3090 nihil
1211 3062 1236 3089 Ο
1265 3077 1298 3081 -
1326 3063 1355 3090 et
1377 3060 1436 3090 hoc
1461 3060 1484 3091 E
1511 3076 1545 3081 -—
1573 3061 1628 3091 Ἣ.
1653 3062 1775 3091 constet
1798 3058 1980 3090 BDEGS:

210 3110 339 3140 constat
362 3107 465 3146 VfflO
491 3123 526 3129 —
564 3109 615 3139 22.
643 3118 728 3147 quae
751 3112 796 3140 esc
820 3109 846 3139 D
875 3126 910 3131 —
945 3117 984 3139 ea
1008 3107 1136 3139 bonitas
1160 3109 1185 3139 D
1223 3126 1256 3130 -
1295 3108 1347 3140 23.
1374 3110 1461 3140 enim
1485 3112 1529 3140 est
1554 3109 1596 3141 C:
1632 3113 1678 3140 est
1700 3109 1787 3140 enim
1811 3109 1836 3139 Ο
1864 3125 1898 3130 -
1925 3105 1979 3138 24.

211 3157 370 3189 immanis
394 3156 494 3196 pauci
519 3156 601 3188 dett.
632 3174 665 3179 —
693 3158 746 3189 25.
772 3157 900 3188 obtume
925 3160 951 3188 G
977 3174 1011 3179 ——
1040 3158 1092 3189 26.
1120 3159 1300 3189 ulililalum
1326 3159 1350 3189 E
1378 3175 1413 3181 —
1440 3159 1494 3189 29.
1520 3159 1560 3190 sic
1585 3160 1611 3189 G
1638 3176 1673 3180 —
1700 3158 1741 3189 ab
1765 3159 1871 3189 amieo
1895 3156 1982 3196 quod

213 3205 242 3236 D
269 3221 305 3228 -
335 3205 520 3244 profectum
543 3208 589 3236 est
611 3206 699 3237 BSV
738 3224 773 3228 —
809 3207 916 3238 studio
940 3210 969 3238 et
992 3215 1105 3238 amore
1136 3208 1163 3237 D
1192 3224 1226 3229 -—
1261 3207 1313 3239 30.
1341 3211 1471 3239 tantum
1496 3208 1564 3239 BS1
1590 3224 1625 3229 -
1653 3208 1705 3239 3⁴.
1731 3208 1764 3239 hi
1787 3206 1915 3238 BGSV
1941 3222 1976 3227 -

211 3255 334 3286 virtute
354 3254 500 3294 praediti
523 3254 548 3284 Ο
575 3271 607 3276 -
630 3256 791 3294 praesidii
815 3259 860 3287 est
883 3257 917 3294 S,
944 3254 1008 3287 sed
1033 3258 1079 3287 est
1102 3264 1178 3296 sup.
1206 3256 1265 3288 lin.
1291 3265 1339 3288 m.
1357 3257 1376 3288 2
1404 3273 1440 3279 —-
1466 3257 1519 3288 32.
1546 3256 1834 3297 beneficientissimi
1857 3255 1913 3286 BS
1940 3269 1975 3276 —

214 3304 266 3336 33.
292 3304 395 3336 sciam
418 3303 540 3336 DEG:
564 3304 630 3335 scio
653 3306 778 3337 BSVO
807 3322 837 3328 —-
873 3306 1002 3345 quidem
1024 3305 1052 3337 si
1075 3306 1174 3338 nichil
1196 3306 1220 3338 B
1248 3323 1282 3328 -
1310 3307 1394 3338 deest
1416 3307 1454 3337 B.
