2249 3624
264 139 343 182 474
649 142 718 181 DE
749 140 955 181 FINIBUS
986 140 1246 181 BONORUM
1273 141 1342 181 ET
1373 141 1637 183 MALORUM

262 253 405 293 enim?
444 253 600 301 aiebat,
631 253 785 292 bonum
815 265 941 305 negas
974 265 1065 292 esse
1096 253 1280 301 divitias,
1320 254 1600 306 praepositum
1631 265 1723 293 esse
1755 252 1881 292 dicis:
1913 253 2014 307 quid

258 316 458 356 adiuvas?
489 315 756 356 avaritiamne
787 315 973 354 minuis?
1006 329 1087 368 quo
1118 315 1273 355 modo?
1306 316 1348 355 Si
1376 316 1545 355 verbum
1569 315 1804 369 sequimur,
1835 315 2013 367 primum

257 377 423 430 longius
453 378 622 418 verbum
655 377 989 430 «praepositum»
1025 390 1148 430 quam
1184 378 1405 418 «bonum».
1436 400 1490 405 —
1520 377 1632 416 Nihil
1653 376 1705 416 ad
1727 376 1837 416 reml
1870 398 1924 405 —-
1953 377 2013 416 Ne

259 440 312 480 sit
342 454 462 482 sane:
503 445 543 479 at
573 443 681 479 certe
713 438 891 491 gravius.
941 440 1042 479 Nam
1072 439 1229 479 bonum
1262 454 1313 479 ex
1345 454 1428 493 quo
1459 439 1713 492 appellatum
1745 439 1817 486 sit,
1853 439 2013 489 nescio,

225 503 540 557 spraepositum
581 515 633 540 ex
674 514 721 540 eo
764 501 909 548 credo,
953 502 1064 554 quod
1106 508 1387 555 praeponatur
1426 502 1530 541 aliis.
1597 501 1641 540 Id
1679 501 1778 541 mihi
1819 514 2013 553 magnum

258 566 435 606 videtur.
494 565 637 616 Itaque
670 563 834 602 dicebat
868 563 961 616 plus
992 564 1117 604 tribui
1150 564 1307 604 divitiis
1338 578 1360 604 a
1392 566 1578 611 Zenone,
1620 564 1692 616 qui
1724 577 1793 603 eas
1823 564 1864 603 in
1895 576 2013 616 prae-

256 628 402 682 positis
444 630 633 680 poneret,
673 638 796 678 quam
827 625 878 664 ab
909 625 1154 673 Aristotele,
1195 627 1267 678 qui
1300 627 1454 666 bonum
1486 639 1577 666 esse
1609 626 1770 666 divitias
1800 625 2012 673 fateretur,

257 691 329 730 sed
360 701 494 742 neque
526 700 720 740 magnum
753 687 908 726 bonum
941 693 980 728 et
1009 701 1106 740 prae
1137 689 1260 728 rectis
1290 689 1564 741 honestisque
1594 688 1944 728 contemnendum
1966 700 2013 727 ac

256 750 591 804 despiciendum,
622 762 699 788 nec
729 762 878 802 magno
911 763 1036 802 opere
1068 751 1368 803 expetendum,
1400 751 1657 803 omninoque
1681 750 1730 789 de
1762 750 1851 789 istis
1882 750 2014 789 omni-

208 824 240 852 to
255 815 332 854 bus
373 812 509 852 verbis
540 824 563 851 a
593 812 760 850 Zenone
800 812 967 851 mutatis
1008 813 1065 851 ita
1102 812 1338 864 disputabat
1375 818 1436 859 et,
1477 825 1584 864 quae
1624 812 1732 852 bona
1764 818 2014 864 negarentur

257 891 347 917 esse
388 875 438 915 ab
477 887 527 913 eo
567 879 607 913 et
645 886 752 926 quae
789 874 917 921 mala,
961 874 1033 913 illa
1070 874 1312 913 laetioribus
1351 875 1590 913 nominibus
1633 873 1835 926 appellari
1866 873 1916 912 ab
1949 886 2012 919 eo,

256 952 379 993 quam
411 950 433 976 a
463 935 605 982 nobis,
636 934 738 974 haec
771 936 1033 976 tristioribus.
1085 937 1177 975 Piso
1211 937 1336 988 igitur
1366 936 1445 975 hoc
1467 936 1612 982 modo,
1646 937 1707 974 vir
1730 935 1909 988 optimus
1931 936 2013 973 tui-

256 1016 358 1055 que,
389 1006 434 1040 ut
464 999 568 1045 scis,
600 998 918 1037 amantissimus.
963 1000 1046 1038 Nos
1077 998 1223 1051 paucis
1255 998 1305 1037 ad
1336 998 1440 1037 haec
1471 997 1622 1037 additis
1654 997 1779 1036 finem
1811 997 2012 1036 faciamus

254 1063 502 1117 aliquando;
533 1060 704 1112 longum
736 1066 798 1100 est
829 1061 938 1099 enim
969 1061 1020 1100 ad
1052 1061 1191 1099 omnia
1222 1060 1497 1113 respondere,
1532 1073 1638 1113 quae
1660 1073 1683 1098 a
1705 1065 1744 1098 te
1768 1059 1876 1098 dicta
1905 1064 2012 1098 sunt.

207 1134 240 1164 45
367 1124 535 1164 XXVII.
567 1120 633 1161 74.
664 1123 765 1162 Nam
798 1135 850 1161 ex
883 1123 1039 1162 eisdem
1070 1122 1290 1162 verborum
1322 1122 1558 1175 praestigiis
1591 1127 1630 1161 et
1661 1134 1788 1174 regna
1819 1126 1914 1160 nata
1942 1133 2014 1160 vo-

253 1187 317 1227 bis
349 1192 444 1226 sunt
475 1190 515 1224 et
545 1184 721 1237 imperia
752 1191 792 1224 et
823 1185 992 1224 divitiae
1024 1190 1063 1224 et
1084 1190 1220 1223 tantae
1244 1184 1434 1237 quidem,
1467 1190 1512 1223 ut
1535 1184 1696 1230 omnia,
1730 1196 1834 1236 quae
1856 1182 2013 1235 ubique

254 1250 359 1296 sint,
390 1247 589 1302 sapientis
621 1260 710 1286 esse
743 1247 902 1286 dicatis.
954 1247 1098 1286 Solum
1129 1252 1346 1300 praeterea
1376 1246 1623 1293 formosum,
1655 1245 1791 1285 solum
1822 1244 2013 1290 liberum,

254 1312 388 1352 solum
427 1311 581 1350 civem:
623 1309 761 1348 stultos
799 1309 938 1348 omnia
978 1309 1201 1355 contraria,
1244 1322 1347 1362 quos
1387 1309 1510 1348 etiam
1551 1309 1721 1348 insanos
1754 1320 1845 1347 esse
1876 1306 2013 1346 vultis.

253 1375 366 1414 Haec
407 1369 633 1426 παράὸόξα
673 1371 757 1418 illi,
797 1384 873 1410 nos
905 1370 1165 1410 admirabilia
1197 1371 1390 1410 dicamus.
1441 1370 1552 1418 Quid
1584 1377 1721 1410 autem
1754 1370 1910 1409 habent
1940 1370 2012 1409 ad-

204 1436 508 1481 20mirationis,
545 1447 637 1473 cum
667 1447 797 1486 prope
828 1434 1082 1472 accesseris?
1131 1432 1349 1472 Conferam
1381 1438 1516 1473 tecum
1550 1447 1673 1487 quam
1706 1434 1857 1486 cuique
1888 1432 2013 1472 verbo

253 1513 339 1539 rem
371 1497 574 1538 subicias:
605 1495 721 1534 nulla
753 1495 830 1534 erit
862 1495 1158 1534 controversia.
1211 1495 1359 1534 Omnia
1391 1500 1557 1548 peccata
1587 1497 1701 1549 paria
1725 1495 1874 1535 dicitis.
1920 1497 2012 1534 Non

253 1575 330 1615 ego
369 1566 506 1600 tecum
545 1559 625 1597 iam
665 1557 721 1596 ita
762 1557 947 1603 iocabor,
985 1562 1031 1595 ut
1070 1556 1201 1595 isdem
1233 1557 1297 1596 his
1330 1557 1380 1596 de
1412 1558 1555 1605 rebus,
1597 1571 1689 1597 cum
1721 1559 1765 1596 L.
1798 1559 2013 1597 Murenam

253 1629 293 1663 te
333 1625 551 1663 accusante
593 1618 871 1658 defenderem.
932 1618 1053 1670 Apud
1095 1619 1310 1670 imperitos
1343 1625 1429 1658 tum
1461 1620 1531 1659 illa
1562 1619 1671 1659 dicta
1703 1626 1819 1667 sunt,
1851 1619 2013 1673 aliquid

254 1687 376 1726 etiam
418 1695 598 1724 coronae
640 1680 803 1720 datum:
841 1694 952 1720 nunc
984 1680 1191 1732 agendum
1226 1687 1287 1720 est
1317 1681 1523 1721 subtilius.
1583 1680 1649 1720 75.
1680 1683 1852 1722 Peccata
1883 1683 2011 1735 paria.

202 1759 238 1788 25
255 1748 445 1796 Quonam
478 1743 632 1784 modo?
666 1742 773 1790 Quia
804 1756 880 1781 nec
911 1743 1087 1782 honesto
1121 1744 1345 1796 quicquam
1366 1743 1582 1784 honestius
1605 1758 1680 1783 nec
1703 1744 1812 1798 turpi
1834 1745 2010 1797 turpius.

253 1812 381 1862 Perge
413 1820 560 1861 porro;
592 1818 686 1845 nam
718 1804 768 1843 de
800 1805 879 1844 isto
911 1818 1060 1857 magna
1092 1805 1297 1844 dissensio
1331 1811 1405 1844 est.
1466 1806 1539 1845 llla
1571 1812 1814 1858 argumenta
1845 1807 2012 1860 propria

252 1872 485 1916 videamus,
518 1881 590 1908 cur
622 1868 761 1906 omnia
792 1872 961 1919 peccata
992 1867 1074 1906 sint
1103 1868 1228 1920 paria.
1281 1867 1349 1914 Ut,
1382 1868 1537 1920 inquit,
1568 1868 1611 1907 in
1632 1868 1783 1907 fidibus
1806 1868 2007 1921 pluribus,

253 1935 286 1974 si
325 1933 440 1973 nulla
481 1944 622 1971 earum
663 1930 721 1969 ita
759 1935 954 1969 contenta
984 1930 1122 1969 nervis
1167 1930 1236 1976 sit,
1279 1934 1325 1968 ut
1365 1936 1612 1969 concentum
1653 1943 1817 1969 servare
1860 1930 2011 1983 possit,

254 2009 397 2036 omnes
428 2006 562 2046 aeque
593 1993 858 2031 incontentae
891 1992 993 2038 sint,
1026 1992 1084 2031 sic
1116 1997 1308 2043 peccata,
1347 1993 1446 2045 quia
1477 1992 1730 2044 discrepant,
1763 2005 1896 2046 aeque
1929 1991 2012 2031 dis-

201 2070 237 2099 30
253 2062 442 2110 crepant:
474 2056 590 2108 paria
621 2060 716 2094 sunt
747 2054 880 2106 igitur.
931 2054 1008 2093 Hic
1039 2054 1234 2106 ambiguo
1266 2054 1461 2093 ludimur.
1506 2056 1652 2107 Aeque
1675 2055 1784 2094 enim
1808 2054 2013 2106 contingit

252 2120 443 2160 omnibus
475 2117 643 2163 fidibus,
684 2122 730 2155 ut
759 2116 1026 2155 incontentae
1059 2117 1159 2161 sint,
1200 2116 1304 2155 illud
1336 2129 1420 2155 non
1452 2116 1673 2164 continuo,
1711 2122 1757 2155 ut
1787 2128 1919 2168 aeque
1949 2115 2012 2154 in-

252 2186 487 2221 contentae.
539 2178 714 2217 Collatio
746 2178 871 2230 igitur
902 2178 979 2217 ista
1010 2183 1049 2217 te
1081 2178 1185 2216 nihil
1216 2179 1348 2224 iuvat;
1380 2191 1457 2218 nec
1491 2179 1620 2225 enim,
1653 2191 1796 2217 omnes
1819 2178 2011 2217 avaritias

252 2244 287 2283 si
317 2255 451 2295 aeque
482 2240 672 2280 avaritias
705 2253 795 2279 esse
828 2240 1078 2286 dixerimus,
1119 2245 1318 2292 sequetur
1358 2246 1404 2279 ut
1435 2241 1559 2279 etiam
1590 2253 1746 2293 aequas
1778 2252 1868 2278 esse
1901 2238 2012 2277 dica-

251 2318 357 2344 mus.
415 2302 481 2343 76.
513 2304 618 2341 Ecce
650 2302 761 2341 aliud
793 2302 929 2341 simile
962 2301 1174 2341 dissimile.
1226 2302 1275 2341 Ut
1308 2303 1442 2349 enim,
1475 2302 1632 2355 inquit,
1666 2302 1917 2354 gubernator
1942 2313 2011 2339 ae-

201 2380 237 2409 35
252 2381 333 2420 que
371 2371 539 2419 peccat,
586 2364 620 2403 si
661 2365 873 2417 palearum
911 2377 1060 2403 navem
1101 2365 1249 2403 evertit
1280 2370 1319 2403 et
1350 2365 1383 2403 si
1414 2364 1525 2410 auri,
1571 2364 1670 2403 item
1701 2376 1836 2417 aeque
1866 2367 2011 2415 peccat

253 2429 323 2482 qui
370 2433 581 2481 parentem
622 2431 662 2465 et
701 2427 771 2479 qui
811 2439 977 2466 servum
1007 2427 1159 2466 iniuria
1188 2427 1390 2466 verberat.
1449 2427 1540 2466 'Hoc
1570 2440 1653 2466 non
1683 2426 1847 2472 videre,
1889 2424 2008 2463 cuius

251 2490 413 2544 generis
435 2502 540 2529 onus
567 2488 683 2528 navis
705 2488 845 2535 vehat,
876 2488 918 2527 id
940 2489 990 2527 ad
1014 2489 1303 2540 gubernatoris
1330 2494 1459 2528 artem
1482 2488 1583 2528 nihil
1606 2487 1833 2542 pertinerel
1866 2486 2008 2538 itaque

251 2565 397 2592 aurum
432 2551 649 2605 paleamne
687 2555 824 2603 portet
862 2551 914 2590 ad
944 2550 1051 2590 bene
1081 2556 1152 2591 aut
1181 2550 1232 2591 ad
1263 2551 1370 2591 male
1400 2550 1715 2603 gubernandum
1746 2549 1851 2589 nihil
1880 2548 2008 2588 inter-

337 2756 369 2788 2.
396 2765 458 2795 quo
481 2754 602 2786 modo?
625 2755 660 2786 Si
683 2755 725 2785 B:
755 2755 847 2793 Quod
869 2755 896 2785 si
919 2756 944 2786 O
964 2773 998 2778 —
1026 2754 1056 2787 4.
1084 2757 1127 2786 ad
1151 2759 1235 2787 certe
1258 2757 1281 2787 B
1298 2756 1321 2787 E
1349 2774 1383 2778 —
1409 2756 1440 2787 5.
1463 2758 1693 2795 preponantur
1716 2755 1740 2785 B
1765 2771 1807 2776 -
1831 2754 1861 2785 6.
1889 2762 1911 2784 a
1935 2762 2003 2785 om.

251 2806 276 2838 E
300 2824 343 2829 —
367 2805 397 2837 9.
423 2814 621 2846 maynopere
643 2805 667 2835 B
683 2805 707 2835 E
732 2804 862 2844 ubique
889 2821 922 2826 —·
953 2805 1003 2835 40.
1032 2805 1240 2844 dispulabant
1264 2806 1287 2836 B
1312 2823 1354 2827 —
1378 2806 1429 2836 Μ.
1457 2804 1497 2835 ab
1521 2814 1556 2835 eo
1580 2813 1644 2836 esse
1668 2805 1690 2835 B
1718 2821 1751 2826 -—
1779 2804 1943 2843 appellari
1966 2804 2007 2834 ab

250 2866 286 2889 eo
310 2857 352 2888 B:
380 2856 421 2887 ab
445 2864 480 2887 eo
504 2855 665 2893 appellari
690 2855 714 2884 O
734 2871 768 2875 —
798 2854 849 2885 43.
874 2858 910 2885 ut
935 2863 1003 2885 om.
1026 2855 1048 2885 B
1070 2873 1104 2878 —-
1132 2856 1182 2886 48.
1201 2856 1313 2886 stultos
1328 2854 1490 2887 Morelius
1510 2854 1582 2893 (sed
1600 2856 1900 2894 postc011e›·a1·ia):
1925 2855 2007 2885 stul—

251 2909 358 2937 torum
382 2914 463 2937 cuin
486 2905 636 2936 Manutio
661 2904 705 2937 O:
738 2913 806 2935 om.
833 2904 935 2935 codd.
966 2922 1000 2926 —
1034 2905 1087 2936 Ἥ.
1113 2905 1197 2945 Non]
1226 2907 1303 2936 noui
1328 2907 1351 2936 B
1380 2922 1413 2926 —
1451 2905 1503 2935 ΕΞ.
1530 2904 1663 2934 iocabor
1687 2905 1772 2935 CD:
1805 2903 1937 2935 locabor
1960 2904 2004 2940 B;

251 2956 372 2996 loquar
388 2956 412 2987 O
433 2972 466 2976 —
493 2954 551 2992 his]
569 2954 595 2984 is
618 2954 659 2989 E;
687 2962 756 2984 om.
776 2955 799 2985 B
821 2970 855 2976 —
885 2959 1052 2986 murenam
1076 2959 1227 2986 accusale
1243 2956 1266 2986 B
1282 2956 1305 2986 E
1325 2972 1358 2976 -
1386 2954 1438 2985 ⁶23.
1458 2954 1591 2993 aliquod
1608 2957 1636 2984 el
1652 2963 1719 2984 cor.
1739 2954 1762 2984 B
1785 2971 1815 2974 —
1837 2953 1889 2985 24.
1906 2954 2008 2992 paria

251 3013 394 3045 quonam
418 3004 442 3035 Ο
469 3021 504 3025 -
538 3004 589 3034 27.
615 3004 677 3033 sinc
700 3004 803 3042 paria
832 3007 968 3043 pecc-ala
992 3005 1015 3035 B
1052 3022 1084 3026 -
1115 3004 1266 3043 pluribus
1291 3007 1369 3040 (non
1391 3003 1552 3042 plurimis)
1579 3004 1682 3033 etiam
1709 3004 1732 3034 E
1760 3021 1794 3026 —
1821 3004 1872 3035 028.
1899 3004 2007 3035 nervis

250 3055 334 3086 BD:
361 3052 504 3084 numeris
528 3053 552 3083 O
579 3069 613 3073 —
642 3052 693 3082 Ἰ29.
720 3062 820 3091 aeque
844 3055 1029 3093 discrepant
1053 3062 1122 3084 oni.
1150 3054 1175 3084 D
1205 3072 1237 3075 —
1267 3054 1317 3084 30.
1344 3053 1456 3093 mitur]
1481 3052 1539 3083 sibi
1562 3053 1586 3083 B
1602 3054 1625 3083 (ἶ
1653 3054 1769 3092 (paria
1791 3057 1876 3085 sunt.
1901 3054 2007 3094 Igitur

250 3104 301 3135 hic
323 3104 369 3139 D;
393 3103 493 3142 paria
516 3106 590 3132 sunl
612 3102 724 3141 igilur.
751 3104 816 3133 Hoc
842 3103 954 3141 «alii»,
981 3112 1048 3134 non
1074 3103 1100 3133 is
1126 3103 1252 3139 codex,
1280 3112 1297 3134 e
1317 3112 1384 3143 quo
1408 3102 1595 3143 pleraeque
1614 3101 1780 3134 lectiones
1798 3102 2004 3142 desumptae

251 3154 348 3190 sunt,
374 3152 407 3183 in
434 3160 502 3191 mg.
530 3152 634 3190 Crat.)
661 3168 694 3172 —
723 3152 774 3183 33.
801 3156 836 3183 ἰιι
859 3154 957 3184 etiam
981 3154 1022 3184 B:
1049 3154 1146 3184 eliam
1170 3157 1204 3184 ul
1228 3154 1252 3183 Ο
1280 3169 1312 3174 -
1342 3153 1475 3193 aequas]
1501 3161 1585 3191 equa
1609 3154 1632 3183 B
1661 3171 1695 3175 —
1721 3153 1774 3183 35.
1797 3155 2003 3191 peclalmon

248 3201 371 3240 petunt)
396 3201 453 3240 qui
480 3200 505 3232 E
538 3218 573 3223 —
606 3200 658 3231 36.
684 3204 713 3231 el
741 3210 872 3233 seruum
897 3203 977 3241 (om.
1005 3203 1070 3242 qui)
1094 3203 1118 3233 B
1153 3219 1186 3224 —
1221 3202 1273 3234 37.
1299 3203 1345 3234 nil
1371 3203 1433 3234 BE
1461 3220 1496 3224 —
1529 3202 1580 3234 38.
1603 3203 1778 3242 paleamne
1809 3201 1911 3233 codd.
1938 3200 2003 3232 ali-

253 3253 355 3291 quot:
378 3250 550 3291 paleamve
571 3250 672 3282 BEO
699 3267 733 3272 —
757 3255 861 3290 per-let
883 3253 927 3291 B;
948 3255 1084 3292 praeter
1106 3251 1142 3283 E.
