2249 3624
287 103 369 146 538
934 107 1004 146 DE
1037 107 1390 148 DIVINATIONE

288 215 332 255 ni
362 213 542 263 fecisset,
575 229 658 255 uno
689 215 733 254 in
764 214 857 254 loco
889 227 1035 254 omnes
1066 214 1401 254 adversariorum
1425 215 1572 268 copiae
1594 216 1905 258 convenissent.
1947 218 2058 268 Quid

289 290 367 330 ego
397 278 667 330 haruspicum
697 290 899 329 responsa
932 290 1255 316 commemorem
1297 301 1349 314 —.
1388 291 1561 330 possum
1593 279 1790 330 equidem
1821 280 2058 322 innumera-

287 340 389 380 bilia
411 363 485 388 —-,
510 353 617 393 quae
648 345 720 379 aut
751 339 891 378 nullos
923 339 1147 379 habuerint
1178 340 1313 379 exitus
1344 346 1417 379 aut
1448 341 1706 380 contrarios?
1748 340 1816 380 53.
1841 342 1930 381 Hoc
1949 343 2060 384 civili

285 404 420 450 bello,
463 403 503 443 di
537 402 808 441 inmortales1
857 414 984 454 quam
1022 402 1151 441 multa
1194 402 1410 442 luserunt!
1461 416 1568 455 quae
1611 404 1731 443 nobis
1769 404 1812 443 in
1844 404 2059 446 Graeciam

254 468 415 506 isRoma
456 477 658 518 responsa
698 463 966 518 haruspicum
1009 465 1132 504 missa
1167 465 1284 504 suntl
1334 477 1444 517 quae
1477 465 1589 504 dicta
1619 466 1842 519 Pompeio!
1894 467 2059 508 Etenim

284 528 356 567 ille
395 526 622 566 admodum
665 527 771 566 extis
813 532 853 566 et
893 527 1068 566 ostentis
1110 527 1368 566 movebatur.
1429 529 1521 567 Non
1562 528 1679 567 lubet
1715 541 2059 577 commemorare,

283 603 362 630 nec
395 603 491 629 vero
524 602 694 629 necesse
727 595 803 637 est,
835 590 908 629 tibi
939 591 1209 642 praesertim,
1235 590 1306 642 qui
1330 590 1571 630 interfuisti.
1614 589 1737 630 Vides
1759 597 1896 631 tamen
1920 592 2061 632 omnia

283 651 370 691 fere
402 658 547 692 contra
577 665 625 691 ac
657 650 766 692 dicta
797 652 879 692 sint
910 653 1114 692 evenisse.
1162 652 1242 692 Sed
1276 651 1377 692 baec
1408 652 1636 700 hactenus3
1667 667 1780 693 nunc
1811 653 1863 693 ad
1897 659 2061 694 ostenta

284 715 516 754 veniamus.

235 789 270 818 ιο
396 777 527 816 XXV.
557 775 624 817 54.
656 777 785 817 Multa
816 791 882 818 me
914 778 1089 817 consule
1121 791 1143 817 a
1175 792 1240 816 me
1273 779 1366 830 ipso
1399 778 1550 831 scripta
1582 778 1780 825 recitasti,
1812 779 1943 819 multa
1965 784 2062 820 ante

284 839 506 879 Marsicum
539 840 694 880 bellum
727 854 750 880 a
783 841 959 880 Sisenna
993 841 1166 880 collecta
1198 841 1388 887 attulisti,
1421 841 1550 880 multa
1581 847 1677 880 ante
1709 841 2064 882 Lacedaemonio-

283 915 373 941 rum
406 903 555 942 malam
587 917 769 956 pugnam
801 903 844 942 in
876 903 1068 943 Leuctris
1100 916 1123 942 a
1147 902 1403 943 Callisthene
1435 909 1759 943 commemorata
1793 903 1950 944 dixisti.
2001 906 2062 945 De

283 965 436 1018 quibus
468 965 603 1005 dicam
635 967 831 1019 equidem
855 966 1054 1018 singulis,
1078 966 1218 1018 quoad
1243 965 1472 1011 videbitur;
1506 964 1577 1004 sed
1603 965 1828 1005 dicendum
1852 967 1976 1007 etiam
2002 973 2064 1008 est

283 1027 333 1066 de
366 1027 585 1067 universis.
648 1029 766 1076 Quae
810 1034 873 1068 est
913 1029 1025 1068 enim
1067 1029 1146 1067 ista
1181 1041 1205 1067 a
1241 1029 1331 1068 deis
1364 1028 1553 1081 profecta
1586 1026 1834 1080 significatio
1867 1036 1907 1069 et
1939 1030 2062 1083 quasi

233 1103 268 1130 45
283 1090 545 1130 denuntiatio
576 1091 888 1131 calamitatum?
922 1091 1022 1144 quid
1055 1097 1194 1131 autem
1227 1091 1375 1130 volunt
1408 1088 1485 1145 [ea]
1522 1091 1562 1130 di
1600 1091 1845 1131 inmortales
1882 1092 2062 1144 primum

282 1152 578 1205 significantes,
610 1166 717 1206 quae
749 1154 837 1193 sine
870 1153 1169 1205 interpretibus
1191 1166 1275 1193 non
1300 1154 1510 1206 possimus
1533 1153 1802 1207 intellegere,
1827 1154 1978 1194 deinde
2001 1168 2063 1202 ea,

283 1228 392 1269 quae
426 1229 570 1255 cavere
603 1218 896 1269 nequeamus?
947 1217 1000 1255 At
1030 1216 1111 1255 hoc
1142 1229 1193 1255 ne
1225 1216 1419 1256 homines
1453 1216 1620 1268 quidem
1654 1216 1773 1269 probi
1804 1215 1986 1264 faciunt,
2017 1222 2065 1258 ut

281 1278 423 1318 amicis
455 1278 728 1331 inpendentis
761 1279 1016 1318 calamitates
1047 1279 1305 1331 praedicant,
1339 1292 1442 1333 quas
1475 1279 1536 1319 illi
1569 1279 1755 1332 effugere
1788 1279 1904 1319 nullo
1937 1280 2062 1320 modo

281 1341 465 1393 possint,
497 1346 542 1381 ut
572 1341 737 1389 medici,
770 1354 1027 1395 quamquam
1059 1341 1312 1394 intellegunt
1342 1355 1482 1395 saepe,
1514 1348 1652 1382 tamen
1676 1355 1904 1395 numquam
1927 1342 2064 1395 aegris

231 1417 268 1445 20
283 1403 429 1444 dicunt
459 1405 531 1444 illo
562 1404 706 1443 morbo
739 1417 811 1443 eos
845 1417 936 1443 esse
968 1404 1211 1443 morituros.
1255 1403 1401 1444 Omnis
1433 1405 1544 1444 enim
1577 1405 1810 1458 praedictio
1843 1405 1940 1445 mali
1975 1411 2061 1446 tum

281 1467 496 1521 probatur,
529 1481 621 1506 cum
653 1467 705 1506 ad
737 1466 1069 1519 praedictionem
1103 1467 1243 1507 cautio
1275 1467 1527 1519 adiungitur.
1589 1466 1657 1507 55.
1691 1467 1802 1515 Quid
1835 1468 1962 1520 igitur
1993 1472 2065 1508 aut

282 1534 444 1568 ostenta
476 1535 547 1568 aut
579 1543 725 1569 eorum
756 1529 1006 1582 interpretes
1038 1529 1103 1569 vel
1127 1530 1480 1569 Lacedaemonios
1514 1530 1614 1570 olim
1643 1530 1707 1570 vel
1738 1543 1876 1583 nuper
1898 1536 2064 1571 nostros

282 1591 560 1632 adiuverunt?
595 1606 700 1646 quae
724 1593 756 1632 si
780 1593 898 1645 signa
921 1592 1093 1632 deorum
1118 1592 1306 1645 putanda
1327 1598 1446 1640 sunt,
1471 1599 1644 1632 curtam
1669 1593 1847 1632 obscura
1867 1593 2064 1633 fuerunt?

284 1655 326 1695 Si
359 1655 497 1701 enim,
531 1661 575 1694 ut
606 1656 948 1706 intellegeremus
981 1656 1079 1708 quid
1114 1661 1223 1695 esset
1254 1661 1525 1703 eventurum,
1548 1661 1691 1709 aperte
1716 1655 1919 1695 declarari
1941 1668 2064 1710 opor-

232 1730 268 1759 25
283 1719 422 1764 tebat,
464 1723 535 1757 aut
566 1732 617 1758 ne
650 1719 813 1758 occulte
847 1717 1042 1771 quidem,
1074 1719 1108 1757 si
1144 1731 1190 1757 ea
1222 1718 1318 1757 sciri
1350 1718 1560 1758 nolebant.

396 1782 548 1821 XXVI.
580 1782 665 1821 lam
698 1794 798 1820 vero
830 1781 1072 1820 coniectura
1104 1781 1254 1827 omnis,
1287 1781 1328 1819 in
1362 1795 1444 1833 qua
1467 1781 1612 1820 nititur
1635 1780 1860 1828 divinatio,
1882 1781 2064 1834 ingeniis

282 1844 499 1883 hominum
533 1844 574 1882 in
607 1843 758 1883 multas
791 1849 863 1883 aut
895 1843 1080 1883 diversas
1112 1849 1184 1883 aut
1216 1844 1341 1883 etiam
1374 1844 1604 1883 contrarias
1637 1844 1766 1896 partis
1794 1856 1920 1896 saepe
1942 1843 2064 1883 didu-

284 1907 400 1946 citur.
453 1907 503 1946 Ut
534 1907 644 1946 enim
676 1907 717 1945 in
751 1906 887 1946 causis
919 1906 1186 1945 iudicialibus
1218 1906 1298 1945 alia
1330 1907 1568 1945 coniectura
1601 1912 1663 1946 est
1684 1907 1960 1953 accusatoris,
1982 1906 2064 1947 alia

284 1969 519 2009 defensoris
551 1975 593 2008 et
626 1976 762 2008 tamen
798 1970 1019 2022 utriusque
1053 1966 1278 2015 credibilis,
1311 1968 1370 2007 sic
1401 1969 1441 2007 in
1475 1969 1671 2008 omnibus
1702 1969 1753 2009 iis
1786 1971 1924 2016 rebus,
1955 1983 2064 2024 quae

231 2042 267 2072 30
285 2032 524 2071 coniectura
557 2032 800 2084 investigari
834 2032 1039 2077 videntur,
1072 2044 1228 2083 anceps
1260 2033 1469 2085 reperitur
1499 2033 1617 2072 ratio.
1680 2032 1795 2079 Quas
1826 2039 1966 2072 autem
1998 2046 2063 2073 res

283 2100 370 2134 tum
404 2100 550 2134 natura
582 2101 667 2134 tum
702 2108 822 2134 casus
854 2094 1010 2141 adfert,
1045 2107 1127 2133 non
1152 2108 1380 2147 numquam
1413 2095 1536 2134 etiam
1571 2108 1754 2135 errorem
1787 2100 1898 2134 creat
1918 2095 2064 2135 simili-

282 2157 402 2203 tudo,
427 2170 576 2209 magna
597 2157 770 2197 stultitia
795 2163 857 2196 est
879 2171 1020 2197 earum
1042 2170 1181 2196 rerum
1207 2157 1309 2197 deos
1331 2157 1466 2197 facere
1491 2158 1706 2197 effectores
1723 2188 1732 2203 ‚
1756 2170 1903 2197 causas
1925 2171 2063 2198 rerum

283 2234 369 2260 non
401 2233 619 2272 quaerere.
683 2218 749 2258 56.
783 2221 844 2259 Tu
879 2226 992 2259 vates
1027 2219 1224 2259 Boeotios
1257 2220 1393 2260 credis
1422 2220 1629 2259 Lebadiae
1662 2220 1817 2260 vidisse
1850 2234 1901 2260 ex
1933 2220 2064 2273 gallo-

281 2296 374 2322 rum
416 2283 746 2335 gallinaceorum
788 2288 912 2322 cantu
953 2283 1174 2322 victoriam
1216 2296 1305 2322 esse
1338 2283 1659 2329 Thebanorum,
1705 2283 1805 2336 quia
1836 2282 1934 2336 galli
1965 2283 2060 2323 victi

369 2494 399 2525 4.
429 2493 533 2524 omnis
558 2492 615 2524 AV
642 2510 677 2514 —
705 2492 735 2524 3.
762 2492 949 2523 habuerunt
974 2491 1039 2524 Erl.
1068 2494 1093 2524 Ο
1121 2510 1156 2515 --
1184 2492 1214 2525 li.
1242 2493 1275 2523 di
1303 2491 1396 2524 A¹V¹
1421 2510 1455 2514 —
1484 2492 1514 2524 8.
1539 2493 1605 2523 sint
1629 2493 1660 2523 in
1684 2500 1754 2524 ras.
1776 2493 1812 2531 B,
1839 2496 1913 2523 sunt
1936 2491 2059 2524 Salisb.

284 2561 318 2566 —
346 2548 480 2574 aclenus
504 2542 574 2574 ΑΨ
603 2560 636 2565 -
680 2552 766 2573 nunc
790 2544 834 2573 ad
857 2546 983 2573 ostenta
1006 2544 1177 2573 veniamus
1202 2544 1249 2574 C:
1286 2544 1409 2574 Cicero
1435 2544 1460 2575 si
1488 2544 1540 2575 his
1566 2544 1598 2574 in
1627 2542 1723 2574 libris
1751 2543 1860 2581 magis
1885 2542 1950 2574 sibi
1975 2551 2062 2573 con-

283 2596 403 2630 staret,
432 2595 490 2624 aut
516 2602 602 2624 nunc
626 2594 670 2624 ad
694 2598 821 2625 oslenca
845 2594 1017 2624 redeamus
1042 2594 1071 2624 ei
1092 2593 1343 2630 scribendum,
1371 2596 1429 2623 aut
1455 2594 1566 2624 eiecta
1592 2592 1670 2624 exili
1695 2601 1759 2633 cap
1790 2592 1878 2623 XXII
1904 2591 2062 2632 disputa-

280 2645 374 2676 tione
401 2643 550 2684 amplior
574 2652 675 2684 capp.
694 2644 973 2675 XXV—XXXIII
1006 2644 1079 2674 eius
1112 2644 1143 2674 in
1170 2642 1284 2674 locum
1312 2642 1557 2674 substituenda
1583 2642 1666 2677 suit:
1699 2642 1762 2673 sed
1789 2650 1868 2673 cum
1896 2641 2002 2672 mulia
2028 2641 2060 2673 in

281 2693 334 2724 his
360 2692 456 2723 libris
483 2702 605 2733 parum
633 2695 803 2725 concinne
830 2693 1003 2734 disputata
1031 2695 1110 2727 sint.
1138 2692 1200 2724 illis
1227 2692 1344 2723 verbis
1371 2694 1553 2724 transitum
1579 2693 1694 2733 parari
1721 2691 1932 2723 crediderim
1959 2691 2001 2723 ad
2027 2691 2061 2723 id

281 2742 502 2774 divinationis
527 2752 638 2783 genus
664 2743 929 2784 explicandum,
963 2743 1057 2783 quod
1091 2752 1131 2774 ex
1165 2743 1271 2782 signis
1303 2744 1507 2783 interposita
1540 2743 1741 2773 coniectura
1775 2741 1968 2782 explicetur
1999 2740 2058 2779 (cf.

281 2794 367 2832 11,§
387 2793 465 2831 26),
500 2793 594 2833 quod
626 2794 771 2833 quidem
805 2793 906 2824 latius
938 2796 1055 2834 pateat
1084 2802 1190 2833 quam
1217 2791 1297 2823 illud
1325 2792 1494 2829 aiterum,
1530 2801 1598 2832 quo
1625 2792 1833 2831 haruspices
1857 2793 2060 2832 portentosa

282 2845 418 2873 ostenta
445 2847 677 2882 procurarunt
715 2862 749 2866 —
790 2845 841 2875 li.
868 2844 951 2875 ocul.
978 2842 1016 2874 A¹
1050 2861 1083 2865 ..-
1124 2843 1176 2874 ⁴3.
1202 2845 1300 2874 eliam
1327 2844 1369 2874 C:
1398 2843 1476 2874 sort.
1504 2847 1604 2873 antea
1641 2860 1676 2864 ——
1717 2843 1766 2872 45.
1787 2841 1902 2871 uolunt
1925 2849 1964 2872 ea
1987 2841 2056 2878 AV,

281 2902 320 2924 ea
344 2894 458 2924 uolunt
485 2895 526 2927 132
565 2903 603 2924 ea
640 2896 716 2934 post
750 2895 897 2933 primum
932 2894 1147 2933 transposuit
1183 2893 1374 2924 Lambinus
1410 2893 1443 2923 in
1477 2902 1587 2931 marg.
1615 2892 1671 2924 ed.
1699 2901 1729 2924 a.
1758 2891 1860 2928 ⁴581,
1898 2890 1993 2923 idem
2024 2891 2058 2922 in

283 2943 337 2974 ed.
363 2952 393 2973 a.
421 2943 504 2973 4566
538 2943 656 2979 eiecit,
693 2951 800 2982 quem
836 2945 979 2975 secutus
1010 2944 1110 2974 uncis
1141 2942 1222 2973 illud
1259 2951 1453 2983 pronomen
1488 2941 1609 2973 inclusi
1647 2959 1680 2964 —
1715 2942 1763 2972 47.
1789 2941 1844 2971 hee
1869 2938 1908 2970 V¹
1935 2958 1969 2962 —
2004 2940 2056 2972 48.

281 2993 501 3031 impendentes
525 2992 549 3022 O
577 3010 611 3014 —
651 2994 702 3024 ΞΟ.
728 2994 936 3032 praedicatio
964 2991 1001 3024 A¹
1027 3010 1061 3015 -—
1103 2994 1153 3024 21.
1182 3002 1281 3032 quum
1306 2993 1373 3024 hoc
1398 2992 1474 3023 loco
1500 2996 1525 3024 A
1553 3010 1587 3014 —
1622 2992 1676 3022 ⁶22.
1703 2991 1930 3022 lacedemoniis
1953 2990 1994 3020 V¹
2020 3007 2053 3013 —

281 3043 322 3074 26
363 3043 493 3072 uiuitur
518 3045 541 3073 Α
569 3060 604 3064 -
632 3044 758 3082 ingenis
783 3042 821 3074 Α1
844 3061 875 3065 Α
904 3043 956 3073 27.
977 3046 1035 3073 aut
1051 3043 1094 3073 di.
1116 3043 1163 3073 C:
1191 3052 1230 3073 ac
1247 3043 1289 3074 cli.
1314 3041 1502 3073 Lambinus
1527 3042 1551 3072 O
1580 3059 1615 3064 —-
1639 3045 1753 3082 parles
1776 3042 1800 3072 O
1829 3056 1862 3062 —
1891 3040 2057 3070 diducitur

282 3093 478 3123 Manutius:
506 3092 678 3123 deducitur
702 3094 726 3124 C
764 3110 798 3115 --
836 3093 888 3124 ⁶29.
916 3093 964 3123 his
989 3093 1012 3123 B
1045 3109 1078 3114 —
1118 3093 1168 3124 30.
1198 3093 1392 3130 investiqari
1415 3093 1516 3123 solent
1541 3093 1713 3124 Manutius
1741 3109 1775 3114 -—
1808 3091 1897 3122 ratio
1922 3090 2055 3120 Hottin-

283 3149 406 3182 gerus:
435 3142 543 3171 oratio
569 3143 592 3173 C
619 3160 660 3165 —
684 3143 737 3175 34,
764 3145 797 3175 in
823 3143 940 3182 quibus
962 3151 1211 3181 nonnumquam
1238 3142 1427 3174 Lambinus
1455 3160 1489 3164 —
1518 3143 1567 3174 32.
1593 3150 1712 3174 causas
1733 3150 1798 3172 uon
1822 3148 1981 3180 quaerere
2003 3140 2054 3170 vir

284 3191 427 3232 quidam
453 3191 578 3223 doctus
608 3192 640 3223 in
667 3202 776 3233 marg.
798 3193 853 3224 ed.
875 3192 997 3224 Lamb.
1019 3192 1095 3224 458¹
1124 3209 1158 3214 -—
1187 3192 1238 3224 33.
1266 3193 1429 3225 Lebadiae
1453 3192 1574 3234 vulgo:
1600 3192 1746 3225 thebaide
1770 3192 1814 3230 C,
1841 3198 1948 3232 quem
1964 3198 2052 3222 eun-

285 3242 368 3274 dem
393 3250 552 3274 errorem
576 3242 774 3275 invenimus
798 3244 828 3282 Ι,
851 3242 939 3283 574.
