2249 3624
304 149 384 191 Ι158
685 149 753 189 DE
784 148 991 188 FINIBUS
1022 146 1281 188 BONORUM
1311 147 1379 187 ET
1409 146 1676 188 MALORUM

303 263 481 318 quadam
518 262 642 302 laude
681 265 987 314 anteponerent
1024 261 1207 313 corpori,
1248 261 1422 301 virtutes
1456 272 1623 313 quoque
1662 258 1788 298 animi
1817 259 1939 299 bonis
1970 272 2060 299 cor-

302 326 415 379 poris
454 323 778 376 anteponebant.
837 319 902 362 sl7.
937 320 1018 362 Sed
1058 337 1148 363 cum
1191 323 1436 377 sapientiam
1474 322 1599 362 totius
1628 321 1812 360 hominis
1843 322 2060 361 custodem

301 393 343 428 et
371 386 694 441 procuratricem
725 397 816 424 esse
846 384 1024 432 vellent,
1056 398 1162 438 quae
1195 390 1305 425 esset
1334 391 1506 425 naturae
1529 397 1666 424 comes
1689 389 1730 424 et
1755 383 1950 431 adiutrix,
1981 383 2061 423 hoc

302 448 530 503 sapientiae
562 460 712 486 munus
745 460 837 486 esse
870 446 1079 495 dicebant,
1110 454 1173 495 ut,
1204 461 1293 487 cum
1323 461 1415 488 eum
1447 452 1651 494 tueretur,
1685 447 1756 500 qui
1776 451 1987 486 constaret
2008 459 2062 485 ex

271 514 440 554 5animo
472 516 513 550 et
543 523 741 562 corpore,
784 510 827 548 in
858 514 1042 563 utroque
1074 510 1236 549 iuvaret
1267 523 1359 549 eum
1391 523 1438 549 ac
1469 510 1714 549 contineret.
1764 509 1901 561 Atque
1932 508 1988 547 ita
2018 521 2061 547 re

301 574 545 629 simpliciter
575 573 706 625 primo
739 572 960 619 collocata,
993 571 1157 625 reliqua
1178 572 1370 612 subtilius
1392 577 1713 626 persequentes,
1745 571 1932 624 corporis
1953 570 2063 609 bona

300 638 465 678 facilem
497 634 704 689 quandam
735 635 939 674 rationem
969 634 1124 674 habere
1156 635 1403 674 censebant:
1436 634 1487 674 de
1519 634 1645 673 animi
1678 634 1798 673 bonis
1829 633 2062 673 accuratius

302 699 580 754 exquirebant
616 697 658 736 in
696 697 923 752 primisque
953 697 1220 750 reperiebant
1257 710 1347 736 esse
1388 697 1430 736 in
1462 697 1513 736 iis
1543 696 1726 735 iustitiae
1757 696 1938 743 semina,
1978 696 2063 749 pri-

302 763 440 815 mique
481 774 534 800 ex
576 760 768 799 omnibus
807 759 1069 813 philosophis
1109 764 1257 798 natura
1296 759 1496 798 tributum
1529 771 1619 797 esse
1653 758 1885 798 docuerunt
1929 762 1973 797 ut
2012 758 2061 805 ii,

252 839 286 866 1ο
301 825 371 880 qui
403 822 610 877 procreati
641 826 800 870 essent,
832 835 855 862 a
885 821 1221 874 procreatoribus
1253 826 1493 860 amarentur
1523 825 1584 867 et,
1615 820 1658 859 id
1683 820 1795 873 quod
1826 826 2061 873 temporum

300 887 447 927 ordine
490 884 706 938 antiquius
745 889 828 932 est,
868 890 914 924 ut
944 884 1137 937 coniugia
1167 884 1351 924 virorum
1384 889 1424 923 et
1453 896 1634 923 uxorum
1666 888 1813 922 natura
1843 882 2062 921 coniuncta

300 964 391 992 esse
423 948 631 995 dicerent,
664 960 746 1001 qua
777 961 829 987 ex
860 948 987 1001 stirpe
1018 948 1227 987 orirentur
1257 946 1463 986 amicitiae
1496 945 1805 997 cognationum.
1854 946 1987 998 Atque
2010 944 2061 984 ab

298 1013 364 1054 his
393 1011 524 1052 initiis
554 1009 731 1063 profecti
770 1010 957 1049 omnium
999 1010 1194 1049 virtutum
1227 1013 1267 1048 et
1299 1008 1500 1060 originem
1534 1012 1575 1047 et
1604 1007 1938 1060 progressionem
1970 1020 2063 1059 per-

299 1074 431 1116 secuti
470 1078 579 1113 sunt.
645 1073 709 1111 Ex
748 1086 831 1125 quo
873 1072 1115 1125 magnitudo
1156 1085 1325 1124 quoque
1363 1071 1491 1110 animi
1531 1069 1780 1117 exsistebat,
1821 1082 1902 1122 qua
1943 1068 2062 1109 facile

250 1150 285 1178 45
298 1140 443 1190 posset
473 1134 695 1188 repugnari
726 1134 959 1186 obsistique
990 1133 1203 1179 fortunae,
1238 1133 1349 1186 quod
1381 1133 1586 1172 maximae
1612 1145 1678 1171 res
1701 1137 1842 1171 essent
1871 1131 1916 1170 in
1945 1137 2065 1184 pote-

299 1205 404 1240 state
448 1196 662 1250 sapientis.
728 1197 959 1236 Varietates
1003 1202 1142 1236 autem
1184 1196 1443 1247 iniuriasque
1483 1194 1675 1234 fortunae
1714 1194 1836 1234 facile
1876 1199 2064 1233 veterum

298 1261 647 1318 philosophorum
686 1260 921 1312 praeceptis
952 1259 1140 1299 instituta
1170 1259 1253 1298 vita
1285 1258 1518 1311 superabat.
1578 1254 1644 1296 48.
1676 1256 1896 1310 Principiis
1927 1260 2064 1296 autem

299 1339 322 1366 a
350 1329 500 1365 natura
531 1322 637 1362 datis
668 1322 965 1375 amplitudines
990 1322 1197 1375 quaedam
1225 1321 1433 1360 bonorum
1457 1320 1768 1367 excitabantur,
1800 1319 1949 1372 partim
1970 1331 2066 1371 pro-

297 1388 432 1428 fectae
464 1399 488 1425 a
518 1385 870 1437 contemplatione
902 1397 1039 1424 rerum
1072 1383 1351 1429 occultarum,
1394 1382 1507 1435 quod
1541 1387 1629 1422 erat
1657 1382 1807 1421 insitus
1838 1380 1965 1420 menti
1996 1393 2065 1420 co-

249 1462 284 1492 30
299 1447 498 1503 gnitionis
529 1460 656 1494 amor,
689 1460 710 1486 e
738 1459 823 1499 quo
853 1447 977 1486 etiam
1004 1446 1178 1485 rationis
1210 1445 1486 1498 explicandae
1515 1444 1834 1498 disserendique
1856 1443 2064 1496 cupiditas

300 1509 655 1564 consequebatur,
699 1509 897 1562 quodque
938 1508 1018 1548 hoc
1055 1508 1186 1547 solum
1218 1507 1371 1547 animal
1402 1512 1546 1546 natum
1578 1512 1641 1547 est
1670 1507 1841 1559 pudoris
1872 1519 1920 1546 ac
1949 1519 2066 1545 vere·-

300 1573 477 1615 cundiae
518 1571 727 1624 particeps
770 1576 1059 1624 appetensque
1091 1571 1328 1610 convictum
1358 1570 1576 1609 hominum
1607 1583 1654 1610 30
1687 1570 1946 1616 societatem,
1977 1569 2065 1608 ani-

298 1636 648 1688 madvertensque
688 1633 731 1672 in
773 1633 964 1673 omnihus
994 1633 1143 1680 rebus,
1182 1646 1284 1686 quas
1315 1637 1456 1685 ageret
1485 1637 1555 1672 aut
1587 1631 1763 1678 diceret,
1801 1637 1847 1671 ut
1876 1645 1928 1671 ne
1961 1630 2063 1685 quid

298 1700 348 1740 ab
381 1711 430 1738 eo
461 1695 579 1736 fieret
607 1695 688 1735 nisi
720 1695 896 1735 honeste
927 1709 975 1735 30
1007 1696 1180 1742 decore,
1212 1695 1275 1734 his
1307 1695 1436 1734 initiis
1468 1700 1524 1741 et,
1554 1700 1601 1734 ut
1630 1699 1725 1734 ante
1754 1694 1863 1741 dixi,
1895 1693 2063 1734 semini-

246 1763 373 1805 25bus
414 1773 438 1800 a
475 1764 624 1798 natura
667 1757 773 1797 datis
814 1758 1112 1810 temperantia,
1152 1757 1378 1804 modestia,
1415 1757 1573 1797 iustitia
1610 1762 1650 1797 et
1692 1757 1828 1796 omnis
1864 1755 2062 1796 honestas

296 1823 477 1879 perfecte
508 1820 697 1861 absoluta
728 1824 803 1860 est.

408 1885 517 1925 VIII.
550 1880 616 1922 49.
647 1883 811 1930 Habes,
842 1882 1035 1935 inquam,
1068 1881 1189 1928 Cato,
1220 1880 1395 1921 formam
1426 1894 1595 1928 eorum,
1630 1880 1681 1920 de
1714 1881 1866 1935 quibus
1896 1880 2063 1934 loquor,

298 1947 655 2003 philosophorum.
707 1945 800 1993 Qua
832 1945 1025 1997 exposita
1056 1944 1160 1984 scire
1192 1943 1335 1995 cupio,
1368 1955 1476 1995 quae
1509 1955 1634 1982 causa
1666 1943 1737 1990 sit,
1770 1957 1843 1982 cur
1874 1946 1983 1982 Zeno
2011 1942 2063 1982 ab

296 2012 375 2052 hac
405 2010 577 2063 antiqua
607 2008 907 2048 constitutione
941 2006 1177 2053 desciverit,
1209 2005 1408 2057 quidnam
1438 2005 1588 2044 horum
1617 2005 1668 2044 ab
1691 2019 1740 2045 00
1772 2019 1858 2045 11011
1890 2006 1942 2045 sit
1970 2018 2065 2058 pro-

247 2074 459 2116 30batum:
500 2069 669 2125 quodne
709 2083 874 2110 omnem
914 2074 1105 2109 naturam
1138 2067 1485 2108 conservatricem
1523 2068 1587 2107 sui
1619 2067 1822 2116 dixerint,
1865 2082 1917 2108 an
1950 2067 2064 2122 quod

298 2148 421 2176 omne
452 2132 605 2173 animal
635 2133 772 2185 ipsum
804 2132 881 2172 sibi
912 2131 1263 2177 commendatum,
1294 2136 1341 2169 ut
1371 2144 1414 2170 se
1446 2130 1606 2169 salvum
1638 2130 1680 2169 in
1713 2145 1786 2171 suo
1818 2145 1969 2184 genere
2000 2131 2064 2170 in-

296 2197 545 2249 columeque
581 2194 737 2233 vellet?
783 2207 835 2233 an
875 2194 998 2246 quod,
1038 2208 1130 2233 cum
1172 2193 1359 2232 omnium
1400 2193 1550 2232 artium
1581 2191 1675 2232 finis
1706 2194 1741 2233 is
1774 2200 1903 2242 esset,
1937 2206 2062 2248 quem

296 2264 443 2299 natura
482 2256 663 2296 maxime
703 2260 945 2310 quaereret,
986 2255 1096 2295 idem
1135 2256 1258 2295 statui
1290 2255 1443 2295 debere
1476 2256 1526 2295 de
1558 2256 1685 2295 totius
1716 2261 1804 2296 arte
1835 2256 1967 2302 vitae,
2009 2270 2061 2296 an

298 2321 436 2375 quod,
479 2333 572 2360 cum
613 2332 666 2359 ex
707 2320 846 2359 animo
887 2323 1174 2358 constaremus
1207 2323 1248 2358 et
1281 2331 1475 2371 corpore,
1515 2322 1555 2358 et
1586 2318 1690 2358 haec
1723 2321 1815 2371 ipsa
1845 2324 1886 2359 et
1917 2332 2061 2359 eorum

295 2516 339 2547 B:
367 2514 512 2554 quadam
534 2511 665 2553 infinita
689 2511 713 2542 O
733 2528 768 2532 —
795 2509 826 2543 4.
853 2519 928 2541 cum
952 2509 1162 2550 Madvigius:
1190 2518 1260 2542 om.
1288 2509 1391 2541 codd.
1418 2511 1452 2541 et
1476 2511 1500 2541 Ο
1520 2527 1555 2532 -
1583 2511 1614 2542 5.
1640 2512 1790 2551 utroque]
1815 2515 1955 2551 utroque
1977 2514 2062 2545 enim

295 2567 321 2598 E
347 2583 381 2588 —-
408 2566 540 2596 iuuaret
562 2570 636 2592 eum
660 2560 762 2592 codd.
782 2568 906 2591 omnes
925 2561 1042 2598 (etiam
1060 2560 1113 2599 E):
1142 2569 1215 2591 eum
1239 2561 1370 2591 iuuaret
1394 2561 1425 2591 M
1445 2576 1480 2582 —
1507 2569 1548 2591 ac
1570 2561 1650 2592 BG:
1677 2569 1747 2592 om.
1773 2562 1813 2597 Ε;
1841 2565 1940 2602 atque
1956 2563 2059 2594 codd.

296 2615 381 2646 dett.
409 2617 443 2645 et
467 2614 509 2650 Ο,
537 2615 565 2643 et
589 2612 780 2643 Goerenzio
805 2613 948 2641 auctore
972 2611 1016 2642 M.
1052 2610 1101 2641 Cf.
1129 2610 1173 2641 ad
1198 2609 1271 2641 Vol.
1291 2612 1336 2648 11,
1364 2619 1397 2650 p.
1418 2609 1491 2648 485,
1510 2610 1550 2641 29
1574 2610 1634 2641 ubi
1659 2610 1768 2642 adde:
1796 2611 1882 2652 Epp.
1901 2612 1945 2643 ad
1965 2613 2060 2644 Fam.

294 2665 340 2702 X,
359 2663 418 2701 34,
439 2663 474 2693 l:
502 2670 542 2692 ac
565 2665 683 2693 contra
708 2679 743 2683 -
770 2661 800 2692 6.
827 2661 1017 2700 simpliciter
1036 2660 1146 2700 primo
1170 2661 1215 2691 B:
1242 2660 1353 2699 primo
1377 2659 1567 2698 simpliciter
1590 2660 1615 2690 Ο
1635 2677 1669 2682 -
1696 2661 1726 2692 8.
1753 2669 1818 2691 esse
1841 2662 1874 2692 in
1897 2662 1955 2701 hys
1977 2663 2059 2699 BG;

293 2714 395 2745 inesse
417 2713 451 2743 in
473 2712 522 2742 his
545 2712 569 2743 O
590 2730 625 2737 -
652 2712 683 2744 9.
708 2715 834 2742 natura.
857 2711 935 2742 BG:
963 2719 984 2741 a
1007 2713 1132 2741 natura
1156 2710 1193 2740 O.
1221 2709 1270 2740 Cf.
1290 2710 1335 2747 ΙΙ,
1362 2708 1380 2748 ἓ,
1405 2708 1457 2739 33.
1484 2709 1546 2746 111,
1575 2708 1592 2748 ἓ
1612 2709 1664 2740 66.
1691 2709 1732 2747 V,
1752 2709 1769 2749 g
1790 2711 1820 2740 2.
1848 2710 1891 2742 de
1910 2712 2013 2751 Legg.
2034 2712 2058 2751 Ι,

296 2763 314 2803 g
341 2762 393 2794 46.
422 2779 456 2784 —
481 2760 517 2801 ii]
540 2761 581 2799 hy
605 2761 629 2792 B
657 2779 692 2782 —
720 2761 772 2792 49.
798 2760 1002 2791 occultarum
1025 2760 1052 2790 D
1068 2760 1113 2789 G:
1139 2758 1340 2789 oculciorum
1364 2759 1406 2795 B;
1433 2758 1646 2788 occultiorum
1672 2758 1695 2788 C
1712 2758 1748 2789 O.
1777 2758 1825 2789 Cf.
1845 2760 1876 2798 I,
1904 2760 1992 2800 361.
2018 2760 2058 2799 V,

296 2811 314 2852 S
340 2811 392 2842 40.
419 2809 527 2842 Acad.
555 2811 586 2848 Ι,
619 2810 636 2850 ἓ
663 2811 713 2842 45.
743 2828 778 2832 —-
811 2810 865 2842 20.
891 2818 1004 2848 amor,
1035 2817 1051 2839 e
1075 2817 1137 2847 quo
1161 2817 1244 2839 nos:
1277 2816 1390 2839 amore
1421 2816 1483 2846 quo
1507 2808 1590 2842 BE;
1626 2817 1739 2846 amor,
1771 2817 1814 2840 ea:
1836 2819 1900 2849 quo
1924 2811 1995 2842 MO
2023 2829 2058 2833 —

293 2860 512 2901 explicandae
539 2860 678 2891 rationis
707 2861 734 2891 D
763 2877 798 2882 -
830 2860 882 2891 22.
909 2860 1094 2890 conuictum
1123 2858 1314 2898 Madvigius
1341 2857 1433 2896 (coll.
1461 2857 1503 2889 de
1530 2857 1626 2889 Offic.
1653 2859 1713 2896 111,
1741 2858 1758 2898 S
1784 2859 1843 2889 at:
1878 2860 1959 2890 tollit
1981 2868 2061 2890 cou-

292 2911 414 2942 victum
436 2910 617 2940 humanum
640 2913 669 2940 et
692 2909 907 2948 societatemn:
930 2908 1151 2940 coniunctium
1174 2908 1198 2938 B
1215 2908 1258 2944 E;
1285 2908 1543 2939 coniunctionem
1568 2908 1592 2939 O
1621 2925 1653 2930 —-
1682 2908 1732 2948 ac]
1759 2912 1787 2939 et
1811 2910 1834 2940 B
1861 2909 1941 2949 (non
1958 2910 1993 2949 E)
2025 2927 2055 2932 -

294 2960 591 2992 animaduertentes
613 2959 647 2990 iu
671 2960 694 2990 B
727 2976 761 2980 --
796 2958 850 2990 23.
877 2958 945 2999 aut]
970 2961 1006 2989 ut
1028 2958 1091 2989 BE
1121 2976 1155 2980 —
1189 2957 1279 2998 quid]
1305 2958 1391 2997 quod
1415 2958 1438 2988 B
1455 2958 1477 2989 E
1505 2975 1540 2979 —
1572 2957 1625 2989 Ἡ.
1655 2966 1695 2989 ac
1719 2959 1762 2989 B:
1793 2962 1822 2990 et
1846 2959 1870 2990 Ο
1898 2977 1933 2981 -
1960 2959 2061 2989 initiis

294 3014 335 3049 et,
360 3013 396 3041 ut
419 3012 494 3040 ante
517 3009 601 3047 dai,
627 3008 799 3039 seminibus
814 3008 1005 3047 Madvigius
1023 3008 1067 3047 (in
1085 3007 1292 3047 Addendis):
1321 3008 1422 3039 initiis
1444 3011 1479 3038 ut
1504 3010 1580 3038 ante
1604 3008 1674 3038 dixi
1694 3008 1868 3039 seminibus
1891 3009 1966 3045 BG;
1993 3008 2060 3039 ini-

295 3059 361 3096 tiis,
386 3061 422 3089 ut
445 3061 520 3089 ante
543 3058 632 3097 dimi,
659 3061 830 3097 tamquam
854 3057 1028 3088 seminibus
1051 3058 1121 3089 ΜΟ
1144 3074 1177 3080 -
1204 3058 1256 3089 27.
1283 3066 1396 3088 eorum
1420 3057 1463 3087 B:
1490 3057 1622 3088 illorum
1639 3058 1785 3089 omnium
1802 3059 1827 3089 O
1848 3076 1883 3081 —-
1908 3058 1961 3089 29.
1979 3066 2059 3089 con-

293 3109 459 3141 stitutione
482 3109 523 3139 B:
549 3108 749 3139 institutione
774 3109 854 3139 MO.
883 3107 932 3139 Cf.
960 3107 1033 3147 53:
1060 3107 1224 3147 eteyaaezter
1246 3106 1394 3137 habuisse
1416 3108 1626 3138 constitutam
1646 3108 1865 3147 disciplinam.
1893 3124 1927 3128 —
1955 3107 2061 3145 quod-

294 3167 374 3190 nam
396 3157 460 3188 BE
487 3173 521 3178 —-
549 3156 601 3188 34.
628 3157 755 3188 salvum
780 3156 987 3188 Lambinus:
1015 3160 1044 3188 et
1067 3156 1195 3187 salvum
1219 3156 1322 3187 codd.
1342 3157 1376 3187 et
1400 3157 1478 3187 MO.
1507 3156 1556 3187 Cf.
1580 3157 1625 3193 ΙΙ,
1653 3156 1741 3197 533.
1762 3174 1797 3178 -
1823 3155 2056 3195 incolum-eque]

295 3207 456 3240 incolum?
481 3205 523 3243 B;
551 3206 593 3238 ct.
612 3207 657 3238 ad
674 3216 707 3248 p.
727 3207 801 3246 459,
821 3207 873 3238 40.
892 3222 927 3230 —
955 3207 1007 3238 32.
1034 3206 1119 3246 quod
1136 3206 1312 3238 Davisius:
1339 3214 1409 3238 om.
1429 3205 1532 3238 codd.
1553 3208 1587 3238 et
1604 3207 1628 3238 O
1647 3223 1682 3228 —
1710 3215 1805 3247 quem
1827 3206 1851 3237 B
1864 3206 1911 3236 D:
1937 3205 2015 3245 quid
2031 3205 2056 3235 O

300 3275 335 3282 —
362 3257 415 3291 34.
441 3265 484 3290 ex
506 3257 590 3289 BG:
617 3264 689 3288 om.
715 3256 740 3288 O
764 3273 807 3280 —
829 3256 891 3288 hac
913 3257 986 3296 ipsa
1008 3256 1085 3287 BE.
