2249 3624
274 240 357 283 942
1011 236 1292 278 CICERONIS

273 350 313 384 te
341 355 423 382 non
451 341 707 390 absolutum,
745 352 888 379 verum
921 339 972 378 ad
999 338 1166 391 aliquod
1193 339 1379 378 severius
1409 338 1602 378 iudicium
1634 352 1683 379 ac
1708 340 1839 379 maius
1866 340 2026 392 suppli-

273 408 379 446 cium
407 403 685 444 reservatum!

377 470 502 507 Verine
527 479 610 514 erqo
639 467 757 502 simile
784 471 850 506 est,
883 466 969 501 haec
996 477 1075 501 eum
1109 464 1288 502 Catilinae
1313 465 1468 506 obicere,
1503 467 1535 500 si
1561 467 1624 501 illo
1651 468 1855 511 defendente
1882 467 2028 502 absolu-

273 539 327 569 tus
354 534 468 568 esset?
521 531 711 566 Praeterea
737 533 851 563 movet
877 540 952 569 me,
984 529 1100 573 quod,
1133 539 1213 563 cum
1239 529 1310 562 sint
1337 529 1590 563 commentarii
1618 528 1797 564 Ciceronis
1820 541 2028 574 causarum,

239 598 380 634 5etiam
410 596 666 638 defensionum,
694 591 721 639 -ζ-
741 593 1038 627 commentarium
1067 595 1129 625 aut
1156 592 1378 636 principium
1403 592 1456 625 ita
1484 593 1579 636 quod
1603 593 1740 627 iudicio
1768 593 1952 628 absolutus
1983 598 2033 628 est

274 659 444 699 Catilina,
475 663 514 693 ut
543 656 684 692 Clodius
712 655 863 698 infamis
889 656 999 698 suerit
1025 655 1300 699 praevaricatus
1329 666 1421 689 esse:
1462 666 1549 689 nam
1571 661 1602 690 et
1627 658 1770 691 reiectio
1799 657 1960 691 iudicum
1986 657 2034 691 ad

272 723 466 758 arbitrium
492 721 545 755 rei
571 720 762 754 videbatur
789 730 860 754 esse
887 719 1000 761 facta.

371 781 567 833 Populum
587 793 699 828 vero,
729 792 820 818 cum
855 780 1112 829 inspectante
1139 778 1291 829 populo
1321 778 1468 817 collum
1497 779 1628 818 secuit
1663 779 1834 820 hominis
1856 780 2032 818 maxime

272 846 495 900 popularis,
527 844 666 895 quanti
692 843 844 882 faceret
871 840 1062 880 ostendit.

222 928 257 957 40
371 912 542 947 Diaetmus
571 915 602 945 et
629 910 739 954 paulo
769 914 862 949 ante,
895 907 1010 943 Marii
1038 912 1145 952 eaput
1176 906 1371 942 Catilinam
1398 918 1462 952 per
1491 907 1614 942 urbem
1648 908 1780 943 tulisse.

372 973 431 1010 Me
462 983 541 1022 qua
569 970 745 1009 amentia
770 968 961 1007 inductus
990 969 1042 1006 sit
1068 973 1111 1006 ut
1138 973 1432 1014 contemneret,
1463 968 1711 1007 constituere
1740 980 1820 1006 non
1847 979 2029 1018 possum.

273 1036 412 1074 Utrum
441 1045 573 1084 aequo
603 1032 735 1071 animo
765 1030 940 1069 laturum
968 1030 1150 1081 putavit?
1188 1032 1239 1068 At
1262 1031 1302 1068 in
1332 1042 1404 1068 suo
1425 1030 1735 1069 lamiliarissimo
1765 1029 1936 1079 viderat,
1965 1043 2032 1069 me

274 1110 326 1137 ne
353 1097 523 1136 aliorum
552 1093 718 1146 quidem
746 1093 912 1132 iniurias
940 1092 1201 1131 mediocriter
1228 1104 1353 1143 posse
1381 1092 1500 1130 serre.

373 1162 607 1205 Manifestum
634 1165 695 1200 est,
730 1158 765 1194 C.
801 1158 942 1194 Verrem
969 1159 1183 1204 siqnificari.

225 1240 260 1268 ⁴5
372 1223 499 1270 Alter,
528 1233 678 1273 pecore
706 1220 813 1258 omni
842 1219 1006 1258 vendito
1034 1224 1074 1257 et
1096 1217 1268 1257 saltibus
1290 1229 1418 1269 prope
1444 1216 1631 1265 addictis,
1660 1223 1850 1269 pastores
1869 1217 2031 1266 retinet,

275 1299 325 1325 ex
351 1285 501 1337 quibus
529 1285 583 1323 ait
612 1296 670 1331 se,
702 1295 793 1321 cum
823 1282 931 1331 velit,
963 1282 1095 1321 subito
1124 1281 1381 1332 fugitivorum
1410 1280 1565 1319 bellum
1593 1281 1878 1320 excitaturum.

376 1350 410 1387 C.
443 1350 637 1386 Antonium
662 1350 852 1394 significat.

374 1410 486 1450 Alter
516 1409 677 1448 induxit
704 1420 819 1455 eum,
863 1419 984 1457 quem
1020 1406 1172 1457 potuit,
1212 1411 1256 1444 ut
1285 1410 1457 1455 repente
1489 1404 1736 1454 gladiatores
1764 1403 1915 1456 populo
1954 1416 2034 1442 non

277 1474 437 1514 debitos
464 1471 744 1524 polliceretur3
790 1482 860 1508 eos
886 1470 974 1520 ipse
1003 1468 1229 1507 consularis
1269 1466 1512 1507 candidatus
1544 1467 1758 1518 perspexit
1793 1473 1832 1506 et
1863 1466 1960 1517 legit
1996 1471 2036 1504 et

225 1554 260 1582 20
278 1538 395 1585 emit,
423 1541 642 1587 praesente
669 1532 822 1584 populo
854 1534 1032 1571 Romano
1066 1532 1213 1570 sactum
1243 1537 1318 1569 est.

379 1601 422 1644 Q.
446 1599 618 1639 Gallium,
647 1610 749 1643 quem
767 1602 889 1643 postea
908 1608 1007 1631 reum
1032 1597 1187 1630 ambitus
1208 1596 1375 1639 defendit,
1409 1596 1614 1641 siqnificare
1640 1596 1794 1631 videtur.
1853 1594 1920 1629 Hie
1939 1595 2036 1629 enim

277 1676 356 1701 cum
383 1669 467 1699 esset
500 1668 693 1708 praeturae
723 1662 961 1707 candidatus,
992 1661 1087 1705 quod
1114 1661 1152 1694 in
1180 1660 1384 1699 aedilitate,
1426 1670 1535 1704 quam
1569 1663 1651 1694 ante
1688 1670 1824 1693 annum
1863 1662 2032 1704 gesserat,

279 1729 408 1764 bestias
433 1738 505 1761 non
535 1727 721 1766 habuerat,
754 1726 849 1760 dedit
877 1724 1139 1770 yladiatorium
1161 1724 1227 1758 sub
1255 1723 1372 1766 titulo,
1403 1724 1502 1767 patri
1528 1734 1562 1757 se
1586 1723 1624 1757 id
1650 1722 1750 1756 dare.

377 1786 653 1836 Quamobrem
690 1797 840 1835 augere
879 1785 998 1823 etiam
1039 1782 1254 1822 mercedes
1283 1784 1314 1821 si
1341 1782 1481 1831 vultis,
1522 1782 1568 1829 Q.
1599 1782 1770 1820 Mucium
1799 1782 1826 1831 ἦ
1853 1781 2033 1832 perverti

227 1852 411 1903 25legem
437 1849 635 1901 impedire
665 1855 707 1887 ut
736 1848 870 1899 coepit
898 1852 1048 1885 senter.
1081 1859 1164 1885 cos.
1195 1844 1269 1884 sed
1290 1858 1363 1896 ego
1385 1858 1432 1884 ea
1461 1845 1548 1895 lege
1578 1850 1793 1884 contentus
1822 1856 1926 1894 sum,
1955 1855 2035 1894 qua
2066 1854 2071 1861 ‘

279 1914 381 1954 duos
410 1912 598 1952 consules
629 1910 863 1961 designatos
892 1922 971 1948 uno
1001 1914 1184 1959 tempore
1214 1907 1397 1947 damnari
1424 1907 1612 1961 vidimus,

377 1978 504 2024 Leyem
532 1976 767 2022 Calpurniam
794 1975 987 2020 saluifica&
1016 1985 1124 2018 quam
1147 1972 1181 2008 C.
1209 1972 1424 2018 Calpurnius
1451 1973 1533 2007 Piso
1561 1977 1643 2006 ante
1668 1972 1864 2006 triennium
1890 1972 1931 2005 de
1958 1981 2036 2004 am-

279 2044 354 2079 bitu
381 2042 524 2077 tulerat.
589 2039 694 2083 Quod
726 2044 843 2073 autem
879 2039 966 2072 dicit
998 2038 1189 2071 damnatos
1218 2048 1288 2071 esse
1321 2037 1523 2081 desiynatos
1555 2035 1732 2075 consules,
1765 2034 1804 2069 P.
1835 2033 1977 2069 Sullam
2004 2037 2037 2067 et

277 2107 318 2143 P.
351 2104 580 2143 Autronium,
611 2104 651 2137 de
685 2102 813 2147 quibus
840 2102 915 2136 iam
942 2102 1114 2141 diximus,
1151 2101 1227 2135 vult
1253 2100 1420 2146 intelliyi.
1477 2099 1675 2145 Coynomen
1708 2103 1825 2134 autem
1845 2095 1890 2140 Q.
1914 2095 2036 2133 Mucio

229 2178 266 2208 30
280 2170 437 2212 tribuno,
467 2178 569 2212 quem
595 2166 770 2204 nominat,
801 2165 872 2207 fuit
902 2162 1101 2199 Orestinus.

378 2230 511 2278 Atque
538 2232 582 2265 ut
607 2227 728 2265 istum
758 2226 955 2273 omittam,
998 2225 1036 2262 in
1067 2224 1249 2262 exercitu
1291 2221 1456 2262 Sullano
1493 2220 1767 2273 praedonem,
1804 2220 1845 2258 in
1871 2219 2036 2258 introitu

278 2290 557 2343 gladiatorem,
585 2290 625 2327 in
652 2288 818 2326 victoria
847 2285 1150 2337 quadrigarium
1176 2308 1222 2313 -—

379 2355 431 2390 De
451 2354 605 2390 Antonio
633 2355 706 2389 dici
733 2353 962 2395 manifestum
990 2356 1047 2386 est.
1103 2350 1171 2386 Sed
1199 2352 1286 2386 dicit
1312 2361 1390 2386 eum
1420 2348 1460 2385 in
1490 2348 1671 2385 exercitu
1700 2344 1836 2384 Sullae
1863 2343 2037 2395 praedo-

279 2429 373 2455 nem
399 2422 547 2463 propter
572 2418 730 2461 equitum
758 2420 908 2454 turmas,
941 2415 1067 2458 quibus
1093 2412 1270 2448 Achaiam
1298 2413 1342 2447 ab
1372 2423 1410 2447 eo
1437 2417 1607 2446 vexatam
1634 2422 1703 2446 esse
1730 2410 2030 2455 siqnificavimus:

231 2479 319 2519 35in
346 2478 510 2517 introitu
537 2475 802 2527 gladiatorem
830 2477 982 2522 pertinet
1009 2477 1056 2510 ad
1084 2476 1262 2510 invidiam
1289 2475 1582 2520 proscriptionis,
1620 2485 1711 2518 quae
1738 2477 1811 2507 tum
1837 2474 1936 2516 facta
1962 2475 2034 2506 est:

279 2543 320 2580 in
347 2541 512 2579 victoria
542 2538 862 2590 quadrigarium,
894 2540 1001 2584 quod,
1040 2550 1119 2573 cum
1148 2537 1252 2574 Sulla
1277 2544 1355 2583 post
1382 2539 1575 2573 victoriam
1604 2536 1780 2572 Circenses
1807 2537 1953 2580 faceret,
1982 2535 2036 2568 ita

280 2611 318 2641 ut
346 2606 482 2640 honesti
510 2605 668 2639 homines
695 2603 894 2647 qitaclriyas
923 2603 1116 2647 agitarent,
1147 2602 1218 2643 fuit
1246 2601 1339 2635 inter
1365 2611 1423 2635 eos
1454 2599 1487 2635 C.
1516 2599 1705 2635 Antonius.

379 2667 434 2704 Te
462 2677 581 2712 vero,
624 2663 818 2710 Catilina,
860 2660 1115 2700 consulatum
1157 2672 1325 2711 sperare
1367 2665 1436 2699 aut
1472 2660 1649 2710 cogitare
1689 2670 1769 2696 non
1809 2656 2036 2708 prodigium

283 2733 404 2778 atque
434 2732 664 2778 portentum
695 2725 784 2763 est‘?
837 2726 869 2762 A
898 2723 1047 2774 quibus
1077 2723 1183 2760 enim
1211 2723 1344 2773 petis?
1396 2724 1429 2761 A
1456 2720 1710 2772 principibus
1738 2718 1941 2757 cix-itatis?
1969 2717 2037 2769 qui

234 2790 368 2838 totibi,
399 2802 488 2828 eum
517 2790 558 2826 L.
577 2787 754 2827 Volcatio
784 2786 939 2826 consuli
974 2786 1015 2824 in
1052 2785 1218 2824 consilio
1248 2785 1433 2834 fuissent,
1462 2797 1513 2822 ne
1541 2782 1707 2835 petendi
1734 2780 1897 2832 quidem
1924 2785 2038 2830 pote-

284 2857 428 2891 statem
459 2863 551 2889 esse
579 2851 807 2888 voluerunt.

385 2917 498 2952 Paulo
527 2921 606 2951 ante
634 2917 807 2955 dirimas,
850 2914 1058 2954 Catilinam,
1100 2924 1179 2947 eum
1209 2913 1250 2947 de
1275 2913 1468 2957 provincia
1494 2910 1621 2954 Africa
1656 2909 1832 2943 decederet
1863 2908 2036 2952 petiturus

286 2980 522 3018 consulatum,
554 2984 585 3013 et
613 2979 721 3024 leyati
747 2977 830 3021 Afri
858 2977 970 3021 questi
997 2977 1038 3010 de
1065 2987 1102 3009 eo
1131 2976 1167 3009 in
1195 2980 1322 3009 senatu
1349 2975 1508 3020 yraviter
1534 2972 1553 2991 ³¹³
1571 2975 1590 2988 '⁷
1608 2972 1626 2990 '⁶
1654 2971 1910 3016 pervenissent.-
1950 2980 2036 3015 pro-

287 3045 397 3088 fessus
424 3042 548 3077 deinde
576 3046 625 3076 est
654 3040 825 3080 Catilina,
856 3045 971 3085 petere
997 3050 1032 3074 se
1059 3038 1296 3074 consulatum.
1354 3037 1394 3071 L.
1422 3036 1600 3073 Volcatius
1624 3034 1745 3069 Tullus
1772 3033 1894 3069 consul
1919 3033 2036 3067 eonsi-

293 3130 2035 3149 Μ

375 3210 429 3242 20.
466 3210 532 3240 An:
560 3207 651 3244 emit;
686 3207 721 3238 id
753 3207 944 3245 praesente-7
973 3207 1030 3237 On.
1066 3223 1099 3227 —
1133 3204 1186 3236 24.
1220 3205 1330 3235 Locus
1356 3205 1553 3243 corruptus.
1603 3201 1792 3240 Madvigius
1819 3199 2033 3240 suspicatur:

291 3260 507 3301 Quamobrem
531 3261 645 3297 augete
659 3257 758 3287 etiam
782 3257 971 3293 mercedem,
990 3256 1017 3287 si
1032 3255 1141 3294 vultis,
1162 3256 1199 3294 Q.
1218 3253 1338 3285 Mucii!
1384 3254 1563 3285 Perseveret
1579 3251 1681 3291 leyem
1698 3250 1865 3290 impedire,
1883 3251 1918 3280 ut
1932 3247 2036 3288 coepit

289 3314 419 3343 senatus
442 3308 621 3340 consultum
631 3314 641 3343 ‚·
666 3314 723 3346 eqo
747 3314 786 3337 ea
809 3306 874 3345 leye
899 3307 965 3336 etc.
