2249 3624
311 233 393 277 938
1048 232 1328 274 CICERONIS

411 338 472 378 44.
512 340 593 378 Das
630 338 736 377 enim
765 338 857 377 mihi
886 335 1118 376 facultatem
1146 347 1230 385 eos,
1261 337 1330 387 qui
1357 341 1442 375 tum
1468 335 1670 376 adfuerint
1695 336 1899 388 Cornelio,
1928 338 2061 378 nomi-

312 401 447 441 nandi.
504 401 649 452 (Idem
675 414 717 452 p.
744 402 829 440 213.
859 398 988 448 Lind.)

411 463 472 503 45.
514 465 670 508 Facite,
701 469 746 503 ut
772 464 915 512 facitis,
946 462 1014 513 qui
1043 461 1095 501 ad
1121 474 1287 501 causam
1315 461 1483 502 adestis.
1541 463 1686 512 (Idem
1713 463 1828 513 ibid.)

413 527 474 567 46.
518 528 600 567 Cur
626 539 734 565 nunc
760 525 954 572 redeant,
985 525 1018 563 si
1050 530 1146 563 tunc
1180 525 1332 575 gratiae
1366 525 1677 564 concesserint?
1730 525 1873 576 (Idem
1903 539 1945 578 p.
1975 528 2063 567 220.

279 590 448 640 5Lind.)

410 653 470 693 47.
513 652 638 703 Quid,
670 651 781 703 quod
808 664 859 690 ne
889 664 980 690 cum
1006 652 1055 690 iis
1083 651 1249 702 quidem
1277 656 1471 702 expertus
1500 664 1568 702 es,
1611 664 1714 703 quos
1749 651 1878 692 duces
1914 665 2064 705 opera-

311 730 399 756 rum
427 717 550 755 fuisse
579 715 741 753 dixisti?
794 715 935 764 (Idem
963 727 1004 766 p.
1035 715 1119 754 226.
1149 713 1278 763 Lind.)

411 780 472 818 48.
513 778 721 818 Eiusmodi
763 778 857 816 mihi
899 777 1001 816 duos
1028 776 1197 828 laqueos
1226 777 1265 814 in
1294 789 1417 816 causa
1456 790 1549 817 esse
1576 780 1831 830 propositos,
1871 784 1914 818 ut
1940 779 1972 818 si
1999 791 2064 817 me

313 842 439 882 altero
467 841 744 892 expedissem,
774 846 940 878 tenerer
966 839 1105 878 altero.
1163 839 1318 887 (Idem
1346 853 1386 891 p.
1416 841 1500 879 228.
1530 840 1668 889 Lind.)

263 909 298 937 ⁴0
412 905 474 944 49.
516 903 686 955 Aperuit
713 903 819 940 fores
848 900 1064 940 scalarum.
1122 902 1261 951 (Acro
1290 901 1342 941 ad
1370 903 1463 940 Hor.
1493 903 1622 942 Serm.
1658 904 1691 942 1.
1722 905 1758 953 2,
1789 904 1864 953 67.)

414 968 474 1006 50.
515 965 723 1017 Correpsit
761 965 802 1003 in
844 963 990 1003 scalas.
1047 963 1223 1009 (Schol.
1261 970 1357 1003 vet.
1399 965 1441 1003 in
1467 964 1646 1004 Iuvenal.
1685 968 1722 1015 7,
1757 966 1841 1005 118.
1875 966 2061 1018 Rutgers.

313 1031 359 1069 V.
386 1031 428 1069 L.
461 1042 502 1081 p.
532 1028 640 1078 457.)

413 1093 474 1132 51.
515 1093 630 1130 Latet
655 1091 695 1130 in
724 1089 845 1130 scalis
872 1088 1104 1128 tenebrosis
1131 1089 1351 1128 Cominius.
1407 1090 1773 1138 (Fortunatian.
1803 1092 1849 1130 A.
1871 1091 1944 1130 Rh.
1965 1092 2008 1130 L.
2027 1093 2063 1130 3.

313 1168 354 1207 p.
380 1157 441 1194 71.
472 1154 584 1205 Pith.)

263 1219 299 1248 ⁴5
413 1219 474 1258 52.
516 1219 614 1256 Item
643 1229 714 1268 pro
744 1215 953 1256 Cornelio:
985 1216 1208 1256 maiestatis
1234 1216 1323 1266 ipsa
1352 1220 1461 1254 sunt:
1494 1214 1630 1265 legite,
1658 1221 1703 1254 ut
1727 1215 1946 1267 legebati33
1975 1217 2068 1256 hinc

312 1280 545 1331 intelligetis
573 1279 682 1318 nulla
709 1279 947 1318 tenuissima
987 1279 1218 1329 suspicione
1255 1277 1433 1316 describi
1461 1283 1530 1317 aut
1560 1278 1777 1329 significari
1818 1279 2065 1319 Cornelium.

314 1343 503 1392 (Boeth.
536 1341 586 1381 de
614 1342 742 1381 Defin.
774 1354 813 1392 p.
845 1342 929 1380 659.
958 1340 1062 1379 Edit.
1094 1342 1206 1388 Bas.)

414 1408 474 1445 53.
515 1406 703 1444 Maiestas
733 1404 861 1442 estin
887 1403 1057 1454 imperio
1093 1408 1215 1454 atque
1252 1403 1292 1441 in
1330 1403 1438 1441 omni
1479 1402 1616 1454 populi
1648 1404 1815 1442 Romani
1859 1402 2065 1455 dignitate.

314 1467 540 1518 (Quintil.
571 1467 597 1505 l.
630 1468 707 1506 VII.
737 1479 770 1504 0.
803 1468 838 1504 3.
868 1468 903 1514 §.
936 1466 1013 1508 35.)

263 1532 300 1561 20
415 1531 474 1569 54.
520 1530 690 1569 Obiecta
720 1535 782 1568 est
805 1528 940 1580 paullo
970 1528 1177 1567 liberalior
1203 1529 1298 1567 vita.
1355 1527 1501 1578 (Idem
1529 1528 1556 1566 1.
1587 1529 1633 1578 V,
1668 1530 1726 1577 13,
1755 1530 1789 1579 ἓ.
1819 1530 1900 1578 26.)

414 1595 474 1633 55.
519 1594 592 1632 Pro
627 1594 670 1632 C.
703 1592 889 1632 Cornelio
923 1591 1131 1643 popularis
1166 1591 1233 1630 illa
1267 1592 1458 1630 virtutum
1497 1592 1569 1630 Cn.
1598 1593 1776 1643 Pompeii
1818 1604 2068 1631 commemo-

315 1656 435 1705 ratio;
466 1656 506 1694 in
535 1668 657 1706 quam
683 1654 750 1693 ille
780 1654 940 1693 divmus
969 1660 1117 1703 orator,
1147 1653 1258 1693 velut
1285 1654 1448 1692 nomine
1470 1654 1558 1705 ipso
1590 1653 1705 1693 ducis
1734 1667 1878 1693 cursus
1907 1654 2069 1694 dicendi

314 1724 537 1767 teneretur,
567 1717 756 1768 abrupto,
788 1729 910 1768 quem
936 1716 1213 1765 inchoaxerat,
1243 1729 1432 1754 sermone
1459 1715 1632 1754 devertit
1661 1722 1855 1756 actutum.
1894 1717 2069 1765 (Quint.

316 1783 352 1832 4,
387 1783 512 1830 3,13
558 1780 712 1819 Iulius
740 1781 970 1830 Victorp.
1000 1779 1084 1819 243
1113 1779 1187 1818 Ed.
1218 1782 1371 1828 meae.)

265 1846 302 1875 25
415 1845 475 1883 56
520 1844 686 1887 (licem,
732 1849 774 1882 ut
808 1843 883 1882 hac
924 1844 1104 1894 cotporis
1144 1843 1307 1881 humani
1346 1855 1417 1893 p1o
1462 1841 1670 1891 Cluentio,
1708 1843 1761 1881 ita
1797 1854 1871 1893 pro
1911 1842 2069 1882 Corne-

316 1907 367 1945 lio
396 1918 619 1957 equorum,
655 1918 728 1957 pio
754 1906 900 1944 Aichia
934 1917 1055 1944 saxoi
1061 1918 1126 1943 um
1155 1917 1319 1956 quoque
1347 1917 1446 1943 usus
1479 1910 1541 1943 est
1569 1872 1846 1943 similitudine.
1902 1904 2071 1954 (Idem

316 1971 352 2017 5,
383 1970 442 2018 11,
472 1969 546 2018 25.)

416 2031 477 2069 57.
518 2032 661 2069 Testes
691 2031 730 2069 111
763 2029 995 2069 Cornelium
1024 2035 1238 2069 accusator
1274 2028 1365 2067 lecti
1399 2042 1420 2068 a
1455 2029 1615 2068 tribuno
1649 2028 1799 2068 codicis
1830 2028 2069 2080 pollicetur;

317 2093 411 2132 facit
442 2093 516 2131 hoc
549 2094 690 2132 Cicero
723 2105 1045 2144 supervacuum,
1092 2093 1184 2142 quia
1213 2093 1302 2143 ipse
1330 2092 1515 2131 fateatur.
1577 2092 1609 2139 (I
1628 2091 1745 2130 dem
1773 2093 1810 2142 5,
1841 2093 1900 2141 13,
1931 2093 1990 2131 18.
2021 2091 2070 2130 cf.

267 2165 304 2194 30
320 2156 438 2195 etiam
465 2157 502 2205 8,
533 2158 568 2204 3,
598 2157 654 2204 3.)

418 2220 478 2258 58.
522 2219 728 2257 Cominius
758 2224 907 2267 autem,
941 2219 1101 2257 tametsi
1128 2218 1324 2268 ignoscite
1353 2217 1461 2267 mihi,
1492 2216 1664 2257 iudices.
1713 2215 1861 2267 (Idem
1880 2219 1916 2267 9,
1938 2217 1975 2265 2,
1995 2217 2072 2267 55.)

751 2307 832 2347 Vll.
879 2306 983 2347 PRO
1017 2306 1059 2348 C.
1094 2306 1362 2348 CORNELIO
1396 2306 1546 2347 ORAT.
1585 2306 1632 2345 11.

422 2376 456 2414 1.
498 2376 676 2425 Pugnem
702 2380 842 2426 aperte
873 2380 1011 2412 contra
1037 2374 1381 2412 nobilissimorum
1410 2373 1616 2412 hominum
1642 2373 1895 2412 voluntates?
1923 2371 2072 2421 studia,

322 2439 487 2477 consilia
517 2438 864 2488 cogitationesque
893 2450 1032 2476 eorum
1062 2438 1268 2488 aperiam?
1299 2436 1489 2487 (Aquila
1517 2448 1550 2474 c.
1585 2436 1640 2474 10.
1677 2448 1716 2487 p.
1750 2437 1832 2475 151.
1865 2441 1905 2474 et
1933 2436 2072 2474 Marc.

271 2509 307 2539 35
324 2500 513 2552 Capell.
544 2500 571 2538 1.
602 2502 647 2539 V.
678 2514 717 2552 p.
751 2502 847 2551 171.)

422 2567 456 2604 2.
501 2565 532 2603 O
562 2564 730 2603 callidos
763 2565 969 2603 homines!
1011 2577 1032 2601 o
1064 2576 1149 2601 rem
1183 2562 1473 2613 excogitatam!
1513 2575 1534 2600 o
1563 2561 1723 2612 ingenia
1753 2559 1996 2600 metuenda!
2029 2581 2074 2586 —

326 2628 520 2666 Diximus.
575 2628 718 2665 Testes
749 2626 846 2665 dare
874 2626 1073 2665 1011111105.
1131 2627 1274 2673 Quem,
1306 2637 1482 2675 quaeso,
1520 2630 1703 2663 nostium
1731 2623 1886 2672 fefellit,
1920 2623 1975 2662 ita
2001 2635 2075 2661 vos

324 2701 416 2727 6556
445 2690 652 2728 sz‘ictuios?
705 2690 822 2738 (Cic.
855 2690 966 2728 Orat.
999 2702 1032 2727 0.
1065 2691 1124 2727 67.
1185 2688 1306 2726 .225.
1363 2687 1564 2734 Quintil.
1594 2687 1729 2736 ΙΧ,4.
1761 2678 1858 2735 123.)

425 2753 459 2789 3.
501 2753 604 2790 Num
632 2752 671 2790 in
701 2764 771 2795 eo
803 2752 869 2802 qui
900 2752 979 2790 sint
1006 2752 1042 2789 hi
1073 2728 1223 2799 testes,
1252 2750 1492 2789 1111511165)
1545 2750 1627 2799 Ego
1656 2748 1773 2787 nobis
1802 2746 1934 2786 edam.
1989 2748 2075 2786 Duo

276 2819 310 2848 40
325 2813 468 2864 reliqui
500 2822 593 2853 sunt
621 2814 671 2852 de
701 2814 1010 2861 consularibus,
1051 2813 1198 2851 inimici
1236 2812 1474 2851 tribuniciae
1512 2812 1737 2862 potestatis.
1806 2810 1925 2848 Pauci
1953 2821 2077 2860 prae-

327 2881 437 2914 terea
477 2882 753 2915 assentatores
795 2889 935 2915 eorum
975 2881 1097 2926 atque
1138 2873 1321 2914 asseclae
1355 2875 1677 2925 subsequuntur.
1732 2872 2007 2922 (Asconius
2033 2883 2074 2922 p.

325 2940 386 2977 79.
417 2939 526 2982 Bait.)

425 3001 459 3038 4.
505 3000 587 3039 Sed
616 3001 647 3039 si
677 3001 923 3040 familiariter
951 3013 1000 3039 ex
1035 3001 1082 3047 Q.
1113 2998 1280 3048 Catulo,
1322 2998 1622 3050 sapientissimo
1655 2997 1738 3036 viro
1777 3002 1899 3047 atque
1932 2996 2078 3034 huma-

416 3158 444 3188 4,
482 3156 531 3188 Ad
557 3157 647 3188 Orat.
674 3159 697 3189 Ι.
726 3158 831 3189 refert
856 3158 933 3188 cod.
961 3157 1047 3188 Gud.
1067 3156 1174 3197 Volgo
1204 3156 1327 3195 legitur
1352 3157 1384 3187 in
1409 3156 1568 3195 fragium.
1589 3155 1681 3186 Orat.
1708 3155 1746 3185 11.
1768 3170 1803 3176 ·—
1827 3153 1897 3194 das]
1923 3152 2009 3184 Gud.
2037 3152 2080 3183 da

329 3208 407 3238 Mai.
430 3224 461 3227 ——
484 3207 659 3248 adfuerint]
686 3208 771 3238 (iud.
799 3208 978 3246 adfuerunt
1002 3208 1078 3238 Mai.
1108 3224 1140 3228 —
1168 3206 1199 3237 3.
1229 3207 1360 3245 fragm.
1382 3205 1482 3245 volgo
1507 3205 1552 3236 ad
1575 3206 1666 3236 Orat.
1689 3205 1727 3235 11.
1746 3203 1914 3239 refertur,
1940 3203 1974 3232 in
1999 3200 2077 3232 cod.

329 3257 415 3289 Gud.
452 3255 657 3297 simpliciter
693 3259 760 3288 est:
799 3266 860 3298 pro
894 3256 1065 3288 Cornelio.
1102 3275 1135 3279 -
1180 3256 1210 3288 4.
1249 3255 1336 3296 tunc]
1368 3256 1465 3287 Liud.
1498 3260 1567 3287 lum
1597 3253 1674 3287 Mai.
1722 3253 1841 3287 -·37.
1876 3252 1911 3284 id
1942 3258 2000 3282 vos
2031 3250 2081 3281 ita

329 3316 347 3338 e
374 3305 511 3344 Quintil.
538 3307 658 3348 Meyer
682 3307 715 3339 in
740 3307 801 3338 Ed.
830 3307 922 3338 Orat.
