2249 3624
336 171 418 214 352
797 177 1224 219 TUSCULANARUM
1252 179 1690 222 DISPUTATIONUM

336 299 501 332 corum,
533 282 684 337 quihus
714 296 835 323 usum
868 296 934 322 me
964 283 1156 337 pluribus
1188 299 1311 339 quam
1345 286 1461 327 soleo
1491 287 1705 341 intellego,
1736 287 1994 336 recedamus,
2026 291 2110 331 sint

336 361 435 387 sane
466 346 537 386 illa
568 358 722 398 genera
751 342 979 394 bonorum,
1012 347 1109 387 dum
1142 349 1329 400 corporis
1363 355 1404 388 et
1434 355 1609 389 externa
1636 351 1800 390 iaceant
1819 350 1935 390 humi
1959 357 1999 391 et
2020 357 2110 391 tan-

334 415 420 449 tum
453 408 591 454 modo,
624 407 721 460 quia
753 409 956 448 sumenda
988 410 1090 457 sint,
1132 411 1400 463 appellentur
1428 411 1555 459 bona,
1586 412 1669 451 alia
1699 417 1837 451 autem
1869 403 1940 452 illa
1970 413 2111 454 divina

333 471 458 524 longe
491 470 657 522 lateque
690 482 734 508 se
766 470 951 522 pandant
984 472 1232 524 caelumque
1265 472 1531 525 contingant:
1566 470 1642 527 [ut]
1677 487 1724 513 ea
1746 474 1818 527 qui
1839 474 2015 528 adeptus
2043 476 2109 523 sit,

297 547 315 574 5
332 548 403 575 cur
432 546 526 573 eum
558 531 725 571 beatum
757 532 883 571 modo
907 539 947 572 et
967 546 1051 572 non
1075 533 1364 574 beatissimum
1388 536 1512 575 etiam
1535 535 1745 576 dixerim?
1789 537 1986 578 Dolorem
2009 552 2108 579 vero

331 597 500 649 sapiens
523 593 794 634 extimescet?
827 594 865 633 Is
888 595 1000 634 enim
1022 594 1118 634 huic
1138 597 1320 636 maxime
1342 598 1577 638 sententiae
1600 604 1825 651 repugnat;
1847 612 1941 639 nam
1964 605 2110 640 contra

330 664 506 699 mortem
527 662 711 697 nostram
735 660 859 709 atque
882 661 1122 696 nostrorum
1140 663 1369 711 contraque
1392 660 1696 713 aegritudinem
1715 667 1755 701 et
1775 661 1960 715 reliquas
1981 661 2110 701 animi

329 720 666 776 perturbationes
698 719 798 758 satis
830 732 923 758 esse
954 719 1147 759 videmur
1177 722 1440 774 superiorum
1473 724 1633 763 dierum
1667 724 2018 777 disputationibus
2045 738 2109 764 ar-

329 784 427 824 mati
459 789 501 823 et
531 782 690 835 parati:
723 781 845 820 dolor
876 794 969 820 esse
1000 781 1164 822 videtur
1194 796 1434 825 acerrumus
1466 786 1630 825 virtutis
1659 785 1945 833 adversarius,
1976 787 2012 826 is
2043 800 2108 826 ar-

281 857 314 886 to
329 845 466 886 dentis
504 844 617 884 faces
653 844 849 890 intentat,
891 844 926 883 is
957 843 1267 893 fortitudinem,
1305 847 1637 900 magnitudinem
1669 848 1818 894 animi,
1858 849 2105 900 patientiam

327 922 372 949 se
403 907 719 949 debilitaturum
752 906 944 946 minatur.
992 904 1058 945 77.
1089 907 1198 947 Huic
1229 909 1356 961 igitur
1387 910 1632 949 succumbet
1663 910 1814 956 virtus,
1854 909 1954 949 huic
1983 910 2106 950 beata

325 970 527 1024 sapientis
569 975 611 1009 et
645 969 875 1009 constantis
915 969 992 1008 viri
1033 970 1117 1009 vita
1150 970 1304 1011 cedet?
1347 971 1483 1019 Quam
1515 978 1649 1025 turpe,
1682 985 1706 1011 0
1738 972 1779 1011 di
1812 972 1932 1011 bonil
1982 973 2104 1012 Pueri

325 1034 560 1087 Spartiatae
581 1045 664 1072 non
687 1032 978 1085 ingemescunt
995 1033 1213 1072 verberum
1233 1033 1379 1073 dolore
1401 1034 1556 1073 laniati.
1589 1033 1934 1073 Adulescentium
1955 1047 2103 1088 greges

323 1095 641 1136 Lacedaemone
672 1094 851 1134 vidimus
881 1095 961 1147 ipsi
991 1095 1230 1134 incredibili
1261 1097 1532 1136 contentione
1555 1096 1753 1136 certantis
1784 1097 1949 1149 pugnis,
1981 1097 2103 1137 calci-

273 1158 420 1206 115bus,
460 1158 692 1211 unguibus,
729 1170 871 1197 morsu
903 1157 1110 1210 denique,
1145 1172 1237 1197 cum
1270 1159 1612 1198 exanimarentur
1642 1160 1780 1211 prius,
1813 1172 1939 1212 quam
1971 1160 2102 1200 victos

322 1234 366 1261 se
406 1219 651 1261 faterentur.
700 1219 818 1268 Quae
859 1220 1050 1260 barbaria
1089 1220 1209 1259 India
1240 1221 1398 1260 vastior
1428 1227 1498 1260 aut
1530 1221 1767 1273 agrestior?
1808 1221 1849 1260 in
1882 1234 1931 1260 ea
1961 1226 2102 1262 tamen

321 1289 444 1337 gente
474 1283 656 1336 primum
689 1284 747 1330 ei,
780 1283 852 1337 qui
886 1284 1097 1335 sapientes
1127 1282 1349 1329 habentur,
1381 1283 1481 1323 nudi
1513 1288 1692 1323 aetatem
1714 1289 1842 1335 agunt
1864 1290 1905 1323 et
1929 1283 2101 1324 Caucasi

321 1346 438 1385 nives
478 1344 785 1397 hiemalemque
816 1345 899 1384 vim
941 1345 1155 1397 perferunt
1185 1346 1274 1385 sine
1308 1346 1476 1394 dolore,
1517 1359 1698 1399 cumque
1729 1346 1780 1385 ad
1812 1346 2021 1385 flammam
2054 1359 2099 1386 se

319 1407 655 1461 adplicaverunt,
694 1407 784 1447 sine
815 1408 973 1459 gemitu
1005 1408 1254 1448 aduruntur.
1305 1407 1371 1447 78.
1405 1409 1602 1448 Mulieres
1633 1422 1732 1448 vero
1763 1409 1806 1448 in
1836 1408 1972 1455 India,
2006 1421 2099 1448 cum

268 1481 305 1509 20
320 1477 383 1511 est
413 1472 531 1510 cuius
562 1483 703 1510 earum
736 1471 799 1510 vir
836 1477 1048 1517 mortuus,
1086 1472 1128 1510 in
1168 1476 1378 1511 certamen
1411 1471 1700 1525 iudiciumque
1732 1472 1926 1519 veniunt,
1971 1485 2098 1525 quam

319 1534 544 1588 plurimum
585 1533 656 1572 ille
695 1533 891 1573 dilexerit
919 1556 974 1560 —
1003 1534 1145 1587 plures
1184 1534 1294 1573 enim
1332 1534 1508 1587 singulis
1541 1535 1680 1574 solent
1711 1547 1803 1574 esse
1835 1540 1991 1588 nuptae
2021 1548 2098 1573 —z

319 1611 427 1651 quae
459 1602 523 1637 est
552 1596 725 1643 victrix,
767 1609 814 1635 ea
852 1594 959 1636 laeta
1001 1597 1356 1649 prosequentibus
1398 1597 1485 1636 suis
1516 1610 1601 1636 una
1632 1610 1725 1636 cum
1757 1597 1847 1636 viro
1877 1598 1920 1636 in
1950 1611 2096 1651 rogum

317 1661 568 1715 imponitur,
606 1659 679 1698 illa
708 1659 817 1698 victa
847 1663 1005 1698 maesta
1037 1658 1224 1698 discedit.
1269 1661 1508 1713 Numquam
1540 1666 1730 1699 naturam
1762 1673 1853 1699 mos
1884 1660 2094 1708 vinceret3

317 1729 379 1764 est
416 1723 525 1762 enim
569 1735 616 1761 ea
656 1734 822 1775 semper
852 1721 1030 1768 invicia;
1069 1722 1142 1760 sed
1174 1735 1249 1760 nos
1281 1723 1461 1769 umbris,
1500 1722 1686 1770 deliciis,
1731 1723 1838 1769 otio,
1877 1722 2096 1775 languore,

264 1794 301 1825 ⁶25
317 1785 476 1826 desidia
505 1784 691 1824 animum
720 1783 964 1829 infecimus,
997 1783 1268 1836 opinionibus
1300 1784 1494 1838 maloque
1526 1798 1641 1824 more
1665 1785 1893 1825 delenitum
1916 1785 2096 1824 mollivi-

314 1862 418 1888 mus.
462 1847 764 1900 Aegyptiorum
797 1858 956 1885 morem
989 1845 1084 1898 quis
1117 1846 1314 1898 ignorat?
1348 1860 1527 1899 quorum
1559 1847 1730 1887 inbutae
1763 1853 1923 1887 mentes
1955 1848 2094 1900 pravi-

311 1911 406 1951 tatis
438 1909 648 1949 erroribus
680 1909 869 1962 quamvis
901 1907 1184 1947 carnificinam
1217 1909 1332 1960 prius
1365 1909 1572 1948 subierint
1593 1922 1719 1962 quam
1750 1909 1852 1948 ibim
1883 1914 1954 1949 aut
1980 1910 2092 1962 aspi-

312 1974 406 2013 dem
446 1978 518 2012 aut
562 1971 712 2010 faelem
751 1976 822 2010 aut
864 1983 1010 2009 canem
1042 1976 1113 2010 aut
1144 1970 1401 2010 crocodilum
1433 1971 1613 2019 violent,
1655 1985 1833 2025 quorum
1879 1971 2005 2011 etiam
2051 1972 2085 2011 si

309 2034 584 2090 inprudentes
616 2033 830 2086 quippiam
860 2033 1056 2080 feceriut,
1098 2045 1278 2085 poenam
1309 2033 1468 2073 nullam
1498 2040 1706 2073 recusent.
1767 2032 1833 2074 79.
1864 2036 1924 2074 De
1955 2035 2093 2075 homi-

260 2098 433 2139 :sonibus
476 2097 650 2150 loquor:
698 2096 798 2148 quid
840 2096 1028 2135 bestiae?
1068 2109 1153 2135 non
1192 2095 1342 2147 frigus,
1385 2109 1466 2136 non
1498 2095 1668 2144 famem,
1709 2110 1791 2137 non
1826 2098 2089 2150 montivagos

310 2166 436 2214 atque
469 2158 672 2199 silvestris
707 2171 852 2197 cursus
884 2158 1240 2211 lustrationesque
1270 2159 1514 2211 patiuntur?
1546 2172 1631 2198 non
1661 2172 1738 2212 pro
1770 2173 1847 2199 suo
1878 2165 2001 2213 partu
2032 2160 2091 2199 ita

309 2227 594 2275 propugnant,
635 2226 679 2260 ut
716 2221 886 2260 vulnera
917 2221 1151 2273 excipiant,
1183 2222 1323 2261 nullos
1355 2222 1555 2274 impetus
1586 2221 1726 2261 nullos
1756 2221 1864 2262 ictus
1898 2221 2090 2262 reformi-

310 2284 438 2324 dent?
473 2284 631 2324 Omitto
654 2296 760 2337 quae
792 2283 1005 2336 perferant
1036 2297 1231 2337 quaeque
1262 2284 1476 2337 patiantur
1506 2282 1719 2324 ambitiosi
1750 2284 1923 2324 honoris
1949 2297 2088 2332 causa,

396 2460 426 2490 2.
453 2463 482 2490 el
505 2460 584 2489 ante
609 2461 751 2489 eaelerna
776 2465 846 2488 om.
875 2458 899 2489 C
927 2474 961 2478 —
990 2457 1019 2488 3.
1046 2458 1105 2488 illa.
1130 2467 1199 2489 om.
1228 2457 1266 2489 G¹
1292 2476 1326 2480 —
1355 2457 1386 2489 4..
1412 2461 1448 2488 ut
1473 2456 1540 2488 del.
1562 2457 1765 2489 Lambinus.
1790 2457 1878 2489 Vide
1896 2457 1968 2489 adl
1994 2458 2084 2498 §50.

309 2526 343 2532 a·
371 2508 402 2540 5.
428 2509 524 2539 modo
548 2516 617 2538 om.
646 2508 670 2537 B
699 2524 733 2528 —
762 2506 792 2536 9.
818 2506 936 2536 uir-tuli
962 2506 985 2537 C
1005 2506 1047 2537 Ο.
1076 2507 1217 2539 «Scribe
1242 2517 1309 2539 una
1335 2506 1448 2539 littera
1473 2507 1592 2538 addita
1615 2508 1764 2542 virtutis:
1790 2507 1833 2539 cf.
1853 2507 1949 2539 Offic.
1969 2508 2025 2547 111,
2044 2507 2085 2540 86

304 2568 441 2600 gli-avem
471 2558 703 2589 adversarium
733 2556 874 2595 imperii.
910 2557 990 2587 Har.
1018 2558 1120 2597 Resp.
1147 2558 1167 2598 ἓ
1193 2557 1234 2589 34
1259 2558 1460 2588 aceri-iritum
1491 2557 1687 2589 Hermarchi
1710 2558 1958 2597 adversarium,
1986 2558 2087 2589 Theo-

304 2610 442 2641 dosium.
480 2607 606 2639 AddIto
638 2606 749 2638 verbo
782 2606 965 2636 acerrimus
993 2608 1158 2646 quonian]
1191 2608 1450 2655 substantivqm
1485 2608 1699 2639 adversarius
1731 2610 1800 2646 est,
1833 2608 2006 2647 genitivus
2031 2609 2085 2639 est

305 2660 540 2691 necessarius.
572 2656 667 2689 Alius
693 2657 832 2697 generis
857 2659 910 2687 est
937 2656 991 2695 (ad
1012 2657 1130 2689 Famil.
1157 2659 1195 2693 ΙΙ,
1224 2659 1255 2696 4,
1282 2660 1311 2697 Ξ)
1337 2659 1394 2689 Est
1418 2658 1475 2688 tibi
1497 2659 1612 2698 qravis
1636 2658 1835 2688 adversaria>
1858 2658 2037 2688 constituta
2055 2660 2084 2688 et

300 2714 425 2750 parata
451 2711 484 2740 et
511 2708 620 2747 (Verr.
648 2709 722 2738 Act.
751 2708 775 2742 Ι,
802 2707 856 2743 36)
874 2708 1034 2746 profiteor
1057 2708 1130 2738 huic
1154 2709 1266 2748 yeneri
1290 2709 1456 2739 hominum
1473 2717 1523 2738 me
1538 2708 1709 2738 inimicum
1725 2710 1963 2745 accusatorem,
1989 2708 2084 2738 odio-

301 2769 385 2797 sum,
412 2760 588 2790 adsiduum
628 2758 782 2789 acerbum
806 2758 1053 2793 adversarium,
1081 2758 1141 2789 ubi
1166 2758 1304 2790 dativus
1331 2758 1520 2796 (commodi
1539 2766 1646 2797 quern
1665 2757 1801 2796 vocant)
1820 2766 1862 2788 ex
1886 2759 2082 2789 sententiae

302 2810 412 2841 verbo
437 2808 491 2840 vel
517 2810 631 2849 potius
657 2817 696 2839 ex
724 2811 792 2839 tota
818 2808 991 2838 sententia
1017 2808 1148 2847 pendet
1175 2809 1227 2847 {cs
1255 2808 1355 2840 Obss.
1382 2809 1416 2839 in
1441 2809 1635 2839 Sestianam
1660 2816 1693 2847 p.
1713 2808 1785 2846 513,
1812 2809 1849 2837 ut
1873 2806 2019 2847 Philipp.
2038 2808 2079 2845 11,

302 2861 343 2892 64-
367 2861 417 2891 dis
442 2869 482 2890 ex
507 2862 587 2889 esset
610 2862 678 2888 lam
701 2858 811 2888 hostis.
849 2859 916 2888 Att.
943 2857 984 2895 V,
1013 2858 1042 2894 sl,
1072 2859 1082 2887 4
1114 2867 1183 2889 meo
1209 2868 1250 2889 ex
1275 2867 1345 2888 sum
1368 2859 1436 2897 ipse
1459 2858 1557 2888 testis.
1591 2857 1683 2895 VIII,
1710 2857 1740 2892 7,
1768 2858 1779 2887 4
1811 2857 1864 2887 cni
1889 2856 2011 2896 (fugae)
2038 2865 2080 2888 ex

300 2919 351 2941 me
374 2910 523 2940 comitem
547 2916 621 2938 esse.
662 2908 739 2946 VII,
766 2907 797 2941 9.
825 2908 842 2939 3
875 2909 903 2938 ei
928 2916 969 2938 ex
998 2908 1178 2939 remedium
1201 2912 1246 2939 est
1269 2908 1383 2938 ullum.
1420 2906 1578 2947 (Philipp.
1602 2907 1688 2945 XIII,
1718 2908 1756 2938 45
1780 2907 1927 2946 receptui
1949 2907 2081 2947 signum

300 2959 444 2990 brevius
482 2959 613 2988 dictum
648 2960 700 2989 est
733 2966 795 2998 pro
828 2958 986 2998 receptui
1012 2966 1142 2989 canens
1167 2959 1322 2997 signum:
1354 2957 1396 2989 cs.
1424 2958 1461 2988 R.
1488 2959 1523 2990 P.
1551 2958 1575 2991 Ι,
1602 2957 1645 2996 3).
1686 2958 1734 2987 Ne
1759 2957 1975 2997 posteriores
2000 2957 2079 2996 qui-

300 3009 382 3041 dem
407 3009 596 3048 scriptores
621 3009 658 3038 ut
682 3008 809 3045 Livius,
836 3008 990 3045 Tacitus,
1024 3016 1114 3047 quos
1139 3008 1255 3039 multis
1281 3007 1396 3038 modis
1421 3006 1538 3037 dativo
1564 3015 1626 3047 pro
1652 3007 1804 3046 genitivo
1829 3004 1973 3036 liberius
1998 3013 2077 3037 esse

299 3067 383 3090 usos
415 3059 567 3095 constat,
603 3059 737 3089 temere
769 3056 824 3088 illo
857 3057 1049 3089 verborum
1074 3057 1197 3088 ordine
1221 3058 1338 3088 virtuli
1362 3057 1596 3097 posuissent.»
1621 3057 1677 3087 W.
1707 3074 1741 3078 —
1774 3056 1826 3087 42.
1852 3056 1963 3087 caedet
1986 3056 2010 3086 R
2038 3072 2073 3077 —

299 3109 344 3138 dii
375 3108 399 3138 C
433 3124 468 3129 —-
504 3106 554 3137 ⁴3.
582 3106 799 3147 ingemiscunt
828 3108 891 3138 ΒΟ
927 3125 960 3129 -
995 3107 1046 3139 44.
1073 3108 1221 3138 contione
1251 3108 1327 3137 G2R
1361 3108 1394 3137 et
1421 3110 1522 3143 (corr.
1550 3106 1627 3137 ead.
1655 3115 1703 3137 m.
1730 3106 1764 3137 in
1789 3105 2004 3142 contentione)
2028 3105 2071 3142 B;

297 3157 482 3189 conditione
512 3154 549 3187 G¹
577 3174 611 3178 —
645 3158 696 3188 45.
722 3166 754 3188 se
782 3158 885 3189 victos
909 3158 972 3188 ΒΟ
1001 3175 1034 3178 -
1069 3158 1120 3189 46.
1148 3165 1233 3196 quae
1257 3157 1483 3189 barbarian
1500 3157 1690 3197 ayreslior?
1724 3155 1856 3187 Nonius
1880 3163 1913 3195 p.
1933 3154 2007 3185 445.
2036 3170 2071 3175 -

297 3207 350 3238 22.
375 3215 495 3247 rogum
515 3206 653 3245 ponitur
677 3208 715 3237 G¹
742 3224 775 3229 —-
803 3208 856 3239 24.
883 3208 1001 3238 deliliis
1025 3209 1048 3238 G
1064 3209 1088 3238 R
1111 3226 1144 3229 —
1172 3208 1309 3246 Ιαηρονθ
1326 3209 1351 3238 G
1370 3224 1404 3229 —
1432 3208 1486 3238 ⁵25.
1503 3207 1670 3244 mollium;
1697 3206 1748 3246 (z
1762 3204 1964 3244 molliamus)
1990 3205 2015 3236 R
2035 3220 2070 3226 —

297 3256 350 3288 ⁶26.
378 3255 606 3296 prauitalibus
628 3256 670 3291 ss;
699 3257 816 3295 pravis
839 3256 1030 3288 Lambinus
1056 3257 1158 3295 (Bake
1185 3265 1217 3297 p.
1239 3258 1324 3295 ΜΟ).
1354 3274 1388 3278 -
1424 3256 1477 3288 28.
1503 3257 1597 3296 felem
1621 3257 1663 3288 Ο.
1691 3255 1741 3288 Cf.
1765 3256 1805 3287 N.
1825 3255 1865 3285 D.
1886 3255 1898 3284 l
1923 3253 2014 3294 582.
2036 3270 2070 3274 —

297 3305 511 3338 corcodillum
535 3306 620 3343 GR3
645 3305 857 3336 crocodillum
882 3307 917 3337 B.
951 3307 1028 3338 Vici.
1055 3306 1184 3338 Ritschl
1211 3307 1296 3338 Mus.
1325 3306 1433 3338 Rhen.
1461 3307 1500 3338 N.
1527 3306 1561 3337 S.
1587 3306 1631 3337 IX
1653 3313 1688 3346 p.
1715 3304 1777 3337 478
1795 3312 1873 3344 sqq.
1892 3305 1927 3334 et
1949 3302 2024 3334 640.
