2249 3624
325 222 406 266 978
1063 226 1344 269 CICERONIS

428 327 487 367 14.
529 329 657 378 Itaque
682 332 722 368 in
750 330 985 369 Oeconomico
1011 331 1269 378 Xenophontis,
1300 344 1402 379 quem
1429 332 1481 371 M.
1514 332 1633 370 Cicero
1659 333 1792 385 Latino
1818 335 1976 371 sermoni
2001 340 2073 372 tra-

326 393 433 438 didit,
462 395 520 429 vir
548 397 711 442 eqreqius
737 396 799 431 ille
824 395 1078 431 Ischomachus
1106 394 1348 440 Atheniensis,
1385 400 1534 442 roqatus
1561 408 1584 432 a
1612 395 1759 433 Socrate
1786 398 1841 445 (c.
1869 396 1926 435 12.
1959 397 1994 447 §-
2019 395 2078 445 4.)

325 458 530 504 utrumne,
560 456 594 494 si
624 467 689 494 res
716 455 925 495 familiaris
953 454 1256 505 desiderasset,
1291 457 1465 495 mercari
1493 456 1657 496 vilicum
1684 463 1891 509 tamquam
1920 458 2079 497 fabrum

325 528 377 556 an
396 529 417 556 a
442 529 488 556 se
518 519 732 557 instituere
762 519 1040 568 consueverit,
1066 518 1151 568 Ego
1169 530 1282 568 vero,
1310 519 1456 569 iuquit,
1485 520 1575 570 ipse
1598 521 1778 559 instituo.
1823 521 1982 559 Etenim
2009 521 2079 571 qui

292 587 388 618 5me
416 580 589 619 absente
616 582 656 619 in
684 593 821 619 meum
847 580 983 620 locum
1010 580 1271 620 substituitur
1300 586 1340 619 et
1366 582 1542 621 vicarius
1570 594 1687 622 meae
1717 581 1953 634 diligentiae
1981 594 2080 622 suc-

324 641 445 692 cedit,
474 643 508 681 is
534 655 595 692 ea,
626 655 732 694 quae
765 655 854 694 ego,
885 644 990 682 scire
1019 642 1156 682 debet.
1213 643 1528 692 (Columella
1554 643 1579 682 1.
1601 645 1668 683 XI.
1701 657 1735 684 c.
1760 647 1793 684 1.
1825 645 1860 695 ξ.
1881 646 1935 694 5.)

424 713 481 751 15.
528 712 828 763 (Xenophon
856 713 1008 752 Oecon.
1040 724 1074 751 c.
1099 713 1157 752 12.
1190 712 1225 762 ξ.
1251 711 1430 762 10-14.)
1501 713 1639 751 Somni
1676 714 1823 752 etvini
1857 714 1910 752 sit
1946 713 2079 753 absti-

322 774 603 823 nentissimus,
634 785 741 825 quae
769 779 944 825 utraque
981 780 1076 813 sunt
1106 775 1388 814 inimicissima
1427 773 1681 826 diligentiae:
1724 788 1818 815 nam
1844 766 1887 814 'et
1915 775 2078 815 ebriosa

321 848 417 876 cura
438 837 555 875 olficii
576 837 731 888 pariter
754 849 845 876 cum
872 837 1069 876 memoria
1098 837 1352 877 subtrahitur
1372 843 1413 876 et
1433 837 1752 877 somniculosum
1779 837 1955 889 plurima
1974 838 2079 877 eflu-

270 902 305 930 10
320 899 453 949 giunt:
493 899 593 950 quid
622 900 728 938 enim
756 900 891 951 possit
917 905 987 938 aut
1012 904 1102 951 ipse
1131 912 1252 951 agere
1281 905 1350 939 aut
1377 901 1568 951 cuiquam
1605 899 1812 939 dormiens
1844 900 2079 951 imperare?

319 961 419 1000 Tum
448 962 571 1001 etiam
599 963 651 1001 sit
678 974 701 1001 a
728 962 917 1000 venereis
953 962 1163 1001 amoribus
1198 975 1390 1002 aversus:
1431 963 1582 1014 quibus
1610 963 1642 1001 51
1672 975 1716 1002 53
1746 962 1965 1012 dediderit,
1995 974 2076 1001 non

317 1023 429 1062 aliud
457 1024 685 1076 quidquam
712 1025 844 1076 possit
872 1026 1051 1075 cogitare
1080 1037 1203 1076 quam
1230 1024 1346 1072 illud,
1377 1024 1488 1076 quod
1521 1023 1662 1076 diligit.
1718 1027 1820 1065 Nam
1847 1026 1956 1064 vitiis
1985 1025 2074 1063 eius

316 1086 425 1125 modi
457 1086 660 1138 pellectus
695 1088 855 1126 animus
893 1099 971 1126 nec
1007 1088 1234 1139 praemium
1271 1086 1490 1127 iucundius
1529 1099 1651 1139 quam
1688 1088 1862 1127 fructum
1891 1086 2075 1126 libidinis

314 1161 393 1188 nec
420 1149 667 1202 supplicium
695 1151 859 1201 gravius
888 1161 1011 1201 quam
1038 1150 1343 1190 frustrationem
1372 1149 1604 1202 cupiditatis
1633 1151 1852 1190 existimat.
1899 1149 2075 1200 (Colu—

265 1214 300 1242 ⁴5
315 1211 459 1251 mella
486 1211 511 1250 l.
534 1213 601 1251 XI.
631 1225 666 1251 c.
689 1212 722 1251 1.
754 1213 973 1263 §.13.14.)

415 1282 474 1321 16.
519 1281 829 1333 (Xenophon
857 1281 1011 1320 Oecon.
1044 1294 1076 1320 c.
1110 1282 1168 1322 16.
1199 1281 1340 1332 §.140
1399 1279 1516 1320 Ν11110
1549 1279 1671 1319 1110ᾶο
1701 1280 1860 1320 facilius
1899 1281 2076 1321 arbitror

313 1356 437 1396 posse
466 1356 602 1395 neque
641 1344 793 1383 herbas
826 1356 1016 1383 arescere
1043 1349 1083 1383 et
1108 1344 1282 1383 interfici
1322 1356 1458 1396 neque
1485 1350 1637 1383 terram
1666 1343 1717 1383 ab
1746 1343 1832 1383 sole
1860 1345 2071 1396 percoqui.

314 1407 525 1456 (Nonius
554 1420 591 1445 v.
613 1407 788 1446 Interfici
815 1418 855 1458 p.
879 1407 988 1456 449.)

415 1477 472 1515 17.
518 1477 807 1527 (Xenophon
835 1475 989 1515 Oecon.
1021 1487 1055 1513 c.
1080 1476 1137 1514 17.
1171 1475 1206 1525 §-
1229 1475 1286 1524 2.)
1341 1476 1562 1513 Sementibus
1590 1483 1752 1523 tempora
1778 1478 1940 1523 plerique
1964 1489 2074 1523 prae-

261 1540 297 1570 20
312 1546 455 1576 sumunt
482 1545 514 1576 et
541 1541 586 1576 ab
613 1538 800 1576 undecimo
827 1542 884 1576 die
911 1541 1133 1576 autumnalis
1161 1541 1380 1585 aequinoctii
1411 1541 1532 1586 fruyes
1559 1545 1680 1576 serunt
1714 1542 1922 1576 adveniente
1957 1539 2072 1576 Coro-

310 1615 379 1640 nae
406 1609 547 1647 exortu,
577 1605 756 1640 continuis
783 1604 905 1639 diebus
933 1608 1026 1639 certo
1051 1614 1163 1649 prope
1190 1603 1363 1638 imbrium
1393 1604 1587 1651 promisso,
1616 1603 1828 1652 Xenophon,
1862 1614 1934 1639 non
1963 1609 2071 1640 ante-

311 1678 421 1713 quam
448 1669 531 1703 deus
558 1669 702 1713 siynum
728 1668 878 1703 dederit.
933 1667 1013 1702 Hoc
1042 1665 1161 1702 Cicero
1188 1663 1431 1702 Novembris
1458 1663 1590 1702 imbre
1617 1668 1697 1712 fieri
1722 1668 1978 1712 interpretatus
2005 1672 2067 1708 est,

311 1742 390 1766 cum
416 1732 463 1766 sit
489 1742 575 1766 vera
600 1732 698 1766 ratio
732 1741 805 1766 non
829 1731 933 1776 prius
967 1731 1108 1765 serendi
1135 1740 1245 1775 quam
1270 1729 1364 1773 solia
1397 1729 1576 1775 coeperint
1609 1730 1781 1766 decidere.
1838 1726 2035 1776 (Pliniu
2051 1738 2070 1765 s

309 1792 355 1831 H.
377 1792 423 1831 N.
444 1792 578 1831 XVIII.
601 1792 684 1840 60.)

259 1858 296 1888 25
412 1855 472 1894 18.
515 1854 823 1905 (Xenophon
853 1853 1006 1892 Oecon.
1037 1865 1071 1892 c.
1105 1854 1163 1892 17.
1195 1852 1231 1903 ξ.
1263 1850 1320 1889 14.
1385 1852 1496 1902 Apes
1523 1852 1564 1890 in
1590 1851 1814 1892 alvearium
1843 1863 2069 1903 congesse-

310 1921 413 1957 rant.
462 1917 756 1966 (Charisius
782 1915 808 1954 1.
829 1916 858 1954 Ι.
887 1928 927 1967 p.
950 1916 1034 1964 82.)

410 1987 470 2026 19.
513 1985 822 2037 (Xenophon
850 1985 1003 2024 Oecon.
1035 1996 1069 2023 c.
1095 1986 1151 2023 19.
1183 1984 1219 2034 ξ.
1243 1984 1301 2033 3.)
1354 1982 1546 2022 Scrobes.
1595 1984 1828 2033 (Servius
1855 1982 1908 2023 ad
1925 1982 2065 2034 Virgil.

310 2048 456 2099 Georg.
476 2047 502 2086 l.
521 2050 572 2087 II.
593 2061 630 2088 v.
652 2048 761 2097 288.)

408 2113 469 2151 20.
513 2110 818 2161 (Xenophon
847 2110 999 2149 Oecon.
1031 2121 1064 2148 c.
1097 2110 1154 2148 19.
1187 2109 1223 2160 ξ.
1256 2111 1300 2149 12
1327 2109 1412 2159 sq.)
1479 2109 1621 2159 Neque
1652 2109 1752 2147 serit
1779 2108 1902 2147 vitem
1931 2119 2067 2159 neque

260 2183 296 2214 30
311 2185 417 2225 quae
437 2178 525 2213 sata
547 2179 610 2212 est
632 2173 852 2225 diligenter
871 2171 983 2211 colit:
1015 2171 1165 2222 oleum,
1194 2172 1311 2222 ficus,
1336 2183 1456 2223 poma
1476 2183 1558 2209 non
1578 2170 1714 2210 habet.
1763 2169 2069 2220 (Macrobius

311 2235 514 2276 Saturnal.
544 2235 569 2274 l.
590 2236 635 2275 ΙΙ.
666 2248 699 2274 c.
724 2237 782 2274 16.
812 2234 837 2273 l.
860 2237 929 2273 ΙΙΙ.
951 2246 985 2273 0.
1007 2235 1091 2284 20.)

409 2306 469 2345 21.
514 2304 802 2356 Xenophon
831 2304 983 2343 Oecon.
1015 2315 1048 2342 c.
1079 2305 1137 2343 19.
1169 2303 1204 2353 ξ.
1233 2303 1314 2351 19.)
1382 2303 1483 2342 Cum
1511 2314 1608 2341 vero
1652 2302 1796 2341 affecta
1832 2302 1911 2341 iam
1940 2313 2068 2353 prope

311 2372 466 2407 aestate
494 2379 595 2406 uvas
624 2379 645 2406 a
675 2366 760 2405 sole
787 2366 1005 2405 mitescere
1032 2370 1195 2417 tempus
1225 2370 1288 2404 est
1317 2387 1377 2404 -—.
1432 2364 1658 2414 (Gellius
1683 2364 1815 2404 LXV.
1849 2376 1883 2403 c.
1901 2365 1937 2404 5.
1975 2365 2069 2403 No-

310 2431 426 2470 nius
452 2443 489 2468 v.
511 2429 730 2480 Profligare
757 2441 797 2480 p.
821 2430 927 2478 161.)

264 2505 298 2535 35
411 2500 473 2538 22.
516 2497 812 2549 (Xenophon
840 2497 994 2536 Oecon.
1025 2508 1058 2535 c.
1080 2496 1140 2535 20.
1172 2497 1207 2547 ξ.
1231 2496 1413 2545 16-19.)
1457 2495 1681 2535 Plurimum
1709 2495 1819 2534 enim
1844 2495 1970 2534 refert
1996 2507 2069 2533 co—

309 2560 426 2600 lonos
453 2573 475 2600 a
505 2561 636 2612 primo
666 2572 786 2599 mane
820 2571 923 2611 opus
952 2557 1119 2610 aggredi
1147 2570 1224 2597 nec
1250 2557 1382 2597 lentos
1411 2570 1487 2609 per
1517 2559 1642 2597 otium
1676 2558 1792 2608 pigre
1823 2556 2068 2609 procedere,

312 2624 344 2662 si
373 2622 539 2675 quidem
574 2622 861 2662 Ischomachus
888 2620 998 2660 idem
1024 2620 1111 2670 ille,
1143 2619 1265 2669 Malo,
1294 2620 1448 2671 inquit,
1490 2620 1610 2659 unius
1639 2619 1786 2670 agilem
1823 2620 2068 2659 industriam

312 2697 434 2736 quam
461 2684 606 2724 decem
633 2684 841 2724 hominum
869 2683 1143 2734 negligentem
1175 2688 1214 2721 et
1242 2681 1401 2722 tardam
1422 2694 1602 2734 operam.
1659 2682 1819 2733 Quippe
1848 2681 2068 2733 plurimum

311 2747 426 2786 aflert
444 2747 552 2797 mali,
584 2747 617 2786 si
639 2747 825 2798 operario
855 2744 1027 2785 tricandi
1053 2750 1237 2796 potestas
1265 2744 1345 2783 fiat.
1392 2745 1492 2784 Nam
1515 2750 1558 2791 ut
1580 2745 1622 2782 in
1646 2744 1791 2783 itinere
1814 2742 2068 2783 conficiendo

259 2815 298 2845 40
312 2821 437 2860 saepe
467 2808 635 2848 dimidio
664 2810 863 2848 maturius
889 2808 1077 2860 pervenit
1102 2808 1160 2856 is,
1191 2807 1259 2858 qui
1286 2807 1445 2845 naviter
1472 2813 1513 2845 et
1540 2806 1627 2845 sine
1657 2805 1749 2844 ullis
1787 2806 2067 2845 concessatio—

311 2872 432 2910 nibus
460 2871 710 2923 permeabit,
740 2883 863 2922 quam
891 2872 945 2919 is,
974 2871 1063 2920 qui,
1099 2881 1191 2907 cum
1221 2869 1271 2906 sit
1300 2881 1378 2907 11113
1412 2868 1640 2919 profectus,
1671 2867 1839 2907 umbras
1875 2867 2067 2907 arborum

311 2933 679 2985 fonticulorumquc
718 2934 1007 2972 amoenitatem
1043 2930 1108 2970 vel
1144 2942 1268 2970 aurae
1310 2931 1661 2981 refrigerationem
1703 2930 1896 2981 captavit,
1938 2929 2066 2968 sicin

312 2996 461 3045 agresti
491 2997 652 3045 negotio
681 2994 757 3033 dici
790 2996 857 3034 vix
883 2999 1019 3046 potest
1053 2992 1153 3044 quid
1187 3004 1318 3031 navus
1358 2993 1571 3044 operarius
1608 2993 1754 3043 ignavo
1789 2997 1829 3030 et
1857 2996 2065 3032 cessatore

311 3062 505 3109 praestet.
561 3056 884 3107 (Columella
910 3056 935 3095 l.
957 3057 1027 3095 XI.
1059 3067 1093 3093 c.
1116 3056 1149 3094 1.
1182 3054 1298 3104 §.15.
1323 3056 1402 3099 16.)

398 3195 429 3227 4.
466 3204 512 3226 an
533 3196 600 3234 ipse
622 3195 790 3227 instituere
813 3196 836 3227 I.
864 3195 897 3226 F.
925 3193 1087 3226 Gronovii
1117 3201 1213 3233 susp.
1238 3192 1296 3232 (cf.
1324 3192 1422 3224 Hand
1447 3194 1546 3226 Turs.
1565 3194 1596 3224 4.
1615 3201 1648 3233 p.
1665 3192 1774 3232 24)-
1795 3193 1849 3225 25.
1896 3199 2065 3232 conqesse·

309 3245 397 3286 rant]
430 3245 614 3276 Victorius.
650 3248 873 3277 concesserant
909 3244 1042 3276 Charis.
1079 3245 1303 3274 concesserunt
1338 3242 1509 3282 Fragmm.
1547 3242 1627 3273 Ern.
1668 3260 1700 3264 —
1742 3240 1796 3273 40.
1834 3240 2065 3274 cessationibus

311 3295 434 3325 Nonne,

2206 259 2207 273 ⁴
2204 169 2209 240 -..m
2201 0 2209 156 -—-——·---
