2249 3624
848 156 1174 201 FRAGMENTA.

136 263 282 300 Vicinae
306 264 458 298 rubeant
483 264 612 304 nubes,
644 275 714 298 non
742 266 920 299 crastinas
949 267 1080 305 imber,

132 326 213 362 Non
241 327 307 361 tibi
333 332 506 362 nocturno
533 332 581 361 est
609 329 811 362 metnendus
838 334 993 374 tempore
1021 331 1174 366 nimbus.

134 388 175 425 Si
202 388 296 425 Solis
324 391 425 424 radii
452 391 565 435 niyris
593 392 766 426 absconsa
795 393 947 427 tenebris

134 451 333 489 Marcentes
361 455 474 488 nitido
502 455 712 499 depromant
740 455 878 490 Iumimt
909 457 1027 495 caelo,

136 514 204 558 (Ut
232 526 323 551 cum
351 515 461 551 Luna
491 527 631 553 mouns
659 515 898 566 Hyperionis
927 517 1049 554 officit
1075 517 1182 566 orbi,

136 575 404 625 Stinguuntur
431 576 531 614 radii
556 588 677 615 caeca
710 577 880 626 caligine
918 579 1057 625 tecm)

135 638 205 674 Aut
234 640 372 674 Phoebo
402 641 590 675 instantem
619 643 783 675 tardanti
812 643 955 676 reddere
983 643 1114 683 lucem,

136 702 180 738 Se
207 708 278 738 toto
304 704 461 747 fundant
489 705 558 738 late
588 706 692 750 iynea
718 705 844 739 nubila
874 706 994 749 caelo,

135 765 216 801 Non
242 767 334 801 sicco
360 778 564 812 praeqnans
595 768 710 801 arebit
737 767 880 811 pulvere
911 768 1033 807 tellus,

135 827 206 864 Nec
232 829 318 869 tibi,
349 830 396 869 si,
427 831 564 874 superis
592 841 670 864 cum
699 828 760 865 Sol
788 835 836 864 est
863 832 1052 874 proximus
1081 832 1174 871 oris,

139 888 301 927 Obscura
327 893 453 926 radios
481 897 690 937 praeeuntes
719 893 793 927 luce
822 893 977 933 videbis,

137 953 192 990 Sit
217 955 335 1000 pudor
362 959 424 989 aut
450 955 614 1000 pluviam
642 960 704 990 ant
731 960 851 990 ventos
878 957 996 990 vitare
1021 956 1174 999 futuros.

139 1015 286 1062 Quoque
313 1018 402 1052 adeo
429 1029 574 1063 surqens
601 1020 720 1062 primo
751 1018 856 1052 iubar
884 1028 1037 1063 aequore
1068 1019 1222 1053 condunt

137 1079 297 1116 Maiores
326 1081 508 1121 tenebrae,
541 1082 660 1115 maior
686 1082 922 1125 supereminet
952 1081 1078 1115 imber.

139 1141 206 1178 Sin
233 1144 330 1177 tenui
357 1143 492 1178 lateant
518 1144 618 1178 radii
649 1144 824 1189 caliqine,
871 1144 990 1188 qualis

140 1205 203 1241 Est
230 1210 368 1241 tenerae
393 1207 503 1250 facies
529 1206 679 1241 nebulae
707 1211 737 1240 et
765 1206 956 1240 subtilibus
984 1206 1140 1245 umbris,

146 1268 317 1306 Venturus
343 1270 485 1314 rapidis
514 1267 575 1303 Sol
603 1268 856 1303 obscurabitur
883 1269 1030 1302 austris.

141 1330 210 1367 Sed
235 1343 364 1376 neque,
395 1333 426 1366 si
454 1333 575 1376 cinqat
601 1332 706 1376 niyro
733 1331 920 1376 splendore
947 1331 1109 1374 corolla,

141 1394 241 1430 Suda
269 1395 389 1435 dabit,
420 1405 559 1440 quoque
585 1399 633 1428 est
663 1393 758 1429 Solis
788 1395 942 1429 vicinior
968 1398 1087 1433 astro,

142 1453 221 1498 Quo
247 1456 410 1500 niqrior,
440 1455 563 1500 peior.-
594 1454 700 1489 binae
725 1455 936 1488 saevissima
963 1455 1081 1498 siqua.

140 1518 314 1563 Adspice,
341 1529 428 1552 num
455 1522 569 1553 terras
596 1529 675 1552 cum
704 1516 766 1553 Sol
792 1519 897 1562 petit,
930 1522 992 1551 aut
1018 1519 1106 1562 petit
1132 1518 1249 1552 undas
1267 1544 1276 1561 ‚

140 1579 325 1616 Erubeant
349 1581 481 1627 nubes,
513 1579 656 1626 (dioeere
684 1580 831 1615 Parelia
861 1578 998 1625 Graii,)

141 1642 171 1680 A
199 1643 317 1678 Borea
346 1648 409 1678 aut
436 1643 568 1679 Austro
598 1648 659 1678 aut
686 1655 709 1677 a
735 1643 855 1678 Borea
884 1648 914 1678 et
943 1643 987 1677 ab
1026 1641 1178 1683 Ausim,-

142 1708 305 1752 Adspice,
336 1712 365 1741 et
394 1707 486 1742 lianc
512 1717 626 1741 secors
657 1717 728 1740 non
754 1717 925 1751 umquam
953 1706 1089 1751 neyliye
1115 1715 1253 1739 curam.

140 1768 305 1815 Namque
332 1773 523 1814 utrumque
549 1770 641 1812 sacis
668 1769 700 1803 si
727 1769 853 1803 nubila
880 1779 1022 1813 surgere
1054 1778 1170 1802 cernes

142 1833 293 1868 Aemula
321 1832 500 1868 Phoebeae
528 1833 751 1876 mediumque
778 1832 875 1876 apud
903 1841 1062 1875 aequora
1089 1830 1288 1870 Phoebum,

142 1895 255 1931 Nulla
282 1906 387 1930 mora
412 1899 482 1935 est,
513 1895 630 1929 subito
658 1895 888 1929 densissimus
916 1894 1053 1939 ingruit
1079 1893 1206 1927 imber.

144 1957 210 1994 Sin
239 1957 374 1993 Boreas
401 1968 513 1992 unam
540 1957 632 1992 caeli
659 1956 722 1991 sub
750 1957 909 1991 culmina
942 1956 1070 1990 nubem

142 2020 316 2065 Emittat,
346 2025 458 2056 metue
486 2031 509 2055 a
535 2019 672 2061 Borea,
704 2021 761 2054 sin
787 2019 937 2062 Auster,
969 2020 1014 2053 ab
1042 2018 1187 2053 Austro.

142 2083 286 2120 Iunctus
313 2084 381 2118 erit
406 2083 571 2127 nimbus,
601 2084 633 2118 si
660 2084 803 2118 iunctae
830 2083 982 2117 nubibus
1012 2083 1141 2116 undae.

144 2146 242 2191 Quin
266 2148 375 2182 etiam
402 2148 542 2182 occidui
568 2147 742 2191 spectabis
771 2147 888 2181 litoris
917 2156 1004 2189 ora,

144 2210 247 2246 Certa
274 2211 339 2245 tibi
367 2211 507 2245 occidui
534 2210 749 2244 monstrabit
782 2210 899 2243 litoris
928 2219 1007 2242 ora.

142 2273 217 2310 Ast
247 2276 383 2310 autem
411 2270 522 2308 tenui
546 2281 653 2320 quae
678 2269 827 2308 candet
853 2268 1004 2307 lumine
1033 2267 1182 2306 Phatne

143 2335 257 2382 Signa
283 2336 346 2370 dat
372 2336 412 2369 in
442 2333 578 2370 Cancro
605 2339 767 2379 spectans
795 2333 985 2378 (tquilonia
1012 2332 1129 2378 flabra

144 2398 188 2433 Et
213 2400 375 2444 qeminae
403 2399 499 2433 tenui
524 2398 646 2432 stellae
672 2397 779 2442 [αἱς
794 2407 868 2431 ore
898 2397 1092 2430 micantes.-

142 2461 222 2497 Has
247 2471 320 2496 non
346 2461 517 2496 distantes
543 2461 698 2495 nimium
724 2460 919 2494 nimiumve
943 2460 1168 2504 propinquas

142 2523 320 2569 Dispescit
347 2524 506 2568 spatium
531 2523 649 2558 cubito
676 2532 745 2556 non
775 2521 884 2556 latius
916 2532 1008 2556 uno.-

144 2585 217 2622 lua
242 2586 336 2621 subit
363 2585 526 2626 Borean,
556 2585 650 2620 subit
678 2585 764 2619 haec
790 2586 947 2619 vicinior
976 2584 1159 2618 Austrum.

145 2648 223 2684 Has
250 2648 379 2684 Asinos
405 2650 552 2691 dicunt,
583 2649 740 2683 mediam
766 2647 938 2692 Praesepe
970 2650 1163 2685 vocarunt,

147 2710 253 2755 Quod
277 2712 394 2746 subito
422 2712 582 2757 liquidas
608 2722 712 2756 saepe
739 2711 914 2745 evanescit
942 2711 980 2744 in
1008 2720 1141 2752 auras,

147 2773 233 2810 Cum
260 2774 352 2809 caeli
378 2775 487 2809 nituit
513 2774 722 2820 qenitabilis
750 2784 845 2807 aura
873 2773 1007 2812 sereni,

146 2835 367 2882 Coniunqens
392 2838 552 2882 qeminos
577 2837 758 2871 subtracto
785 2836 899 2869 sidere
925 2833 1083 2869 Asellos:

144 2899 298 2934 Postilla
323 2901 501 2934 undosam
527 2900 661 2944 poteris
687 2903 845 2943 spectare
861 2897 1071 2942 procellam.

145 2959 186 2997 Si
212 2962 321 3007 niqra
347 2963 393 2996 sit
420 2962 576 3001 Phatne,
607 2963 758 3006 yeminis
786 2961 884 2995 color
910 2971 1001 2995 unus
1031 2961 1067 2993 in
1100 2959 1207 2992 astris

145 3022 187 3059 Si
212 3024 346 3064 niteat,
374 3024 510 3069 pluviis
537 3024 730 3059 declivibus
758 3034 849 3057 arva
885 3023 1088 3057 madebunt.

146 3085 188 3122 Si
214 3085 352 3121 Boreae
375 3087 527 3131 propior
554 3086 738 3131 lanquenti
765 3089 903 3129 torpeat
932 3086 1011 3129 iyne

147 3147 247 3184 Nube
274 3149 386 3183 latens
413 3160 540 3189 caeca,
571 3149 683 3183 niteat
710 3149 864 3182 vicinior
891 3146 1021 3182 Austro
1038 3174 1045 3187 ‚

148 3209 223 3245 Par
248 3211 411 3245 metuisse
435 3209 568 3246 Notum
594 3214 664 3245 est.-
694 3214 819 3245 eontra
846 3210 904 3244 hic
929 3210 961 3243 sl
989 3210 1166 3245 marceat,
1208 3204 1266 3239 ille

262 3320 382 3350 Clczno
402 3319 436 3348 T.
456 3318 505 3349 IV.

1451 3314 1504 3354 66

1777 158 1877 201 404⁴

1816 397 1886 434 130

1825 1020 1894 1060 140

1826 1332 1894 1369 145

1826 1643 1896 1682 150

1828 1951 1896 1990 155

1828 2266 1897 2303 160

1826 2578 1894 2617 165

1826 2890 1895 2928 170

1824 3205 1891 3244 175
