2249 3624
311 204 391 246 984
1048 205 1328 247 CICERONIS

413 313 474 352 46.
515 335 558 340 -
589 317 634 351 ut
669 311 835 351 easdem
873 309 1068 350 tenebras
1107 309 1254 348 efficiat
1281 309 1396 359 (sol),
1439 321 1542 361 quas
1570 310 1703 349 eflecit
1728 310 1767 348 in
1794 310 1957 349 interitu
1982 311 2065 350 Ro-

313 375 433 424 muli,
471 376 537 426 qui
581 375 620 413 in
648 374 937 414 obscuratione
975 371 1071 411 solis
1100 377 1162 411 est
1200 372 1227 421 †
1254 372 1398 411 sactus.
1454 373 1796 423 (Augustinus
1824 372 1875 410 de
1903 372 1988 412 Civ.
2016 374 2062 412 D.

310 438 334 476 l.
367 440 434 477 ΙΙΙ.
466 451 501 476 c.
533 439 590 478 15.
621 438 664 475 T.
694 438 739 475 V.
770 449 810 488 p.
841 437 940 485 179.)

413 503 471 539 47.
514 502 626 539 Tune
665 499 976 550 pseudomenon
1018 502 1060 535 et
1100 497 1265 536 soritam
1306 502 1347 535 et
1383 501 1507 536 totam
1542 496 1795 537 dialecticam
1834 502 1901 537 aut
1930 496 2066 537 illudis

279 570 380 603 saut
405 563 624 614 increpas?
678 562 886 617 (Nonius
913 573 952 599 v.
982 560 1206 611 Increpitat
1230 571 1271 610 p.
1303 560 1411 608 329.)

410 628 468 665 48.
510 626 608 674 Quis
623 631 662 664 te
679 631 747 664 aut
768 630 830 663 est
849 629 916 663 aut
935 624 1008 662 fuit
1020 635 1213 674 umquam
1235 624 1275 661 in
1293 622 1521 674 partiundis
1541 623 1681 672 rebus,
1697 623 1737 662 in
1751 622 2006 670 definiendis,
2026 623 2066 661 in

312 688 564 740 explicandis
592 687 798 738 pressior?
840 686 1041 734 (Nonius
1071 698 1107 723 v.
1139 686 1329 724 Pressum
1357 697 1398 735 p.
1438 685 1545 732 364.)

408 752 468 790 49.
504 749 620 789 Malle
654 762 698 788 se
738 752 825 787 dicit
863 750 1008 786 Catulus
1041 747 1105 786 vel
1146 759 1270 786 unum
1298 759 1471 798 parvum
1500 747 1551 786 de
1579 748 1708 787 officio
1735 746 1915 787 libellum
1945 759 2067 799 quam

310 813 470 863 longam
505 812 730 852 orationem
765 824 838 863 pro
873 811 1067 850 seditioso
1104 809 1267 849 homine
1304 809 1506 849 Cornelio.
1562 810 1882 860 (Lactantius
1908 811 2007 848 Inst.
2038 809 2064 848 l.

266 877 373 915 ioVI.
404 888 438 915 c.
468 877 503 916 2.
533 877 568 927 ξ.
603 876 676 926 15.)

410 941 473 978 50.
510 940 608 978 Nam
638 938 749 989 quod
776 936 931 975 vereris
958 947 1010 974 ne
1038 947 1118 974 non
1146 935 1362 976 conveniat
1389 935 1540 975 nostris
1568 934 1773 975 aetatibus
1797 935 1872 974 ista
1916 935 2066 985 oratio,

313 1013 418 1053 quae
447 1006 605 1052 spectet
633 1000 684 1039 ad
710 997 969 1038 hortandum.
995 1028 1002 1036 .
1028 1029 1035 1036 .
1094 998 1168 1046 (No
1181 998 1226 1036 ni
1244 1009 1297 1036 us
1325 1011 1361 1036 v,
1395 998 1623 1037 Convenire
1650 1010 1691 1049 p.
1728 999 1826 1047 270.)

412 1066 472 1102 51.
508 1065 588 1102 Aut
615 1062 685 1101 tibi
713 1062 754 1100 id
782 1061 914 1112 ipsum
944 1060 1264 1111 pervertendum
1292 1060 1385 1107 suit,
1416 1059 1527 1111 quod
1555 1066 1598 1099 tu
1624 1072 1676 1098 ne
1701 1061 1860 1111 attigisti
1885 1059 2066 1112 quidem,

313 1132 382 1165 aut
419 1127 506 1165 eius
539 1131 678 1177 partes
713 1123 830 1175 quasi
870 1121 1054 1160 membra
1091 1121 1294 1172 quaedam
1323 1115 1575 1162 caedendae.
1631 1121 1786 1171 (Idem
1813 1135 1852 1162 v.
1884 1122 2068 1163 Caedere

265 1199 299 1227 ι15
313 1201 349 1240 p.
384 1190 485 1239 271.)

414 1253 474 1291 52.
515 1251 646 1299 Quid?
691 1257 760 1301 tu,
802 1251 990 1302 inquam,
1035 1249 1162 1288 soles.
1195 1261 1286 1288 cum
1314 1248 1512 1287 rationem
1541 1259 1563 1286 a
1591 1246 1873 1298 dispensatore
1902 1248 2068 1300 accipis,

316 1315 346 1353 si
377 1327 472 1353 aera
502 1314 658 1365 singula
689 1313 896 1366 probasti,
927 1324 1153 1362 summam,
1184 1323 1290 1363 quae
1319 1323 1367 1350 ex
1396 1311 1444 1350 iis
1465 1310 1648 1349 confecta
1668 1310 1736 1359 sit,
1764 1323 1844 1349 non
1865 1310 2070 1362 probare?

317 1377 466 1425 (ldem
495 1390 532 1415 v.
562 1380 665 1416 Aera
696 1390 734 1428 p.
774 1378 879 1425 193.)

415 1441 475 1479 53.
516 1441 659 1490 Itaque
696 1439 766 1477 tibi
796 1437 996 1484 concedo,
1027 1435 1138 1488 quod
1165 1437 1205 1475 in
1235 1435 1451 1475 duodecim
1479 1436 1642 1487 scriptis
1669 1435 1869 1478 solemus.
1909 1441 1954 1474 ut
1984 1435 2070 1476 cal-

264 1513 302 1541 90
317 1503 449 1542 culum
481 1501 682 1551 reducas,
713 1502 744 1540 si
775 1508 812 1540 te
842 1501 1011 1540 alicuius
1040 1501 1120 1539 dati
1149 1501 1341 1552 paenitet.
1401 1499 1552 1549 (Idem
1582 1512 1619 1538 v.
1650 1499 1806 1550 Scripta
1835 1512 1872 1550 p.
1906 1500 2003 1549 170.)

415 1568 474 1604 54.
517 1566 602 1612 Qua
645 1578 688 1603 re
730 1564 983 1615 adgredere,
1027 1575 1205 1615 quaeso,
1251 1569 1291 1602 et
1318 1563 1545 1613 gratificare
1574 1563 1630 1600 rei
1658 1560 1861 1613 publicae.
1917 1562 2071 1610 (Idem

316 1642 353 1666 v.
384 1628 606 1667 Gratificari
636 1640 675 1678 p.
709 1629 815 1676 118.)

415 1691 476 1729 55.
512 1712 556 1717 —-
600 1689 695 1727 nihil
739 1695 876 1728 tamen
922 1700 1036 1736 esse,
1083 1690 1123 1726 in
1168 1700 1248 1739 quo
1291 1700 1335 1726 se
1376 1688 1534 1727 animus
1564 1686 1770 1726 excellens
1806 1686 1987 1727 tollere.
2021 1717 2068 1726 ..

317 1754 470 1803 (ldem
498 1766 534 1791 v.
564 1752 721 1791 Tollere
749 1765 788 1804 p.
825 1753 932 1799 407.)

266 1825 303 1853 25
417 1819 478 1855 56.
519 1817 691 1866 Captum
720 1827 784 1853 nie
814 1815 1013 1862 sortasse,
1042 1814 1194 1864 inquit,
1227 1819 1265 1851 tu
1297 1818 1437 1864 putas,
1468 1818 1508 1852 et
1535 1812 1596 1861 id,
1627 1811 1735 1864 quod
1764 1811 1932 1861 nollem,
1971 1823 2070 1850 con-

316 1881 417 1918 fiteri
448 1885 644 1918 coactum.
702 1878 862 1927 (Idem
891 1890 927 1916 V.
959 1878 1057 1927 Capi
1088 1889 1127 1927 p.
1158 1877 1266 1923 253.)

415 1943 476 1980 57.
515 1945 576 1980 An
616 1954 705 1980 cum
734 1940 871 1979 videat
898 1952 962 1978 me
993 1945 1032 1978 et
1059 1951 1172 1977 meos
1202 1940 1390 1987 comites,
1420 1937 1714 1985 fortitudinem,
1753 1936 2070 1987 magnitudinem

317 2006 459 2054 animi,
502 2005 755 2057 patientiam,
801 2004 1087 2050 constantiam,
1130 2005 1392 2053 gravitatem,
1437 2001 1580 2050 fidem,
1622 2000 1709 2051 ipsa
1751 2011 1796 2038 se
1841 1998 2073 2038 subducat?

318 2068 481 2117 (Idem
512 2081 548 2106 V.
580 2066 820 2106 Subducere
851 2079 888 2116 p.
923 2067 1031 2112 399.)

266 2148 302 2177 30
417 2132 476 2168 58.
520 2131 627 2167 5³²⁴‘ut
653 2129 707 2167 ait
742 2129 915 2167 Ennius:

418 2215 461 2220 —-
490 2191 723 2241 R'efugiat
752 2189 923 2229 timido
953 2201 1185 2238 sanguen
1214 2194 1367 2238 atque
1398 2186 1707 2225 exalbescat
1734 2191 1880 2225 metu.

319 2255 631 2303 (Priscianus
671 2253 697 2290 l.
740 2253 797 2291 Vl.
838 2265 872 2290 c.
915 2252 971 2290 12.
1004 2252 1024 2301 ξ
1067 2252 1126 2289 66.
1159 2250 1207 2289 cs.
1239 2251 1326 2289 Cic
1373 2248 1423 2287 de
1451 2250 1536 2287 Fin.
1570 2248 1592 2286 l.
1626 2250 1669 2286 V.
1702 2249 1891 2297 e.11.§.
1929 2250 1986 2288 31.
2021 2249 2071 2287 de

646 2317 756 2354 Orat.
788 2317 823 2364 3,
854 2316 915 2362 58,
944 2316 1029 2353 218.
1060 2314 1256 2352 Nonius
1286 2326 1323 2349 v.
1355 2313 1528 2362 Sanguis
1557 2325 1595 2363 p.
1635 2312 1742 2353 224.)

417 2381 475 2418 59.
512 2382 654 2430 Itaque
684 2391 759 2417 nec
787 2379 827 2416 in
856 2377 1108 2429 philosophia
1139 2376 1327 2426 cuiquam
1358 2375 1481 2413 cessit
1511 2380 1551 2413 et
1577 2375 1682 2414 vitae
1709 2375 1904 2425 gravitate
1948 2386 2072 2425 prae-

269 2444 429 2488 35stitit.
487 2442 637 2491 (ldem
666 2456 701 2480 V.
733 2443 945 2481 Praestare
973 2453 1013 2491 p.
1046 2441 1149 2485 371.)

419 2510 477 2545 60.
521 2528 564 2532 ——
592 2503 825 2554 magnitudo
864 2503 1008 2549 animi⁷
1047 2502 1239 2552 patientia
1268 2499 1477 2545 laborum,
1508 2500 1646 2538 mortis
1675 2499 1944 2550 dolorumque
1973 2511 2072 2537 con-

320 2570 485 2619 temptio
512 2590 559 2595 —
589 2568 754 2615 (Idem
782 2579 820 2604 v.
852 2567 1119 2616 Contemptus
1151 2576 1188 2614 p.
1217 2564 1283 2602 201
1316 2566 1402 2613 sq.)

418 2632 477 2669 61.
510 2653 555 2660 --
586 2636 627 2668 ut
655 2642 701 2668 ea
731 2629 806 2667 sibi
836 2629 935 2667 ratio
964 2640 1061 2666 vera
1091 2627 1300 2674 restituat,
1331 2638 1436 2677 quae
1466 2625 1718 2664 consuetudo
1751 2625 1892 2663 vitiosa
1933 2623 2072 2662 detra-

320 2694 436 2730 xerit.
494 2692 650 2739 (Idem
679 2704 716 2730 v.
748 2690 969 2729 Detrahere
999 2702 1037 2739 p.
1071 2690 1179 2735 288.)

269 2768 305 2798 40
420 2756 476 2794 62.
513 2754 801 2794 Consolabitur
838 2765 929 2791 eum
959 2750 1192 2801 magnitudo
1222 2751 1340 2789 animi
1370 2757 1409 2789 et
1437 2751 1702 2790 humanarum
1732 2749 1964 2800 opinionum
1994 2748 2072 2787 alta

323 2817 523 2867 quaedam
554 2816 778 2867 despectio.
836 2814 990 2862 (ldern
1020 2827 1055 2851 v.
1087 2814 1306 2864 Despicere
1335 2826 1376 2864 p.
1406 2814 1514 2859 28s.)

422 2882 480 2917 63.
523 2879 652 2917 llabet
681 2879 785 2916 enim
817 2879 902 2928 ipsa
934 2883 1084 2915 certam
1114 2882 1155 2914 et
1183 2875 1387 2915 definitam
1416 2877 1534 2923 viam,
1567 2875 1639 2913 sed
1670 2886 1718 2912 ex
1748 2886 1793 2911 ea
1814 2872 1948 2912 multis
1969 2873 2072 2910 vitiis

323 2947 362 2978 et
386 2940 592 2979 erroribus
626 2941 846 2992 depravata
874 2939 1102 2978 deducitur.
1159 2938 1314 2981 (Idem
1346 2952 1381 2977 v.
1415 2938 1638 2977 Deductum
1666 2949 1706 2987 p.
1737 2937 1844 2981 289.)

421 3003 479 3040 64.
510 3025 552 3030 —
583 3002 730 3041 deinde
757 3004 952 3051 imitator,
982 3008 1025 3040 ut
1049 3001 1123 3039 sibi
1158 3000 1323 3052 quidem
1355 3002 1539 3049 videtur,
1570 3006 1737 3039 naturae
1767 3010 1855 3036 mos
1881 2997 2070 3036 vindicat.

272 3065 478 3109 45(ldem
507 3078 543 3102 v.
575 3065 786 3104 Vindicare
815 3078 853 3117 p.
884 3065 992 3114 419.)

410 3229 441 3260 2.
482 3230 531 3260 An
557 3230 693 3268 raptus?
718 3230 774 3260 On.
807 3247 838 3251 —
865 3230 897 3261 7.
923 3229 1144 3269 explanandis
1166 3228 1298 3260 Nonius
1324 3228 1450 3259 Perotti
1477 3228 1510 3258 et
1533 3227 1631 3258 Iunii.
1662 3243 1694 3248 —
1724 3225 1775 3257 36.
1801 3224 1915 3255 mortis
1937 3223 2072 3262 denique

323 3280 515 3319 contemptio
561 3279 658 3309 Nonii
685 3278 769 3310 Edd.
796 3279 882 3310 Ven.
916 3278 1045 3310 March.
