2249 3624
261 218 343 262 822
931 215 1001 255 DE
1033 214 1100 254 RE
1132 211 1359 254 PUBLICA

374 326 467 366 XII.
498 323 564 364 20.
600 321 726 377 [ΧΙΙΙ.
749 318 830 374 22.]
871 321 934 361 Vel
962 320 999 360 si
1027 320 1225 360 iustitiam
1255 319 1366 371 sequi
1394 317 1494 357 volet
1523 317 1600 365 dei,
1632 317 1759 357 divini
1781 323 1911 358 tamen
1929 318 2034 359 iuris

262 391 431 443 iynarus
460 389 586 441 qentis
616 399 710 425 suae
740 386 840 437 leqes
869 390 1071 436 tamquam
1100 395 1236 422 cerum
1265 382 1330 421 ius
1359 381 1632 433 amplectitur,
1667 393 1766 433 quas
1793 393 1874 420 non
1901 382 2035 433 utique

261 452 432 498 iustitia,
463 451 527 490 sed
555 449 710 488 utilitas
739 447 924 499 repperit.
973 446 1054 486 Cur
1083 445 1187 484 enim
1211 457 1288 496 per
1317 457 1449 483 omnes
1470 443 1641 495 populos
1669 444 1826 484 diversa
1856 449 1891 483 et
1918 445 2037 484 varia

263 516 358 555 iura
386 519 478 554 sunt
507 512 682 558 condita,
713 510 794 549 nisi
825 508 926 562 quod
954 521 1035 548 una
1067 520 1239 560 quaeque
1268 519 1361 558 qens
1391 506 1432 545 id
1461 505 1536 545 sibi
1565 507 1720 554 sanoeit,
1754 506 1857 559 quod
1879 507 2039 558 putavit

231 577 377 621 5rebus
406 576 490 615 suis
518 575 644 614 utile?
705 573 909 623 Quantum
947 577 1079 611 autem
1115 584 1140 610 a
1177 570 1335 609 iustitia
1363 568 1516 608 recedat
1544 569 1721 614 utilitas,
1754 569 1928 621 populus
1957 569 2040 620 ipse

262 642 467 680 Romanus
496 637 620 684 docet,
652 636 720 689 qui
742 647 818 687 per
843 634 999 686 fetiales
1029 634 1127 673 bella
1157 632 1361 672 indicendo
1394 636 1426 671 et
1458 631 1626 683 leqitime
1656 631 1834 671 iniurias
1859 631 2041 683 faciendo

262 713 486 755 semperque
515 700 647 739 aliena
677 697 865 750 cupiendo
897 703 1012 749 atque
1042 696 1231 748 rapiendo
1254 695 1542 747 possessionem
1571 693 1649 733 sibi
1669 694 1790 734 totius
1810 693 1918 733 orbis
1938 705 2043 733 com-

256 765 438 819 paravit.
500 761 821 814 (Lactantius
851 761 952 800 Inst.
974 760 1053 799 div.
1083 759 1157 806 VI,
1180 756 1232 809 9.)

375 826 429 867 Ni
454 826 578 878 fallor
607 826 728 870 enim,
761 835 873 863 omne
901 835 1068 875 reynum
1096 822 1155 861 vel
1184 820 1396 873 imperium
1425 819 1533 859 bellis
1562 819 1773 872 quaeritur
1802 824 1837 858 et
1859 819 2041 859 victoriis

217 894 523 944 iopropayatur.
569 889 699 928 Porro
731 886 829 925 bella
860 892 895 925 et
924 885 1115 925 victoriae
1145 885 1272 936 captis
1302 889 1336 923 et
1367 883 1511 922 eversis
1525 883 1750 934 plurimum
1769 882 1931 922 urbibus
1950 894 2041 922 con-

264 959 382 995 stant.
431 951 477 991 Id
504 951 704 1003 neqotium
733 951 816 988 sine
846 948 1009 988 deorum
1037 948 1194 987 iniuria
1222 959 1301 985 non
1332 952 1411 984 est:
1443 945 1595 984 eaedem
1617 951 1769 997 straqes
1789 945 1987 984 moenium
2007 950 2043 985 et

264 1015 510 1067 templorum,
535 1026 658 1065 pares
688 1011 820 1051 caedes
852 1011 998 1050 civium
1028 1016 1062 1049 et
1092 1010 1340 1049 sacerdotum
1370 1021 1438 1047 nec
1467 1008 1679 1047 dissimiles
1708 1009 1876 1060 rapinae
1905 1020 2044 1048 sacra-

264 1091 356 1118 rum
386 1077 622 1116 divitiarum
653 1081 688 1115 et
710 1074 995 1127 profanarum.
1044 1074 1114 1112 Tot
1144 1073 1271 1124 iqitur
1301 1071 1516 1122 sacrileyia
1535 1071 1810 1110 Romanorum
1839 1076 1933 1123 quot
1962 1076 2044 1111 tro-

258 1153 376 1193 paea,
410 1144 465 1178 tot
493 1139 538 1178 de
566 1138 629 1177 dis
658 1142 750 1190 quot
779 1137 824 1176 de
853 1136 1029 1188 qentibus
1060 1136 1270 1187 triumphi,
1304 1140 1358 1173 tot
1390 1134 1598 1173 manubiae
1626 1139 1719 1186 quot
1738 1138 1897 1173 manent
1916 1133 2044 1174 adhuc

216 1217 250 1245 15
265 1203 484 1242 simulacra
513 1207 720 1252 captorum
752 1199 915 1238 deorum
946 1204 1024 1238 etc.
1076 1195 1447 1249 (Tertullianus
1478 1195 1641 1249 Apoloq.
1666 1193 1751 1249 25.)

380 1262 448 1304 21.
502 1262 608 1317 [XV.
644 1259 727 1315 Q]
779 1262 1018 1307 Carneades,
1051 1261 1238 1312 quoniam
1269 1266 1383 1300 erant
1413 1260 1586 1311 infirma,
1619 1272 1718 1311 quae
1748 1273 1773 1298 a
1796 1259 2047 1311 philosophis

267 1327 563 1376 adserebantur,
596 1327 738 1366 sumsit
767 1325 979 1365 audaciam
1008 1324 1224 1376 refellendi,
1258 1324 1354 1375 quia
1384 1323 1510 1374 refelli
1533 1335 1650 1374 posse
1680 1323 1888 1362 intellexit.
1938 1322 2045 1361 Eius

266 1391 546 1442 disputationis
576 1402 730 1429 summa
760 1389 853 1427 haec
879 1388 980 1439 fuit:
1012 1388 1112 1426 Iura
1142 1387 1218 1425 sibi
1247 1387 1423 1426 homines
1445 1398 1525 1438 pro
1555 1386 1726 1425 utilitate
1747 1386 1945 1433 sanxisse,
1968 1385 2046 1425 sci-

268 1454 355 1493 licet
390 1454 510 1493 ‘varia
542 1466 621 1505 pro
660 1452 836 1491 moribus
872 1456 908 1490 et
937 1451 1042 1502 apud
1072 1450 1222 1490 eosdem
1245 1461 1323 1501 pro
1355 1449 1595 1501 temporibus
1624 1462 1736 1501 saepe
1765 1454 1940 1495 mutata,
1981 1449 2046 1487 ius

218 1531 254 1561 20
268 1521 398 1556 autem
427 1516 610 1555 naturale
640 1529 719 1555 esse
748 1515 923 1554 nullum.-
973 1526 1106 1553 omnes
1136 1519 1169 1552 et
1199 1513 1376 1552 homines
1406 1518 1440 1551 et
1470 1513 1574 1552 alias
1604 1513 1826 1551 animantes
1855 1511 1906 1550 acl
1934 1511 2046 1550 utili-

269 1584 367 1619 tates
405 1592 499 1618 suas
528 1584 677 1618 natura
705 1577 864 1616 ducente
889 1578 1016 1629 ferri:
1055 1575 1225 1628 proinde
1255 1581 1325 1614 aut
1353 1575 1505 1614 nullam
1540 1589 1618 1615 esse
1648 1575 1846 1614 iustitiam
1874 1579 1968 1620 aut,
2009 1573 2046 1614 si

268 1643 320 1681 sit
349 1642 507 1694 aliqua,
549 1653 744 1680 summam
774 1653 853 1679 esse
883 1640 1114 1684 stultitiam,
1154 1638 1342 1689 quoniam
1371 1637 1446 1676 sibi
1475 1644 1630 1677 noceret
1659 1638 1802 1677 alienis
1831 1636 2045 1676 commodis

268 1704 485 1745 consulens.
536 1704 592 1743 Et
621 1703 811 1755 inferebat
842 1704 935 1743 haec
966 1706 1222 1754 arqumeuta:
1264 1700 1454 1741 Omnibus
1477 1701 1653 1751 populis,
1677 1699 1746 1752 qui
1761 1700 1948 1751 florerent
1968 1700 2043 1738 im-

262 1767 403 1820 perio,
447 1772 482 1806 et
512 1766 704 1805 Romanis
734 1778 883 1817 quoque
912 1766 1034 1817 ipsis,
1077 1764 1144 1816 qui
1174 1765 1295 1803 totius
1319 1763 1425 1802 orbis
1446 1764 1696 1815 potirentur,
1737 1762 1772 1801 si
1802 1762 1899 1801 iusti
1926 1762 2045 1801 velint

221 1844 257 1874 25
271 1844 361 1876 esse,
393 1830 466 1869 lioc
496 1834 563 1876 est,
594 1829 630 1868 si
660 1829 791 1868 aliena
824 1830 1046 1875 restituant,
1078 1827 1129 1866 ad
1158 1840 1273 1866 casas
1303 1840 1382 1865 8338
1414 1827 1652 1866 redeundum
1681 1832 1717 1865 et
1746 1826 1789 1864 in
1813 1830 1978 1877 eyestate
1998 1837 2045 1864 ac

270 1893 446 1933 miseriis
477 1892 695 1931 iacendum.
747 1889 1066 1943 (Lactantius
1096 1890 1195 1928 Just.
1217 1890 1296 1928 dic.
1332 1891 1378 1934 V,
1404 1886 1484 1939 16)

384 1955 548 1994 Sublata
585 1954 789 1993 hominum
825 1954 1037 1993 concordia
1066 1954 1195 1992 ‘virtus
1225 1952 1338 1991 *nulla
1368 1958 1423 1991 est
1454 1952 1626 1991 omnino.
1681 1950 1792 2000 Quae
1821 1956 1912 1989 sunt
1942 1950 2047 1990 enim

266 2019 429 2071 patriae
458 2017 661 2056 commoda
696 2018 776 2056 nisi
814 2017 982 2056 alterius
1014 2017 1192 2055 civitatis
1223 2021 1292 2055 aut
1321 2015 1448 2067 qentis
1478 2014 1754 2054 incommoda?
1797 2013 1839 2051 id
1870 2019 1926 2052 est
1950 2013 2047 2064 fines

264 2092 494 2133 propaqare
523 2080 617 2119 aliis
646 2080 834 2118 violenter
864 2084 1027 2130 ereptos,
1061 2090 1205 2130 auyere
1235 2078 1457 2130 imperium,
1501 2078 1711 2129 recliyalia
1728 2078 1860 2128 facere
1878 2076 2048 2114 meliora

221 2156 284 2185 30.
314 2174 323 2183 .
350 2172 361 2182 .
421 2143 531 2181 Haec
562 2143 712 2193 itaque,
743 2148 786 2180 ut
815 2142 894 2193 ipsi
922 2141 1135 2192 appellant,
1160 2140 1260 2179 bona
1290 2140 1470 2192 quisquis
1493 2141 1655 2191 patriae
1685 2139 1943 2191 adquisierit,
1974 2138 2047 2177 hoc

272 2211 347 2250 est,
380 2205 523 2244 eversis
553 2204 778 2243 civitatibus
807 2203 1056 2255 qentibusque
1086 2203 1219 2242 deletis
1250 2204 1455 2242 aerarium
1478 2203 1651 2255 pecunia
1680 2202 1894 2254 referserit,
1926 2213 2047 2253 aqros

272 2269 430 2319 ceperit,
463 2268 567 2306 cii-es
596 2280 688 2306 suos
718 2267 991 2318 locupletiores
1016 2266 1166 2317 fecerit,
1198 2266 1262 2304 hic
1292 2266 1473 2304 laudibus
1499 2266 1633 2317 fertur
1662 2266 1704 2304 in
1725 2264 1888 2311 caelum,
1911 2264 1954 2303 in
1974 2264 2046 2302 hoc

265 2336 436 2383 putatur
464 2343 619 2369 summa
649 2335 682 2368 et
709 2330 881 2380 perfecta
912 2341 991 2367 esse
1020 2329 1171 2367 virtus:
1203 2328 1270 2379 qui
1300 2340 1418 2366 error
1444 2340 1524 2367 non
1554 2328 1667 2366 modo
1690 2327 1832 2379 populi
1861 2332 1896 2365 et
1925 2327 2047 2378 impe-

273 2394 457 2439 ritorum,
490 2393 554 2432 secl
583 2393 702 2431 etiam
723 2392 1053 2443 philosophorum
1083 2396 1149 2435 est,
1181 2391 1249 2442 qui
1271 2396 1487 2441 praecepta
1516 2402 1666 2442 quoque
1695 2389 1790 2428 dant
1816 2388 1867 2427 ad
1886 2388 2048 2427 iniusti-

225 2468 261 2497 35
274 2458 392 2501 tiam,
433 2469 480 2494 ne
510 2455 701 2494 stultitiae
730 2467 776 2493 ac
806 2454 983 2494 malitiae
1012 2453 1245 2504 disciplinae
1276 2453 1495 2491 auctoritas
1524 2452 1636 2491 desit.
1707 2449 2046 2505 (Lactantius

274 2520 372 2558 Inst.
394 2519 470 2558 ctio.
503 2518 577 2566 VI,
601 2515 653 2571 6.)

275 2597 415 2652 p.57·]
477 2600 607 2642 XIII.
640 2594 791 2651 [xlv.]
836 2597 920 2640 23.
951 2594 989 2628 ‘²3³’
1012 2593 1047 2627 ‘³3¹³
1069 2593 1107 2627 ·:;<·
1132 2593 1139 2647 Ι
1167 2595 1283 2639 Sunt
1315 2599 1426 2639 enim
1459 2610 1629 2650 omnes,
1661 2598 1734 2651 qui
1766 2597 1807 2636 in
1841 2595 2048 2649 populum

275 2672 395 2711 vitae
426 2670 634 2723 necisque
667 2670 934 2721 potestatem
966 2666 1143 2719 habent,
1167 2667 1360 2722 tyranni,
1382 2665 1459 2706 scd
1484 2678 1531 2706 se
1553 2666 1676 2706 Iovis
1700 2665 1850 2717 optimi
1875 2666 2048 2704 nomine

277 2739 441 2779 malunt
480 2750 612 2792 reges
651 2738 818 2779 vocari.
879 2736 983 2778 Cum
1024 2739 1169 2775 autem
1211 2737 1322 2776 certi
1362 2737 1546 2788 propter
1586 2734 1766 2774 divitias
1797 2735 1872 2774 aut
1904 2745 2049 2788 genus

227 2816 264 2846 40
278 2810 352 2847 aut
383 2808 554 2861 aliquas
593 2819 702 2861 opes
739 2818 829 2846 rem
861 2806 1078 2859 publicam
1110 2808 1284 2854 tenent,
1325 2807 1394 2845 est
1425 2803 1585 2855 factio,
1625 2801 1704 2843 sed
1737 2804 1957 2843 vocantur
1988 2801 2049 2841 illi

366 2972 395 3002 l.
429 2971 523 3001 Haec
548 2971 582 3001 et
606 2970 789 3010 sequentia
815 2969 839 3000 O
865 2977 907 3000 eo
932 2967 1054 2999 ordine
1080 2967 1206 3006 habet,
1241 2968 1300 3007 qui
1325 2968 1482 2999 numeris
1506 2965 1648 2998 inclusis
1678 2964 1891 3005 significatus
1916 2966 1979 2997 est.
2008 2982 2043 2987 —

278 3021 309 3051 6.
334 3020 476 3051 iniurias
500 3020 667 3059 inferendo
691 3019 770 3051 lect.
792 3027 866 3050 var.
907 3034 940 3040 —
980 3018 1010 3048 7.
1038 3018 1198 3055 capiendo
1222 3016 1353 3057 aliquot
1379 3017 1479 3052 dett..
1506 3017 1589 3047 item
1615 3016 1837 3047 Monacensis
1876 3032 1910 3036 -
1947 3015 2048 3046 totius

277 3070 365 3101 orbis
386 3069 445 3100 sibi
470 3071 603 3100 Monac.
633 3087 667 3092 -
694 3069 725 3101 9.
754 3069 825 3100 Hoc
851 3068 973 3108 fragm.
1002 3068 1065 3098 Mai
1091 3068 1123 3097 in
1149 3066 1231 3097 edit.
1259 3066 1316 3098 alt.
1344 3066 1409 3098 sibi
1435 3065 1638 3097 addendum
1664 3065 1811 3105 putavit,
1838 3064 1939 3096 deest
1962 3064 1996 3095 in
2020 3064 2046 3094 Ο

282 3136 316 3141 -
343 3119 397 3150 20.
422 3119 578 3150 naturale
601 3128 666 3150 esse
689 3120 821 3150 omnino
845 3118 901 3149 sed
923 3117 1068 3148 hanzines
1098 3116 1176 3148 cod.
1206 3117 1355 3155 Monac,
1381 3116 1474 3147 unde
1499 3114 1731 3147 scribendum
1756 3113 1911 3145 videtur:
1945 3117 2047 3145 natu-

278 3169 350 3199 rale
373 3176 438 3199 esse
461 3168 587 3198 nullum
611 3169 754 3207 omniuo,
779 3168 832 3199 sed
854 3167 999 3198 homines
1028 3167 1109 3202 etc..
1141 3166 1174 3196 in
1199 3174 1298 3205 seqq.
1327 3168 1445 3197 tamen
1470 3166 1642 3205 scriptura
1674 3165 1706 3195 in
1732 3172 1774 3195 eo
1799 3162 1920 3195 codice
1943 3161 2046 3194 valde

280 3217 418 3249 turbata
444 3218 496 3247 cst
524 3233 557 3238 —
584 3217 636 3247 25.
664 3217 697 3248 in
721 3217 909 3248 necessitate
933 3214 1036 3247 codd.
1064 3214 1194 3256 aliquot
1218 3215 1319 3253 dett,
1347 3217 1380 3246 at
1405 3224 1436 3247 v.
1458 3216 1549 3246 Lact.
1570 3215 1658 3255 Epit.
1678 3222 1707 3245 c.
1723 3213 1777 3245 56.
1806 3230 1841 3235 -
1869 3213 1921 3244 35.
1947 3212 2046 3244 disci—

277 3298 374 3337 plina
397 3300 426 3328 ct
450 3296 630 3327 auctoritas
653 3296 729 3328 libri
746 3297 831 3329 dett.
857 3314 900 3319 —
923 3296 976 3329 38.
1003 3270 1085 3327 10ng
1111 3295 1135 3327 C
1163 3311 1198 3317 -
1226 3295 1266 3326 39
1289 3296 1385 3336 (item
1404 3304 1437 3336 p.
1453 3295 1528 3335 823,
1547 3296 1578 3327 2.
1593 3295 1637 3335 6.)
1663 3303 1730 3331 Qum
1756 3294 1780 3324 C
1807 3311 1843 3318 -
1869 3292 1923 3325 40.
1942 3294 2048 3325 tenent

283 3347 411 3379 Moser:
442 3353 588 3377 rusum-T
614 3346 651 3377 C.
