2249 3624
315 258 396 300 946
1051 258 1332 299 CICERONIS

316 362 425 400 frons
448 373 530 400 non
552 372 766 413 percussa,
789 372 870 400 non
893 361 1043 409 semur;
1073 359 1193 412 pedis
1221 360 1345 411 (quod
1373 361 1581 399 minimum
1602 362 1676 412 est)
1704 361 1815 401 nulla
1842 359 2066 413 supplosio.

315 425 456 475 Itaque
490 429 646 463 tantum
686 424 831 473 abfuit,
869 428 913 461 ut
939 423 1213 462 inflammares
1251 428 1414 462 nostros
1442 423 1617 462 animos:
1656 436 1844 463 somnum
1876 424 1953 463 isto
1981 422 2069 462 loco

316 487 383 525 vix
411 486 668 525 tenebamus.
726 486 835 535 (Cic.
865 487 975 524 Brut.
1007 498 1042 525 c.
1071 487 1132 524 80.
1164 486 1198 536 ξ.
1229 486 1313 525 278.
1350 486 1511 532 Quint.
1539 484 1564 525 l.
1597 487 1645 536 c.)

417 549 452 586 6.
494 549 578 599 Ego
600 554 637 587 te
658 553 767 587 certo
796 549 879 586 scio
909 560 1052 587 omnes
1079 546 1208 599 logos,
1237 548 1305 599 qui
1333 547 1440 587 ludis
1462 547 1556 587 dicti
1577 553 1685 598 sunt,
1716 547 2070 589 animadvertisse.

285 611 446 662 5(Non.
476 624 514 650 v.
543 611 638 661 Logi
668 624 709 661 p.
738 611 822 660 63.)

416 677 454 713 7.
495 675 791 712 Poematorum.
849 672 1054 722 (Charis.
1084 673 1127 711 L.
1156 672 1184 711 I.
1215 684 1255 723 p.
1288 673 1371 712 114.
1401 671 1465 712 ed.
1497 673 1672 723 Putsch.)

417 736 455 776 8.
499 736 763 786 «Propositis,
802 734 952 785 quibus
990 735 1229 786 responsuri
1263 747 1429 785 sumus,
1461 735 1744 786 quaerendum
1773 736 1892 775 nobis
1920 737 1996 775 erit
2022 749 2074 776 an

316 800 422 837 inter
449 811 493 837 se
522 803 755 849 comparata
782 798 1053 848 repugnantia
1079 798 1178 847 sint,
1218 803 1259 836 ut
1287 799 1371 836 suis
1405 798 1526 837 armis
1558 803 1762 837 corruant.
1801 821 1846 826 —
1882 798 2076 838 Similiter

315 873 390 912 pro
420 861 561 910 Gallio,
593 861 661 899 ubi
691 866 905 900 accusator
929 860 970 898 in
1001 872 1045 898 se
1073 872 1228 911 poenas
1254 860 1424 909 obiecit3
1453 860 1510 898 ibi
1538 861 1645 898 enim
1673 860 1769 900 dum
1792 861 1950 912 singula
1968 863 2075 900 inter

268 924 303 952 ⁴⁰
318 937 362 963 se
391 929 617 975 comparat,
654 923 826 962 alterum
861 922 988 962 altero
1025 922 1178 962 Tullius
1216 922 1380 963 deluit».
1439 921 1540 973 (lul.
1572 923 1846 963 Severian.
1889 924 2070 975 Syntom.

316 987 430 1027 Rhet.
460 1000 500 1039 p.
530 987 639 1036 306.)

911 1048 973 1104 [X.
1020 1048 1125 1090 PRO
1157 1049 1199 1089 L.
1232 1047 1482 1103 OTHONE]

419 1119 451 1157 1.
498 1116 583 1171 [Hic
612 1118 643 1156 si
675 1129 768 1155 sese
795 1117 860 1155 isti
887 1117 977 1156 viae
1007 1113 1265 1169 dedidisset]
1325 1117 1629 1166 (Arusianus
1658 1130 1697 1169 p.
1727 1118 1799 1157 223
1827 1117 1965 1168 Lind.)

740 1205 807 1247 XI.
855 1205 923 1246 DE
954 1204 1400 1248 PROSCRIPTORUM
1432 1205 1648 1247 LIBERIS.

268 1281 303 1310 15
414 1275 496 1314 Hae
535 1274 715 1313 oratione
755 1274 896 1313 Cicero
935 1274 1027 1312 Cos.
1072 1273 1177 1321 (691.
1207 1273 1251 1312 U.
1284 1273 1332 1324 e.)
1363 1273 1444 1324 egit
1472 1272 1522 1311 de
1555 1274 1707 1313 tuenda
1741 1273 1832 1323 lege
1870 1272 2073 1323 Cornelia,

317 1349 397 1388 qua
424 1338 746 1388 proscriptorum
774 1335 892 1374 liberi
920 1336 1116 1374 honorum
1145 1334 1417 1387 petendorum
1447 1341 1650 1387 potestate
1677 1336 1822 1387 privati
1852 1341 1980 1375 erant.

419 1403 451 1438 1.
490 1401 691 1437 Mollienda
719 1405 768 1436 est
794 1402 833 1436 in
858 1401 1038 1446 plerisque
1063 1402 1137 1436 alio
1166 1402 1282 1436 colore
1311 1402 1489 1446 asperitas
1517 1403 1708 1446 orationis,
1730 1406 1768 1435 ut
1790 1400 1909 1436 Cicero
1931 1403 1972 1436 de
1988 1412 2075 1446 pro-

315 1465 533 1510 scriptorum
560 1464 683 1498 ttberis
710 1465 804 1508 fecit.
861 1460 966 1508 Quid
987 1461 1093 1499 enim
1114 1460 1335 1508 crudelius,
1366 1473 1486 1511 quam
1509 1461 1694 1499 homines
1722 1461 1903 1500 honestis
1921 1473 2075 1512 paren—

317 1524 423 1563 tibus
461 1538 507 1563 ac
541 1524 761 1563 maioribus
798 1529 915 1563 natos
953 1537 974 1562 a
1001 1536 1045 1562 re
1072 1523 1236 1574 publica
1276 1523 1540 1562 submoveri?
1608 1526 1735 1572 ltaque
1769 1528 1900 1561 durum
1936 1528 1975 1561 id
2006 1538 2077 1562 esse

266 1593 474 1624 Qosummus
510 1591 571 1624 ‘itte
603 1591 876 1624 tractandorum
915 1590 1121 1623 animorum
1163 1589 1298 1631 artiscoe
1336 1590 1541 1633 confitetur.-
1588 1590 1649 1623 sed
1691 1590 1745 1624 ita
1783 1589 1918 1635 Ieyibus
1953 1588 2076 1625 Sullae

315 1654 504 1688 cohaerere
530 1658 663 1687 statum
691 1653 848 1687 civitatis
877 1653 1052 1697 affirmat,
1085 1656 1124 1686 ut
1152 1652 1207 1685 his
1234 1652 1359 1686 solutis
1387 1656 1482 1686 stare
1509 1653 1590 1696 ipsa
1616 1662 1687 1686 non
1714 1654 1840 1697 possit.
1890 1652 2075 1688 Assecutus

316 1717 437 1761 itaque
465 1721 525 1757 est,
557 1721 595 1751 ut
622 1716 765 1761 aliquid
795 1726 916 1750 eorum
944 1725 1082 1760 quoque
1119 1726 1230 1749 causa
1267 1716 1448 1749 videretur
1481 1716 1619 1758 facere,
1657 1720 1783 1750 contra
1809 1726 1896 1761 quos
1929 1716 2072 1750 diceret.

317 1777 502 1825 (Quint.
532 1776 558 1817 l.
588 1777 655 1817 XI.
687 1788 721 1815 C.
754 1777 787 1815 1.
820 1776 855 1826 ξ.
885 1775 961 1825 85)

681 1851 767 1893 Xll.
815 1851 1024 1893 CONTRA
1056 1850 1366 1893 CONTIONEM
1399 1850 1445 1900 Q.
1480 1850 1719 1894 METELLI.

264 1929 301 1958 25
417 1921 580 1969 (Contra
619 1920 848 1958 contionem
884 1920 930 1966 Q.
968 1917 1139 1967 Metelli,
1181 1918 1274 1956 trib.
1305 1917 1385 1969 pl.,
1421 1930 1455 1956 a.
1489 1918 1527 1957 d.
1558 1919 1618 1958 ΙΙΙ.
1650 1920 1750 1957 Non.
1782 1919 1940 1958 Ianuar.
1979 1919 2074 1958 anni

315 1995 355 2033 p.
384 1983 428 2021 U.
460 1995 494 2021 c.
525 1984 610 2022 692.
641 1982 835 2030 habitam,
866 1982 1008 2020 Cicero
1036 1980 1152 2019 brevi
1180 1986 1272 2032 post
1296 1980 1408 2029 dixit,
1443 1980 1579 2018 multis
1609 1980 1740 2019 modis
1766 1980 1996 2020 lacessitus.
2028 2005 2073 2010 ——

316 2046 565 2084 Metetttanam
593 2045 815 2084 orationem
844 2049 963 2083 vocat
989 2043 1211 2082 Scholiasta
1234 2044 1516 2082 Gronovianus
1535 2042 1587 2082 ad
1608 2043 1724 2083 Catil.
1746 2043 1784 2094 4,
1813 2045 1850 2090 5,
1881 2046 1940 2094 10,
1971 2043 2075 2083 adeo

316 2114 360 2147 ut
389 2107 552 2147 saeculo
583 2108 721 2158 quinto
750 2120 790 2158 p.
823 2107 895 2146 Ch.
926 2105 1107 2145 nondum
1137 2104 1351 2157 deperdita
1379 2106 1504 2144 fuisse
1531 2104 1753 2156 videatur).

419 2172 454 2209 1.
494 2171 559 2209 Sic
581 2171 701 2217 enim,
731 2176 774 2209 ut
794 2170 950 2220 opinor,
972 2169 1168 2219 insequar
1194 2169 1429 2219 fugientem,
1459 2169 1649 2220 quoniam
1671 2167 1864 2220 congredi
1882 2181 1964 2208 non
1983 2169 2077 2208 licet

265 2239 302 2268 30
318 2245 408 2271 cum
438 2233 670 2272 resistente.
726 2231 1030 2282 (Augustini
1059 2231 1255 2282 Principia
1286 2231 1398 2270 Rhet.
1429 2243 1469 2282 p.
1501 2233 1584 2270 327.
1617 2231 1808 2282 Capper.)

417 2296 453 2334 2.
497 2295 706 2334 Permulsa
735 2300 857 2346 atque
885 2298 1070 2332 recreata
1099 2299 1175 2331 est.
1231 2293 1403 2342 (Prisc.
1435 2292 1460 2331 l.
1491 2294 1555 2332 IX.
1588 2306 1621 2332 c.
1652 2296 1688 2332 9.
1718 2295 1754 2342 §.
1784 2294 1868 2344 51.)

417 2360 453 2397 3.
495 2358 577 2396 Nisi
607 2370 746 2396 eorum
777 2357 897 2395 exitio
926 2369 1008 2395 11011
1035 2356 1327 2406 requieturam.
1384 2356 1418 2404 (1
1432 2354 1534 2393 dem
1563 2355 1589 2393 l.
1620 2356 1669 2394 X.
1701 2368 1735 2394 0.
1766 2357 1801 2394 3.
1834 2357 1870 2408 ξ.
1903 2357 1982 2404 18.)

416 2420 452 2459 4.
491 2419 668 2459 Escendi
695 2420 735 2458 in
764 2420 1017 2458 contionem:
1059 2430 1282 2457 concursus
1310 2423 1373 2456 est
1391 2418 1531 2469 populi
1560 2418 1703 2457 sactus.
1741 2418 1872 2468 (Gell.
1894 2418 1920 2456 l.
1938 2418 2073 2458 XVIII.

319 2494 352 2520 0.
382 2483 442 2530 7.)

269 2549 305 2577 35
419 2545 455 2583 5.
497 2545 688 2583 Vestrum
705 2544 785 2583 iam
804 2543 868 2582 1110
888 2543 1035 2582 sactum
1053 2541 1388 2594 deprehenditur,
1406 2547 1544 2594 patres
1565 2541 1798 2593 conscripti,
1818 2555 1899 2581 non
1919 2555 2071 2582 meum:

320 2619 366 2645 ac
386 2606 704 2656 pulcherrimum
724 2606 889 2657 quidem
910 2606 1079 2645 sactum:
1111 2617 1268 2654 verum,
1298 2610 1342 2643 ut
1361 2603 1458 2654 dixi,
1487 2617 1567 2643 non
1596 2617 1746 2654 meum,
1778 2603 1851 2643 sed
1879 2610 2075 2645 vestrum.

322 2667 543 2717 (Quintil.
574 2668 600 2706 1.
629 2669 695 2707 ΙΧ.
723 2681 756 2706 c.
788 2669 821 2706 3.
849 2669 883 2718 ἓ.
910 2668 985 2714 40.)
1038 2668 1119 2705 Vos
1149 2667 1255 2704 enim
1285 2667 1497 2716 statuistis,
1528 2679 1600 2705 vos
1630 2666 1872 2705 sententiam
1902 2666 2076 2716 dixistis,

321 2742 393 2769 vos
420 2729 644 2770 iudicastis.
702 2732 846 2781 (Idem
874 2731 973 2769 ibid.
1004 2731 1039 2780 ξ.
1071 2729 1147 2779 45.)

421 2794 455 2831 6.
499 2794 617 2831 Venit
646 2806 695 2831 ex
722 2794 831 2832 Asia.
884 2794 966 2831 1100
993 2793 1128 2844 ipsum
1158 2802 1280 2841 quam
1308 2791 1476 2830 novuml
1519 2790 1722 2830 Tribunus
1749 2789 1860 2841 plebi
1890 2792 2000 2830 venit
2028 2804 2077 2830 ex

271 2859 307 2889 40
323 2854 431 2894 Asia.
486 2856 776 2894 Verumtamen
804 2856 928 2894 venit.
982 2853 1143 2902 (Idem
1172 2853 1270 2891 ibid.
1304 2854 1340 2905 ξ
1370 2853 1440 2903 45.)

420 2919 458 2954 7.
500 2915 734 2956 Dediderim
754 2915 946 2969 perieulis
966 2916 1168 2965 omnibus,
1192 2916 1410 2954 obtulerim
1433 2914 1606 2966 insidiis,
1636 2914 1857 2954 obiecerim
1885 2915 2073 2956 invidiae.

324 2978 358 3025 (l
371 2976 397 3015 b
412 2978 422 3014 i
440 2978 465 3015 d
482 2990 503 3016 e
519 2979 586 3028 m.)

416 3122 467 3152 13.
505 3122 577 3152 1100
606 3121 840 3161 fragmentum
871 3124 915 3154 ita
941 3121 1176 3153 deformatum
1208 3120 1301 3162 apud
1325 3121 1554 3152 Arusianum:
1591 3120 1642 3151 hic
1663 3121 1691 3151 si
1713 3129 1746 3152 se
1767 3121 1861 3153 istius
1882 3123 1970 3153 vitae
1991 3121 2078 3162 (viae

328 3172 401 3210 Mai)
427 3172 561 3202 dedisset
585 3172 637 3201 est
661 3181 679 3202 0
705 3171 865 3202 Caeliana
890 3171 920 3211 ἓ.
947 3171 999 3203 17.
1033 3172 1090 3202 On.
1122 3189 1153 3193 —
1183 3170 1235 3201 35.
1268 3171 1516 3210 reprehenditur
1538 3169 1712 3210 Spalding.
1741 3188 1775 3193 —
1803 3170 1854 3202 39.
1887 3171 1960 3202 Hoc
1985 3170 2078 3211 frag-

327 3223 504 3257 mentum,
542 3221 635 3259 quod
668 3230 760 3252 nunc
796 3222 947 3261 primum
979 3220 1131 3259 aceedit,
1158 3220 1201 3251 ad
1228 3219 1459 3251 Metellianam
1485 3222 1662 3260 pertinere
1687 3219 1848 3251 viderunt
1872 3220 2077 3251 Garatonius

327 3271 369 3301 ad
395 3269 552 3301 Sullanae
577 3272 820 3309 argumentum
850 3280 882 3310 p.
910 3271 984 3301 260.
1011 3272 1116 3310 Neap.
1145 3271 1177 3301 et
1203 3271 1339 3310 Zumpt.
1367 3269 1504 3308 Quintil.
1532 3268 1605 3301 Vol.
1633 3271 1664 3302 ὃ.
1690 3278 1724 3311 p.
1751 3270 1825 3302 397.
1872 3277 1993 3301 novum
2016 3276 2078 3310 pro

326 3320 444 3352 bonum
470 3318 583 3359 (codd.
611 3320 644 3350 et
668 3319 748 3349 edd.
777 3318 933 3360 Quintil.)
957 3319 1158 3351 emendavit
1181 3320 1317 3360 Zumpt.
