2249 3624
277 250 359 293 940
1016 248 1295 290 CICERONIS

279 358 327 404 Q.
358 355 616 395 Cornificium
646 359 686 394 et
713 355 759 394 C.
784 353 979 392 Licinium
1007 351 1287 392 Sacerdotem.
1351 350 1471 390 Solus
1499 351 1640 390 Cicero
1670 362 1720 389 ex
1748 351 2027 403 competitori-

277 419 356 457 bus
385 418 565 469 equestri
601 422 687 457 erat
722 416 809 455 loco
839 421 980 464 natus,
1023 420 1145 465 atque
1179 414 1219 452 in
1247 414 1443 465 petitione
1481 418 1640 464 patrem
1680 413 1826 452 amisit.
1894 415 2029 453 Ceteri

278 481 365 520 eius
385 481 672 532 competitores
692 478 878 518 modeste
898 490 942 517 se
962 489 1145 529 gessere,
1166 477 1326 527 visique
1343 480 1437 514 sunt
1457 476 1503 522 Q.
1520 475 1759 514 Cornificius
1780 481 1820 514 et
1838 476 1878 514 P.
1902 475 2031 517 Galba

278 543 402 582 sobrii
430 555 478 582 ac
498 543 625 582 sancti
644 542 732 591 viri,
764 540 967 580 Sacerdos
992 539 1101 578 nulla
1129 538 1389 590 improbitate
1417 543 1550 576 notus.
1607 538 1806 586 Cassium,
1830 538 1897 589 qui
1919 538 2030 579 iners

245 613 325 645 sac
353 605 524 644 stolidus
553 610 636 643 tum
664 604 792 654 magis
822 615 944 654 quam
975 602 1188 654 improbus
1220 601 1451 650 videretur,
1487 606 1582 652 post
1608 612 1762 652 paucos
1796 612 1961 639 menses
1990 602 2032 640 in

277 668 554 707 coniuratione
596 666 792 706 Catilinae
836 677 929 704 esse
971 665 1180 717 apparuit,
1226 676 1273 703 ac
1317 663 1691 702 cruentissimarum
1738 663 2033 703 sententiarum

275 731 402 770 fuisse
436 735 664 769 auctorem:
707 729 845 779 itaque
880 727 918 766 hi
947 727 1139 778 quattuor
1170 739 1243 778 pro
1273 738 1316 764 re
1345 725 1546 765 iacebant.
1617 724 1787 764 Catilina
1823 730 1959 764 autem
1993 730 2034 764 et

277 793 496 840 Antonius,
532 803 779 843 quamquam
817 790 1005 829 omnibus
1033 790 1208 828 maxime
1239 789 1397 827 infamis
1438 800 1577 826 eorum
1608 788 1688 826 vita
1726 793 1858 837 esset,
1896 793 2033 827 tamen

276 856 446 895 multum
473 860 676 906 poterant.
743 854 934 893 Coierant
969 853 1076 891 enim
1108 852 1249 902 ambo,
1287 857 1332 890 ut
1359 852 1598 891 Ciceronem
1631 850 1844 889 consulatu
1878 850 2033 889 deiice-

228 925 263 954 4ο
277 924 389 967 rent,
424 917 678 957 adiutoribus
710 917 771 955 usi
802 916 1064 965 firmissimis,
1095 917 1143 954 M.
1179 916 1327 954 Crasso
1361 920 1401 952 et
1434 915 1478 953 C.
1509 914 1702 952 Caesare.
1763 914 1903 964 Itaque
1931 912 2034 952 haec

277 981 402 1020 oratio
430 986 570 1019 contra
598 979 705 1018 solos
732 978 943 1018 Catilinam
965 985 1004 1017 et
1022 979 1240 1017 Antonium
1274 984 1345 1016 est.
1401 978 1534 1017 Causa
1567 976 1757 1015 orationis
1785 974 1904 1014 huius
1924 974 2032 1013 modi

275 1043 315 1082 in
345 1048 491 1083 senatu
519 1041 733 1081 habendae
763 1042 946 1081 Ciceroni
975 1042 1060 1091 fuit,
1092 1040 1215 1093 quod,
1250 1054 1339 1080 cum
1369 1042 1408 1079 in
1442 1040 1530 1079 dies
1563 1039 1722 1078 licentia
1753 1037 1928 1077 ambitus
1956 1050 2033 1077 au-

275 1111 441 1157 geretur
467 1111 635 1157 propter
663 1106 926 1157 praecipuam
949 1105 1144 1145 Catilinae
1165 1111 1204 1143 et
1219 1105 1379 1144 Antonii
1409 1104 1635 1152 audaciam,
1664 1108 1880 1141 censuerat
1909 1114 2033 1141 sena-

276 1174 356 1216 tuS,
386 1173 430 1206 ut
456 1167 523 1206 lex
551 1168 727 1207 ambitus
754 1174 870 1207 aucta
901 1169 1020 1207 etiam
1050 1180 1139 1206 cum
1168 1180 1300 1219 poena
1329 1168 1523 1215 ferretur,
1565 1166 1684 1216 eique
1716 1166 1773 1203 rei
1805 1166 1852 1212 Q.
1880 1165 2034 1203 Mucius

228 1237 263 1267 45
278 1231 492 1270 Orestinus
522 1230 709 1269 tribunus
738 1230 792 1281 pl.
814 1231 1117 1269 intercesserat.
1155 1232 1255 1269 Tum
1272 1230 1428 1279 Cicero,
1459 1230 1636 1280 graviter
1662 1234 1807 1267 senatu
1831 1228 2034 1266 interces-

277 1293 434 1332 sionem
460 1293 636 1336 ferente,
671 1294 870 1343 surrexit,
900 1300 1022 1344 atque
1053 1293 1093 1331 in
1121 1293 1334 1332 coitionem
1365 1292 1561 1332 Catilinae
1594 1297 1634 1330 et
1657 1291 1818 1329 Antonii
1847 1290 2034 1329 invectus

278 1361 340 1395 est
369 1361 462 1395 ante
491 1354 579 1394 dies
610 1357 863 1394 comitiorum
891 1368 1060 1407 paucos.

972 1418 1341 1458 ENARRATIO.

375 1481 487 1531 Dico,
516 1486 655 1532 patres
685 1481 918 1532 conscripti,
956 1481 1167 1532 superiore
1207 1486 1326 1518 nocte
1362 1477 1573 1518 cuiusdam
1611 1478 1784 1516 hominis
1819 1476 1967 1516 nobilis
1996 1481 2036 1516 et

227 1562 264 1592 20
276 1544 396 1583 valde
426 1544 468 1582 in
495 1544 569 1582 hoc
596 1543 818 1593 largitionis
847 1549 1024 1594 quaestu
1047 1544 1128 1581 noti
1161 1548 1200 1581 et
1228 1542 1373 1593 cogniti
1408 1542 1571 1579 domum
1598 1539 1811 1579 Catilinam
1841 1545 1880 1578 et
1905 1541 2035 1578 Anto-

276 1607 387 1646 nium
411 1618 501 1645 cum
533 1606 819 1657 sequestribus
849 1606 931 1644 suis
961 1605 1219 1645 convenisse.

376 1671 445 1707 Aut
475 1671 510 1708 C.
543 1670 706 1707 Caesaris
732 1676 793 1706 aut
825 1671 874 1706 M.
903 1669 1023 1706 Crassi
1053 1665 1226 1721 [domum]
1264 1670 1456 1715 siqnificat.
1522 1668 1664 1703 Etenim
1691 1668 1863 1702 acerrimi
1891 1678 1933 1702 ac
1963 1678 2035 1712 po-

277 1735 466 1770 tentissimi
490 1737 636 1779 suerunt
666 1734 843 1770 Ciceronis
869 1736 1126 1779 resrayatores,
1158 1745 1236 1768 cum
1263 1734 1366 1779 petiit
1394 1732 1641 1775 consulatum,
1669 1732 1764 1776 quod
1790 1732 1864 1766 eius
1894 1732 1932 1765 in
1961 1731 2035 1765 dies

277 1798 418 1834 civilem
444 1810 595 1833 crescere
623 1799 835 1843 dignitatem
861 1797 1214 1832 animadvertebant:
1246 1801 1277 1831 et
1304 1797 1368 1830 hoc
1399 1797 1471 1840 ipse
1499 1793 1619 1830 Cicero
1645 1795 1681 1828 in
1709 1794 1932 1838 expositione
1951 1803 2033 1828 con-

228 1875 265 1904 25
278 1862 444 1896 siliorum
478 1872 625 1896 suorum
660 1862 852 1906 siqnificat.
924 1861 1010 1896 Eius
1040 1871 1177 1906 quoque
1204 1861 1489 1899 coniurationis,
1531 1869 1623 1903 quae
1653 1856 1754 1892 Cotta
1785 1861 1817 1892 et
1854 1856 2036 1901 Torquato

279 1925 484 1959 consulibus
516 1929 597 1960 ante
626 1935 774 1968 annum,
793 1935 901 1969 quam
927 1925 1014 1959 haec
1039 1925 1254 1963 dicerentur,
1277 1924 1377 1966 sacta
1404 1927 1453 1957 est
1472 1933 1495 1957 a
1515 1921 1673 1957 Catilina
1698 1925 1729 1955 et
1752 1920 1891 1961 Pisone,
1915 1920 2037 1965 arquit

279 1987 330 2024 Μ.
362 1987 528 2023 Crassum
556 1993 736 2022 auctorem
763 1989 884 2031 fuisse.

380 2049 510 2095 Quem
541 2049 647 2086 enim
673 2053 741 2086 aut
769 2048 941 2086 amicum
971 2046 1125 2085 habere
1153 2051 1288 2098 potest
1316 2045 1364 2093 is,
1398 2045 1465 2095 qui
1498 2049 1556 2082 tot
1585 2044 1694 2082 cives
1729 2041 1943 2081 trucidavit
1970 2047 2038 2081 aut

280 2110 483 2160 clientem,
520 2111 587 2161 qui
613 2112 653 2149 in
682 2123 755 2149 sua
785 2111 945 2149 civitate
977 2123 1068 2149 cum
1094 2110 1312 2161 peregrino
1338 2108 1501 2158 negavit
1531 2119 1575 2145 se
1608 2106 1755 2145 iudicio
1782 2117 1914 2157 aequo
1944 2117 2036 2143 cer-

227 2186 264 2216 30
279 2178 366 2213 tare
395 2174 552 2224 posse?

381 2237 599 2281 Catilinam,
631 2249 710 2273 cum
740 2239 776 2272 in
805 2236 967 2273 Sullanis
993 2237 1159 2281 partibus
1193 2237 1340 2280 suisset,
1378 2235 1568 2269 crudeliter
1599 2234 1744 2278 fecisse,
1775 2232 1802 2281 ’ᾗ
1822 2233 2038 2268 nominatim

279 2303 388 2336 etiam
412 2307 535 2347 postea
567 2299 685 2336 Cicero
713 2301 812 2340 dicit,
845 2310 932 2344 quos
962 2300 1142 2339 occiderit,
1181 2298 1223 2341 Q.
1256 2297 1469 2337 Caecilium,
1501 2296 1552 2333 M.
1588 2296 1829 2336 Volumnium,
1866 2295 1908 2331 L.
1943 2295 2039 2330 Tan-

281 2366 425 2399 tastum.
481 2364 603 2400 Marci
637 2365 746 2398 etiam
775 2363 891 2398 Marii
918 2361 1144 2408 Gratidiani,
1174 2373 1309 2396 summe
1334 2361 1525 2406 popularis
1551 2361 1721 2403 hominis,
1761 2360 1823 2404 qui
1849 2359 1891 2393 ob
1917 2359 1955 2393 id
1985 2358 2038 2392 bis

280 2433 426 2474 praetor
452 2430 540 2472 suit,
570 2433 677 2472 caput
703 2428 899 2462 abscissum
927 2437 990 2471 per
1019 2426 1143 2461 urbem
1169 2437 1235 2460 sua
1263 2436 1376 2460 mauu
1405 2424 1564 2459 Catilina
1593 2423 1743 2458 tulerat:
1780 2422 1875 2466 quod
1904 2421 2038 2455 crimen

229 2507 266 2536 35
280 2493 423 2536 saepius
452 2493 484 2526 ei
519 2495 593 2525 tota
629 2492 792 2525 oratione
833 2490 955 2524 obicit.
1025 2489 1159 2523 Fuerat
1188 2498 1272 2523 cero
1300 2488 1357 2522 hic
1394 2485 1633 2522 Gratidianus
1664 2490 1747 2519 arta
1785 2485 2040 2519 necessitudine

284 2553 445 2589 Ciceroni
468 2555 688 2589 coniunctus.
758 2553 925 2588 Clientem
958 2557 1075 2587 autem
1106 2554 1250 2597 ‘ueyavit
1282 2551 1411 2586 habere
1439 2562 1538 2595 posse
1571 2549 1606 2585 C.
1640 2549 1854 2584 Antonium:
1895 2547 2039 2581 narnis

281 2617 412 2651 multos
441 2618 479 2651 in
495 2616 636 2652 Achaia
664 2616 898 2660 spoliaverat,
928 2620 1054 2649 nactus
1083 2616 1124 2649 de
1152 2616 1309 2648 exercitu
1330 2612 1481 2649 Sullano
1509 2614 1668 2658 equitum
1698 2616 1849 2645 turmas.
1904 2608 2040 2643 Deinde

285 2677 426 2719 Graeci,
457 2690 544 2724 quos
575 2680 814 2724 spoliaverat,
846 2679 1044 2713 eduxerunt
1071 2677 1267 2712 Antonium
1297 2678 1333 2711 in
1361 2678 1416 2711 ius
1442 2677 1490 2710 ad
1521 2675 1569 2711 M.
1602 2675 1790 2709 Lucullum
1822 2677 2036 2717 praetorem,

282 2743 345 2786 qui
371 2743 426 2776 ius
450 2743 541 2776 inter
571 2745 778 2787 pereyrinos
809 2743 963 2777 (licebat.
1035 2741 1118 2785 Eyit
1145 2751 1212 2785 pro
1244 2738 1391 2775 Graecis
1423 2741 1531 2774 etiam
1565 2743 1638 2773 tum
1674 2735 1967 2775 adolescentulus,
1999 2735 2040 2770 de

231 2816 268 2847 40
283 2814 352 2849 quo
375 2804 485 2848 paulo
515 2810 596 2839 ante
631 2806 845 2839 mentionem
877 2805 1039 2848 [ecimus.
1105 2802 1151 2837 Et
1180 2814 1258 2837 cum
1289 2802 1458 2837 Lucullus
1488 2803 1547 2841 id,
1594 2801 1688 2845 quod
1717 2797 1847 2834 Graeci
1878 2797 2042 2842 postula-

284 2867 382 2906 bant,
406 2867 625 2906 decrevisset,
650 2868 846 2912 appellavit
873 2867 1034 2901 tribunos
1055 2864 1242 2904 Antonius,
1276 2866 1493 2910 iuravitque,
1522 2875 1557 2898 se
1580 2864 1617 2898 id
1636 2863 1790 2898 eiurare.
1814 2861 1909 2905 quod
1928 2869 2040 2905 aequo

283 2930 361 2963 iure
387 2930 441 2963 uti
468 2939 539 2963 non
564 2935 691 2974 posset.
763 2929 867 2964 Hunc
905 2929 1100 2963 Antonium
1136 2926 1270 2962 Gellius
1297 2933 1328 2961 et
1359 2927 1527 2962 Lentulus
1564 2935 1721 2960 censores
1754 2924 1936 2966 sexennio,
1970 2932 2040 2967 quo

284 2993 370 3026 haec
398 2992 611 3032 dicerentur,
642 2997 767 3027 senatu
794 2996 993 3031 moverunt,
1025 3000 1221 3034 causasque
1247 2989 1544 3034 subscripserunt,
1579 2988 1673 3032 quod
1698 2987 1812 3021 socios
1831 2986 2037 3030 diripuerit,

285 3055 380 3099 quod
408 3054 583 3088 iudicium
610 3055 809 3097 recusarit,
839 3055 934 3098 quod
957 3057 1103 3098 propter
1133 3053 1227 3086 aeris
1257 3052 1369 3086 alieni
1397 3050 1682 3097 maqnitudinem
1710 3049 1865 3094 praedia
1893 3047 2039 3081 manci-

234 3126 271 3156 45
284 3117 396 3162 parit,
430 3116 591 3160 bonaque
615 3127 681 3150 sua
709 3117 746 3149 in
774 3120 943 3161 potestate
969 3126 1040 3149 non
1069 3115 1225 3150 haberet.

373 3227 403 3258 7.
435 3236 500 3266 pro
523 3225 569 3266 re]
595 3234 638 3256 an
660 3227 827 3264 propere?
873 3227 931 3256 On.
967 3243 1001 3247 —-
1045 3225 1100 3257 32.
1133 3226 1170 3263 Q.
1199 3225 1320 3256 Cicero
1345 3225 1408 3255 Pet.
1436 3232 1522 3255 cons¹
1551 3223 1581 3263 g.
1607 3222 1637 3253 9.
1689 3222 1906 3252 Tanusiorum
1929 3220 2041 3260 capita

287 3277 417 3316 dempta
442 3277 626 3307 memorat.
656 3292 691 3299 -
719 3275 770 3307 38.
798 3277 981 3307 ectuoeerant
1005 3275 1071 3315 Sig.
1101 3291 1136 3297 -
1163 3274 1215 3306 39.
1242 3273 1383 3305 adolesc.
1411 3273 1445 3306 C.
1465 3273 1599 3312 Caesar,
1624 3271 1662 3303 de
1686 3279 1749 3311 quo
1772 3271 1839 3312 Sig.
1868 3287 1903 3293 —
1930 3268 1983 3303 44.
2008 3276 2041 3302 so

286 3327 357 3358 ideo
380 3325 549 3368 appellare
571 3325 638 3367 Sig.
