2249 3624
669 165 756 205 Lm.
779 165 808 205 Ι.
856 164 952 205 Cu.
973 163 1218 204 xl—xul.
1256 161 1315 216 §§
1340 159 1532 201 ssi—⁶20.
1896 155 1978 197 767

225 278 461 326 venerant,
491 271 696 328 Spurium
728 273 999 324 Mummium,
1032 285 1156 326 quem
1187 273 1229 312 in
1263 271 1410 325 primis
1440 270 1674 323 ditigebat,
1705 271 1748 309 et
1779 267 1825 308 C.
1856 266 1980 307 Fan-

226 348 339 387 nium
379 348 422 386 et
464 341 669 395 Quintum
709 340 996 394 Scaevolam,
1036 354 1229 395 generos
1270 341 1417 393 Laeli,
1461 338 1617 380 doctos
1656 336 1981 387 adulescentes,

224 416 307 456 iam
348 415 496 455 aetate
539 412 843 465 quaestorios:
893 424 1002 463 «pios
1033 424 1127 451 cum
1161 410 1298 449 tunnis
1330 409 1638 459 salutavisset,
1680 405 1902 448 convertit
1933 416 1981 443 se

224 485 266 524 in
300 484 472 537 porticu
504 485 545 522 et
579 481 766 522 coniecit
800 482 840 519 in
875 479 1056 520 medium
1090 479 1307 532 Laelium3
1350 478 1428 518 l'uit
1462 478 1572 518 enim
1605 476 1687 516 lioc
1720 476 1760 515 in
1793 473 1981 515 amicitia

225 552 347 606 quasi
394 549 608 605 quoddam
659 551 724 589 ius
770 549 884 588 inter
933 549 1050 601 illos,
1097 551 1143 587 ut
1191 548 1366 587 militiae
1413 549 1594 600 propter
1640 545 1836 586 eximiam
1883 539 2008 584 belli5

222 621 406 676 gloriam
434 617 440 666 l
466 618 725 659 Africanum
758 620 804 657 ut
837 615 961 657 deum
995 617 1159 657 coleret
1194 616 1394 667 Laelius,
1432 614 1543 655 domi
1576 615 1767 655 vicissim
1804 607 1859 662 [p.
1885 605 1980 647 1197.

222 689 441 742 Laelium,
474 686 588 742 quod
620 689 769 728 aetate
800 685 1119 736 antecedebat,
1152 686 1411 727 observaret
1445 687 1486 724 in
1521 685 1717 738 parentis
1748 683 1846 723 loco
1878 677 1983 722 Sci-

225 759 307 812 pio.
371 757 479 798 Dein
513 768 606 798 cum
641 758 792 797 essent
824 767 1046 809 perpauca
1079 756 1194 796 inter
1224 768 1272 796 se
1303 768 1389 795 uno
1421 757 1495 795 aut
1526 754 1666 793 altero
1699 752 1842 806 spatio
1874 762 1985 792 con-

223 827 357 868 locuti
389 823 675 880 Scipionique
713 837 860 865 eorum
891 823 1113 865 adventus
1145 822 1441 878 periucundus
1472 826 1515 864 et
1549 825 1784 877 pergratus
1816 820 1986 873 fuisset,

224 895 431 948 placitum
463 898 530 935 est
572 897 618 934 ut
661 895 701 934 iu
734 895 885 948 aprico
920 893 1101 933 maxime
1135 893 1294 946 pratuli
1327 893 1444 943 loco,
1485 890 1599 946 quod
1633 893 1727 931 erat
1760 889 2034 932 lnibernumm

225 966 396 1016 tempus
426 964 550 1014 anni,
596 962 905 1004 considerent:
953 961 1068 1016 quod
1106 974 1199 1003 cum
1243 962 1390 1003 faeere
1422 961 1609 1013 vellent,
1649 960 1887 1000 intervenit
1919 958 1988 997 vir

226 1032 420 1086 prudens
452 1028 743 1085 omnibusfque
775 1032 859 1072 illis
891 1034 934 1072 et
966 1029 1181 1072 iucundus
1216 1033 1259 1071 et
1291 1042 1442 1080 carus,
1473 1028 1536 1070 M.
1557 1028 1782 1083 Manilius,
1814 1026 1870 1078 [ρ.
1894 1020 1986 1062 ‘¹98-

227 1102 298 1156 qui
329 1114 354 1142 a
385 1098 596 1156 Scipione
638 1102 888 1155 ceterisque
926 1101 1184 1141 amicissime
1222 1100 1528 1141 consalutatus
1559 1096 1733 1140 adsedit
1767 1096 1989 1152 proximus

224 1169 393 1211 Laelio.

340 1237 471 1280 Xlll.
507 1236 586 1280 19.
618 1238 724 1279 Tum
746 1237 919 1280 Philus:
953 1238 1052 1280 Non
1086 1237 1184 1278 mihi
1215 1237 1405 1291 videtur,
1437 1238 1596 1292 inquit,
1628 1235 1742 1290 quod
1774 1234 1816 1275 hi
1847 1244 2039 1277 vene-45

226 1310 349 1354 runt,
381 1308 492 1348 alius
525 1308 652 1348 nobis
685 1320 827 1348 sermo
861 1320 959 1348 esse
992 1305 1284 1361 quaerendus,
1316 1310 1383 1347 set
1415 1304 1633 1362 agendum
1665 1305 1916 1346 accuratius
1947 1303 1991 1343 et

227 1375 456 1418 dicendum
489 1375 665 1433 dignum
697 1374 861 1430 aliquid
892 1375 1044 1416 horum
1076 1375 1267 1416 auribus.
1317 1375 1401 1416 Hic
1428 1374 1628 1416 Laelius:
1669 1371 1784 1425 Quid
1817 1370 1990 1413 tandem

227 1445 431 1502 agebatis
470 1450 545 1486 aut
585 1446 653 1486 cui
684 1445 872 1486 sermoni
906 1457 986 1484 nos
1019 1438 1374 1485 interveninms‘?
1433 1457 1503 1484 Pu.
1545 1441 1807 1494 Quaesierat
1839 1453 1894 1482 ex
1926 1451 1991 1481 me

227 1511 381 1568 Scipio
408 1510 414 1563 Ι
442 1514 646 1568 quidnam
677 1516 883 1555 sentirem
917 1514 970 1555 de
1002 1513 1099 1560 hoc,
1133 1513 1248 1568 quod
1280 1513 1365 1554 duo
1397 1514 1516 1554 soles
1542 1514 1666 1554 visos
1688 1524 1786 1553 esse
1820 1505 1874 1562 [p.
1896 1504 1990 1547 ⁶269-

228 1585 468 1625 constaret.
528 1596 565 1624 L.
610 1583 699 1624 Ain
731 1595 864 1634 verO,
904 1582 1053 1634 Phile,
1096 1584 1177 1624 iam
1211 1583 1445 1637 explorata
1477 1582 1603 1623 nobis
1633 1583 1735 1621 sunt
1767 1592 1840 1631 ea,
1881 1590 2042 1633 quaeeo

228 1650 286 1693 ad
316 1650 468 1692 domos
499 1656 677 1693 nostras
710 1665 908 1707 quaeque
950 1652 1007 1693 ad
1045 1665 1134 1694 rem
1179 1653 1396 1706 publicam
1436 1645 1698 1706 pertinent?
1747 1651 1782 1690 si
1823 1648 1991 1703 quidem

231 1719 333 1774 quid
372 1727 533 1777 agatur
574 1723 618 1761 in
657 1722 780 1762 caelo
819 1723 1078 1775 quaerimus.
1139 1721 1195 1762 Et
1227 1722 1318 1763 ille:
1364 1721 1439 1761 An
1471 1724 1517 1760 tu
1548 1719 1601 1761 ad
1635 1718 1786 1759 domos
1819 1720 1994 1758 nostras

230 1801 318 1830 non
349 1800 506 1831 censes
539 1790 760 1843 pertinere
792 1792 906 1832 scire
937 1789 1038 1844 quid
1069 1794 1231 1847 agatur
1262 1793 1305 1831 et
1337 1789 1440 1843 quid
1471 1788 1544 1829 fiat
1576 1781 1726 1828 domi?
1765 1798 1875 1840 quae
1906 1798 1993 1825 non

232 1870 283 1898 ea
325 1860 415 1906 est,
455 1871 579 1912 quam
622 1860 814 1912 parietes
847 1861 984 1899 nostri
1019 1861 1227 1915 cingunt,
1267 1858 1346 1899 sed
1376 1858 1562 1899 mundus
1593 1857 1662 1898 hic
1694 1858 1838 1908 totus,
1879 1852 1994 1908 quod

231 1925 489 1968 domicilium
523 1939 734 1981 quamque
766 1929 951 1982 patriam
985 1928 1026 1968 di
1059 1929 1192 1977 nobis
1223 1940 1490 1970 communem
1527 1938 1674 1969 secum
1706 1924 1789 1966 de-
1823 1920 1877 1976 [p.
1899 1918 2044 1961 ⁶270·25

231 1993 412 2045 derunt,
452 2007 545 2037 cum
590 1998 870 2048 praesertim,
911 1998 946 2037 si
979 1996 1088 2038 haec
1120 1998 1393 2053 ignoremus,
1432 1996 1566 2037 multa
1604 1995 1730 2036 nobis
1761 1996 1804 2035 et
1836 2003 1997 2050 magna

231 2062 478 2119 ignoranda
516 2065 618 2105 sint.
675 2064 747 2106 Ac
787 2078 854 2106 me
893 2065 1089 2120 quidem,
1131 2069 1178 2105 ut
1211 2065 1388 2107 hercule
1421 2067 1549 2107 etiam
1582 2068 1626 2106 te
1657 2066 1818 2119 ipsum,
1857 2062 1995 2114 Laeli,

232 2132 456 2187 omnisque
494 2132 650 2174 avidos
687 2134 933 2188 sapientiae
965 2135 1161 2191 cognitio
1194 2135 1292 2189 ipsa
1321 2146 1463 2175 rerum
1497 2132 1881 2187 consideratioque
1913 2130 1996 2172 de-

230 2201 383 2242 lectat.
454 2198 537 2242 20.
579 2201 685 2242 Tum
718 2202 922 2244 Laelius:
968 2203 1066 2244 Non
1099 2202 1296 2257 inpedio,
1329 2204 1587 2254 praesertim
1619 2203 1819 2256 quoniam
1852 2200 1996 2241 feriati

231 2282 401 2323 sumus,
443 2270 522 2312 sed
565 2284 793 2324 possumus
833 2271 984 2314 audire
1022 2272 1185 2327 aliquid
1217 2286 1273 2314 an
1304 2274 1446 2314 serius
1476 2265 1711 2313 venimus?
1771 2284 1839 2311 1111.
1879 2267 2046 2310 Nihuao

233 2343 302 2379 est
342 2337 485 2381 adhuc
527 2339 818 2394 disputatum,
859 2337 957 2393 et,l
999 2342 1199 2395 quoniam
1239 2346 1307 2382 est
1338 2343 1580 2397 integrum,
1622 2341 1810 2380 libenter
1853 2331 1995 2388 [p·43·

234 2408 326 2464 tibi,
358 2407 494 2456 Laeli,
525 2410 571 2448 ut
604 2407 657 2450 de
689 2421 740 2450 eo
774 2409 967 2450 disseras
999 2409 1196 2463 equidem
1229 2421 1511 2451 concessero.
1575 2421 1611 2448 1..
1647 2409 1780 2448 Immo
1812 2418 1920 2447 vero
1953 2408 1996 2445 te

233 2474 484 2530 audiamus,
523 2478 607 2518 nisi
645 2477 762 2520 forte
803 2479 1017 2520 Manilius
1056 2478 1335 2521 interdictum
1377 2477 1554 2533 aliquod
1591 2478 1707 2518 inter
1738 2475 1848 2516 duos
1878 2474 1998 2516 soles

482 2664 496 2679 ἱ

322 2688 353 2720 3.
380 2698 578 2726 QUAESOMOS
603 2691 627 2722 C
669 2708 702 2712 -
744 2692 773 2723 5.
799 2700 922 2722 mmm
949 2691 987 2723 C²
1024 2709 1058 2714 -
1101 2693 1131 2724 8.
1160 2701 1254 2723 essm
1280 2693 1303 2724 C
1337 2700 1418 2723 cum
1446 2691 1592 2731 vestigio
1623 2699 1641 2720 x
1671 2688 1932 2729 suprascriptae
1959 2703 1994 2709 --

1845 2742 1861 2758 ο

235 2772 294 2800 aut
317 2770 449 2802 Moser:
475 2780 517 2802 As
542 2771 580 2809 C,
606 2774 704 2810 atque
720 2772 852 2808 Osann;
881 2772 924 2804 cf.
945 2773 1080 2813 Madvig
1097 2773 1140 2804 ad
1160 2774 1230 2805 Cic.
1251 2773 1293 2805 de
1312 2773 1394 2803 finn.
1415 2771 1522 2812 9320
1549 2788 1582 2792 —
1610 2771 1640 2800 9.
1662 2768 1998 2810 sewiomocrtssonrn

237 2825 282 2863 C,
315 2825 438 2858 deletis
463 2826 583 2858 litteris
608 2828 657 2858 Eo
696 2844 730 2849 —
770 2828 822 2858 212.
851 2838 898 2859 .›1.
926 2830 950 2861 C
987 2847 1029 2852 -—
1065 2839 1204 2861 mults
1230 2832 1274 2862 C.
1310 2829 1427 2861 addita
1453 2837 1462 2858 1
1487 2829 1615 2869 prima,
1649 2830 1684 2857 ut
1710 2828 1807 2867 putat
1831 2826 1884 2857 Du
1900 2825 1997 2859 Rieu,

238 2888 343 2912 manu
379 2899 420 2904 -
456 2882 507 2913 43.
533 2883 652 2914 assedit
676 2883 700 2914 O
725 2885 863 2914 tacente
891 2885 942 2915 Du
960 2886 1043 2916 Rieu
1082 2904 1116 2908 —
1158 2887 1207 2917 45.
1235 2894 1348 2915 mnus
1375 2885 1416 2922 C,
1451 2884 1515 2915 sed
1540 2883 1724 2922 vestigium
1750 2880 1888 2912 deletae
1914 2891 1934 2912 n
1963 2896 1997 2901 —-

239 2948 290 2980 46.
318 2958 508 2985 Qcfiaexors
533 2952 556 2981 C
587 2968 616 2973 -
649 2951 699 2982 48.
728 2960 812 2981 exue
837 2952 871 2982 in
896 2954 919 2983 C
946 2955 1024 2992 post
1048 2954 1158 2993 scipio
1184 2955 1382 2994 repetitum.
1410 2951 1471 2983 sed
1497 2950 1652 2982 deletum
1678 2953 1740 2982 est.
1762 2967 1795 2972 —
1824 2950 1876 2981 ΞΟ.
1904 2936 1999 2980 putre

1303 3009 1319 3022 Α

957 3008 972 3021 Α

241 3029 265 3060 C
293 3046 328 3051 —
356 3038 415 3061 EAS
433 3030 456 3062 C
485 3047 518 3052 —
546 3031 599 3062 -21,
619 3040 768 3062 ATDOMQS
795 3032 817 3062 C
846 3048 879 3053 —
908 3042 1038 3069 othone
1065 3035 1088 3065 C
1116 3051 1149 3055 —
1179 3042 1355 3064 Pensm-..w
1381 3033 1404 3064 C
1433 3048 1467 3054 —
1498 3033 1550 3063 22.
1570 3039 1732 3066 ornamus
1750 3031 1774 3062 C
1796 3048 1830 3052 —
1849 3036 2000 3061 ssnouos

684 3085 720 3100 03
734 3097 739 3102 .
755 3095 760 3101 .
777 3094 782 3100 .
794 3096 799 3100 .
813 3096 817 3101 .

242 3108 267 3140 C
295 3126 329 3132 —
357 3110 410 3142 28·
436 3118 822 3148 OMNISQL‘EAthEOMMs
849 3112 872 3143 C
909 3130 943 3135 —-
971 3115 1161 3146 Arusianus
1181 3115 1327 3145 Messius
1353 3122 1386 3154 p.
1404 3112 1465 3144 224
1483 3113 1519 3144 L.
1547 3113 1615 3144 Cic.
1636 3111 1679 3143 de
1698 3121 1773 3153 rep.
1799 3111 1876 3150 Ipsa
1891 3109 2001 3150 coynt-

242 3189 287 3220 tio
309 3198 368 3221 nos
391 3192 574 3223 delectauit.
609 3210 644 3215 -—
678 3193 731 3224 29.
758 3202 910 3225 IXPENDIO
936 3194 973 3232 C,
1001 3194 1108 3227 altera
1134 3204 1153 3226 x
1177 3194 1289 3225 deleta
1325 3212 1358 3216 —
1397 3193 1448 3224 3¹.
1478 3168 1583 3224 Apage
1610 3193 1634 3225 C
1662 3210 1696 3215 -
1731 3191 1829 3224 Anat.
1849 3198 1997 3231 gramm.

244 3237 300 3268 ed.
319 3238 505 3273 Endlicher
528 3251 562 3283 p.
582 3244 659 3274 ¹60:
692 3243 842 3276 Libenter
865 3244 934 3283 tibi,
959 3245 1067 3284 Laeli,
1095 3249 1127 3276 ut
1151 3254 1225 3276 cum
1257 3244 1323 3282 (uti
1346 3251 1418 3274 eum
1442 3242 1595 3274 Macrob.
1623 3242 1666 3274 de
1692 3242 1763 3274 diff.
1790 3244 1823 3273 et
1848 3248 1920 3272 soc.
1948 3247 1997 3280 gr.

243 3285 301 3320 lat.
327 3289 436 3331 verbi)
461 3292 624 3326 desideras
647 3294 793 3334 equidem
817 3303 1011 3327 concessero.
1046 3311 1080 3316 —
1114 3294 1166 3325 33.
1192 3294 1256 3324 duo
1281 3293 1305 3324 O
1331 3300 1413 3324 cum
1436 3292 1586 3332 Mosero,
1612 3293 1649 3324 ut
1673 3294 1726 3324 est
1750 3290 1791 3332 ἐξ
1810 3292 1861 3323 45.
1881 3289 1933 3321 49.
