2249 3624
351 142 432 185 462
732 147 801 186 DE
831 147 1036 188 FINIBUS
1066 149 1327 191 BONORUM
1356 151 1423 191 ET
1454 151 1719 192 MALORUM

352 260 442 308 dat,
474 263 734 311 sumpturum
765 259 995 311 sapientem
1027 274 1116 301 eam
1137 262 1263 302 vitam
1295 263 1454 315 potius,
1486 276 1569 314 quo
1591 262 1693 302 haec
1714 261 1875 302 adiecta
1895 262 1991 310 sint,
2023 276 2099 302 nec

349 323 578 366 beatiorem
609 326 745 361 tamen
777 321 828 360 ob
861 335 949 361 eam
982 336 1148 364 causam
1179 325 1279 365 fore.
1339 322 1404 363 31.
1436 325 1525 363 Hoc
1551 325 1684 364 simile
1706 324 1871 364 tandem
1896 327 1986 365 est?
2017 338 2099 365 non

348 388 435 428 risu
466 386 603 439 potius
635 397 759 437 quam
790 385 978 425 oratione
1010 387 1273 427 eiciendum?
1304 387 1498 440 Ampulla
1529 387 1637 426 enim
1669 387 1723 426 sit
1752 400 1882 427 necne
1904 387 1975 435 sit,
2007 387 2101 439 quis

347 464 432 491 non
462 449 551 487 iure
583 446 739 499 optimo
771 446 1009 495 irrideatur,
1042 450 1075 488 si
1107 449 1295 490 laboret?
1326 451 1378 489 At
1408 462 1506 489 vero
1538 448 1739 501 pravitate
1761 449 2039 488 membrorum
2063 453 2103 488 et

318 512 532 554 &cruciatu
570 508 760 548 dolorum
802 509 834 548 si
874 510 965 562 quis
1007 525 1130 564 quem
1171 513 1300 559 levet,
1342 525 1532 565 magnam
1570 512 1682 551 ineat
1721 512 1913 564 gratiam,
1950 525 2027 551 nec
2068 511 2102 550 si

347 575 514 628 sapiens
544 570 594 610 ad
625 572 792 611 tortoris
823 573 1012 612 eculeum
1044 587 1066 613 a
1096 579 1271 627 tyranno
1303 576 1361 615 ire
1395 580 1584 627 cogatur,
1628 574 1803 614 similem
1835 574 1985 614 habeat
2013 573 2103 613 vul-

344 644 430 679 tum
471 640 512 676 et
553 634 585 674 si
622 633 848 685 ampullam
889 635 1161 687 perdidisset,
1205 637 1277 676 sed
1318 642 1364 676 ut
1394 650 1587 689 magnum
1620 642 1660 676 et
1691 635 1861 676 difficile
1892 641 2102 677 certamen

342 700 501 745 iniens,
532 709 626 735 cum
658 695 734 734 sibi
767 709 860 735 cum
894 697 1058 749 capitali
1081 699 1342 745 adversario,
1375 698 1543 746 dolore,
1576 698 1903 751 depugnandum
1924 697 2100 745 videret,

343 762 543 802 excitaret
582 771 726 797 omnes
765 758 948 798 rationes
985 759 1240 800 fortitudinis
1286 775 1333 801 ac
1379 762 1626 813 patientiae,
1673 775 1849 814 quarum
1888 761 2100 814 praesidio

293 824 466 867 loiniret
496 819 666 860 difficile
697 818 817 867 illud,
859 826 904 860 ut
935 820 1043 868 dixi,
1084 836 1361 876 magnumque
1392 823 1612 875 proelium.
1668 824 1828 863 Deinde
1859 837 1943 863 non
1975 836 2101 876 quae-

340 887 492 932 rimus,
534 882 636 936 quid
676 882 922 922 obscuretur
962 890 1032 923 aut
1070 885 1269 932 intereat,
1315 885 1413 937 quia
1445 886 1498 924 sit
1528 885 1754 924 admodum
1785 899 1980 938 parvum,
2027 885 2100 924 sed

342 947 444 1003 quid
475 945 556 986 tale
588 944 661 991 sit,
691 949 737 984 ut
768 944 933 998 expleat
963 959 1178 985 summam.
1231 947 1317 985 Una
1350 947 1542 999 voluptas
1575 961 1596 987 e
1627 949 1770 987 multis
1792 949 2038 988 obscuratur
2057 948 2099 986 in

338 1011 410 1051 illa
442 1010 527 1049 vita
558 1006 812 1059 voluptaria,
845 1008 916 1046 sed
948 1013 1086 1047 tamen
1118 1021 1187 1055 ea,
1221 1010 1407 1061 quamvis
1440 1023 1566 1061 parva
1600 1011 1672 1056 sit,
1704 1023 1798 1062 pars
1831 1015 1893 1049 est
1924 1009 2015 1048 eius
2041 1009 2102 1049 vi-

339 1079 426 1120 tae,
459 1084 567 1125 quae
598 1071 733 1122 posita
765 1077 826 1110 est
856 1072 897 1109 in
919 1072 1146 1123 voluptate.
1194 1073 1395 1111 Nummus
1427 1073 1469 1111 in
1496 1071 1638 1112 Croesi
1664 1072 1819 1111 divitiis
1842 1072 2100 1118 obscuratur,

291 1147 432 1189 a5pars
464 1139 526 1173 est
555 1139 693 1172 tamen
725 1132 976 1173 divitiarum.
1028 1134 1166 1181 Quare
1198 1134 1472 1174 obscurentur
1504 1135 1628 1174 etiam
1659 1134 1780 1181 haec,
1814 1147 1920 1188 quae
1952 1147 2102 1174 secun-

339 1197 438 1237 dum
468 1200 658 1235 naturam
690 1208 781 1234 esse
813 1195 1012 1243 dicimus,
1044 1196 1086 1234 in
1118 1197 1198 1235 vita
1221 1196 1365 1242 beata,
1398 1197 1480 1236 sint
1501 1197 1624 1236 modo
1646 1203 1785 1250 partes
1807 1198 1916 1237 vitae
1939 1198 2099 1237 beatae.

449 1259 561 1297 XIII.
592 1254 658 1295 32.
689 1258 817 1310 Atqui
850 1259 902 1305 si,
941 1264 986 1297 ut
1017 1259 1239 1298 convenire
1271 1258 1394 1298 debet
1425 1260 1533 1298 iuter
1564 1273 1663 1306 nos,
1700 1265 1762 1299 est
1794 1259 1999 1312 quaedam
2031 1272 2102 1312 ap-

337 1322 485 1376 petitio
526 1319 726 1359 naturalis
766 1333 835 1367 ea,
883 1334 989 1373 quae
1031 1320 1261 1360 secundum
1302 1328 1490 1361 naturam
1529 1328 1646 1369 sunt,
1692 1328 1913 1375 appetens,
1958 1335 2099 1361 eorum

340 1384 525 1425 omnium
557 1386 617 1422 est
647 1382 788 1435 aliqua
820 1396 980 1421 summa
1011 1382 1212 1421 facienda.
1264 1383 1358 1430 Quo
1392 1384 1639 1432 constituto,
1672 1390 1759 1424 tum
1790 1385 1934 1424 licebit
1964 1384 2099 1424 otiose

291 1447 418 1489 20ista
450 1457 671 1499 quaerere,
704 1443 754 1483 de
787 1445 1072 1497 magnitudine
1103 1459 1260 1493 rerum,
1294 1447 1344 1485 de
1376 1447 1648 1494 excellentia,
1680 1453 1835 1501 quanta
1864 1447 1907 1486 in
1929 1459 2099 1501 quoque

339 1510 392 1550 sit
423 1510 474 1550 ad
505 1509 624 1547 beate
655 1507 900 1552 vivendum,
936 1506 987 1545 de
1019 1508 1108 1547 istis
1139 1509 1242 1560 ipsis
1273 1509 1656 1556 obscurationibus,
1689 1523 1796 1561 quae
1819 1515 1991 1562 propter
2011 1508 2100 1548 exi-

339 1573 538 1625 guitatem
580 1569 649 1608 vix
688 1573 758 1608 aut
798 1581 850 1607 ne
892 1568 959 1607 vix
993 1570 1162 1621 quidem
1195 1577 1435 1622 appareant.
1496 1571 1627 1618 Quid,
1671 1572 1720 1611 de
1753 1585 1838 1625 quo
1870 1572 1986 1611 nulla
2017 1571 2100 1610 dis-

340 1635 478 1674 sensio
520 1633 612 1673 est?
657 1632 787 1669 Nemo
826 1632 934 1669 enim
975 1637 1035 1670 est
1068 1633 1139 1684 qui
1175 1633 1294 1671 aliter
1325 1632 1478 1673 dixerit
1509 1634 1610 1686 quin
1643 1635 1829 1674 omnium
1860 1640 2098 1674 naturarum

339 1697 474 1738 simile
515 1698 625 1735 esset
664 1694 727 1739 id,
768 1694 818 1732 ad
858 1692 972 1746 quod
1014 1694 1152 1733 omnia
1184 1695 1455 1743 referrentur,
1497 1696 1607 1749 quod
1641 1702 1704 1736 est
1735 1697 1928 1736 ultimum
1959 1710 2098 1736 rerum

288 1772 324 1800 25
339 1758 686 1812 appetendarum3
721 1756 856 1795 omnis
888 1756 996 1795 enim
1030 1763 1091 1795 est
1121 1762 1268 1797 natura
1299 1758 1474 1810 diligens
1503 1759 1577 1797 sui.
1630 1759 1745 1807 Quae
1773 1765 1837 1798 est
1857 1760 1968 1799 enim
1990 1771 2098 1812 quae

339 1836 382 1862 se
412 1833 607 1873 umquam
641 1818 806 1858 deserat
836 1824 907 1858 aut
936 1825 1094 1872 partem
1126 1819 1309 1872 aliquam
1341 1820 1402 1859 sui
1436 1827 1507 1859 aut
1538 1822 1627 1860 rius
1659 1821 1787 1873 partis
1816 1821 2003 1861 habitum
2028 1826 2099 1861 aut

338 1883 420 1923 vim
452 1888 523 1922 aut
552 1882 678 1920 ullius
711 1895 850 1920 earum
884 1895 1043 1927 rerum,
1076 1895 1181 1933 quae
1213 1882 1442 1922 secundum
1475 1889 1663 1922 naturam
1697 1888 1814 1930 sunt,
1846 1889 1915 1923 aut
1940 1890 2097 1923 motum

337 1951 410 1986 aut
448 1945 630 1985 statum?
677 1944 795 1991 Quae
836 1950 974 1983 autem
1014 1949 1160 1983 natura
1199 1958 1297 1984 suae
1338 1946 1491 1998 primae
1531 1945 1806 1985 institutionis
1848 1946 1975 1985 oblita
2007 1947 2098 1986 est?

337 2009 412 2047 Est
456 2008 571 2048 nulla
614 2006 822 2058 profecto,
871 2007 972 2058 quin
1018 2019 1131 2045 suain
1174 2008 1255 2046 vim
1302 2009 1479 2047 retineat
1523 2021 1546 2047 a
1586 2009 1718 2060 primo
1759 2007 1808 2046 ad
1853 2013 2098 2048 extremum.

287 2082 324 2111 30
338 2070 404 2112 33.
436 2073 530 2120 Quo
561 2070 684 2110 modo
717 2069 844 2120 igitur
875 2069 1015 2108 evenit
1036 2075 1080 2108 ut
1112 2070 1292 2109 hominis
1315 2077 1461 2110 natura
1484 2072 1570 2110 sola
1593 2076 1724 2117 esset,
1757 2083 1864 2123 quae
1885 2069 2099 2109 hominem

337 2135 613 2187 relinqueret,
645 2144 751 2185 quae
785 2131 1102 2170 oblivisceretur
1133 2133 1341 2185 corporis,
1379 2148 1485 2186 quae
1517 2147 1722 2172 summum
1753 2133 1908 2172 honum
1938 2146 2023 2172 non
2054 2133 2099 2172 in

336 2202 421 2237 toto
461 2195 652 2241 homine,
694 2194 767 2233 sed
810 2194 852 2232 in
885 2200 999 2246 parte
1031 2194 1213 2233 hominis
1246 2198 1446 2246 poneret?
1499 2196 1592 2242 Quo
1626 2194 1749 2234 modo
1781 2201 1942 2243 autem,
1983 2195 2098 2249 quod

336 2260 415 2312 ipsi
447 2259 570 2298 etiam
603 2256 785 2295 fatentur
817 2262 1061 2308 constatque
1093 2257 1200 2295 iuter
1231 2258 1384 2304 omnis,
1425 2257 1763 2303 conservabitur,
1804 2263 1849 2298 ut
1879 2258 2014 2298 simile
2046 2257 2100 2297 sit

338 2322 524 2361 omnium
556 2324 795 2359 naturarum
825 2318 927 2356 illud
962 2318 1171 2365 ultimum,
1210 2319 1260 2357 de
1294 2333 1376 2371 quo
1409 2320 1653 2373 quaeritur?
1705 2321 1809 2358 Tum
1850 2320 1958 2359 enim
1989 2324 2100 2359 esset

288 2398 324 2427 35
339 2383 497 2429 simile,
538 2383 572 2422 si
613 2382 656 2421 in
688 2382 837 2420 ceteris
869 2394 1037 2434 quoque
1070 2383 1228 2421 naturis
1260 2383 1300 2421 id
1333 2384 1487 2436 cuique
1519 2387 1627 2421 esset
1656 2382 1868 2429 ultimum,
1912 2381 2026 2435 quod
2056 2382 2099 2421 in

340 2459 506 2499 quaque
537 2445 781 2491 excelleret3
820 2443 899 2483 tale
940 2444 1050 2483 enim
1088 2444 1219 2482 visum
1259 2451 1320 2483 est
1357 2445 1546 2484 ultimum
1584 2444 1830 2483 Stoicorum.
1891 2441 1957 2482 341.
1989 2443 2099 2491 Quid

339 2507 503 2548 dubitas
534 2507 662 2560 igitur
683 2512 841 2546 mutare
865 2506 1067 2558 principia
1089 2509 1287 2545 naturae?
1326 2507 1436 2554 Quid
1462 2508 1603 2546 enim?
1636 2520 1757 2546 omne
1780 2506 1947 2553 animal,
1979 2505 2099 2545 simul

339 2576 462 2623 atque
494 2569 547 2609 sit
577 2576 733 2617 ortum,
773 2570 1027 2622 applicatum
1066 2583 1157 2609 esse
1196 2570 1247 2609 ad
1279 2583 1321 2608 se
1353 2570 1612 2622 diligendum
1643 2582 1819 2622 esseque
1850 2569 1894 2608 in
1925 2580 1969 2608 se
2000 2580 2099 2608 con-

426 2768 457 2798 4.
485 2776 546 2806 quo
572 2767 696 2798 coddss.
728 2766 780 2797 cm
926 2766 954 2796 2.
982 2767 1050 2796 cst?
1075 2775 1136 2796 non
1164 2765 1371 2803 Madvigius:
1404 2768 1448 2796 es!
1474 2775 1536 2795 non
1561 2766 1585 2795 O
1681 2774 1746 2794 'non
1769 2765 1850 2804 risu]
1874 2764 1994 2795 nostris
2015 2767 2051 2795 ut
2073 2764 2097 2795 B

342 2833 376 2838 u
404 2815 434 2848 4.
460 2826 524 2847 non
549 2825 618 2847 om.
646 2817 668 2846 B
696 2833 729 2837 -
755 2816 922 2855 pravitate
946 2814 1121 2846 Bentleius
1147 2815 1200 2848 (ad
1226 2816 1325 2846 Tuse.
1352 2816 1411 2852 ,
1439 2814 1457 2854 g
1484 2816 1530 2853 tl:
1557 2814 1722 2853 ,qim-itate
1746 2813 1849 2845 codd.
1879 2815 1913 2845 et
1935 2814 1968 2846 M
1981 2814 2017 2845 .
2045 2813 2095 2846 Cf.

339 2866 439 2897 Tusc.
466 2866 521 2903 IV,
549 2865 566 2905 g
592 2865 643 2896 29.
672 2882 706 2886 -
733 2866 763 2896 .
790 2865 857 2905 nec]
884 2874 922 2895 ne
946 2865 969 2894 B
1060 2864 1089 2894 6.
1116 2866 1245 2902 sapiens
1270 2866 1311 2895 B:
1339 2865 1414 2904 [ille]
1439 2865 1567 2902 sapiens
1590 2865 1639 2894 M:
1670 2864 1722 2894 ille
1745 2865 1874 2903 sapiens
1949 2881 1985 2885 -
2011 2863 2043 2894 7.
2069 2866 2099 2894 et

338 2915 364 2945 si
387 2916 430 2945 B:
456 2923 495 2946 ac
517 2916 544 2945 si
567 2916 603 2945 .
632 2914 680 2945 Cf.
709 2916 752 2951 11.
781 2914 798 2954 S
825 2915 875 2946 21.
972 2914 1020 2944 lO.
1047 2914 1176 2952 difficile
1200 2914 1277 2944 illud
1303 2915 1345 2944 ss:
1370 2914 1450 2944 illud
1475 2914 1603 2953 difficile
1627 2913 1651 2944 O
1741 2914 1930 2951 quaerimus
1953 2913 2010 2945 ed.
2028 2913 2098 2944 Ro-

340 2972 458 2994 mana:
491 2973 683 3002 quaere-mus
714 2963 816 2995 codd.
844 2966 877 2994 ot
902 2964 926 2994 O
1035 2963 1086 2993 46.
1112 2964 1144 2993 in
1171 2964 1248 3002 vila]
1274 2964 1379 2993 inluta
1402 2964 1425 2993 B
1492 2979 1526 2983 -
1563 2962 1612 2993 19.
1640 2962 1754 3000 aliqua
1778 2972 1794 2994 e
1816 2972 1944 2994 summa
1967 2963 2032 2994 BE

341 3015 392 3045 21.
419 3014 457 3045 de
479 3014 557 3053 istis]
583 3015 614 3043 in
640 3014 708 3043 istis
773 3031 807 3035 -
836 3014 884 3044 23.
915 3018 1114 3044 naturarum
1138 3013 1161 3043 B
1178 3013 1221 3043 C:
1248 3013 1451 3042 naturalium
1479 3012 1502 3042 O
1523 3028 1556 3032 -
1586 3010 1635 3042 22.
1663 3012 1925 3051 referrenturE:
1951 3012 2098 3051 referen-

340 3067 395 3094 lm
418 3064 462 3100 B
493 3064 685 3103 >referuntur
709 3064 732 3093 O
824 3064 874 3094 29.
900 3064 958 3094 Est
987 3063 1075 3093 nulla
1102 3063 1250 3101 profcclo
1277 3070 1359 3092 nos:
1392 3061 1481 3091 nulla
1503 3062 1649 3099 prolecto
1673 3062 1755 3100 (om.
1782 3061 1836 3100 est)
1862 3060 1964 3092 codd.
1993 3062 2027 3092 et

339 3113 431 3144 nulla
455 3117 498 3144 est
519 3113 663 3152 profecto
681 3114 911 3149 Goe1cu7.ius
937 3114 1036 3144 Nulla
1057 3113 1202 3151 prosecso
1226 3115 1268 3142 ess
1293 3112 1324 3142 M
1413 3110 1464 3141 30.
1486 3111 1676 3150 Quomodo]
1707 3112 1775 3150 Quo
1799 3112 1874 3142 BE.
1902 3110 1950 3143 Cf.
2043 3110 2095 3141 .

341 3163 394 3194 26.
420 3162 472 3194 34.
499 3164 553 3194 50.
590 3181 623 3185 -
660 3162 712 3193 32.
736 3167 913 3201 poneretur
943 3164 966 3193 B
1005 3180 1037 3184 -
1073 3162 1124 3193 34..
1381 3160 1458 3191 cod.
1486 3161 1610 3200 Sigonii
1642 3163 1677 3192 et
1708 3160 1887 3192 Leidensis
1917 3158 2095 3198 Madvigii:

341 3211 494 3242 naturale
608 3228 643 3234 -
680 3211 768 3252 Tum]
795 3212 874 3242 Cum
898 3213 921 3243 B
937 3213 960 3243 E
1056 3212 1107 3242 30.
1133 3215 1177 3242 est
1204 3209 1439 3249 Wesenberg:
1476 3214 1551 3240 esset
1577 3209 1680 3241 codd.
1708 3211 1742 3241 et
1817 3226 1853 3233 -
1878 3208 1985 3240 ultimi
2009 3208 2034 3240 E

345 3262 397 3293 37.
423 3262 508 3293 enim
530 3262 574 3293 B:
601 3262 686 3292 enim
710 3262 789 3292 dicis
813 3263 849 3293 O.
