2249 3624
671 170 766 211 Cn.
797 172 985 212 x-xl.
1023 170 1083 225 §§
1115 170 1307 212 31-36,
1788 171 1869 212 595

109 291 249 320 rorum
289 281 330 316 et
367 274 561 316 ferocitas
601 277 662 316 im
676 291 798 318 enum
840 284 881 318 et
911 279 1090 329 gravitas
1124 280 1203 318 iam
1237 280 1468 318 constantis
1500 279 1647 318 aetatis
1679 284 1718 318 et
1750 291 1869 318 sene-

111 340 233 381 ctutis
271 337 484 378 maturitas
527 339 716 379 naturale
755 341 954 391 quiddam
998 342 1174 386 habeat,
1217 340 1328 394 quod
1369 355 1443 380 suo
1485 348 1671 394 tempore
1712 341 1869 394 percipi

110 401 268 441 debeat.
332 397 399 438 34.
437 399 593 439 Audire
633 407 671 440 te
708 402 907 449 arbitror,
947 404 1109 455 Scipio,
1148 404 1302 455 hospes
1343 410 1438 443 tuus
1480 405 1611 443 avitus
1651 404 1869 443 Masinissa

110 475 217 518 quae
254 461 377 502 faciat
411 461 535 502 hodie
573 464 800 515 nonaginta
838 471 960 504 natus
999 480 1157 504 annos:
1205 480 1296 504 cuni
1335 467 1546 515 ingressus
1587 467 1664 504 iter
1695 465 1869 519 pedibus

109 526 184 571 sit,
220 524 260 564 in
292 537 444 576 equum
477 526 648 564 omnino
690 539 774 564 non
805 527 1054 573 ascendere,
1096 542 1186 567 cum
1218 536 1355 568 autem
1388 542 1519 581 equo,
1562 541 1613 567 ex
1645 540 1754 580 equo
1787 534 1898 566 non3

110 585 384 632 descendere;
419 586 533 626 nullo
566 587 702 633 imbri,
735 588 850 628 nullo
882 588 1032 639 frigore
1065 589 1212 628 adduci
1246 596 1287 628 ut
1319 583 1452 643 capite
1485 596 1630 642 operto
1653 590 1727 635 sit;
1759 602 1871 628 suni-

109 662 215 690 mam
253 661 345 688 esse
386 648 428 687 iu
469 662 517 688 eo
559 650 745 701 corporis
776 650 1030 696 siccitatem,
1072 653 1210 704 itaque
1243 653 1381 691 omnia
1412 653 1564 705 exequi
1598 652 1704 703 regis
1736 649 1871 690 officia

109 717 151 753 et
180 723 364 751 munera.
424 711 563 750 Potest
602 711 729 763 igitur
767 712 1010 751 exercitatio
1050 719 1090 753 et
1122 716 1397 767 temperantia
1433 716 1554 754 etiarn
1587 715 1626 754 in
1658 718 1871 753 senectute

108 786 355 815 conservare
386 772 546 825 aliquid
579 773 743 825 pristini
776 774 950 813 roboris.

219 835 290 875 XI.
331 836 390 874 Ne
422 835 502 874 sint
533 835 574 874 in
607 842 820 875 senectute
854 839 988 876 vires:
1032 851 1083 877 ne
1114 839 1379 891 postulantur
1417 839 1586 892 quidem
1619 839 1724 879 vires
1755 851 1777 877 a
1809 848 1922 878 se-to

108 904 286 938 nectute.
347 898 456 949 Ergo
488 903 528 936 et
560 897 723 950 legibus
756 905 796 938 et
828 898 1027 938 institutis
1060 906 1176 939 vacat
1216 907 1328 940 aetas
1360 907 1502 940 nostra
1535 901 1774 940 muneribus
1806 900 1872 946 iis,

109 973 216 1015 quae
256 973 340 999 non
380 965 559 1012 possunt
599 960 688 999 sine
728 960 885 1000 viribus
927 962 1137 1001 sustineri.
1200 963 1345 1015 ltaque
1379 977 1459 1002 non
1491 962 1614 1002 modo
1646 962 1757 1016 quod
1790 975 1871 1000 non

108 1035 356 1076 possumus,
403 1022 475 1061 sed
518 1035 570 1061 ne
613 1028 812 1075 qnantum
852 1036 1074 1075 possumus
1116 1024 1285 1077 quidem
1318 1026 1516 1076 cogimur.
1575 1024 1641 1065 35.
1674 1028 1726 1065 At
1757 1025 1874 1064 multi

108 1086 167 1125 ita
196 1090 293 1125 sunt
325 1084 509 1124 inbecilli
542 1098 686 1131 senes,
726 1091 771 1124 ut
807 1085 968 1125 nullum
1005 1085 1130 1125 officii
1170 1093 1238 1126 aut
1277 1088 1447 1127 omnino
1479 1089 1588 1128 vitae
1620 1102 1770 1128 munus
1803 1101 1874 1127 ex-

111 1147 230 1201 sequi
263 1147 434 1200 possint.
496 1149 548 1187 At
580 1147 620 1187 id
653 1148 822 1200 quidem
855 1161 939 1186 non
981 1149 1194 1201 proprium
1237 1151 1462 1188 senectutis
1503 1151 1648 1190 vitium
1681 1156 1761 1196 est,
1801 1148 1925 1189 sedus

110 1222 327 1250 commune
358 1209 624 1249 valetudinis.
677 1209 812 1257 Quam
845 1209 922 1248 fuit
954 1210 1176 1250 inbecillus
1200 1211 1333 1250 Publii
1357 1211 1540 1251 Africani
1573 1211 1681 1252 lilius
1714 1213 1769 1259 is,
1804 1212 1875 1265 qui

110 1276 149 1312 te
180 1270 416 1325 adoptavit,
449 1285 575 1325 quam
608 1273 721 1312 tenui
753 1277 826 1311 aut
856 1272 971 1311 nulla
1003 1273 1142 1326 potius
1174 1273 1438 1312 valetudine!
1488 1273 1609 1322 Quod
1634 1275 1675 1314 ni
1697 1276 1752 1315 ita
1774 1275 1877 1315 fuis-

111 1339 193 1380 set,
233 1333 409 1373 alterum
446 1334 549 1374 illud
591 1335 798 1374 extitisset
830 1334 972 1374 lumen
1003 1335 1206 1382 civitatis;
1250 1335 1301 1375 ad
1334 1342 1549 1388 paternam
1581 1338 1688 1377 enim
1722 1338 1878 1390 magni-

110 1395 297 1437 tudinem
328 1396 455 1435 animi
490 1396 678 1436 doctrina
710 1397 882 1436 uberior
913 1403 1161 1436 accesserat.
1216 1397 1326 1445 Quid
1360 1398 1507 1438 mirum
1540 1399 1665 1451 igitur
1695 1400 1737 1438 in
1769 1400 1878 1439 seni-

109 1458 200 1505 bus,
232 1459 265 1498 si
296 1457 449 1498 infirmi
482 1465 579 1498 sunt
609 1459 856 1512 aliquando,
888 1473 981 1498 cum
1014 1459 1055 1498 id
1089 1472 1138 1498 ne
1171 1459 1463 1500 adulescentes
1495 1461 1664 1514 quidem
1695 1462 1928 1513 effugereso

110 1521 301 1575 possint?
362 1521 670 1567 Resistendum,
703 1521 819 1561 Laeli
850 1528 890 1561 et
923 1521 1086 1574 Scipio,
1119 1524 1325 1562 senectuti
1356 1528 1418 1562 est
1449 1523 1622 1576 eiusque
1655 1523 1755 1562 vitia
1785 1521 1879 1562 dili-

112 1584 248 1637 gentia
294 1583 606 1637 compensanda
651 1589 773 1623 sunt:
819 1583 1089 1637 pugnandum
1133 1589 1347 1638 tamquam
1393 1590 1536 1625 contra
1584 1584 1775 1624 morbum
1820 1584 1879 1623 sic

111 1652 258 1687 contra
298 1652 584 1686 senectutem:
645 1645 710 1686 36.
751 1646 946 1686 habenda
986 1647 1090 1686 ratio
1124 1647 1398 1695 valetudinis,
1442 1647 1642 1688 utendum
1675 1647 1881 1687 exercita-

111 1709 294 1749 tionibus
334 1708 536 1755 modicis,
582 1714 744 1749 tantum
787 1709 867 1748 cibi
910 1714 951 1748 et
990 1709 1174 1761 potionis
1206 1709 1520 1757 adhibendum,
1566 1716 1613 1750 ut
1643 1709 1882 1749 reficiantur

112 1771 233 1818 vires,
264 1785 348 1812 non
379 1772 683 1824 opprimantur.
735 1774 818 1812 Nec
851 1785 948 1811 vero
980 1771 1144 1824 corpori
1176 1771 1311 1812 solum
1343 1771 1678 1812 subveniendum
1703 1777 1785 1818 est,
1808 1771 1881 1811 sed
1895 1782 1930 1810 25

112 1833 240 1874 menti
270 1839 396 1887 atque
427 1834 568 1874 animo
601 1835 730 1875 multo
759 1835 913 1888 magis:
946 1847 1040 1873 nam
1064 1832 1166 1873 haec
1189 1847 1372 1887 quoque,
1395 1831 1476 1874 n’isi
1498 1840 1712 1886 tamquam
1734 1833 1881 1873 lumini

113 1893 251 1935 oleum
281 1895 480 1943 instilles‚
514 1897 819 1950 extinguuntur
850 1902 1079 1937 senectute.
1123 1896 1177 1935 Et
1208 1909 1384 1949 corpora
1415 1896 1588 1950 quidem
1620 1895 1882 1936 exercitatio-

112 1971 212 1998 num
242 1957 542 2011 defetigatione
572 1959 886 2012 ingravescunt,
917 1959 1045 1999 animi
1073 1963 1212 1999 autem
1233 1959 1503 1999 exercitando
1526 1959 1730 1999 levantur.
1779 1959 1882 1997 Nam

115 2033 219 2074 quos
249 2021 309 2060 ait
340 2020 546 2061 Caecilius
588 2022 828 2062 comicos
860 2021 1065 2062 stultos
1098 2035 1277 2069 senes,
1308 2021 1391 2062 hoc
1423 2021 1642 2075 significat,
1674 2020 1882 2067 credulos,

114 2082 364 2131 obliviosos,
393 2083 642 2131 dissolutos,
674 2097 782 2137 quae
814 2085 913 2125 vitia
944 2089 1040 2124 sunt
1071 2097 1156 2124 non
1187 2084 1432 2132 senectutis,
1464 2083 1537 2124 sed
1569 2083 1733 2130 inertis,
1765 2082 1882 2135 igna-
1896 2093 1933 2123 30

113 2157 209 2194 vae,
240 2146 547 2186 somniculosae
580 2147 821 2187 senectutis.
871 2147 921 2186 Ut
951 2147 1205 2200 petulantia,
1238 2151 1284 2186 ut
1314 2146 1444 2186 libido
1477 2146 1608 2199 magis
1632 2150 1695 2185 est
1715 2144 1884 2186 adules-

115 2209 295 2248 centium
328 2221 455 2262 quam
487 2222 656 2256 senum,
689 2222 767 2249 nec
799 2214 939 2249 tamen
971 2210 1159 2248 omnium
1189 2208 1535 2256 adulescentium,
1567 2208 1641 2248 sed
1672 2221 1756 2248 non
1788 2221 1884 2261 pro—

114 2268 284 2318 borum,
329 2271 388 2311 sic
428 2271 508 2311 ista
548 2271 692 2311 senilis
725 2271 923 2318 stultitia,
965 2284 1072 2324 quae
1103 2271 1298 2311 deliratio
1330 2271 1533 2323 appellari
1564 2271 1695 2319 solet,
1736 2283 1883 2311 senum

202 2501 233 2532 2.
259 2500 352 2532 habet
376 2500 438 2532 ER
475 2517 508 2523 -
549 2500 580 2532 3.
607 2501 738 2532 audisse
762 2501 787 2532 E
820 2518 856 2525 —
895 2501 1016 2543 avitus]
1033 2501 1162 2532 habilus
1188 2502 1211 2532 C
1244 2500 1352 2532 —-«⁷4.
1377 2501 1461 2540 facit
1486 2501 1544 2532 ER
1572 2517 1605 2522 -
1637 2500 1766 2531 LXXX.
1795 2500 1821 2532 E
1848 2518 1882 2523 —

117 2560 220 2583 annos
240 2554 340 2582 natus
364 2551 409 2583 IR
437 2568 470 2573 —-
498 2551 663 2591 ingressus
684 2551 748 2582 iter
768 2551 903 2590 pedibus
927 2552 1105 2584 Charisius
1130 2560 1163 2592 p.
1180 2552 1241 2582 2¹5
1267 2551 1304 2582 K.
1334 2567 1368 2573 —-
1404 2552 1435 2582 5.
1463 2559 1537 2582 cum
1560 2553 1704 2581 autem-
1721 2567 1739 2572 -
1755 2550 1887 2582 descen-

117 2601 191 2633 dere
214 2609 283 2633 om.
303 2601 329 2633 R
355 2617 389 2622 —
425 2603 537 2632 autem
561 2600 728 2631 BEIPS:
757 2609 826 2632 om.
847 2601 872 2632 O
896 2619 938 2624 —-
963 2602 994 2633 6.
1021 2602 1110 2632 nullo
1127 2618 1176 2624 --
1193 2610 1283 2640 corp.
1309 2601 1488 2632 siccitatem
1511 2600 1643 2631 Nonius
1667 2608 1701 2640 p.
1716 2599 1792 2637 395,
1809 2599 1828 2630 9
1853 2600 1887 2631 et

118 2649 211 2683 idem
234 2659 348 2692 usque
373 2650 419 2682 ad
443 2653 574 2690 opertus
596 2651 636 2681 sit
662 2659 694 2690 p.
711 2649 794 2689 246,
812 2650 854 2681 26
882 2667 916 2673 —
949 2650 1048 2682 imbri
1072 2651 1203 2682 Nonius
1228 2652 1376 2690 utroque
1402 2648 1500 2680 loco:
1527 2649 1628 2681 imbre
1653 2650 1735 2687 CO;
1764 2649 1806 2681 cf.
1833 2658 1884 2681 or.

117 2698 216 2732 Verr.
243 2700 299 2740 IV,
325 2700 416 2741 587,
442 2700 486 2731 ad
512 2701 613 2731 Attio.
640 2700 812 2737 Y11,20,4
846 2717 880 2722 —
918 2700 949 2730 7.
976 2700 1156 2732 siccitatem
1180 2700 1329 2739 corporis
1352 2700 1430 2731 BIS
1457 2717 1491 2721 -
1519 2701 1637 2738 eaeequi
1661 2700 1773 2731 omnia
1796 2700 1822 2731 R
1849 2716 1884 2721 —-

118 2748 149 2781 8.
173 2750 208 2781 in
230 2750 312 2782 ER:
341 2759 411 2782 om.
430 2750 540 2781 BIPS
570 2767 603 2772 --
638 2750 689 2781 40.
717 2758 755 2780 ne
779 2750 842 2780 sint
866 2751 908 2781 R:
936 2758 975 2780 ne
999 2751 1101 2781 desine
1126 2750 1165 2780 ΙΞ2
1178 2751 1213 2787 Ρ,
1240 2758 1298 2780 nec
1322 2749 1424 2780 desint
1449 2749 1498 2787 ΕΙ,
1524 2758 1589 2780 non
1613 2753 1688 2781 sunt
1711 2749 1821 2781 BISO
1847 2766 1882 2771 —

117 2806 174 2830 nec
197 2799 221 2830 E
244 2817 287 2822 —
305 2800 515 2839 postulentur
538 2800 551 2830 I
579 2816 611 2822 -
641 2808 663 2830 a
685 2802 846 2831 senectute
869 2800 958 2830 uires
981 2800 1025 2834 R;
1052 2800 1140 2831 uires
1164 2800 1302 2832 videtur
1326 2800 1503 2841 glossema
1531 2818 1565 2822 —
1593 2801 1644 2832 ll.
1671 2801 1756 2832 idem
1771 2809 1888 2832 mune-

104 2847 207 2884 ‚ribus
230 2849 254 2881 E
280 2866 314 2873 -
347 2850 396 2881 his
419 2850 508 2881 BIR
543 2867 577 2871 —
616 2849 668 2880 ⁴2.
695 2858 779 2889 quae
802 2859 868 2881 non
894 2850 977 2881 ER:
1006 2851 1165 2889 quoniam
1188 2852 1312 2883 BIPS
1348 2868 1382 2872 -—
1422 2850 1473 2882 43.
1503 2851 1632 2890 quidem
1652 2859 1826 2891 possumus
1849 2852 1886 2890 R,

120 2899 247 2938 quidem
270 2907 339 2931 om.
358 2900 383 2931 E
407 2917 450 2922 —-
473 2899 566 2931 multi
592 2899 639 2930 ica
662 2903 737 2930 sunt
761 2900 931 2931 BEIPS:
964 2900 1060 2930 multi
1083 2904 1159 2931 sunt
1183 2901 1230 2932 ila
1255 2901 1298 2937 R,
1333 2901 1381 2932 ita
1402 2900 1497 2931 multi
1520 2903 1597 2931 sunt
1620 2901 1645 2932 O
1673 2918 1709 2923 —
1736 2900 1788 2933 ⁴4.
1814 2900 1890 2942 offi-

119 2947 204 2979 cium
227 2949 252 2980 R
278 2966 312 2972 —-
349 2950 400 2981 ⁴6.
426 2949 624 2980 ualitudinis
649 2950 672 2981 P
705 2967 740 2972 —
776 2949 932 2980 inbecillis
956 2951 994 2980 ΡΞ
1017 2967 1060 2972 -
1091 2950 1123 2980 P.
1144 2950 1316 2990 africanus
1341 2951 1397 2982 ΕΡ
1434 2967 1467 2972 -
1504 2950 1556 2980 47.
1577 2951 1689 2990 potius
1712 2959 1784 2982 om.
1802 2950 1823 2981 S
1853 2967 1886 2972 -

120 2995 168 3028 ita
190 3001 268 3029 esset
291 2998 433 3030 alterum
456 2999 538 3030 illud
561 2999 670 3030 lumen
695 3000 840 3031 ciuitatis
864 3000 1023 3031 extilisset
1047 3000 1059 3030 1
1089 3017 1122 3021 —
1150 3000 1203 3034 20,
1230 3003 1304 3030 sunt
1328 3000 1427 3030 BIS:
1453 2999 1517 3029 sint
1540 2999 1635 3031 EPR
1660 3016 1695 3021 —
1723 3000 1776 3032 22.
1803 3002 1890 3030 tam-

122 3046 232 3088 quam]
257 3056 400 3088 namque
422 3052 469 3080 est
492 3050 516 3080 R
544 3066 578 3071 -
614 3050 666 3080 25.
694 3049 800 3080 solum
824 3050 867 3080 C:
895 3050 955 3080 soli
980 3049 1005 3080 Ο
1033 3066 1066 3070 -
1094 3049 1147 3080 27.
1175 3049 1288 3080 istilles
1312 3050 1348 3080 Ρῑ
1376 3067 1411 3071 -
1444 3049 1664 3088 extinyuncur
1686 3050 1745 3087 IP,
1771 3049 1890 3080 instin-

122 3099 268 3135 quuntur
291 3098 316 3129 R
352 3115 388 3121 -—
429 3098 482 3129 28.
509 3098 710 3138 defeqatione
734 3100 784 3135 R,
821 3098 1056 3139 defatiyationc
1081 3098 1131 3129 EI
1169 3098 1420 3138 (exercitatione
1450 3098 1683 3138 inyracescune
1713 3099 1738 3130 O
1769 3106 1889 3129 errore

124 3146 326 3186 operarum)
364 3155 398 3168 -‘—
437 3148 651 3179 eaeercitando
677 3148 811 3179 BIPS:
847 3156 878 3179 se
903 3147 1084 3179 eaeercendo
1109 3147 1220 3183 ERO,
1256 3146 1318 3178 sed
1344 3146 1369 3177 Ο
1395 3145 1448 3187 [se]
1483 3163 1516 3168 —
1554 3147 1607 3178 29.
1634 3148 1776 3179 comicus
1800 3148 1824 3179 C
1853 3165 1887 3170 —

125 3192 184 3225 hoc
204 3195 332 3226 BIPS:
359 3196 415 3227 hos
439 3196 533 3228 ERO
571 3213 605 3218 —
651 3197 703 3228 30.
732 3205 816 3236 quae
839 3197 924 3228 uitia
940 3197 1138 3227 --somnia
1158 3200 1273 3226 seneen.
1300 3195 1431 3227 Nonius
1455 3204 1489 3236 p.
1505 3195 1614 3233 3:3‚23
1654 3215 1687 3219 —
1728 3197 1843 3228 inertis
1866 3195 1890 3226 E

128 3249 217 3274 corr.
242 3252 284 3275 ex
307 3246 433 3277 meritis
463 3263 498 3268 —
532 3246 690 3287 ignauiae
714 3247 800 3278 BPS
834 3264 868 3268 —
903 3246 955 3278 3¹.
983 3246 1216 3278 somnicolosae
1239 3247 1286 3285 P1,
1312 3246 1615 3286 somniculosaeque
1638 3245 1661 3277 B
1689 3262 1724 3269 -—
1750 3249 1795 3278 est
1819 3252 1889 3276 om.

127 3289 155 3323 E
179 3308 214 3315 —
238 3293 394 3326 iuuenum
416 3295 443 3327 R
470 3311 505 3318 -
531 3295 585 3328 32.
611 3295 680 3335 nec]
704 3296 759 3328 sed
783 3295 807 3328 E
833 3312 867 3318 —
895 3295 947 3328 33.
974 3296 1131 3329 deleratio
1155 3295 1203 3327 ΡΙ.
