2249 3624
683 177 841 217 L1n.11.
891 178 1289 221 cmxui—xiv.
1327 179 1386 233 §§
1411 178 1602 222 tlt-50.
1939 179 2021 222 697

265 288 305 326 et
334 283 539 337 gloriosa,
581 287 642 330 et,
685 297 766 337 qua
797 290 931 325 aetate
972 287 1043 338 qui
1084 293 1353 335 exercentur,
1397 288 1519 328 laude
1551 286 1669 328 adiici
1701 288 1855 335 solent,
1895 294 1937 328 ut
1969 290 2019 328 de

261 345 540 387 Demosthene
586 347 849 399 accepimus,
897 362 944 387 ea
983 354 1116 389 aetate
1158 350 1201 389 L.
1235 350 1407 389 Crassus
1448 351 1631 390 ostendit
1678 353 1716 391 id
1762 365 1805 390 se
1847 352 1886 390 in
1928 351 2018 390 soro

261 413 426 462 optume
457 407 536 447 iam
570 407 730 455 facere,
771 410 883 461 quod
917 411 1039 449 etiam
1075 417 1158 450 tum
1192 419 1354 465 poterat
1385 413 1496 452 (lonii
1530 427 1621 452 cuni
1655 414 1778 453 laude
1813 413 2018 452 meditari.

260 469 364 511 XIV.
406 467 471 508 4-8.
515 470 596 509 Sed
638 484 729 510 cuin
771 472 927 525 duplex
959 473 1064 512 ratio
1098 475 1149 513 sit
1180 475 1401 521 orationis,
1444 490 1619 528 quarum
1653 477 1691 515 in
1724 476 1853 515 altera
1884 488 2018 514 serino

258 533 322 579 sit,
355 532 396 571 in
427 531 556 571 altera
589 534 815 580 contentio,
849 547 932 573 non
965 540 1028 573 est
1058 536 1098 574 id
1131 536 1300 588 quidem
1335 537 1519 584 dubium,
1552 539 1652 590 quin
1686 538 1896 577 contentio
1928 543 2050 576 ora-5

258 595 380 634 tionis
413 595 610 634 maiorem
643 595 723 634 vim
757 596 906 635 habeat
938 596 986 636 ad
1021 597 1195 647 gloriam
1237 623 1286 627 ἡ
1320 613 1366 638 ca
1398 606 1460 639 est
1492 601 1622 647 enini,
1664 614 1787 652 quain
1820 600 2019 652 eloquen-

256 657 353 697 tiam
386 655 564 696 dicimus
598 679 673 704 —-,
713 658 786 696 sed
829 664 964 697 tamen
1005 659 1175 699 difficile
1207 658 1319 700 dictu
1352 668 1433 708 est,
1478 669 1634 715 (planto
1667 676 1793 714 opere
1825 662 2020 701 conciliet

255 720 414 760 animos
457 719 630 759 comitas
672 719 996 773 adfabilitasque
1029 723 1244 762 sermonis.
1304 725 1481 764 Exstant
1525 725 1721 777 epistolae
1764 732 1803 764 et
1837 724 2018 778 Philippi

254 781 304 822 ad
336 781 621 821 Alexandrum
662 787 701 821 et
732 783 934 835 Antipatri
974 784 1025 822 ad
1067 784 1344 826 Cassandrum
1386 794 1426 826 ct
1456 788 1652 839 Antigoni
1695 787 1745 826 ad
1778 787 2017 839 Philippum

254 842 397 891 titium,
430 844 550 883 trium
584 845 1009 896 prudentissimorum
1043 870 1093 875 —-
1127 848 1184 886 sic
1216 850 1325 888 enim
1358 850 1596 901 accepimus
1619 872 1693 896 --,
1726 849 1876 902 quibus
1901 854 2068 900 prae-10

253 907 413 959 cipiunt
451 912 497 946 ut
535 907 723 946 oratione
763 908 944 960 benigna
978 909 1255 950 multitudinis
1287 912 1447 951 animos
1480 911 1530 950 ad
1564 911 1894 951 benevolentiam
1926 911 2016 949 alli-

252 969 363 1009 ciant
392 968 629 1022 militesque
662 970 811 1010 blande
844 971 1095 1024 appellando
1121 972 1344 1013 deleniant.
1386 975 1502 1021 Quae
1525 980 1662 1013 autem
1688 975 1728 1013 in
1752 972 2016 1012 multitudine

251 1045 344 1071 cum
376 1033 644 1071 contentione
677 1033 853 1072 liabetur
884 1035 1033 1081 oratio,
1067 1048 1114 1075 ea
1146 1049 1270 1088 saepe
1304 1036 1539 1075 universam
1573 1037 1748 1083 excitam
1786 1049 1932 1087 magna
1955 1041 2017 1075 est

250 1095 359 1134 enim
390 1093 609 1133 admiratio
641 1096 813 1147 copiose
845 1097 1139 1149 sapienterque
1171 1098 1361 1145 dicentis,
1393 1111 1516 1151 quem
1551 1099 1620 1151 qui
1653 1097 1828 1137 audiunt
1854 1099 2017 1138 intelle-

250 1170 345 1210 gere
388 1156 511 1195 etiam
555 1162 596 1196 et
633 1170 780 1210 sapere
821 1157 913 1210 plus
955 1172 1079 1211 quam
1112 1165 1272 1200 ceteros
1303 1160 1569 1200 arbitrantur.
1631 1161 1671 1199 Si
1705 1175 1801 1200 vero
1835 1161 1942 1199 inest
1972 1161 2064 1199 inl5

249 1219 438 1260 oratione
471 1219 599 1258 mixta
631 1219 834 1260 modestia
865 1221 1064 1272 gravitas,
1106 1222 1209 1261 nibil
1241 1222 1527 1262 admirabilius
1561 1220 1646 1261 lieri
1682 1228 1839 1275 potest,
1879 1235 2013 1275 eoque

249 1282 403 1335 magis,
444 1281 479 1320 si
522 1294 570 1320 ea
610 1287 706 1320 sunt
748 1282 788 1321 in
830 1283 1114 1323 adulescente.
1180 1282 1246 1324 49.
1289 1285 1370 1324 Sed
1403 1299 1494 1324 cuni
1529 1286 1611 1325 siut
1649 1286 1767 1338 plura
1797 1298 2013 1323 causarum

247 1357 423 1398 genera,
468 1356 576 1396 quae
617 1344 900 1398 eloquentiam
943 1345 1207 1394 desiderent,
1253 1348 1457 1400 multique
1498 1348 1541 1386 in
1583 1353 1724 1386 nostra
1765 1360 1808 1386 re
1849 1346 2014 1399 publica

246 1407 536 1447 adulescentes
568 1412 608 1446 et
639 1407 751 1459 apud
783 1407 944 1447 iudices
977 1413 1017 1448 et
1047 1408 1159 1460 apud
1193 1410 1395 1462 populum
1428 1415 1467 1449 et
1489 1411 1599 1462 apud
1624 1416 1811 1448 senatum
1835 1408 2012 1448 dicendo

245 1469 412 1509 laudem
451 1469 630 1508 assecuti
669 1469 773 1516 sint,
813 1470 993 1510 maxima
1032 1476 1095 1510 est
1132 1471 1352 1511 admiratio
1392 1471 1434 1510 in
1466 1472 1658 1518 iudiciis,
1701 1486 1876 1524 quorum
1909 1471 2012 1510 ratio
2030 1477 2067 1507 20

246 1530 399 1584 duplex
430 1537 505 1570 est.
565 1532 666 1570 Nam
699 1544 751 1570 ex
781 1533 1048 1572 accusatione
1081 1538 1121 1572 et
1151 1547 1204 1573 ex
1236 1533 1480 1573 defensione
1512 1539 1695 1581 constat,
1728 1548 1902 1587 quarum
1936 1533 2013 1572 etsi

244 1593 492 1633 laudabilior
531 1599 594 1633 est
633 1593 847 1641 defensio,
888 1600 1024 1634 tamen
1067 1596 1191 1635 etiam
1233 1596 1442 1635 accusatio
1484 1594 1657 1648 probata
1697 1610 1897 1650 persaepe
1936 1600 2010 1635 est.

244 1656 340 1696 Dixi
374 1656 497 1708 paulo
527 1661 623 1696 ante
655 1657 705 1695 de
740 1657 912 1696 Crasso:
958 1657 1067 1697 idem
1099 1658 1198 1697 fecit
1228 1658 1476 1697 adulescens
1509 1660 1561 1697 M.
1592 1659 1814 1698 Antonius.
1877 1659 2010 1697 Etiam

244 1719 286 1758 P.
311 1719 485 1771 Sulpicii
517 1718 801 1771 eloquentiam
833 1721 1042 1759 accusatio
1076 1720 1327 1766 inlustravit,
1359 1734 1452 1760 cum
1484 1721 1727 1760 seditiosum
1759 1727 1800 1760 et
1821 1720 2009 1760 inutilem

244 1781 398 1827 civem,
441 1780 484 1820 C.
516 1782 779 1828 Norbanum,
824 1782 865 1820 in
905 1782 1107 1822 iudicium
1145 1784 1320 1823 vocavit.
1389 1781 1457 1822 5st
1500 1783 1582 1822 Sed
1613 1783 1691 1823 hoc
1725 1783 1891 1836 quidem
1924 1791 2056 1821 non25

243 1849 304 1883 est
344 1855 470 1895 saepe
509 1842 747 1883 faciendum
788 1857 866 1883 nec
906 1858 1103 1897 umquam
1144 1846 1224 1884 nisi
1266 1852 1337 1884 aut
1373 1846 1434 1885 rei
1476 1844 1666 1899 publicae
1709 1858 1855 1891 causa,
1889 1850 1932 1883 ut
1962 1846 2007 1891 ii,

243 1919 348 1958 quos
379 1911 475 1945 ante
507 1905 620 1952 dixi,
660 1911 731 1944 aut
763 1906 1014 1953 ulciscendi,
1056 1912 1101 1946 ut
1133 1907 1215 1946 duo
1249 1908 1434 1955 Luculli,
1477 1913 1547 1947 aut
1579 1908 1822 1960 patrocinii,
1855 1913 1899 1946 ut
1931 1921 2007 1946 nos

241 1980 316 2020 pro
351 1967 514 2015 Siculis,
546 1982 620 2020 pro
654 1968 796 2007 Sardis
827 1969 868 2007 in
891 1969 1066 2008 Albucio
1090 1969 1234 2008 Iulius.
1295 1971 1340 2009 ln
1371 1969 1606 2010 accusando
1639 1971 1762 2009 etiani
1795 1970 1859 2009 Μ’.
1882 1969 2009 2021 Aqui-

241 2029 297 2069 lio
328 2030 371 2069 L.
403 2029 507 2069 Fufii
548 2031 716 2083 cognita
756 2030 963 2070 industria
1004 2036 1080 2070 est.
1151 2032 1289 2071 Semel
1331 2033 1456 2084 igitur
1496 2038 1567 2072 aut
1599 2046 1681 2071 non
1712 2045 1837 2084 saepe
1870 2037 2006 2070 certe:

241 2093 304 2131 sin
347 2091 424 2131 erit
465 2093 531 2131 cui
571 2092 812 2132 faciendum
854 2093 906 2132 sit
946 2093 1134 2146 saepius,
1181 2094 1239 2133 rei
1281 2094 1471 2147 publicae
1512 2095 1663 2134 tribuat
1700 2094 1778 2132 hoc
1811 2094 2057 2141 muneris,30

240 2153 360 2193 cuius
398 2153 590 2194 inimicos
631 2155 775 2194 ulcisci
817 2156 984 2208 saepius
1024 2169 1108 2195 non
1141 2161 1203 2195 est
1234 2155 1643 2209 reprehendendum,
1687 2156 1835 2195 modus
1867 2162 2006 2195 tamen

240 2216 359 2256 adsit.
429 2217 533 2256 Duri
577 2217 688 2256 enim
728 2218 910 2257 hominis
955 2217 1018 2256 vel
1059 2219 1198 2270 potius
1241 2219 1309 2257 vix
1351 2219 1533 2258 hominis
1573 2219 1736 2258 videtur
1773 2218 2005 2270 periculum

240 2278 385 2331 capitis
427 2278 582 2319 inferre
626 2280 782 2320 multis.
852 2278 895 2319 Id
929 2294 1022 2319 cum
1055 2280 1338 2332 periculosum
1372 2281 1449 2334 ipsi
1483 2286 1565 2328 est,
1599 2287 1683 2320 tum
1717 2281 1840 2320 etiam
1872 2279 2006 2319 sordi-

240 2339 338 2380 dum
377 2340 428 2381 ad
466 2341 619 2381 famam
660 2342 919 2382 committere
968 2348 1013 2382 ut
1057 2349 1275 2382 accusator
1314 2343 1551 2382 nominere:
1601 2344 1710 2396 quod
1744 2343 1920 2394 contigit
1950 2344 2003 2382 M.

239 2402 381 2451 Bruto,
414 2417 576 2443 summo
608 2416 760 2457 genere
792 2410 902 2452 nato,
935 2405 1047 2445 illius
1078 2405 1180 2453 filio,
1213 2405 1285 2458 qui
1317 2405 1417 2445 iuris
1450 2406 1583 2445 civilis
1610 2406 1651 2445 in
1676 2406 1822 2458 primis
1845 2405 2002 2458 peritus
2016 2412 2052 2441 35

323 2558 353 2588 4.
379 2561 408 2589 ει
432 2567 500 2597 qua
531 2559 721 2589 Manutius:
760 2567 802 2589 ea·
826 2567 893 2597 qua
919 2560 942 2590 C
983 2577 1017 2581 —
1055 2563 1090 2590 ut
1115 2560 1152 2590 de
1175 2560 1374 2591 demosthene
1401 2560 1587 2598 accepimus
1618 2561 1660 2590 (lt
1699 2563 1734 2589 ul
1758 2560 2002 2591 Demosthenem

236 2607 418 2645 accepimus
441 2616 473 2639 o.
506 2608 598 2638 Haec
623 2607 732 2639 verba
757 2611 835 2648 post
861 2608 913 2639 illa
940 2618 978 2640 ea
1002 2613 1109 2640 aelate
1134 2610 1347 2650 transposuit
1373 2610 1598 2640 Ruhnkenius
1623 2610 1665 2640 ad
1693 2610 1790 2641 Rutil.
1819 2619 1851 2650 p.
1870 2611 1942 2641 108,
1964 2628 1997 2632 -

236 2657 266 2687 5,
285 2657 318 2686 id
342 2664 410 2687 om.
431 2665 453 2688 a
478 2674 513 2679 —
540 2657 570 2688 7.
591 2655 680 2688 (ΙὶεΙῖι
703 2659 752 2690 ab
781 2675 815 2679 —-
843 2663 1045 2697 quantopere
1071 2660 1094 2690 C
1123 2677 1156 2681 —
1185 2660 1215 2691 9.
1243 2661 1424 2698 antipatris
1449 2667 1466 2690 c
1491 2677 1532 2682 —
1555 2659 1720 2699 Antissam]
1741 2661 1867 2690 antonii
1893 2661 1942 2692 ab
1965 2678 1997 2682 —

236 2705 287 2736 40.
309 2707 641 2744 prudentissimorum
665 2708 708 2737 C:
744 2708 1078 2746 prudentissimorum
1101 2711 1252 2740 uirorum
1284 2709 1352 2740 alii.
1393 2727 1425 2731 —
1465 2710 1517 2740 41.
1544 2709 1696 2740 alliciunt
1728 2708 1834 2741 Bll¹b
1874 2727 1906 2730 —-
1947 2710 1998 2740 ⁴2.

235 2754 350 2786 blande
373 2756 568 2795 appellando
595 2758 685 2795 (cuin
712 2757 823 2788 tribus
848 2756 955 2797 libris)
982 2758 1202 2790 Gulielmius:
1241 2760 1357 2790 blando
1381 2760 1577 2799 appellando
1601 2768 1748 2789 sermone
1772 2768 1843 2795 ac;
1882 2760 2000 2791 blando

235 2805 430 2843 appellando
453 2815 600 2837 sermone
628 2807 727 2838 Bllb
768 2824 802 2828 —
841 2807 1005 2839 delenianc
1029 2817 1068 2840 c:
1103 2810 1261 2840 ‹leliniant
1292 2811 1314 2840 B
1332 2811 1355 2840 ll
1372 2811 1424 2841 ab
1465 2827 1498 2832 -—
1538 2811 1588 2840 43.
1617 2811 1740 2840 euitat
1766 2810 1842 2839 (jar⁴
1864 2810 1997 2849 Lange:

234 2853 360 2884 excitat
381 2854 525 2894 gloriam
551 2856 594 2892 C3
628 2857 751 2887 cxcilat
776 2857 819 2886 ad
842 2857 986 2896 gloriam
1011 2859 1120 2894 (baud
1147 2861 1225 2898 apta
1250 2860 1437 2896 sententia]
1464 2858 1626 2890 Klotzius.
1666 2876 1701 2880 —
1739 2859 1824 2889 euim
1847 2862 1891 2888 es!
1916 2867 1933 2889 c
1964 2876 1996 2880 —-

236 2903 285 2933 45.
308 2903 383 2942 plus
405 2905 518 2935 celeris
541 2914 561 2945 p
601 2923 633 2927 —-
673 2906 725 2936 46.
753 2907 910 2937 modestia
934 2908 957 2938 B
974 2908 1057 2939 Ilb:
1091 2909 1233 2938 modesta
1259 2917 1295 2940 a:
1335 2909 1510 2939 modes-liae
1535 2917 1551 2939 c
1567 2917 1585 2939 o
1625 2926 1658 2930 —
1694 2911 1797 2946 polest
1819 2908 1891 2947 sieri
1916 2917 1933 2940 c
1960 2925 1995 2929 —

235 2952 285 2982 47.
311 2952 345 2982 in
369 2953 632 2985 adolescentibus.
659 2956 702 2986 Ec
725 2964 798 2986 cum
823 2964 840 2987 c
869 2974 904 2978 —
939 2958 988 2988 48.
1016 2966 1052 2988 re
1071 2966 1114 2996 .p.
1134 2959 1167 2988 in
1185 2959 1399 2989 adulescentes
1422 2966 1440 2989 c
1470 2976 1502 2979 ——
1538 2959 1587 2988 u».
1614 2961 1642 2988 el
1667 2958 1756 2996 apud
1775 2958 1935 2996 populum
1959 2966 1996 2989 c:

234 3008 302 3031 om.
331 3001 353 3032 B
370 3002 496 3035 Habo
533 3023 574 3027 —
609 3005 661 3035 ⁵20.
687 3008 762 3035 sunt
786 3013 804 3036 c
844 3023 879 3026 —
917 3007 1097 3038 admiralio
1123 3017 1182 3046 que
1206 3012 1250 3038 est
1274 3009 1305 3038 in
1332 3017 1349 3039 c
1389 3026 1422 3030 —
1461 3008 1513 3038 ⁵21.
1541 3011 1585 3038 est
1610 3016 1677 3038 oni.
1699 3016 1716 3039 c
1745 3025 1778 3030 —
1816 3012 1846 3039 et
1869 3019 1910 3039 ec
1933 3009 1994 3047 def.

233 3049 369 3082 Bflac:
394 3057 429 3082 ut
452 3061 496 3083 ea:
520 3054 580 3093 def.
607 3055 646 3090 b;
673 3061 702 3085 c!
725 3054 786 3092 def.
815 3062 833 3085 ο
861 3071 896 3076 -
926 3056 976 3088 22.
1000 3065 1135 3096 persepe
1155 3057 1296 3096 probola
1323 3066 1340 3088 c
1368 3074 1400 3078 ——
1430 3057 1479 3088 ³23.
1508 3057 1605 3088 etium
1633 3058 1663 3087 in
1688 3058 1708 3088 b
1733 3060 1872 3098 punctis
1898 3061 1998 3089 nota-

233 3099 299 3130 tur.
321 3117 356 3122 —
383 3101 435 3132 ⁶25.
463 3102 496 3134 C.
524 3112 593 3134 om.
614 3112 632 3134 c
658 3122 698 3126 —-
723 3104 775 3134 ΞΟ,
803 3105 865 3134 nisi
890 3108 925 3135 ut
947 3106 1027 3145 reip.
1054 3108 1074 3138 b
1103 3124 1136 3127 —
1166 3110 1199 3136 nt
1216 3107 1237 3137 ii
1254 3125 1303 3130 --
1321 3107 1495 3137 ulciscendi
1520 3116 1589 3137 oni.
1611 3107 1699 3138 llab
1728 3125 1760 3128 —
1789 3112 1824 3138 uc
1849 3108 1894 3147 hij
1919 3117 1998 3146 quos

233 3153 330 3181 antea
354 3159 371 3182 c
408 3169 439 3173 —
480 3153 532 3183 27.
558 3153 733 3184 ulciscendi
756 3154 871 3193 qratia
893 3157 928 3184 ut
952 3163 970 3186 c
1010 3173 1043 3177 ——
1079 3157 1266 3195 patrocinio
1291 3156 1330 3187 b;
1352 3156 1589 3193 pali-ocinandi
1614 3164 1631 3186 c
1659 3173 1694 3177 —-
1732 3156 1784 3187 28.
1813 3158 1843 3186 in
1869 3157 1997 3187 albae-io

233 3198 334 3235 (corr.
361 3209 402 3231 ex
425 3210 486 3240 pro
509 3202 543 3232 in
568 3203 713 3242 albucio)
739 3204 777 3239 b,
816 3204 849 3234 in
874 3204 997 3235 albutio
1028 3206 1134 3243 (corr.
1163 3215 1202 3235 ex
1226 3214 1288 3243 pro
1309 3206 1365 3235 Μ,
1392 3205 1532 3242 albutio)
1565 3213 1603 3236 a:
1638 3214 1702 3244 pro
1725 3206 1883 3236 maleum)
1915 3206 1937 3236 B
1954 3207 1994 3244 Η,

230 3256 292 3286 pro
314 3249 358 3281 M.
379 3250 508 3281 albucio
532 3259 550 3282 c
590 3270 624 3274 —
662 3253 761 3283 etiam
784 3247 841 3284 M?
859 3253 989 3292 Aquilio
1012 3255 1203 3286 Manutius:
1236 3255 1333 3284 eliam
1357 3254 1482 3292 aquilio
1506 3262 1541 3290 ος
1575 3256 1674 3287 eliam
1696 3256 1832 3286 marulio
1857 3256 1880 3286 B
1898 3256 1992 3286 Hab

231 3314 274 3321 —
296 3299 348 3330 29.
374 3300 443 3342 aut]
468 3304 503 3332 ut
527 3309 566 3338 a;
593 3305 622 3333 et
645 3303 665 3334 b
695 3319 729 3324 —-
755 3301 808 3334 30.
834 3303 876 3334 sit
899 3311 968 3334 om.
988 3311 1006 3335 c
1032 3321 1067 3326 -
1095 3304 1147 3335 33.
1174 3304 1344 3335 sordidum
1366 3307 1412 3335 est
1434 3303 1478 3335 ad
1501 3311 1533 3336 c.
