2249 3624
321 80 376 122 94
698 79 768 120 DE
798 76 1006 119 FINIBUS
1037 74 1300 117 BONORUM
1328 74 1398 115 ET
1427 75 1693 117 MALORUM

322 193 513 234 dolemus
543 191 783 245 angoribus.
833 188 899 230 68.
931 188 1138 237 Quocirca
1169 189 1317 229 eodem
1347 188 1473 228 modo
1506 187 1670 242 sapiens
1692 187 1773 228 erit
1792 188 1963 228 affectus
1985 201 2083 241 erga

321 257 521 303 amicum,
561 268 644 308 quo
685 254 728 293 in
768 265 811 292 se
849 252 1008 304 ipsum,
1050 263 1241 303 quosque
1282 251 1444 291 labores
1475 256 1646 304 propter
1677 264 1792 291 suam
1824 250 2081 303 voluptatem

320 319 572 371 susciperet,
603 315 773 355 eosdem
804 313 1005 366 suscipiet
1034 318 1206 366 propter
1235 315 1355 354 amici
1385 314 1665 367 voluptatem3
1697 327 1889 367 quaeque
1921 314 1972 353 de
2001 313 2084 353 vir-

319 381 475 423 tutibus
505 379 615 418 dicta
645 382 757 424 sunt,
789 389 914 429 quem
944 374 997 414 ad
1028 376 1197 416 modum
1219 389 1292 416 eae
1314 389 1476 430 semper
1496 375 1781 428 voluptatibus
1802 376 2083 422 inhaererent,

291 443 469 483 5eaden1
509 442 561 481 de
598 438 781 479 amicitia
818 437 996 477 dicenda
1033 443 1143 477 sunt.
1201 438 1416 478 Praeclare
1456 438 1568 478 enim
1608 437 1814 490 Epicurus
1855 438 1917 477 his
1948 450 2083 490 paene

320 505 478 553 verbiS,
519 501 733 548 Eadem,
784 500 944 553 inquit,
992 501 1278 541 sententia
1323 499 1676 540 confirmavit
1719 500 1974 547 animum,
2019 512 2083 539 ne

319 568 456 623 quod
487 571 569 606 aut
599 563 974 616 sempiternum
1005 566 1094 602 aut
1125 562 1436 603 diuturnum
1467 562 1682 602 timeret
1712 562 1925 610 malum,
1957 575 2084 616 quae

316 627 609 685 perspexit
646 626 699 665 in
736 625 833 665 hoc
871 625 991 676 ipso
1032 625 1175 665 vitae
1215 625 1396 679 spatio
1436 623 1716 664 amicitiae
1752 623 2085 677 praesidium

318 706 432 734 esse
463 688 843 731 firmissimum.
895 684 963 726 69.
994 687 1102 727 Sunt
1122 692 1261 727 autem
1284 687 1457 740 quidam
1486 686 1680 739 Epicurei
1703 685 1938 726 timidiores
1959 686 2085 740 paulo

269 767 302 795 40
317 760 461 796 contra
490 757 628 794 vestra
658 751 860 798 convitia,
903 750 977 789 sed
1006 755 1148 790 tamen
1177 751 1278 790 satis
1309 749 1439 796 acuti,
1479 748 1550 801 qui
1581 753 1778 787 verentur
1807 761 1880 796 ne,
1918 749 1953 788 si
1985 749 2088 789 ami-

316 819 454 859 citiam
492 819 660 870 propter
697 818 883 854 nostram
912 811 1172 865 voluptatem
1205 812 1483 864 expetendam
1526 815 1743 864 putemus,
1784 816 1873 851 tota
1903 811 2088 851 amicitia

317 881 437 935 quasi
468 877 704 918 claudicare
734 875 938 916 videatur.
988 875 1136 928 Itaque
1167 875 1324 928 primos
1357 886 1607 925 congressus
1640 872 2015 927 copulationesque
2047 878 2089 912 et

317 941 669 984 consuetudinum
700 937 1051 979 instituendarum
1081 937 1320 978 voluntates
1351 933 1440 974 fieri
1471 940 1645 987 propter
1673 935 1951 988 voluptatem,
1993 948 2087 974 cum

316 1011 457 1046 autem
487 1016 589 1043 usus
619 1000 893 1055 progrediens
923 999 1249 1040 familiaritatem
1271 998 1475 1044 effecerit,
1506 1002 1594 1036 tum
1618 1010 1803 1036 amorem
1824 997 2088 1037 efflorescere

266 1080 302 1109 45
316 1073 491 1116 tantum,
521 1071 587 1113 ut,
619 1065 745 1105 etiam
777 1063 811 1103 si
844 1062 960 1103 nulla
989 1062 1043 1102 sit
1072 1062 1230 1102 utilitas
1263 1074 1317 1100 ex
1346 1059 1542 1107 amicitia,
1572 1064 1713 1099 tamen
1742 1059 1823 1112 ipsi
1848 1059 1971 1099 amici
1991 1071 2088 1112 pro-

316 1136 409 1185 pter
440 1144 483 1171 se
514 1131 629 1183 ipsos
661 1132 864 1167 amentur.
922 1125 1089 1166 Etenim
1121 1126 1155 1165 si
1186 1125 1297 1172 loca,
1338 1123 1372 1163 si
1403 1122 1518 1169 fana,
1551 1122 1584 1161 si
1617 1122 1761 1169 urbes,
1793 1122 1827 1161 si
1859 1121 2087 1175 gymnasia,

316 1194 351 1234 si
383 1206 597 1245 campum,
629 1191 664 1230 si
694 1202 839 1236 caneS,
871 1188 906 1228 si
938 1201 1071 1242 equos
1102 1187 1263 1226 ludicra
1294 1185 1519 1226 exercendi
1550 1189 1620 1224 aut
1650 1184 1832 1224 venandi
1864 1188 2089 1223 consuetu-

316 1256 414 1296 dine
445 1255 640 1294 adamare
671 1251 877 1299 solemus,
909 1256 1067 1304 quanto
1098 1250 1142 1289 id
1173 1250 1216 1289 in
1247 1249 1466 1289 hominum
1488 1246 1793 1287 consuetudine
1812 1246 1976 1287 facilius
1997 1246 2088 1286 fieri

314 1317 501 1372 potuerit
531 1321 573 1356 et
609 1314 794 1355 iustius?
853 1311 921 1352 70.
954 1313 1059 1352 Sunt
1089 1317 1252 1360 autem,
1291 1311 1364 1364 qui
1396 1310 1536 1349 dicant
1573 1309 1723 1348 foedus
1755 1322 1845 1349 esse
1877 1309 2088 1363 quoddam

264 1392 301 1423 20
316 1379 590 1435 sapientium,
621 1382 668 1417 ut
698 1390 751 1416 ne
782 1376 920 1416 minus
951 1375 1106 1415 amicos
1138 1387 1262 1427 quam
1295 1388 1339 1414 se
1371 1373 1487 1426 ipsos
1519 1372 1707 1424 diligant.
1758 1371 1881 1419 Quod
1903 1378 1944 1412 et
1964 1385 2088 1425 posse

315 1442 406 1484 fieri
447 1440 730 1494 intellegimus
773 1444 815 1479 et
857 1451 982 1491 saepe
1012 1437 1042 1489 ’ζ-
1068 1438 1179 1477 enim
1210 1436 1401 1477 videmus
1442 1440 1482 1475 et
1511 1434 1779 1488 perspicuum
1811 1440 1874 1474 est
1904 1434 2006 1474 nihil
2037 1433 2088 1473 ad

315 1505 500 1547 iucunde
542 1502 769 1544 vivendum
810 1501 986 1554 reperiri
1029 1513 1175 1553 posse,
1223 1499 1337 1552 quod
1381 1498 1679 1538 coniunctione
1725 1497 1796 1536 tali
1836 1497 1890 1537 sit
1930 1496 2086 1550 aptius.

317 1568 481 1617 Quibus
519 1579 573 1606 ex
608 1565 799 1606 omnibus
839 1563 1016 1604 iudicari
1054 1567 1215 1615 potest,
1256 1575 1343 1601 non
1386 1561 1510 1600 modo
1542 1572 1628 1598 non
1658 1559 1852 1613 impediri
1882 1559 2089 1599 rationem

316 1629 546 1677 amicitiae,
587 1628 621 1668 si
653 1641 859 1668 summum
889 1626 1047 1666 bonum
1078 1626 1122 1665 in
1152 1625 1367 1678 voluptate
1399 1629 1597 1676 ponatur,
1638 1621 1713 1661 sed
1743 1622 1830 1662 sine
1860 1621 1941 1661 hoc
1972 1621 2090 1661 insti-

267 1706 303 1736 25
316 1693 521 1734 tutionem
551 1691 721 1731 omnino
753 1689 964 1730 amicitiae
994 1701 1081 1728 non
1111 1701 1235 1742 posse
1266 1686 1455 1739 reperiri.

428 1755 543 1795 XXI.
573 1751 641 1793 71.
675 1753 943 1806 Quapropter
974 1751 1010 1791 si
1041 1763 1108 1797 ea,
1151 1763 1258 1803 quae
1290 1749 1399 1797 dixi,
1431 1747 1518 1788 sole
1548 1747 1640 1800 ipso
1672 1746 1904 1787 illustriora
1935 1751 1976 1786 et
2007 1746 2090 1786 cla-

315 1820 426 1860 riora
456 1823 577 1866 sunt,
608 1817 643 1857 si
675 1816 816 1856 omnia
845 1815 995 1855 hausta
1027 1827 1048 1854 e
1070 1813 1185 1852 fonte
1207 1817 1404 1859 naturae,
1436 1811 1469 1850 si
1493 1815 1580 1850 tota
1602 1810 1736 1849 oratio
1759 1815 1901 1850 nostra
1922 1823 2089 1850 omnem

316 1882 396 1923 sibi
426 1879 550 1921 fidem
582 1879 774 1920 sensibus
806 1875 1046 1925 confirmat,
1081 1875 1124 1916 id
1156 1880 1218 1914 est
1248 1874 1498 1927 incorruptis
1529 1878 1657 1926 atque
1688 1872 1861 1925 integris
1893 1871 2087 1920 testibus,

315 1945 351 1985 si
381 1944 563 1985 infantes
593 1941 736 1996 pueri,
767 1946 907 1981 mutae
940 1939 1065 1979 etiam
1095 1938 1257 1978 bestiae
1288 1950 1421 1991 paene
1451 1936 1647 1976 locuntur
1676 1936 1874 1988 magistra
1905 1947 1952 1975 ac
1983 1934 2090 1974 duce

264 2019 302 2050 30
315 2012 485 2055 natura,
523 2005 630 2046 nihil
660 2017 751 2044 esse
782 2015 1031 2057 prosperum
1062 2002 1144 2041 nisi
1174 2000 1459 2052 voluptatem,
1495 1999 1603 2039 nihil
1633 2011 1830 2051 asperum
1860 1998 1942 2038 nisi
1973 1997 2091 2038 dolo-

315 2083 422 2118 rem,
453 2069 505 2109 de
537 2067 688 2122 quibus
719 2079 857 2119 neque
889 2065 1114 2117 depravate
1145 2062 1333 2103 iudicant
1362 2075 1501 2115 neque
1533 2066 1752 2114 corrupte,
1783 2074 1924 2100 nonne
1946 2061 1983 2101 ei
2004 2073 2090 2099 ma-

316 2133 473 2174 ximam
510 2131 685 2185 gratiam
725 2129 878 2169 habere
920 2127 1144 2174 dehemus,
1185 2124 1256 2178 qui
1294 2124 1371 2164 hac
1403 2124 1601 2164 exaudita
1632 2123 1755 2177 quasi
1786 2136 1886 2162 voce
1917 2127 2089 2162 naturae

316 2195 376 2235 sic
407 2207 498 2235 eam
528 2192 646 2233 firme
677 2191 943 2246 graviterque
975 2186 1359 2242 comprehenderit,
1389 2192 1437 2227 ut
1469 2199 1615 2226 omnes
1637 2186 1745 2225 bene
1769 2198 1892 2225 sanos
1913 2185 1957 2225 in
1979 2185 2088 2225 viam

315 2257 524 2312 placatae,
565 2254 840 2309 tranquillae,
886 2252 1076 2306 quietae,
1117 2251 1264 2291 beatae
1303 2250 1414 2290 vitae
1446 2249 1701 2289 deduceret?
1753 2248 1836 2297 Qui
1869 2247 1983 2301 quod
2014 2246 2089 2287 tibi

318 2361 2088 2383 ———-—-—-—-—-—-—-————-—————--

403 2457 434 2489 3.
459 2456 635 2496 susciperet
658 2454 742 2486 AB:
767 2453 943 2493 susceperit
966 2452 991 2484 O
1017 2469 1052 2474 —
1078 2451 1230 2490 suscipiet
1252 2451 1298 2482 A:
1325 2450 1502 2490 susciperet
1525 2450 1569 2486 133
1595 2449 1728 2489 recipietv
1753 2449 1778 2480 O
1796 2465 1832 2470 -
1859 2447 1969 2486 amici]
1994 2455 2090 2478 suam

315 2507 340 2540 B
358 2525 400 2530 —-
423 2507 455 2539 4.
475 2515 531 2538 eae
548 2508 591 2537 A:
617 2506 696 2537 haec
712 2506 756 2541 B3
782 2504 843 2535 hae
859 2504 883 2534 O
902 2519 938 2524 -
960 2502 1106 2534 inherent
1121 2503 1145 2532 B
1166 2503 1245 2540 (non
1265 2501 1299 2540 E)
1318 2518 1351 2522 —-
1372 2501 1403 2531 5.
1424 2500 1536 2531 eadem
1560 2500 1618 2538 hys
1641 2508 1723 2539 pene
1745 2498 1850 2530 verbis
1866 2499 1890 2530 B
1912 2515 1945 2521 —
1969 2496 2087 2537 paene]

312 2567 418 2598 peuae
434 2558 510 2598 (sic)
529 2553 585 2593 A¹;
607 2564 690 2595 pene
706 2554 747 2586 Α2
762 2571 796 2576 —-
817 2554 848 2584 6.
865 2553 1023 2584 sententia
1047 2553 1088 2583 B:
1118 2552 1254 2583 scientia
1270 2552 1307 2582 A.
1335 2550 1384 2582 Cf.
1404 2558 1478 2581 var.
1498 2549 1577 2581 lect.
1597 2559 1630 2590 p.
1650 2550 1702 2589 92,
1716 2549 1810 2581 34-.—
1831 2549 1861 2579 7.
1882 2547 2087 2586 diuturnum]

314 2607 446 2640 litteras
470 2611 548 2639 turn
572 2607 605 2637 in
630 2612 752 2637 rasura
776 2602 884 2634 habet
906 2604 933 2633 A
952 2619 987 2623 —
1014 2601 1045 2632 S.
1069 2601 1241 2641 prosperii
1264 2600 1288 2631 B
1310 2618 1344 2623 —
1373 2600 1403 2631 9.
1424 2600 1499 2639 esse]
1526 2603 1570 2630 est
1595 2600 1652 2631 BE
1670 2616 1713 2621 —-
1738 2600 1788 2631 110.
1807 2602 1920 2630 uestra
1943 2598 2090 2629 conuilia

314 2659 359 2690 A:
385 2658 538 2689 conuicia
559 2659 674 2687 nostra
697 2655 739 2693 B;
765 2657 874 2685 vestra
897 2651 1046 2683 convicia
1068 2652 1100 2682 M
1117 2651 1141 2682 O
1161 2667 1196 2672 —
1224 2649 1280 2689 qui
1301 2653 1456 2681 verentur
1481 2658 1550 2681 om.
1569 2650 1593 2680 B
1614 2665 1648 2671 —
1675 2652 1809 2679 uereiur
1831 2647 1872 2680 A¹
1891 2667 1925 2671 —
1952 2648 2005 2680 43.
2029 2657 2090 2679 vo—

314 2708 455 2748 luptates
470 2708 516 2742 D;
543 2715 613 2737 om.
629 2706 653 2736 B
668 2722 710 2726 —
736 2703 787 2735 44.
807 2702 950 2743 effeceris
972 2699 1012 2733 A¹
1032 2718 1067 2723 —
1096 2701 1149 2731 45.
1175 2700 1222 2738 ut]
1250 2702 1309 2730 aut
1331 2699 1355 2730 B
1376 2700 1456 2739 (non
1473 2699 1508 2738 E)
1530 2716 1565 2721 —-
1593 2698 1645 2729 46.
1670 2698 1764 2738 sama
1780 2699 1808 2729 A
1826 2716 1861 2720 -—
1889 2699 1941 2730 47.
1960 2698 2090 2729 ludicra

315 2757 407 2789 Bake
427 2756 482 2797 (ad
500 2757 570 2787 Cic.
588 2755 631 2786 de
646 2755 749 2793 Legg.
766 2762 800 2794 p.
815 2752 877 2785 463
893 2751 977 2793 sq.):
1003 2751 1031 2781 si
1048 2750 1178 2781 ludicra
1194 2748 1234 2780 A¹
1247 2750 1271 2780 B
1285 2749 1336 2786 M;
1362 2749 1389 2779 si
1405 2749 1552 2779 ludicras
1567 2746 1608 2779 Α2
1621 2748 1645 2779 O
1664 2764 1698 2770 —
1720 2751 1778 2779 aut
1802 2750 1817 2789 Η
1840 2751 1897 2779 aul
1913 2750 1940 2779 A
1958 2765 1993 2769 —
2010 2757 2090 2779 con-

314 2808 483 2839 suetudine
505 2807 550 2838 B:
576 2804 822 2836 consuetudines
846 2804 872 2834 A
887 2802 911 2833 O
931 2819 965 2825 —
995 2801 1047 2832 49.
1074 2801 1184 2831 dicunt
1208 2799 1234 2830 E
1254 2817 1288 2821 —
1316 2807 1380 2830 esse
1404 2799 1569 2838 quoddam
1593 2800 1638 2829 A:
1666 2806 1731 2829 esse
1748 2799 1828 2838 (om.
1848 2796 2025 2837 quoddam)
2042 2797 2086 2834 B;

315 2857 482 2897 quoddam
512 2863 578 2887 esse
608 2855 633 2886 O
661 2871 696 2876 —-
728 2854 781 2885 ⁶20.
807 2852 1006 2892 sapientium
1034 2851 1118 2882 AB:
1150 2850 1336 2889 sapientum
1367 2849 1391 2880 O
1420 2868 1454 2871 —
1487 2849 1596 2880 minus
1625 2848 1749 2879 amicos
1771 2857 1873 2887 quam
1895 2847 2086 2879 Manutius:

315 2907 424 2938 minus
447 2915 548 2947 quam
572 2904 696 2935 amicos
711 2903 753 2940 B;
778 2903 887 2934 minus
910 2901 1040 2941 quidem
1063 2900 1187 2931 amicos
1210 2907 1311 2939 quam
1327 2899 1366 2930 A.
1394 2898 1582 2939 (Librarius
1608 2897 1738 2929 codicis
1757 2898 1781 2928 B
1803 2897 2089 2937 frequentissimo

317 2965 438 2988 errore
470 2952 640 2997 particula
669 2953 798 2992 quidem
828 2953 861 2983 in
890 2960 992 2990 quam
1022 2951 1154 2981 mutata
1186 2957 1286 2989 quam
1316 2950 1395 2989 post
1424 2949 1547 2980 amicos
1578 2947 1717 2986 omisit.)
1743 2964 1787 2969 —
1812 2947 1852 2978 sii
1876 2947 1961 2986 ipsos
1984 2943 2024 2978 Αι
2050 2961 2086 2968 -

313 3014 408 3046 posse
427 3005 501 3046 fieri
524 3006 568 3036 A:
599 3003 672 3045 fieri
693 3011 785 3043 posse
808 3003 831 3032 B
846 3003 877 3034 M
905 3020 940 3024 —-
972 3002 1024 3032 Ἣ.
1049 3009 1145 3040 saepe
1176 3000 1274 3031 etiam
1301 2999 1447 3030 videmus
1470 2997 1648 3035 Davisius;
1680 3005 1914 3036 saepenumero
1943 2995 2090 3026 videmus

320 3055 550 3092 Goerenzius;
576 3062 672 3093 saepe
695 3061 758 3084 esse
779 3053 903 3092 factum
924 3051 1070 3082 videmus
1093 3048 1244 3080 Klotzius
1269 3046 1346 3079 coll.
1366 3048 1410 3086 11,
1438 3047 1456 3087 g
1482 3047 1541 3084 833
1567 3054 1663 3086 saepe
1686 3047 1813 3078 evenire
1835 3046 1981 3076 videmus
2005 3043 2087 3075 llal-

319 3106 412 3137 mius
439 3122 474 3127 —-
506 3104 559 3135 ⁶202.
585 3103 749 3143 repperiri
771 3104 815 3139 A}
849 3102 994 3141 reperire
1023 3100 1087 3131 BE
1113 3116 1148 3121 —-
1180 3099 1233 3129 u25.
1261 3098 1391 3128 ommino
1416 3097 1582 3127 amicitiae
1605 3096 1727 3127 ABE:
1761 3096 1926 3127 amicitiae
1957 3094 2088 3125 omnino

320 3156 391 3188 ΜΟ
416 3171 451 3176 -—
478 3154 533 3185 27.
559 3154 671 3184 omnia
694 3153 755 3183 Tli.
775 3151 967 3183 Bcntleius:
995 3150 1106 3182 omnia
1133 3149 1206 3180 diJJi
1229 3147 1333 3178 codd.
1361 3147 1395 3178 et
1419 3148 1461 3185 03
1489 3147 1600 3177 omnia
1625 3145 1719 3187 [dixi]
1743 3147 1776 3179 M
1802 3164 1836 3169 -
1863 3145 1985 3183 oratio]
2008 3152 2087 3175 cra-—

319 3206 371 3237 cio
395 3202 434 3237 Αι
452 3221 487 3227 -
514 3203 569 3236 28.
594 3203 767 3243 confirmat
792 3210 862 3234 om.
881 3202 905 3233 B
927 3219 961 3224 -
987 3200 1096 3242 atque]
1121 3203 1150 3232 et
1172 3199 1197 3231 B
1218 3216 1252 3221 -
1279 3196 1332 3230 34.
1356 3197 1444 3230 vitae
1468 3196 1593 3229 0n1.13.
