2249 3624
234 166 315 213 752
784 169 1076 211 PARADOXA
1107 167 1431 209 STOICORUM.

234 280 286 320 II.
317 277 384 319 30.
417 276 594 319 Caedem
618 277 660 317 in
681 275 773 316 foro
796 275 953 324 fecisti,
974 275 1140 315 armatis
1163 271 1396 314 latronibus
1417 272 1570 326 templa
1593 274 1784 322 tenuisti,
1809 274 1992 328 privato-

233 356 324 382 rum
357 342 525 389 domos,
555 339 681 380 aedes
712 352 849 379 sacras
880 338 1115 378 incendisti.
1179 337 1261 377 Cur
1289 337 1419 377 hostis
1451 337 1696 389 Spartacus,
1729 336 1762 376 si
1791 341 1837 376 tu
1861 336 1991 376 civis‘?

233 406 356 446 Potes
386 409 523 445 autem
555 416 646 442 esse
677 407 721 441 tu
753 401 875 448 civis,
905 407 1075 454 propter
1105 413 1227 454 quem
1260 398 1487 453 aliquando
1519 399 1664 438 civitas
1694 412 1780 438 non
1809 397 1916 438 fuit?
1953 403 1996 438 et

234 482 300 509 me
320 474 390 508 tuo
411 466 580 506 nomine
601 464 810 518 appellas,
843 477 937 504 cum
969 477 1112 504 omnes
1135 476 1228 502 meo
1251 463 1438 502 discessu
1461 461 1654 502 exulasse
1676 474 1762 500 rem
1784 460 1994 515 publicam

201 531 413 586 sputent?
472 529 783 581 Numquamne,
815 527 938 566 homo
970 526 1276 572 amentissime,
1308 530 1348 564 te
1381 524 1721 577 circumspicies?
1766 535 1996 576 numquam

232 607 310 634 nec
342 591 443 647 quid
475 590 600 631 facias
632 588 918 629 considerabis
949 602 1026 627 nec
1059 588 1159 641 quid
1190 587 1393 640 loquare?
1425 588 1573 627 Nescis
1595 587 1767 627 exilium
1790 585 1997 626 scelerum

233 670 324 697 esse
354 654 558 709 poenam?
600 665 736 692 meum
768 650 872 690 illud
903 651 982 690 iter
1013 651 1064 690 ob
1099 649 1449 703 praeclarissimas
1480 663 1548 690 res
1585 663 1608 689 a
1640 662 1704 689 me
1736 654 1873 702 gestas
1905 661 1997 688 esse

231 718 496 771 susceptum?
556 711 624 754 31.
656 714 811 753 Omnes
845 712 1034 751 scelerati
1068 718 1193 766 atque
1225 713 1357 765 impii,
1390 727 1567 765 quorum
1598 719 1643 753 tu
1670 718 1710 752 te
1733 712 1881 751 ducem
1904 724 1996 750 esse

228 779 459 836 profiteris,
499 791 605 831 quos
636 776 750 828 leges
782 775 908 814 exilio
941 775 1063 814 adfici
1095 775 1262 823 volunt,
1303 775 1448 815 exules
1481 781 1598 822 sunt,
1640 776 1762 815 etiam
1796 775 1829 814 si
1860 773 1996 814 solum

178 851 213 880 4ο
228 856 312 882 non
343 846 570 881 mutarunt.
629 841 694 879 An
726 852 817 878 cum
850 851 994 877 omnes
1028 843 1066 877 te
1098 837 1211 890 leges
1243 838 1408 877 exulem
1441 851 1533 878 esse
1574 838 1767 882 iubeant,
1809 850 1888 876 non
1917 836 1998 875 eris

227 911 270 945 tu
299 905 422 945 eoeul?
469 903 585 943 Eaeul
613 914 692 942 non
731 900 966 953 appelletur
1006 901 1063 947 is,
1106 900 1176 953 qui
1211 914 1300 940 cum
1333 900 1417 940 telo
1449 900 1608 940 fuerit?
1667 900 1774 940 Ante
1806 904 1995 939 senatum

225 974 297 1009 tua
337 968 422 1008 sica
463 965 725 1019 deprehensa
765 968 839 1003 est.
901 962 982 1010 Qui
1015 962 1227 1002 hominem
1260 962 1491 1002 occiderit?
1552 962 1759 1002 Plurimos
1791 960 1995 1002 occidisti.

227 1031 311 1080 Qui
342 1030 581 1071 incendium
612 1026 786 1067 fecerit?
847 1025 972 1065 Aedis
1004 1025 1288 1079 Nympharum
1326 1039 1451 1065 manu
1482 1030 1553 1065 tua
1584 1024 1841 1077 deflagravit.
1905 1022 1990 1070 Qui

225 1093 383 1147 templa
414 1090 704 1145 occupaverit?
764 1089 810 1128 In
848 1088 939 1128 foro
980 1094 1113 1128 castra
1155 1088 1350 1141 posuisti.
1418 1085 1485 1126 32.
1530 1087 1609 1127 Sed
1643 1087 1745 1140 quid
1777 1099 1854 1139 ego
1886 1099 1996 1125 com-

178 1163 373 1197 ⁴5munes
413 1155 529 1208 leges
569 1153 761 1207 profero,
808 1152 961 1205 quibus
1002 1151 1195 1191 omnibus
1236 1164 1280 1190 es
1313 1150 1441 1190 exul?
1501 1149 1869 1190 Familiarissimus
1899 1153 1996 1188 tuus

228 1221 279 1260 de
309 1225 349 1259 te
381 1217 645 1272 privilegium
677 1216 793 1262 tulit,
834 1221 898 1261 ut,
941 1215 973 1254 si
1006 1215 1047 1253 in
1082 1219 1276 1266 opertum
1307 1214 1448 1253 Bonae
1479 1215 1591 1253 Deae
1622 1213 1893 1259 accessisses,
1926 1223 1998 1250 ex-

227 1282 379 1323 ulares.
420 1281 474 1320 At
503 1286 543 1319 te
575 1280 616 1319 id
647 1279 797 1318 fecisse
830 1277 952 1316 etiam
987 1277 1152 1329 gloriari
1186 1276 1310 1316 soles.
1363 1276 1454 1324 Quo
1489 1275 1612 1315 modo
1646 1275 1775 1328 igitur
1804 1279 1867 1314 tot
1896 1273 1999 1326 legi-

226 1345 304 1385 bus
336 1344 493 1384 eiectus
526 1342 569 1381 in
602 1341 773 1381 exilium
806 1353 959 1379 nomen
992 1339 1127 1379 exulis
1160 1352 1244 1378 non
1276 1339 1562 1391 perhorrescis
1584 1340 1602 1377 ‘l
1666 1339 1845 1379 «Romae
1877 1350 1993 1377 sum»

227 1407 380 1462 inquit.
437 1407 491 1446 Et
520 1404 690 1458 quidem
722 1405 762 1443 in
797 1408 944 1456 operto
976 1402 1104 1441 fuisti.
1166 1403 1256 1441 Non
1287 1402 1413 1454 igitur
1444 1402 1514 1441 ubi
1547 1401 1729 1455 quisque
1761 1400 1862 1447 erit,
1904 1398 1996 1438 eius

176 1476 213 1505 20
228 1469 309 1510 loci
339 1469 404 1509 ius
437 1467 615 1514 tenebit,
648 1468 681 1507 si
714 1466 770 1506 ibi
803 1478 896 1505 eum
929 1463 1091 1518 legibus
1124 1477 1214 1503 esse
1246 1477 1328 1504 non
1361 1464 1578 1517 oportebit.

824 1698 1314 1740 PARADOXON
1372 1698 1410 1737 V.

389 1795 489 1837 “Orc
518 1794 646 1848 μόνος
677 1795 699 1835 ὁ
732 1792 872 1844 σοφὸς
903 1793 1150 1844 ἐλεύθερος,
1181 1798 1253 1833 καὶ
1285 1794 1368 1839 ,753
1400 1790 1556 1843 ἄφρων
1589 1793 1750 1837 δοῦλος.

399 1856 572 1913 [Omnes
604 1858 814 1911 sapientes
846 1855 998 1895 liberos
1030 1870 1121 1896 esse
1154 1861 1195 1895 et
1225 1855 1374 1894 stultos
1407 1867 1551 1893 omnes
1584 1849 1758 1904 servos]

342 1941 373 1981 Ι.
419 1937 485 1979 33.
531 1938 745 1979 Laudetur
786 1951 884 1977 vero
926 1936 992 1977 hic
1024 1938 1251 1990 imperator
1290 1940 1362 1974 aut
1393 1935 1516 1974 etiam
1549 1934 1786 1987 appelletur
1816 1937 1888 1973 aut
1916 1931 1998 1972 hoc

179 2017 216 2046 ‘25
230 2003 398 2046 nomine
431 2002 580 2054 dignus
612 2006 792 2054 putetur.
856 1999 949 2047 Quo
982 1999 1106 2039 modo
1148 2004 1219 2038 aut
1258 1998 1326 2037 cui
1359 1997 1526 2037 tandem
1557 1998 1623 2036 hic
1656 1997 1786 2036 libero
1818 1996 1997 2048 impera-

229 2067 312 2114 bit,
344 2065 415 2119 qui
445 2078 529 2103 non
561 2068 697 2116 potest
730 2061 1027 2114 cupiditatibus
1060 2061 1145 2100 suis
1178 2061 1414 2114 imperare?
1465 2060 1662 2099 Refrenet
1694 2060 1872 2111 primum
1905 2058 1997 2099 libi-

230 2130 372 2175 dines,
405 2132 574 2180 spernat
603 2125 852 2178 voluptates,
884 2123 1143 2163 iracundiam
1177 2129 1330 2171 teneat,
1362 2129 1549 2162 coerceat
1580 2122 1808 2169 avaritiam,
1840 2127 1996 2161 ceteras

230 2190 356 2233 animi
388 2189 502 2229 labes
533 2188 730 2242 repellat:
775 2193 859 2226 tum
893 2187 1066 2239 incipiat
1096 2186 1191 2225 aliis
1223 2186 1454 2238 imperare,
1487 2199 1579 2224 cum
1612 2184 1702 2236 ipse
1733 2184 1996 2237 improbissi-

231 2256 308 2295 mis
339 2252 536 2296 dominis,
572 2250 765 2290 dedecori
797 2262 843 2288 ac
876 2248 1146 2301 turpitudini,
1189 2261 1333 2301 parere
1367 2247 1558 2286 desierit:
1610 2247 1708 2285 dum
1742 2245 1910 2300 quidem
1943 2246 1994 2285 iis

180 2316 447 2362 aooboediet,
487 2327 572 2353 non
612 2313 738 2351 modo
780 2313 1027 2364 imperator,
1074 2310 1144 2349 sed
1187 2310 1294 2349 liber
1335 2310 1556 2349 habendus
1588 2309 1758 2348 omnino
1791 2321 1874 2348 non
1906 2308 1995 2347 erit.

229 2378 445 2419 Praeclare
477 2376 587 2415 enim
621 2380 683 2414 est
712 2373 791 2413 hoc
822 2379 1063 2425 usurpatum
1098 2386 1119 2411 a
1152 2372 1423 2418 doctissimis,
1448 2384 1625 2424 quorum
1650 2383 1727 2422 ego
1749 2370 1995 2410 auctoritate

231 2455 315 2482 non
356 2448 518 2487 uterer,
558 2438 591 2477 si
633 2436 735 2475 mihi
777 2435 886 2489 apud
927 2435 1091 2488 aliquos
1123 2439 1308 2487 agrestes
1341 2434 1443 2473 haec
1474 2431 1665 2473 habenda
1698 2437 1810 2472 esset
1840 2432 1994 2471 oratio:

320 2610 350 2640 4,
371 2608 580 2648 priuatorem
604 2603 643 2636 A¹
684 2621 718 2626 -
757 2604 788 2634 2.
815 2602 1009 2642 spat-[acleus
1034 2601 1060 2631 V
1099 2619 1132 2623 —
1171 2601 1201 2632 3.
1229 2604 1264 2632 tu
1287 2610 1354 2632 esse
1385 2601 1430 2633 O:
1464 2604 1557 2640 poles
1581 2603 1690 2631 autem
1713 2608 1778 2631 esse
1801 2604 1836 2630 tu
1858 2599 1940 2630 ciuis
1971 2599 1995 2630 B

231 2667 280 2690 m.
306 2658 326 2689 2
350 2658 383 2688 in
408 2664 517 2696 marg.
557 2671 590 2677 —
629 2654 748 2684 ciuitas
770 2653 890 2683 cinnas
914 2661 975 2683 non
1001 2651 1064 2691 fuit
1089 2648 1130 2681 ΥΩ
1167 2669 1200 2673 -
1239 2651 1270 2683 4.
1298 2653 1402 2682 omnis
1426 2651 1453 2681 V
1487 2667 1521 2672 —-
1560 2651 1591 2681 5.
1619 2651 1744 2681 circum
1766 2650 1884 2688 species
1907 2648 1931 2679 B
1958 2665 1992 2670 —

232 2708 263 2739 6.
289 2707 390 2738 nescis
413 2708 437 2737 A
464 2706 496 2736 in
522 2712 589 2735 ras.
617 2712 663 2734 m.
690 2703 722 2734 2.
747 2720 789 2725 —
821 2703 851 2733 7.
879 2702 929 2742 ob]
954 2702 997 2733 ad
1023 2702 1046 2732 C
1088 2719 1120 2723 —
1161 2701 1212 2732 40.
1239 2704 1414 2732 mutarunt
1439 2701 1484 2732 C:
1510 2701 1674 2731 mutarint
1697 2699 1721 2730 O
1752 2717 1784 2721 -—
1811 2699 1895 2739 leyes
1917 2701 1947 2728 te
1970 2698 1995 2729 Ο

234 2774 270 2780 -
295 2756 441 2794 iubeam,
465 2764 530 2786 non
554 2754 618 2785 eris
641 2757 676 2784 tu
699 2751 818 2784 eaesul‘?
843 2752 948 2782 Eaesul
972 2761 1035 2782 non
1061 2751 1245 2789 appelletur
1268 2752 1295 2781 is
1319 2752 1374 2790 qui
1397 2759 1471 2782 cum
1496 2750 1556 2781 {elo
1578 2750 1700 2789 fuerit?
1726 2748 1828 2780 Orelli
1852 2750 1902 2787 (ut
1925 2749 1994 2779 iam

232 2806 304 2839 rere
328 2805 505 2846 Bentley)·.
542 2803 673 2834 iubeant
697 2803 834 2842 appellet
860 2801 1054 2841 (appelletur
1073 2800 1121 2839 W)
1154 2802 1307 2831 inimicus
1338 2802 1393 2839 qui
1425 2808 1499 2830 cum
1528 2799 1588 2830 telo
1616 2799 1718 2838 suerit
1748 2799 1772 2829 C
1806 2806 1929 2829 mance
1962 2799 1996 2829 et

232 2858 415 2896 corrupte:
446 2855 590 2891 iubeant,
616 2861 680 2883 non
705 2853 769 2883 eris
793 2856 825 2881 lu
851 2851 953 2882 exul?
982 2852 1052 2881 Non
1079 2851 1261 2889 eoepellclw·
1283 2851 1347 2881 nisi
1371 2850 1426 2890 qui
1451 2858 1524 2880 cum
1549 2853 1570 2880 t.
1595 2848 1695 2887 fuerit
1719 2848 1826 2879 Heine
1852 2849 1900 2887 (in
1926 2855 1994 2887 qua

231 2905 424 2938 sententiae
446 2903 721 2935 conformatione
748 2903 792 2932 ita
818 2901 973 2933 scribere
999 2903 1169 2941 praestet:
1198 2901 1244 2931 An
1263 2910 1325 2931 non
1344 2898 1603 2938 empellelurnisi
1619 2897 1645 2928 is
1662 2899 1754 2935 eto).
1781 2898 1858 2937 lpse
1875 2899 1993 2927 autem

232 2957 282 2988 sic
308 2955 379 2986 lere
406 2953 542 2985 malim:
580 2954 629 2984 Αη
653 2961 725 2983 cum
751 2960 860 2982 omnes
883 2952 966 2991 leges
982 2967 999 2972 —
1016 2968 1032 2972 -
1059 2950 1206 2981 iubeant.
1240 2958 1301 2980 non
1327 2950 1391 2979 cris
1415 2952 1450 2978 [ιι
1472 2946 1551 2978 exul
1574 2956 1632 2978 nec
1658 2947 1705 2977 ita
1728 2947 1909 2985 appelletur
1931 2946 1994 2976 nisi

230 3006 258 3036 is
282 3003 339 3045 qui
363 3005 429 3034 etc.
458 3020 491 3024 —
522 3003 571 3033 12.
599 3003 787 3041 deprensas!
813 3000 859 3034 13¹.
887 3002 1045 3040 deprensa
1070 3002 1116 3029 esc
1139 2999 1179 3030 A2
1194 2996 1231 3030 152
1257 3017 1291 3021 —
1316 2999 1479 3038 plurimos
1504 2998 1546 3029 C:
1576 2997 1622 3028 Tu
1642 2997 1802 3036 plurimos
1825 2997 1849 3028 Ο
1877 3013 1910 3017 -
1938 2995 1990 3027 43.

231 3054 322 3086 aedis
346 3053 400 3084 (2¹2
427 3053 520 3083 aedes
545 3052 621 3083 C‘-'0
659 3069 693 3073 —
732 3052 941 3090 nimphamtm
966 3051 1006 3088 V,
1034 3051 1215 3089 nimsurum
1239 3050 1262 3080 B
1302 3066 1336 3071 -
1370 3052 1532 3079 manuam
1556 3047 1779 3088 adeflayrauil
1802 3046 1826 3077 B
1861 3063 1903 3067 —
1939 3045 1990 3076 45.

231 3103 326 3136 eoesul
350 3102 383 3133 b.
404 3100 424 3133 l.
444 3104 482 3140 Α,
510 3102 649 3141 reliquis
674 3101 838 3132 omnibus
863 3101 942 3131 exul
966 3101 989 3131 C
1027 3117 1060 3121 —
1102 3100 1152 3130 47.
1179 3100 1222 3129 ad
1246 3103 1275 3130 te
1299 3099 1350 3138 Αἱ,
1377 3109 1397 3130 α
1421 3103 1450 3131 te
1474 3097 1513 3129 V¹
1542 3116 1575 3121 —
1603 3097 1798 3137 quommodo
1821 3096 1849 3126 V
1876 3113 1910 3117 —-
1938 3094 1990 3126 48,

232 3154 267 3185 in
291 3152 442 3185 exsilium
466 3152 582 3182 eiectus
612 3152 636 3182 O
674 3167 708 3173 —
749 3152 800 3182 49.
827 3155 937 3190 oper-lo
970 3148 1068 3181 A²Bz
1099 3152 1197 3188 porto
1231 3147 1336 3187 A¹V¹,
1372 3153 1473 3188 porlu
1502 3146 1544 3179 ΥΕ
1582 3165 1616 3170 -
1653 3147 1706 3179 20.
1733 3145 1859 3177 tenebat
1888 3142 1928 3174 V¹
1955 3161 1989 3166 —

232 3203 287 3236 23.
314 3203 429 3233 Omnes
445 3217 492 3223 --
509 3209 616 3231 servos
640 3202 681 3232 C:
708 3202 820 3232 Solum
844 3201 1021 3240 sapientem
1045 3208 1109 3231 esse
1132 3198 1281 3237 liberum.
1307 3203 1336 3230 et
1360 3207 1486 3230 omnem
1509 3197 1643 3228 stultum
1665 3204 1795 3227 servum
1819 3195 1844 3225 O
1870 3210 1904 3215 —
1936 3192 1989 3224 24.

233 3252 401 3285 Laudetur
425 3251 447 3282 B
474 3251 505 3281 in
531 3259 639 3289 marg.
666 3259 713 3282 m.
732 3252 762 3281 Ξ.
793 3269 827 3273 -
853 3252 905 3282 25.
928 3253 1064 3290 putetur
1087 3250 1266 3287 imperator
1290 3257 1354 3287 quo
1377 3249 1472 3280 modo
1498 3248 1521 3279 C
1546 3265 1589 3271 —
1612 3246 1665 3278 29.
1692 3247 1731 3278 iis
1754 3245 1831 3277 AB:
1860 3244 1908 3276 his
1931 3242 1991 3274 VO

237 3318 272 3325 -
299 3300 351 3332 30.
378 3300 519 3332 oboediet
544 3300 584 3331 C:
614 3299 734 3331 obediet
757 3300 794 3332 Ο.
