2249 3624
334 240 442 283 ’1044
1088 248 1367 293 CICERONIS

331 348 557 385 Horrisonas
584 355 787 386 monstrant
813 352 963 400 hiemes,
992 357 1024 388 et
1049 364 1191 400 vespere
1222 367 1302 392 sero

335 411 422 448 Voce
449 425 577 449 canens
603 416 712 450 varia
735 415 922 461 placidum
949 417 1134 453 cornicula
1172 430 1331 456 carmen.

329 474 455 511 Rauca
482 478 592 512 etiam
615 479 777 523 primum
804 480 874 514 soli
901 484 983 515 tunc
1009 491 1200 518 murmura
1228 485 1329 520 corvi

327 537 557 585 Ingeminant
584 545 615 575 et
641 552 676 576 se
703 552 835 587 maqno
860 546 941 587 post
968 545 1111 589 aqmine
1138 545 1303 592 iunqunt,

327 600 441 646 Atque
469 603 587 638 alacri
611 603 759 638 subeunt
787 609 965 640 nocturna
992 606 1129 642 cubilia
1162 612 1283 645 turma

329 662 518 700 Cantantes
544 667 718 702 multum:
748 668 900 703 multum
928 671 1084 715 qaudere
1117 676 1279 717 putares,

327 724 386 762 Sic
414 727 525 763 laetos
551 730 696 764 mixtim
723 731 862 766 iactant
889 742 995 777 super
1023 734 1169 769 aethera
1197 740 1347 771 cantus.-

323 788 370 824 Et
395 790 450 825 vel
476 792 514 825 in
542 794 651 827 aeriis
677 795 793 829 ramis
820 795 875 830 vel
901 796 940 830 in
967 797 1098 833 arbore
1131 809 1275 835 summa

327 850 538 888 Concutiunt
563 855 708 891 reduces
734 856 810 891 Eoo
837 862 994 903 tempore
1019 871 1168 905 pennas.

295 941 307 949 .
329 913 427 951 Tunc
453 917 629 952 immensa
655 929 785 964 yruum
812 921 936 956 videas
963 923 1122 958 veniente
1149 935 1271 960 sereno

323 976 483 1023 Aymina
508 980 656 1024 prolixo
684 982 775 1025 ferri
800 993 907 1028 super
934 988 1021 1020 αὔτα
1050 990 1181 1031 tractu,

322 1039 394 1076 Nec
420 1042 526 1077 semel
552 1043 730 1088 inceptum
757 1055 857 1080 verso
882 1047 970 1091 pede
996 1048 1132 1093 flectere
1167 1060 1322 1087 cursum.

322 1102 364 1139 Si
389 1105 507 1140 subito
535 1111 717 1142 astrorum
743 1108 900 1143 nitidum
928 1110 1037 1145 iubar
1072 1111 1290 1155 obscuretur,

320 1165 392 1204 Nec
421 1168 549 1203 densae
577 1169 802 1205 abscondant
830 1176 914 1206 utra
941 1173 1097 1219 caliyine
1123 1175 1251 1223 nubeS,

320 1229 393 1266 Nec
418 1232 578 1273 nebulis,
609 1243 672 1268 nec
698 1235 770 1268 sint
796 1236 939 1271 victrici
966 1237 1126 1273 obnoxia
1153 1238 1301 1281 Lunae,

320 1292 457 1329 Inclita
483 1296 543 1330 sed
567 1297 720 1342 proprio
747 1304 972 1334 marcescant
999 1301 1121 1336 sidera
1151 1306 1270 1346 motu,

322 1355 418 1392 Tunc
445 1358 511 1392 tibi
537 1369 610 1393 non
634 1359 821 1404 placidam
847 1363 1029 1407 promittit
1054 1362 1219 1410 Iuppiter
1251 1365 1434 1408 aethram,

318 1417 388 1455 Sed
416 1422 533 1456 tristes
561 1433 694 1458 auras:
725 1425 817 1460 caeli
841 1427 986 1472 reqione
1012 1427 1076 1462 sub
1115 1439 1190 1463 una

316 1482 510 1520 Immotam
537 1487 661 1522 videas
688 1488 752 1522 illo
781 1499 919 1534 quoque
948 1495 1104 1536 tempore
1129 1493 1276 1533 nubem,

314 1546 608 1594 Praeterlapsam
637 1551 752 1586 aliam
780 1557 886 1598 atque
913 1553 1028 1589 aliam
1053 1560 1134 1600 post
1161 1560 1263 1602 ter-qa
1289 1561 1508 1602 sequentem,

314 1608 387 1645 Ibit
414 1615 445 1645 et
473 1612 521 1646 ad
546 1618 691 1658 pastum
719 1616 862 1661 maynis
889 1616 1121 1662 clanyoribus
1156 1629 1284 1654 anser:

316 1671 443 1709 Secula
468 1685 580 1719 passa
607 1687 733 1712 novem
760 1679 890 1714 cornia:
918 1680 985 1714 tibi
1010 1681 1116 1726 siqna
1143 1682 1325 1727 procellae

312 1735 422 1772 Nocte
450 1738 553 1773 dabit
580 1740 734 1774 stridens
756 1751 942 1786 serumque
970 1743 1161 1778 monedula
1198 1750 1368 1790 cantans,

311 1798 357 1834 Et
385 1805 550 1846 suryente
578 1802 634 1837 die
660 1814 785 1848 passer
810 1804 1041 1851 reliquaeque
1075 1808 1237 1843 volucres

313 1862 482 1908 Aequora
509 1865 724 1911 linquentes:
755 1872 837 1904 tunc
863 1873 895 1904 et
921 1870 1065 1915 spelaea
1103 1871 1238 1906 subibit

313 1923 479 1962 Orchilus
507 1932 538 1963 et
565 1939 714 1965 recavas
743 1931 901 1967 latebras
929 1935 1095 1979 anquiret
1131 1936 1304 1976 eritheus‚

310 1986 564 2036 Nocturnoque
591 1997 694 2027 satur
721 1995 891 2030 condetur
917 1997 1088 2042 yraculus
1120 2003 1239 2033 antro.

313 2051 398 2088 Cum
426 2055 508 2098 sera
536 2059 723 2101 tempestas
751 2058 886 2103 instat,
914 2060 1037 2095 nullae
1065 2063 1222 2107 undique
1250 2072 1349 2097 ceras

311 2114 526 2152 Phoenicius
553 2120 746 2155 variarum
773 2122 898 2166 apium
924 2127 1085 2159 struxere
1112 2130 1295 2169 catervae,

309 2176 478 2224 Mellifico
508 2185 563 2215 ast
590 2182 686 2216 intus
712 2193 784 2218 sese
812 2185 1000 2221 accinxere
1028 2186 1172 2222 labori:

308 2240 423 2287 Atque
448 2243 516 2278 iter
544 2245 720 2290 inceptum
748 2247 873 2294 resuqo
898 2260 963 2294 per
990 2255 1117 2295 aperta
1143 2251 1266 2286 volatu

308 2302 541 2350 Strymoniae
567 2318 694 2353 rupere
719 2319 823 2354 qrues
850 2315 882 2345 et
910 2316 1010 2358 terya
1044 2313 1228 2349 dederunt.

306 2365 379 2402 Nec
407 2367 493 2403 levis
520 2370 559 2403 in
583 2370 730 2415 placido
759 2383 838 2407 cum
864 2374 979 2417 fertur
1006 2386 1144 2411 aranea
1180 2377 1299 2418 caelo,

307 2428 377 2464 Aut
406 2431 524 2466 invita
550 2434 638 2468 nitet
664 2437 849 2471 manantis
876 2438 1027 2483 flamma
1055 2439 1233 2481 lucernae,

307 2490 377 2527 Aut
405 2495 519 2529 tenuis
547 2496 699 2531 cinerem
724 2500 906 2542 percurrit
933 2500 1054 2546 sulqor
1082 2501 1127 2536 ab
1158 2503 1256 2548 iqui,

306 2553 451 2602 Neyliqe
478 2567 623 2593 saevam
649 2559 814 2595 hiemem.
870 2559 939 2596 Sed
966 2563 1054 2607 quid
1081 2564 1292 2599 documenta
1318 2565 1435 2609 futuri

306 2617 424 2654 Multa
453 2620 520 2655 tibi
546 2623 734 2666 referam?
765 2623 861 2659 Cinis
890 2623 941 2671 (et
967 2628 1055 2671 quid
1080 2628 1190 2662 vilius
1216 2628 1280 2663 illo
1293 2627 1330 2674 P)

308 2679 494 2717 Concretas
520 2685 675 2720 nimium
701 2687 822 2721 niveos
850 2688 1036 2724 denuntiat
1071 2690 1223 2726 imbres:

307 2743 516 2781 Praemonet
542 2748 604 2783 hos
631 2754 663 2784 et
689 2751 757 2793 fasc
783 2753 953 2787 nocturni
980 2754 1124 2789 conscia
1148 2756 1264 2799 pensi,

308 2805 392 2842 Cum
419 2809 520 2844 milio
546 2812 699 2855 paribus
725 2814 877 2848 candent
907 2815 1089 2861 ellychnia
1123 2818 1260 2861 siqnis,

308 2867 404 2904 Tunc
430 2871 543 2915 spisso
570 2875 684 2908 veniet
709 2875 880 2920 ylacialis
909 2877 953 2912 ab
987 2878 1126 2913 aethere
1158 2881 1318 2925 gyrando,

306 2928 391 2966 Cum
416 2934 502 2968 nitet
529 2941 707 2971 extremus
733 2939 900 2974 candenti
927 2940 1060 2975 lumine
1097 2942 1227 2984 carbo,

305 2991 373 3028 Sed
400 2996 534 3030 medius
561 2999 710 3034 nebulae
735 3002 833 3035 tenui
858 3002 999 3037 velatur
1027 3004 1172 3039 amictu.

304 3054 385 3090 Non
412 3059 529 3093 caruit
555 3061 681 3105 siqnis‚
711 3072 802 3107 quae
828 3074 900 3098 non
927 3069 958 3099 et
983 3065 1181 3109 fructibuS,
1213 3067 1305 3109 ileae,

303 3116 384 3153 Non
410 3120 518 3165 niqra
545 3121 733 3158 lentiscus:
773 3135 816 3159 ne
842 3127 969 3169 forsan
1000 3128 1140 3163 inutilis
1178 3134 1294 3164 aestas

302 3180 471 3226 Efflueret
498 3185 679 3230 manibus,
709 3188 873 3223 crebrum
899 3201 1067 3226 monuere
1094 3191 1273 3228 colonum.

304 3241 388 3277 Cum
414 3245 523 3290 niqra
549 3247 706 3283 densatis
733 3256 904 3287 curvatur
929 3253 1122 3299 ylandibus
1153 3255 1245 3300 ilex,

299 3302 448 3342 Invocat
475 3307 644 3345 hibernae
669 3311 893 3356 qelidissima
920 3320 1081 3362 tempora
1108 3317 1269 3357 brumae.

2016 555 2087 596 275

2015 839 2217 911 asos

2009 1494 2082 1534 290

2004 1807 2076 1849 295

1999 2122 2072 2161 300

1996 2436 2068 2480 305

1992 2749 2067 2790 310
2105 2753 2109 2757 ’

1987 3061 2058 3104 315
