2249 3624
222 167 303 210 748
773 166 1065 208 PARADOXA
1096 166 1417 208 STOICORUM.

222 276 373 316 omnia.
435 275 509 314 Cui
551 286 647 327 spes
691 273 825 313 omnis
867 278 908 312 et
945 273 1050 313 ratio
1082 277 1123 313 et
1152 273 1350 326 cogitatio
1382 274 1538 327 pendet
1568 288 1621 315 ex
1651 274 1840 324 fortuna,
1881 277 1980 318 huic

221 338 325 380 nihil
355 342 493 392 potest
523 349 614 376 esse
645 336 770 382 certi,
801 333 904 374 nihil
936 335 1048 388 quod
1081 335 1341 388 exploratum
1372 336 1525 376 habeat
1554 350 1869 390 permansurum
1900 339 1981 380 sibi

220 415 351 441 unum
384 400 508 440 diem.
578 400 685 438 Eum
725 403 770 438 tu
810 397 1022 438 hominem
1063 402 1241 445 terreto,
1286 399 1318 438 si
1359 411 1482 453 quem
1526 401 1608 439 eris
1648 407 1850 450 nanctus,
1889 403 1981 443 istis

221 464 363 504 mortis
402 468 471 502 aut
511 461 625 501 exilii
669 460 807 500 minis.
867 460 967 500 Mihi
1010 473 1106 500 vero
1147 460 1352 514 quidquid
1395 462 1593 502 acciderit
1631 463 1674 502 in
1706 469 1788 505 tam
1819 465 1983 519 ingrata

189 526 399 573 beivitate,
430 537 482 564 ne
512 523 724 564 recusanti
755 523 926 577 quidem
958 524 1154 571 evenerit,
1185 537 1271 563 non
1303 525 1426 565 modo
1449 538 1534 565 non
1554 529 1820 579 repugnanti.
1872 529 1983 578 Quid

222 589 332 629 enim
364 601 440 641 ego
473 587 658 627 laboravi
690 591 760 626 aut
793 586 893 639 quid
927 586 992 639 egi
1024 592 1094 626 aut
1125 586 1166 626 in
1199 600 1281 639 quo
1314 588 1566 640 evigilarunt
1596 603 1719 629 curae
1757 595 1797 630 et
1827 591 1984 645 cogita-

221 652 357 692 tiones
388 663 527 698 meae,
566 650 601 689 si
633 648 801 703 quidem
833 649 939 689 nibil
969 649 1113 702 peperi
1147 650 1250 696 tale,
1292 650 1396 690 nihil
1429 657 1679 692 consecutus
1710 666 1824 701 sum,
1855 659 1902 693 ut
1932 667 1981 694 eo

220 720 328 755 statu
359 727 518 760 essem,
564 725 688 766 quem
729 724 867 765 neque
898 710 1089 751 fortunae
1121 712 1335 752 temeritas
1366 725 1504 766 neque
1535 713 1797 754 inimicorum
1829 714 1984 756 labefa-

219 781 349 817 ctaret
378 776 558 816 iniuria?
619 772 684 814 48.
720 775 951 814 Mortemne
983 774 1082 814 mihi
1114 775 1339 822 minitaris,
1372 781 1416 815 ut
1448 776 1618 815 omnino
1649 776 1700 815 ab
1730 776 1983 826 hominibus,

170 847 271 880 *toan
312 838 510 885 exilium,
553 843 600 878 ut
640 838 690 878 ab
730 837 920 890 inprobis
961 837 1276 889 demigrandum
1319 838 1400 878 sit?
1465 839 1575 878 Mors
1607 845 1661 878 esc
1691 840 1888 881 terribilis
1919 842 1982 889 iis,

218 915 394 956 quorum
427 914 520 940 cum
551 901 632 941 vita
664 900 805 940 omnia
837 900 1180 952 exstinguuntur,
1212 913 1297 940 non
1329 901 1393 947 iis,
1425 914 1601 953 quorum
1634 901 1724 941 laus
1746 903 1876 943 emori
1897 917 1983 944 non

216 968 379 1018 potest;
424 963 599 1004 exilium
640 968 775 1003 autem
816 961 923 1009 illis,
966 962 1117 1015 quibus
1157 962 1277 1015 quasi
1309 963 1642 1016 circumscriptus
1675 970 1736 1004 est
1765 965 1982 1006 habitandi

215 1027 353 1074 locus,
392 1040 478 1066 non
508 1026 582 1081 iis,
623 1026 694 1079 qui
736 1038 901 1064 omnem
944 1025 1085 1064 orbem
1126 1030 1326 1065 terrarum
1359 1039 1482 1065 unam
1517 1027 1659 1066 urbem
1691 1041 1781 1068 esse
1812 1028 1982 1070 ducunt.

217 1090 274 1128 Te
305 1088 518 1137 miseriae,
552 1094 592 1130 te
624 1101 849 1129 aerumnae
884 1093 1074 1142 premunt
1107 1101 1272 1134 omneS,
1315 1088 1387 1140 qui
1428 1093 1467 1127 te
1498 1088 1686 1136 beatum,
1730 1090 1801 1144 qui
1832 1092 1986 1131 floren-

168 1157 298 1192 45tem
329 1157 472 1206 putas:
518 1158 557 1192 te
589 1151 798 1191 lubidines
829 1155 1055 1204 torquent:
1099 1155 1141 1189 tu
1175 1149 1264 1189 dies
1296 1156 1527 1203 noctesque
1560 1151 1777 1200 cruciaris,
1809 1154 1876 1193 cui
1907 1166 1984 1194 nec

217 1220 279 1256 sat
317 1221 380 1256 est
421 1214 535 1269 quod
575 1220 638 1254 est
668 1219 708 1253 et
739 1213 780 1253 id
812 1213 950 1266 ipsum
981 1225 1033 1251 ne
1066 1225 1150 1251 non
1183 1212 1425 1253 diuturnum
1458 1213 1512 1252 sit
1543 1212 1727 1254 futurum
1759 1214 1904 1255 times:
1943 1221 1985 1256 te

217 1278 498 1319 conscientiae
538 1276 752 1317 stimulant
791 1273 1090 1315 maleficiorum
1133 1280 1322 1322 tuorum,
1363 1281 1402 1315 te
1443 1281 1576 1316 metus
1608 1278 1847 1318 exanimant
1877 1278 1986 1319 iudi-

217 1342 377 1382 ciorum
407 1346 534 1394 atque
566 1339 727 1392 legum,
769 1352 1036 1392 quocumque
1068 1338 1323 1391 adspexisti,
1355 1344 1401 1379 ut
1430 1339 1561 1379 furiae
1593 1340 1652 1380 sic
1683 1346 1779 1381 tuae
1811 1341 1886 1382 tibi
1917 1355 1986 1382 oc-

217 1409 387 1445 currunt
418 1404 617 1451 iniuriae,
657 1416 764 1456 quae
807 1407 846 1442 te
879 1403 1087 1456 suspirare
1119 1416 1202 1442 non
1236 1402 1390 1441 sinunt.
1460 1399 1525 1442 49.
1569 1402 1704 1451 Quam
1736 1403 1789 1443 ob
1820 1418 1908 1444 rem
1938 1410 1985 1445 ut

165 1467 394 1521 20inprobo
440 1471 479 1507 et
517 1466 643 1506 stulto
684 1471 724 1505 et
763 1465 886 1505 inerti
927 1466 1082 1504 nemini
1123 1465 1230 1504 bene
1273 1477 1364 1504 esse
1396 1470 1553 1518 potest,
1595 1466 1653 1506 sic
1684 1466 1820 1506 bonus
1850 1466 1915 1506 vir
1945 1472 1987 1507 et

217 1529 384 1583 sapiens
433 1535 474 1570 et
514 1529 633 1569 fortis
673 1529 800 1568 miser
841 1540 933 1568 esse
973 1541 1096 1567 nemo
1139 1532 1288 1581 potest.
1367 1529 1452 1568 Nec
1492 1542 1614 1576 vero,
1663 1529 1816 1582 quoius
1854 1529 1985 1571 virtus

218 1605 440 1645 moresque
479 1590 675 1631 laudandi
709 1595 829 1637 sunt,
874 1591 964 1630 eius
996 1604 1077 1630 uon
1110 1589 1320 1629 laudanda
1352 1590 1435 1630 vita
1468 1596 1554 1639 est,
1595 1604 1733 1644 neque
1764 1604 1890 1644 porro
1921 1591 1986 1632 fu-

218 1652 368 1706 gienda
398 1653 483 1693 vita
514 1659 576 1693 est
607 1667 713 1706 quae
744 1652 953 1693 laudanda
985 1658 1069 1699 est,
1103 1657 1212 1692 esset
1232 1658 1371 1693 autem
1393 1653 1608 1707 fugienda,
1632 1655 1665 1695 si
1689 1660 1799 1694 esset
1820 1655 1985 1696 misera.

219 1718 354 1766 Quam
385 1718 436 1758 ob
467 1731 553 1758 rem
586 1716 792 1771 quidquid
824 1722 886 1757 est
918 1715 1140 1764 laudabile,
1173 1715 1284 1757 idem
1316 1722 1355 1757 et
1385 1717 1555 1758 beatum
1587 1723 1628 1758 et
1657 1715 1812 1758 florens
1843 1722 1884 1758 et
1914 1730 1987 1758 ex-

166 1788 203 1817 25
217 1779 444 1834 petendum
476 1780 608 1820 videri
642 1780 775 1820 decet.

780 2011 1273 2053 PARADOXON
1325 2012 1422 2051 III.

375 2114 477 2155 “On
507 2117 583 2155 ἴσα
615 2114 667 2155 τά
700 2114 996 2167 ἁμαρτήιιιατα
1028 2120 1101 2154 καὶ
1133 2113 1185 2154 π).
1218 2111 1551 2165 κατορθώματα.

328 2203 359 2241 Ι.
404 2200 471 2242 ⁶20.
513 2204 665 2248 Parva,
696 2202 855 2254 inquit,
889 2207 951 2241 est
982 2215 1061 2241 res.
1121 2202 1173 2240 At
1203 2213 1353 2253 magna
1384 2199 1527 2253 culpa;
1572 2212 1647 2239 nec
1677 2199 1784 2239 enim
1817 2204 1987 2252 peccata

217 2278 352 2304 rerum
385 2264 567 2312 eventis,
599 2263 673 2303 sed
705 2264 816 2303 vitiis
847 2263 1064 2303 hominum
1096 2263 1306 2302 metienda
1338 2268 1448 2302 sunt.
1510 2262 1555 2300 In
1588 2275 1670 2314 quo
1701 2266 1911 2314 peccatur,
1943 2259 1985 2299 id

166 2331 354 2380 30potest
393 2327 505 2367 aliud
548 2326 631 2366 alio
673 2326 806 2365 maius
849 2339 939 2365 esse
981 2326 1241 2371 autminus,
1287 2325 1425 2378 ipsum
1458 2324 1626 2377 quidem
1660 2322 1764 2363 illud
1796 2335 1985 2376 peccare,

219 2403 394 2444 quoquo
427 2390 624 2437 verteris,
657 2402 786 2428 unum
819 2394 892 2428 est.
951 2388 1055 2427 Auri
1087 2401 1234 2427 navem
1267 2392 1425 2426 evertat
1456 2387 1711 2440 gubernator
1742 2399 1794 2426 an
1825 2385 1986 2439 paleae,

219 2452 261 2491 in
293 2466 336 2491 re
369 2452 650 2505 aliquantum,
690 2451 731 2491 in
763 2451 1051 2505 gubernatoris
1082 2449 1248 2490 inscitia
1280 2449 1385 2488 nihil
1417 2449 1602 2488 interest.
1664 2449 1799 2502 Lapsa
1831 2453 1895 2487 est
1923 2447 1987 2486 lu-

218 2513 316 2554 bido
347 2515 389 2554 in
422 2514 596 2554 muliere
627 2515 791 2567 ignota,
832 2513 953 2552 dolor
992 2513 1043 2552 ad
1076 2513 1294 2566 pauciores
1326 2512 1529 2564 pertinet,
1571 2524 1694 2565 quam
1726 2511 1760 2551 si
1792 2510 1985 2564 petulans

308 2656 337 2686 ⁴.
365 2658 442 2696 post
466 2655 522 2686 cui
543 2656 576 2686 in
601 2656 624 2686 B
649 2664 728 2686 uero
753 2654 912 2686 additum
938 2663 984 2685 m.
1004 2654 1203 2684 recentiore
1232 2672 1266 2676 —
1293 2654 1324 2684 3.
1342 2657 1483 2685 nanctus
1507 2652 1617 2685 A¹V¹z
1644 2653 1773 2684 nanctis
1796 2652 1846 2692 13¹,
1869 2657 1988 2685 nactus

220 2705 296 2736 C2O
335 2722 369 2728 —
407 2705 437 2737 4.
464 2705 620 2743 quicquid
644 2704 764 2736 Assv2
800 2721 833 2726 —
873 2704 1035 2734 accederit
1058 2703 1096 2734 Αι
1135 2720 1168 2724 -
1208 2705 1239 2734 5.
1266 2705 1488 2744 repunynanli
1514 2704 1537 2735 B
1565 2721 1601 2726 —
1640 2703 1670 2734 6.
1698 2702 1816 2734 malim
1840 2706 1900 2734 aut
1922 2711 1987 2741 quo

221 2754 306 2792 (sine
330 2754 387 2791 in),
415 2755 433 2784 i.
462 2763 492 2785 e.
520 2757 579 2785 aut
603 2754 645 2785 ad
672 2754 756 2793 quid
795 2771 830 2775 —
868 2754 1108 2793 emmim-erunt
1133 2753 1157 2783 Ο
1185 2770 1218 2774 -
1259 2753 1310 2784 40.
1338 2756 1382 2784 est
1407 2754 1462 2784 hic
1487 2752 1700 2784 addidimus:
1730 2760 1801 2783 om.
1822 2752 1859 2789 C,
1886 2753 1988 2783 terri-

220 2803 291 2834 bilis
314 2807 357 2834 est
381 2804 405 2835 O
445 2822 479 2826 —-
519 2805 570 2835 ll.
597 2806 816 2845 extinguntur
840 2804 895 2835 AV
926 2822 957 2825 —
990 2812 1055 2833 non
1079 2803 1126 2833 his
1151 2804 1173 2833 B
1212 2820 1245 2824 —
1287 2803 1336 2834 42.
1364 2804 1428 2834 illis
1453 2803 1497 2834 C:
1524 2803 1565 2833 iis
1589 2803 1614 2833 Ο
1652 2819 1686 2824 -
1726 2801 1778 2834 44.
1804 2811 1915 2834 omnes
1939 2803 1982 2835 C:

221 2861 290 2884 om.
311 2853 335 2883 Ο
363 2870 395 2874 -
424 2855 479 2892 qui
503 2856 672 2894 florentem
697 2857 719 2885 Α
738 2855 778 2885 Β;
807 2858 836 2885 te
857 2856 1025 2894 florentem
1052 2853 1078 2881 V
1104 2852 1196 2883 haud
1223 2853 1295 2883 scio
1321 2862 1363 2883 an
1390 2854 1504 2889 recte;
1533 2854 1587 2891 qui
1612 2856 1641 2883 te
1663 2854 1832 2892 florentem
1856 2851 1988 2893 aliquot

222 2901 323 2933 codd.
344 2901 428 2933 dett.
458 2919 490 2925 —
521 2904 571 2935 45.
593 2907 620 2935 te
644 2903 801 2934 lubidines
826 2907 976 2942 torquent
1001 2903 1134 2933 Baiter:
1162 2906 1237 2933 tuoe
1260 2902 1417 2934 lubidines
1434 2903 1488 2942 (lib
1515 2903 1553 2941 V)
1573 2905 1769 2941 torquentur
1794 2902 1831 2940 C,
1858 2905 1888 2933 te
1910 2906 1987 2934 tuae

221 2951 274 2982 lib.
294 2954 444 2989 torquent
468 2952 597 2992 aliquot
621 2953 705 2984 dett.
722 2963 727 2989 ς
755 2957 827 2984 tuae
848 2957 876 2984 tc
892 2953 946 2983 lib.
966 2955 1119 2991 torquent
1137 2951 1272 2988 Lamb„
1300 2956 1374 2983 tuae
1391 2952 1445 2983 lib.
1465 2956 1494 2983 te
1511 2955 1663 2991 torquent
1687 2952 1712 2982 O
1740 2969 1773 2974 —
1803 2952 1855 2983 46.
1873 2955 1926 2983 sat
1941 2956 1987 2984 est

223 3002 265 3033 C:
291 3001 371 3031 satis
386 3004 430 3031 est
454 3002 478 3031 O
506 3019 538 3023 —
566 3004 605 3033 sit
629 3004 822 3033 diuturnum
847 3003 872 3033 O
896 3020 938 3025 —-
965 3002 1015 3033 49.
1035 3002 1205 3040 suspirare
1223 3002 1261 3032 Α1
1276 3001 1320 3030 V:
1347 3004 1516 3041 suspirare
1539 3001 1637 3032 libere
1660 2999 1751 3039 ΑἳΒ,
1776 3003 1944 3041 respirare
1960 3002 1985 3033 Ο

224 3067 259 3072 -
286 3050 339 3081 20.
367 3053 395 3080 et
418 3052 496 3081 ante
521 3052 620 3082 stulto
646 3053 671 3082 V
696 3061 772 3093 sup.
793 3051 849 3083 lin.
880 3069 914 3073 —
941 3056 970 3082 et
992 3052 1087 3090 fortis
1111 3053 1140 3081 et
1163 3051 1291 3089 sapiens
1315 3052 1340 3082 Ο
1367 3069 1400 3073 -
1430 3053 1483 3083 94.
1500 3060 1594 3083 nemo
1619 3051 1661 3083 C:
1688 3060 1754 3082 non
1779 3051 1804 3082 Ο
1830 3067 1865 3073 -
1892 3052 1986 3082 cuius

223 3100 262 3131 132
277 3099 355 3130 ΨΟ
381 3117 415 3121 -
443 3100 495 3131 22.
521 3102 591 3131 uita
615 3106 660 3132 ese
685 3103 728 3133 C:
756 3105 801 3133 cst
825 3110 894 3133 om.
915 3103 939 3133 O
967 3117 1000 3123 ·-
1030 3101 1082 3132 023.
1110 3105 1153 3131 est
1178 3102 1258 3131 aute
1283 3105 1360 3132 esset
1384 3103 1410 3132 Α
1436 3110 1513 3141 sup.
1537 3100 1609 3139 lin.,
1637 3100 1699 3132 sed
1725 3110 1776 3142 pr.
1803 3110 1921 3139 manu,
1948 3103 1986 3133 ut

223 3150 362 3180 videtur
389 3166 422 3170 —
449 3149 501 3181 24.
529 3152 683 3189 quiequid
708 3152 731 3182 C
759 3169 799 3174 —-
826 3152 880 3182 ⁶25.
908 3152 992 3182 decet
1019 3151 1060 3181 C:
1089 3149 1176 3180 debet
1201 3150 1224 3179 Ο
1250 3168 1291 3172 -
1322 3151 1374 3181 27.
1403 3153 1480 3191 post
1504 3147 1786 3194 zazoptmfzam
1810 3153 1863 3182 est
1887 3152 1919 3183 in
1944 3151 1982 3189 Ο,

224 3199 287 3231 sed
314 3199 449 3230 uncinis
475 3198 665 3230 inclusum:
692 3201 853 3239 Aequalia
877 3209 941 3231 esse
960 3203 1099 3240 peccata
1122 3202 1151 3230 et
1175 3203 1260 3230 recte
1281 3200 1382 3239 facta.
1424 3217 1460 3223 —
1498 3200 1550 3231 ⁶28.
1577 3204 1622 3231 est
1644 3209 1697 3231 res
1719 3201 1801 3232 AB:
1836 3203 1881 3232 est
1904 3208 1981 3240 sup.

224 3246 282 3280 lin.
310 3248 350 3287 V,
376 3257 427 3280 res
450 3252 495 3279 est
519 3249 542 3279 O
569 3265 602 3270 —
631 3250 684 3280 ⁹29.
710 3254 827 3281 euentu
852 3251 930 3281 ΨΟ
957 3266 990 3272 —
1027 3250 1078 3280 31.
1107 3258 1234 3289 quoquo
1259 3252 1288 3281 te
1311 3251 1448 3281 verteris
1472 3249 1594 3282 Lamb.
1622 3258 1702 3282 cum
1727 3250 1810 3282 edit.
1837 3250 1984 3282 Cratan-

226 3296 325 3329 drina
353 3315 386 3321 -
413 3297 466 3330 32.
492 3298 600 3330 lubido
625 3297 679 3329 V¹:
705 3299 807 3338 ipszus
830 3299 937 3331 lubido
961 3300 1086 3332 ABV2.
