2249 3624
171 170 253 213 668
891 169 960 208 DE
993 167 1217 208 OFFICIIS

169 280 425 326 retinentur,
464 278 493 317 ii
525 277 616 317 sine
648 276 775 316 dubio
808 273 929 314 finem
971 278 1011 314 et
1041 273 1211 313 modum
1242 277 1475 313 transeunt.
1535 273 1793 326 Relinquunt
1823 275 1934 316 enim

171 348 211 382 et
239 342 424 382 abiciunt
453 339 765 381 oboedientiam
808 351 884 377 nec
914 336 1066 376 rationi
1100 340 1266 388 parent,
1307 335 1373 374 cui
1405 341 1502 375 sunt
1532 336 1707 376 subiecti
1740 338 1831 391 lege
1862 352 1934 379 na-

169 410 306 445 turae:
337 418 360 444 a
391 404 545 457 quibus
576 415 659 442 non
692 400 814 441 modo
850 400 976 440 animi
1006 398 1312 452 perturbantur,
1335 398 1408 437 sed
1433 398 1555 438 etiam
1580 412 1770 452 corpora.
1818 400 1936 441 Licet

171 480 244 507 ora
274 467 365 519 ipsa
397 479 566 506 cernere
597 465 796 504 iratorum
828 468 901 503 aut
931 475 1089 508 eorum,
1122 460 1195 515 qui
1227 465 1298 500 aut
1328 460 1516 500 lubidine
1547 461 1690 514 aliqua
1721 468 1793 501 aut
1823 467 1937 502 metu

138 530 366 569 5commoti
397 534 493 568 sunt
522 534 594 568 aut
625 527 838 580 voluptate
870 525 996 564 nimia
1027 524 1233 575 gestiunt:
1267 536 1445 576 quorum
1478 524 1665 563 omnium
1688 525 1842 573 voltus,
1864 539 1938 566 vo-

169 605 261 640 ces,
302 598 439 632 motus
479 597 696 643 statusque
729 594 951 629 mutantur.
1020 584 1111 626 ‘103.
1150 587 1214 626 Ex
1244 586 1394 639 quihus
1426 586 1530 625 illud
1565 586 1847 640 intellegitur,
1893 593 1939 628 ut

167 656 220 694 ad
261 654 387 695 officii
428 654 602 693 formam
642 658 926 698 revertamur,
976 650 1183 702 appetitus
1231 661 1376 688 omnes
1425 649 1736 689 contrahendos
1786 649 1938 689 sedan-

169 716 329 771 dosque
361 730 452 757 esse
484 716 835 768 excitandamque
868 712 1277 753 animadversionem
1310 717 1349 751 et
1381 711 1655 765 diligentiam,
1688 717 1733 752 ut
1763 725 1813 752 ne
1836 712 1938 766 quid

168 785 323 820 temere
355 793 401 819 ac
433 779 628 825 fortuito,
668 777 978 818 inconsiderate
1018 776 1374 828 neglegenterque
1406 788 1590 827 agamus.
1650 776 1797 828 Neque
1828 776 1939 816 enim

119 842 224 882 wita
255 842 439 895 generati
471 855 493 881 a
524 848 670 881 natura
702 854 859 886 sumus,
892 845 936 878 ut
967 840 1017 879 ad
1048 839 1192 878 ludum
1226 844 1266 877 et
1298 838 1432 877 iocum
1465 837 1563 877 facti
1585 850 1676 877 esse
1698 837 1938 878 videamur:

169 904 219 945 ad
266 905 530 944 severitatem
575 904 713 957 potius
761 909 799 942 et
838 902 888 941 ad
937 901 1142 954 quaedam
1189 900 1325 940 studia
1371 900 1562 951 graviora
1602 906 1728 953 atque
1769 900 1940 941 maiora.

169 966 288 1007 Ludo
321 973 458 1007 autem
490 972 530 1006 et
560 966 653 1006 ioco
686 965 744 1004 uti
779 965 850 1004 illo
883 965 1052 1018 quidem
1087 964 1197 1009 licet,
1231 963 1303 1001 sed
1337 964 1442 1002 sicut
1474 976 1620 1003 somno
1653 968 1694 1002 et
1728 963 1939 1015 quietibus

171 1030 320 1069 ceteris
353 1035 461 1075 tum,
505 1042 599 1068 cum
641 1029 833 1080 gravibus
873 1027 1079 1077 seriisque
1120 1026 1245 1064 rebus
1285 1025 1386 1064 satis
1418 1025 1653 1068 fecerimus.
1712 1026 1941 1079 Ipsumque

172 1106 302 1145 genus
332 1092 496 1132 iocandi
527 1106 609 1131 non
643 1090 859 1144 profusum
891 1103 968 1129 nec
1001 1088 1308 1133 immodestum,
1342 1087 1413 1126 sed
1447 1088 1674 1140 ingenuum
1699 1095 1739 1128 et
1759 1088 1942 1130 facetum

123 1164 266 1195 messe
298 1155 433 1195 debet.
494 1156 542 1194 Ut
573 1155 681 1193 enim
717 1154 855 1206 pueris
889 1165 972 1191 non
1007 1164 1172 1190 omnem
1207 1149 1377 1189 ludendi
1410 1149 1623 1189 licentiam
1657 1150 1826 1199 damus,
1868 1152 1942 1192 sed

175 1231 284 1265 eam,
316 1231 423 1271 quae
456 1217 506 1257 ab
540 1217 768 1256 honestatis
800 1215 1034 1254 actionibus
1066 1227 1147 1252 non
1182 1213 1233 1252 sit
1264 1213 1422 1259 aliena,
1456 1213 1514 1252 sic
1545 1213 1586 1251 in
1620 1213 1709 1265 ipso
1741 1214 1834 1253 ioco
1866 1214 1945 1254 ali-

175 1281 289 1334 quod
330 1280 448 1333 probi
489 1279 645 1330 ingenii
686 1279 826 1317 lumen
870 1278 1045 1316 eluceat.
1120 1273 1208 1314 104.
1252 1275 1420 1327 Duplex
1461 1275 1630 1315 omnino
1672 1282 1736 1315 est
1778 1276 1945 1317 iocandi

175 1357 331 1398 genus:
372 1356 501 1382 unum
534 1341 773 1388 inliberale‚
815 1340 1027 1394 petulans,
1060 1338 1335 1390 flagitiosum,
1369 1338 1620 1385 obscenum,
1653 1339 1828 1379 alterum
1861 1339 1946 1379 ele-

176 1420 299 1460 gans,
340 1406 568 1451 urbanum,
606 1405 894 1457 ingeniosum,
938 1402 1131 1442 facetum.
1194 1401 1287 1448 Quo
1321 1414 1472 1453 genere
1504 1414 1587 1441 non
1619 1401 1743 1441 modo
1774 1402 1945 1442 Plautus

126 1479 162 1507 20
177 1475 320 1510 noster
351 1473 392 1508 et
422 1468 651 1507 Atticorum
685 1467 854 1519 antiqua
888 1465 1118 1509 comoedia,
1152 1464 1224 1503 sed
1258 1464 1380 1503 etiam
1416 1464 1766 1516 philosophorum
1799 1465 1947 1505 Socra-

177 1534 356 1573 ticorum
390 1530 481 1570 libri
514 1530 653 1569 referti
687 1535 805 1575 sunt,
839 1529 1053 1581 multaque
1086 1527 1311 1566 multorum
1345 1526 1478 1566 facete
1512 1526 1634 1573 dicta,
1667 1533 1712 1566 ut
1743 1539 1802 1570 ea,
1838 1540 1946 1580 quae

177 1608 200 1634 a
231 1607 330 1635 sene
364 1594 516 1633 Catone
551 1593 727 1633 collecta
759 1598 876 1638 sunt,
922 1604 1027 1643 quae
1060 1595 1209 1629 vocant
1239 1590 1576 1642 ἀποφθέγματα.
1638 1590 1790 1629 Facilis
1821 1590 1949 1643 igitur

178 1663 241 1697 est
272 1656 486 1696 distinctio
529 1655 699 1708 ingenui
740 1661 780 1694 et
821 1654 1050 1693 inliberalis
1082 1653 1176 1693 ioci.
1237 1653 1352 1691 Alter
1383 1659 1464 1699 est,
1507 1653 1539 1691 si
1575 1658 1765 1705 tempore
1798 1653 1843 1693 fit
1874 1658 1947 1694 aut

179 1720 212 1760 si
252 1720 427 1759 remisso
467 1719 627 1765 animo,
667 1730 810 1768 mayoc
850 1717 1020 1755 homine
1062 1716 1235 1767 dignm,
1277 1715 1382 1754 alter
1421 1728 1474 1754 ne
1512 1715 1643 1754 libero
1679 1715 1871 1768 quidem,
1913 1717 1948 1756 si

129 1792 316 1823 251·erum
360 1781 611 1835 turpitudini
653 1780 876 1820 adhibetur
917 1778 1140 1817 verborum
1181 1778 1430 1816 obscenitas.
1502 1777 1693 1817 Ludendi
1726 1778 1849 1817 etiam
1885 1782 1948 1818 est

181 1845 349 1899 quidam
393 1844 539 1884 modus
581 1843 847 1888 retinendus,
894 1847 937 1880 ut
983 1854 1034 1879 ne
1074 1841 1196 1879 nimis
1238 1840 1377 1879 omnia
1419 1838 1718 1892 profundamus
1763 1840 1947 1894 elatique

179 1909 393 1961 voluptate
433 1908 474 1946 in
517 1907 701 1960 aliquam
745 1904 1044 1958 turpitudinem
1085 1902 1339 1941 delabamur.
1411 1902 1688 1954 Suppeditant
1728 1907 1866 1941 autem
1908 1906 1950 1942 et

181 1984 351 2023 campus
384 1975 526 2009 noster
557 1975 597 2008 et
628 1968 764 2008 studia
797 1966 976 2007 venandi
1007 1965 1185 2004 honesta
1217 1964 1409 2016 exempla
1443 1963 1630 2003 ludendi.

298 2033 429 2071 XXX.
474 2028 565 2070 toti.
609 2031 690 2070 Sed
723 2031 902 2084 pertinet
943 2028 992 2068 ad
1027 2042 1191 2067 omnem
1224 2025 1346 2066 oflicii
1385 2027 1676 2079 quaestionem
1708 2040 1874 2080 semper
1905 2027 1948 2067 in

134 2107 169 2135 30
183 2101 376 2150 promptu
409 2094 585 2140 habere,
627 2100 828 2146 quantum
862 2097 1010 2130 natura
1042 2089 1223 2129 hominis
1257 2089 1489 2142 pecudibus
1522 2090 1783 2143 reliquisque
1817 2089 1950 2129 beluis

183 2158 417 2199 antecedat.
486 2156 586 2195 Illae
625 2156 730 2195 nihil
772 2156 955 2194 sentiunt
997 2153 1076 2192 nisi
1120 2152 1379 2205 voluptatem
1430 2152 1481 2190 ad
1534 2165 1713 2205 eamque
1762 2151 1953 2191 feruntur

185 2221 297 2261 omni
329 2221 500 2273 impetu,
534 2219 713 2259 hominis
745 2225 884 2258 autem
917 2230 1033 2256 mens
1066 2215 1266 2255 discendo
1298 2215 1422 2255 alitur
1453 2219 1494 2253 et
1516 2213 1764 2266 cogitando,
1788 2227 1952 2268 semper

185 2283 344 2337 aliquid
375 2288 444 2323 aut
474 2283 660 2336 anquirit
689 2286 760 2321 aut
791 2285 875 2333 agit
904 2279 1160 2332 videndique
1183 2284 1224 2318 et
1245 2278 1445 2318 audiendi
1468 2277 1749 2317 delectatione
1773 2276 1951 2316 ducitur.

277 2464 307 2495 i.
333 2464 365 2494 hi
389 2472 420 2499 a.
446 2463 491 2493 hii
516 2463 554 2493 H.
582 2462 627 2501 hij
651 2469 668 2492 c
698 2479 731 2483 —
759 2461 790 2491 ἱ).
816 2463 845 2491 et
863 2450 999 2491 'omnino
1024 2458 1169 2490 abiciunt
1194 2466 1211 2489 c
1241 2476 1273 2480 ——
1302 2457 1331 2489 3.
1352 2456 1591 2488 conturbantur
1615 2464 1632 2487 c
1661 2473 1694 2477 —
1722 2456 1751 2488 5.
1771 2456 1913 2496 gestiant
1934 2463 1954 2487 ο

191 2532 225 2537 --
253 2514 282 2545 6.
309 2516 416 2544 motus
440 2521 508 2543 om.
528 2520 549 2552 p
584 2529 618 2533 —
657 2511 687 2542 7.
714 2511 886 2541 redeamus
910 2517 927 2540 c
965 2526 999 2530 —
1041 2508 1069 2539 9.
1094 2509 1235 2546 fortuitu
1261 2504 1342 2539 B'2c.
1385 2507 1433 2538 Cf.
1464 2506 1562 2537 Hand
1587 2507 1684 2538 Turs.
1711 2506 1738 2537 II
1764 2505 1887 2547 p.743.
1916 2523 1951 2528 —

189 2567 241 2597 40.
268 2574 289 2596 α
312 2569 436 2595 natura
458 2562 605 2603 (senet-ati
630 2563 655 2592 Α
683 2577 717 2582 -
745 2562 797 2591 il.
826 2561 868 2590 ad
891 2560 1098 2590 seueritatem
1124 2560 1166 2589 C:
1193 2559 1247 2589 sed
1270 2559 1314 2589 ad
1337 2559 1541 2589 seueritatem
1566 2556 1633 2587 alii.
1665 2573 1697 2577 -
1726 2557 1776 2586 42.
1803 2555 1858 2586 illo
1882 2563 1952 2587 om.

190 2617 213 2647 B
241 2633 274 2637 -
305 2616 355 2646 13.
382 2617 459 2645 tunc
484 2622 557 2644 cum
582 2620 600 2643 c
627 2628 660 2632 —
690 2610 783 2642 rebus
808 2619 879 2641 sec.
906 2618 953 2640 m.
982 2617 1159 2648 superscr.
1188 2609 1221 2639 in
1247 2617 1265 2639 c
1294 2625 1327 2630 —
1357 2607 1407 2639 44,
1436 2616 1538 2648 nequ-e
1563 2616 1580 2638 c
1609 2624 1642 2628 —
1671 2605 1838 2646 i719enium
1862 2605 1890 2636 H
1917 2621 1952 2626 —

190 2667 241 2697 ⁴5.
268 2665 432 2696 licentiam
457 2663 587 2694 ludendi
620 2670 637 2693 c
677 2678 710 2682 —
755 2661 801 2692 16.
829 2659 870 2691 ab
893 2660 1031 2689 honestis
1056 2660 1078 2689 B
1119 2677 1151 2680 —
1192 2658 1242 2689 47.
1271 2662 1314 2688 est
1339 2667 1396 2689 on]
1430 2666 1447 2689 c
1486 2675 1520 2679 -
1561 2657 1600 2688 48
1639 2656 1808 2687 obscenum
1832 2655 1952 2686 BHa:

190 2715 361 2759 obscaejnum
384 2716 422 2750 Α,
450 2713 640 2743 obscoenum
663 2712 731 2744 bo:
759 2713 787 2740 et
811 2709 982 2740 obscenum
1006 2717 1024 2739 c
1054 2726 1085 2730 —
1113 2708 1237 2747 eliyans
1263 2709 1315 2739 Ab
1345 2726 1377 2729 —
1407 2708 1459 2738 ΞΜ,
1486 2707 1589 2747 facete
1612 2714 1789 2747 superscr.
1817 2704 1904 2735 dicta
1927 2712 1954 2735 s.

191 2765 229 2803 (i.
250 2773 279 2795 e.
300 2765 427 2801 scilicet)
452 2766 525 2793 sunt
549 2771 570 2793 a
596 2778 629 2783 —
658 2762 709 2792 22.
737 2761 993 2800 apophtegmata
1018 2759 1119 2795 Aah,
1147 2757 1402 2797 apopthvgymaca
1428 2757 1473 2792 1-1,
1501 2757 1732 2795 apotheymata
1757 2762 1792 2789 c.
1819 2757 1958 2793 apotey-

190 2818 282 2844 mata
308 2814 331 2844 B
370 2831 402 2834 —
445 2815 490 2843 est
512 2813 614 2851 iyitur
644 2819 662 2842 o
701 2828 734 2832 -
778 2810 830 2841 23.
855 2811 892 2849 fit
916 2812 975 2839 auc
997 2809 1023 2838 si
1048 2808 1181 2838 remisso
1206 2809 1329 2845 animo,
1356 2816 1476 2845 mayno
1500 2806 1628 2836 homine
1652 2805 1768 2844 dianus
1801 2803 1954 2844 Madvig:

190 2866 237 2905 fit.
265 2867 300 2893 ut
325 2865 363 2902 (et
387 2864 415 2899 c]
441 2864 466 2892 si
491 2862 623 2892 remisso
649 2863 758 2891 auimo
782 2860 909 2890 homine
933 2859 1051 2897 dianus
1075 2858 1119 2887 C:
1160 2858 1215 2896 fit,
1242 2858 1377 2887 remisso
1401 2857 1529 2886 homine
1553 2856 1670 2895 dignus
1695 2863 1730 2888 0:
1776 2855 1832 2893 fit,
1859 2856 1895 2884 ut
1918 2854 1959 2884 sit

190 2913 337 2943 remissio
361 2913 484 2944 animo.
509 2912 637 2942 kantiae
660 2912 778 2950 dianus
802 2910 925 2948 Unger,
953 2908 1051 2939 cuius
1077 2906 1314 2937 emendationi
1341 2905 1485 2937 lacunae
1510 2906 1607 2944 signa
1625 2906 1705 2935 ante
1722 2904 1850 2934 homine
1873 2902 1954 2934 add.

194 2962 325 2997 Heine3
364 2962 416 3001 fit,
448 2965 483 2991 ut
507 2962 545 2991 sit
571 2961 717 2992 remissio
742 2960 869 2997 animo,
903 2957 1030 2989 liberali
1061 2956 1189 2987 homine
1213 2957 1332 2995 digynus
1367 2956 1405 2985 (Ι.
1433 2954 1581 2986 Scheibe
1618 2954 1652 2984 in
1684 2952 1792 2983 Iahnii
1822 2950 1955 2983 Annall.

193 3010 310 3053 philol.
339 3010 403 3042 vol.
421 3011 454 3041 St
486 3020 506 3051 p
534 3011 608 3042 3713.
639 3028 672 3032 —
710 3009 762 3041 Ἥ.
790 3009 873 3039 atter
898 3017 958 3038 nae
982 3007 1083 3038 libero
1108 3007 1237 3045 quidem
1255 3023 1302 3028 —-
1319 3005 1499 3036 obscenitas
1522 3005 1652 3036 Nonius
1678 3012 1710 3043 p.
1727 3003 1800 3034 356.
1830 3019 1864 3023 —
1902 3002 1956 3033 25.

195 3061 392 3100 turpitudini
416 3061 585 3091 adhibetur·
607 3060 783 3090 uerborum
809 3061 831 3089 A
849 3059 871 3089 B
890 3058 913 3088 ll
929 3058 981 3088 ab
1000 3065 1006 3086 z
1054 3057 1223 3095 turpitudo
1248 3056 1420 3085 adhibetur
1443 3058 1472 3085 ct
1494 3054 1670 3085 uerborum
1702 3061 1741 3089 ος
1790 3051 1958 3092 turpitudo

196 3110 366 3144 adhibetur
390 3114 448 3140 dut
471 3110 644 3139 verborum
669 3117 687 3140 o
724 3126 756 3130 —
795 3108 994 3138 obscoenitas
1019 3114 1037 3137 o
1073 3123 1102 3128 —
1143 3110 1186 3136 est
1211 3107 1309 3136 ctiam
1334 3106 1385 3136 Bc
1412 3104 1485 3144 (sed
1510 3104 1533 3135 B
1559 3112 1638 3134 cum
1665 3103 1771 3142 signis
1794 3104 1958 3142 transpo-

198 3161 341 3197 sitionis)
386 3177 419 3181 -
463 3160 513 3189 26.
541 3168 578 3190 nc
601 3160 697 3190 nimis
722 3159 833 3189 ommia
855 3157 1096 3197 profundamus
1128 3156 1171 3187 C:
1213 3164 1251 3185 m>
1274 3156 1381 3186 mimis
1405 3155 1514 3185 omnia
1538 3152 1778 3192 profundamus
1806 3149 1878 3187 alii;
1917 3157 1958 3180 ne

197 3212 295 3242 nimus
319 3209 431 3239 ludum
453 3209 693 3247 profundamus
718 3208 924 3241 Laml]inus;
958 3215 998 3237 ne
1022 3206 1117 3236 nimis
1138 3206 1383 3244 profundumm·
1407 3204 1567 3243 Longius.
1595 3218 1629 3224 -—
1668 3201 1830 3241 clauoque
1852 3201 1878 3230 A
1893 3199 1918 3230 H
1934 3197 1955 3229 b

202 3279 236 3283 -
262 3259 314 3290 ⁶27.
341 3258 523 3297 suppeditat
547 3266 564 3289 c
598 3275 629 3279 —
669 3258 721 3289 29.
747 3266 872 3296 semper
896 3265 965 3287 om.
985 3264 1002 3286 c
1039 3273 1069 3278 —
1111 3255 1162 3285 30.
1190 3255 1333 3285 homines
1357 3254 1503 3285 ommibus
1527 3252 1632 3283 bestiis
1656 3250 1850 3282 antecedunt
1873 3248 1955 3280 Dio·-

200 3309 324 3342 medes
347 3311 418 3341 Art.
445 3316 593 3348 gramm.
619 3308 631 3339 1
656 3316 689 3348 p.
706 3308 779 3347 3¹3,
807 3309 840 3338 41
872 3306 928 3338 ed.
955 3304 1038 3337 Keil.
1080 3304 1165 3336 Vide-
1191 3304 1235 3335 ad
1260 3303 1382 3345 p.479‚
1402 3304 1434 3336 7.
1463 3320 1498 3325 -
1525 3302 1578 3335 33.
1602 3301 1740 3341 inquirit
1763 3306 1822 3332 ao.
