2249 3624
699 169 786 209 Lm.
809 168 880 208 ΙΙΙ.
920 169 1016 209 Cn».
1040 170 1239 210 v-vll.
1275 169 1334 222 §§
1359 167 1402 209 ll
1423 168 1555 211 -¹l(3.
1922 168 1996 210 911

252 280 406 324 Attice,
437 282 482 317 ut
511 276 593 322 viS‚
626 280 665 314 et
694 275 832 314 locum
865 277 987 315 istum
1020 281 1167 323 totum,
1200 282 1243 316 ut
1273 290 1295 316 a
1328 276 1580 316 doctissimis
1613 276 1810 316 Graeciae
1843 278 2007 329 quaesi-

252 348 337 383 tum
367 347 406 381 et
435 339 688 391 disputatum
731 344 812 384 est,
855 338 1072 391 explicabo
1105 345 1164 384 et,
1206 345 1249 378 ut
1281 339 1459 384 institui,
1503 345 1641 378 nostra
1673 340 1761 378 iura
1794 341 2006 390 attingam.

251 407 329 446 ΑΗ.
369 402 479 443 lstud
517 400 694 440 maxime
733 407 932 453 exspecto
965 400 1198 440 disserendi
1231 414 1373 451 genus.
1436 403 1490 439 M.
1525 403 1647 454 Atqui
1682 402 1880 454 pleraque
1913 408 2009 441 sunt

251 467 359 507 dicta
397 466 437 504 in
477 463 559 502 illis
602 462 737 507 libris,
782 462 893 515 quod
936 462 1170 501 faciendum
1213 463 1308 504 fuit.
1352 477 1444 501 cum
1484 463 1534 501 de
1566 470 1734 515 optuma
1768 478 1809 502 re
1845 465 2006 517 publica

250 532 537 583 quaereretur:
584 524 656 563 sed
702 524 825 564 huius
869 525 948 564 loci
992 522 1058 577 [de
1091 522 1416 578 magistratibus]
1460 532 1555 564 sunt
1588 528 1754 578 propria
1789 529 2036 579 quaedam‚5

249 606 271 632 a
302 589 585 642 Theophrasto
619 587 822 639 primum,
856 587 1009 625 deinde
1042 600 1063 625 a
1097 587 1230 625 Dione
1264 588 1402 626 Stoico
1435 589 1623 640 quaesita
1655 590 1863 628 subtilius.

358 652 422 691 Vl.
456 647 520 689 sik».
554 651 631 688 Alc.
663 649 742 688 Ain
767 650 964 688 tandein?
998 650 1119 687 etiarn
1143 664 1162 687 a
1189 650 1339 688 Stoicis
1371 651 1445 688 ista
1479 657 1646 689 tractata
1679 655 1803 690 sunt?
1838 654 1888 691 M.
1917 654 2006 690 Non

248 727 344 755 sane
375 714 455 753 nisi
486 713 536 752 ab
568 725 641 758 eo,
683 725 807 764 quem
842 711 965 750 modo
1000 712 1233 758 nominavi,
1276 717 1316 751 et
1349 718 1492 764 postea
1530 727 1551 752 a
1586 727 1734 765 magno
1768 714 1937 753 bomine
1970 720 2010 753 et

247 778 289 817 in
321 777 463 830 primis
496 774 673 819 erudito,
708 774 918 812 Panaetio.
961 774 1062 812 Nam
1099 780 1256 813 veteres
1289 775 1413 813 verbo
1447 780 1568 813 tenus
1600 782 1719 814 acute
1743 776 1800 814 illi
1825 777 2008 828 quidem,

246 839 317 879 sed
354 852 437 878 non
476 837 527 877 ad
559 836 670 875 hunc
702 850 823 874 usum
857 836 1105 888 popularem
1137 842 1261 889 atque
1292 837 1481 882 civilem,
1523 838 1572 875 de
1606 852 1647 876 re
1682 839 1847 890 publica
1880 839 2058 877 disse-to

246 902 416 942 rebant:
466 900 495 951 ’ἰ-
530 900 580 938 ab
621 900 693 937 bac
732 897 889 937 familia
929 898 1060 949 magis
1093 899 1170 938 ista
1202 905 1419 938 manarunt
1452 899 1620 939 Platone
1654 901 1851 954 principe.
1914 903 2011 940 Post

246 962 491 1003 Aristoteles
531 961 768 1000 inlustravit
809 974 974 999 omnem
1018 960 1126 999 hunc
1159 961 1323 1000 civilem
1358 962 1398 1000 in
1432 962 1681 1015 disputando
1714 963 1849 1002 locum
1882 964 2011 1003 Hera-

245 1025 460 1077 clidesque
502 1024 698 1063 Ponticus
745 1022 958 1076 profectus
1002 1023 1052 1061 ab
1099 1023 1246 1062 eodem
1292 1024 1474 1062 Platone.
1545 1025 1857 1078 Theophrastus
1901 1039 2009 1073 vero,

243 1088 455 1127 institutus
489 1087 539 1125 ab
571 1086 815 1131 Aristotele,
849 1086 1069 1132 habitavit,
1102 1091 1148 1124 ut
1178 1086 1304 1132 scitis,
1337 1085 1376 1124 in
1411 1099 1460 1125 eo
1493 1100 1645 1138 genere
1677 1101 1827 1134 rerum,
1859 1089 1909 1127 ab
1943 1103 2010 1128 eo-

244 1149 424 1202 demque
447 1148 671 1187 Aristotele
705 1147 854 1187 doctus
877 1148 1155 1187 Dicaearchus
1187 1147 1284 1186 huic.
1316 1149 1466 1186 rationi
1500 1149 1725 1202 studioque
1758 1151 2060 1190 n‹›ndef11it.⁴5

242 1213 339 1252 Post
370 1224 392 1251 a
421 1210 711 1263 Theophrasto
737 1209 959 1249 Phalereus
991 1211 1060 1248 ille
1083 1211 1334 1256 Demetrius,
1367 1211 1417 1249 de
1450 1224 1533 1263 quo
1567 1211 1644 1250 feci
1677 1226 1801 1265 supra
1835 1215 2010 1253 mentio-

241 1286 349 1318 nem,
382 1273 627 1312 mirabiliter
657 1273 886 1312 doctrinam
920 1286 970 1311 ex
1005 1270 1254 1312 umbraculis
1287 1273 1545 1312 eruditorum
1578 1275 1747 1327 otioque
1780 1289 1861 1314 non
1885 1277 2009 1315 modo

241 1335 284 1374 in
315 1335 445 1375 solem
479 1341 604 1388 atque
637 1336 678 1374 in
712 1336 941 1387 pulverem,
974 1336 1045 1374 sed
1078 1336 1118 1374 in
1150 1336 1284 1386 ipsum
1309 1335 1531 1373 discrimen
1555 1336 1774 1389 aciemque
1798 1339 2009 1390 produxit.

241 1399 344 1437 Nam
390 1403 429 1436 et
470 1398 740 1436 mediocriter
782 1398 928 1436 doctos
971 1411 1141 1449 magnos
1183 1399 1224 1436 in
1258 1411 1300 1435 re
1334 1397 1499 1450 publica
1532 1398 1641 1437 viros
1674 1406 1714 1438 et
1746 1401 2009 1439 doctissimos

241 1459 433 1499 homines
476 1473 556 1498 non
591 1460 712 1498 nimis
748 1460 786 1498 in
820 1474 862 1498 re
898 1460 1061 1512 publica
1099 1465 1285 1498 versatos
1318 1460 1471 1498 multos
1504 1474 1829 1501 commemorare
1863 1476 2010 1515 possu-
2026 1469 2060 1497 ’20

242 1536 357 1562 mus:
389 1523 460 1574 qui
493 1535 589 1560 vero
623 1528 801 1575 utraque
834 1536 876 1560 re
908 1522 1148 1568 excelleret,
1185 1528 1227 1561 ut
1259 1528 1298 1561 et
1330 1522 1545 1561 doetrinae.
1579 1525 1726 1563 studiis
1759 1531 1797 1564 et
1830 1526 2010 1579 regenda

243 1585 407 1624 civitate
450 1584 640 1637 princeps
683 1591 814 1630 esset,
858 1585 951 1636 quis
993 1584 1114 1623 facile
1156 1591 1323 1636 praeter
1354 1585 1462 1623 bunc
1495 1585 1671 1624 inveniri
1704 1590 1870 1638 potest?
1930 1589 2009 1627 Art.

242 1647 346 1686 Puto
379 1660 502 1698 posse.
536 1653 575 1685 et
607 1647 777 1699 quidem
809 1648 992 1700 aliquem
1027 1647 1077 1685 de
1109 1648 1240 1685 tribus
1273 1647 1413 1685 nobis:
1447 1647 1518 1685 sed
1553 1662 1688 1699 perge,
1721 1655 1763 1688 ut
1795 1663 2007 1703 coeperas.

359 1709 442 1748 Vll.
476 1707 541 1747 vl35.
572 1710 626 1747 M.
661 1709 907 1756 Quaesitum
942 1709 1067 1760 igitur
1097 1710 1147 1748 ab
1179 1709 1260 1748 illis
1292 1716 1372 1755 est,
1406 1709 1643 1762 placeretne
1675 1724 1802 1750 unum
1836 1712 1877 1750 in
1910 1713 2010 1751 civi-

242 1776 324 1810 tate
355 1784 445 1810 esse
479 1771 788 1823 magistratum,
821 1771 885 1809 cui
919 1771 1071 1822 reliqui
1103 1776 1322 1823 parerent,
1356 1773 1467 1824 quod
1500 1773 1657 1811 exactis
1689 1774 1856 1822 regibus
1888 1775 2059 1813 intel-'25

242 1833 334 1886 lego
376 1833 582 1886 placuisse
625 1834 777 1871 nostris
819 1833 1060 1871 maioribus.
1122 1834 1200 1872 Sed
1244 1835 1443 1886 quoniam
1486 1835 1623 1886 regale
1656 1836 1833 1874 civitatis
1865 1850 2009 1888 genus,

241 1896 461 1949 probatum
494 1895 720 1948 quondam,
754 1902 896 1948 postea
930 1909 1013 1933 non
1046 1902 1126 1934 tam
1161 1897 1275 1947 regni
1309 1910 1432 1949 quam
1460 1897 1585 1949 regiis
1611 1898 1720 1936 vitiis
1743 1899 2008 1950 repudiatum

243 1964 327 2005 est,
369 1972 521 1998 nomen
566 1965 725 1998 tantum
770 1959 979 1997 videbitur
1018 1960 1127 2011 regis
1160 1959 1450 2011 repudiatum,
1494 1973 1558 1998 res
1592 1960 1795 2005 manebit,
1837 1963 1868 2000 si
1902 1975 2009 2001 unus

243 2020 436 2060 omnibus
468 2021 641 2073 reliquis
675 2021 985 2073 magistratibus
1018 2022 1249 2074 imperabit.
1324 2020 1387 2059 lo.
1427 2021 1566 2068 Quare
1600 2034 1675 2060 nec
1706 2022 1852 2075 ephori
1884 2024 2010 2063 Lace-

242 2082 446 2122 daemone
488 2082 576 2122 sine
619 2097 742 2123 causa
775 2097 797 2122 a
829 2083 1103 2136 Theopompo
1136 2084 1315 2136 oppositi
1347 2084 1514 2135 regibus
1555 2098 1630 2123 nec
1662 2085 1771 2137 apud
1807 2100 1880 2125 nos
1913 2100 2010 2126 con·
2024 2091 2060 2120 30

241 2145 400 2184 sulibus
439 2145 607 2184 tribuni.
679 2147 782 2184 Nam
824 2145 927 2184 illud
967 2145 1133 2198 quidem
1174 2146 1337 2198 ipsum,
1381 2145 1494 2198 quod
1525 2146 1566 2184 in
1599 2147 1689 2185 iure
1722 2147 1903 2199 positum
1934 2155 2009 2196 est,

241 2204 368 2246 habet
399 2207 567 2254 consul,
611 2212 653 2246 ut
685 2207 721 2246 ei
753 2207 905 2260 reliqui
940 2207 1206 2259 magistratus
1239 2222 1383 2247 omnes
1416 2215 1589 2259 pareant
1621 2215 1797 2260 excepto
1831 2210 2009 2257 tribuno,

242 2270 314 2322 qui
346 2276 443 2322 post
473 2270 653 2317 exstitit,
686 2284 738 2308 ne
771 2270 834 2317 id,
873 2270 986 2322 quod
1018 2269 1171 2317 suerat,
1204 2276 1326 2310 esset.
1385 2271 1475 2309 lloc
1508 2271 1618 2310 enim
1651 2272 1831 2323 primum
1863 2274 2010 2313 minuit

242 2332 461 2372 consulare
501 2332 594 2379 ius,
633 2332 746 2385 quod
790 2333 970 2379 exstitit,
1011 2332 1100 2385 ipse
1133 2333 1205 2385 qui
1237 2345 1286 2371 eo
1320 2345 1403 2371 non
1436 2337 1670 2380 teneretur,
1713 2331 1864 2373 deinde
1895 2334 2009 2388 quod

332 2474 359 2503 l.
386 2473 625 2504 addoctissimis
650 2473 691 2511 B,
724 2481 774 2502 a*
786 2473 980 2504 doctissimis
1004 2476 1026 2504 Α
1069 2492 1102 2495 -—
1141 2473 1170 2503 3.
1199 2474 1242 2504 ad
1266 2473 1322 2511 que?
1346 2473 1368 2503 B
1408 2491 1441 2494 —
1480 2474 1511 2503 5.
1538 2474 1575 2503 dc
1599 2474 1847 2514 maqistratibus
1872 2476 2009 2507 ridetur

242 2521 416 2563 glossema
451 2540 486 2544 —
525 2523 688 2561 quaedam
713 2524 751 2558 Α,
779 2522 841 2553 sed
867 2524 986 2554 aedom
1012 2524 1043 2554 in
1069 2532 1136 2555 ras.
1166 2541 1199 2545 —
1229 2524 1258 2554 6.
1287 2532 1308 2554 a
1333 2523 1561 2562 theopharasto
1584 2526 1622 2561 A,
1649 2525 1742 2555 alheo
1763 2529 1896 2563 praesto
1919 2526 1942 2557 Β
1971 2543 2007 2549 -

243 2574 337 2604 dione
368 2572 448 2603 AB:
485 2573 630 2611 Dioycne
660 2572 683 2601 O
717 2580 796 2601 cuni
832 2572 994 2604 Turncbo
1033 2591 1067 2595 —
1104 2572 1277 2604 subtiliatus
1309 2574 1331 2603 Β
1371 2591 1404 2594 -
1443 2574 1473 2603 7.
1501 2575 1580 2603 anm
1611 2574 1675 2604 ΑΒ
1713 2591 1747 2595 -
1785 2578 1893 2605 tracta
1920 2576 1941 2606 Β
1971 2593 2006 2597 -

240 2621 271 2654 8.
298 2622 508 2653 nisimwo
532 2624 557 2653 Α
588 2639 620 2643 —
649 2621 679 2652 9.
705 2622 853 2660 pocnelio
880 2624 901 2652 Β
931 2640 965 2643 -
995 2624 1045 2653 Μ.
1065 2623 1106 2653 ab
1123 2624 1205 2654 hanc
1227 2624 1391 2662 familiam
1418 2624 1557 2661 [familia
1575 2624 1608 2661 ssss
1635 2624 1708 2660 AB,
1735 2625 1778 2654 ad
1801 2624 1884 2655 hanc
1907 2626 2009 2664 sami-

240 2670 320 2702 liam
346 2670 482 2708 Lamb„
509 2671 549 2701 ab
573 2671 772 2702 Academica
795 2671 927 2708 familia
951 2673 1109 2703 Seliell'er
1147 2691 1180 2694 —
1221 2673 1281 2703 isla
1306 2674 1414 2712 magis
1438 2673 1460 2703 B
1500 2691 1534 2695 —
1574 2677 1741 2703 'manerent
1765 2670 1840 2705 A¹li
1879 2691 1913 2696 —
1954 2676 2004 2706 42.

239 2721 409 2752 heracliles
432 2729 517 2760 quae
541 2717 578 2751 Βι
616 2737 648 2741 -
690 2720 740 2750 13.
765 2720 931 2758 platonem
956 2722 979 2752 B
1014 2739 1047 2743 —
1082 2722 1279 2760 [heofrastus
1302 2731 1380 2752 sucro
1405 2722 1534 2752 institas
1558 2724 1583 2752 Α
1611 2739 1645 2743 -
1685 2722 1736 2753 14.
1762 2723 2009 2755 habilabitusei-

239 2771 327 2801 scitis
351 2772 374 2801 B
413 2787 447 2792 -
486 2771 537 2801 45.
565 2770 731 2801 diceartus
754 2770 777 2800 Β
808 2787 840 2790 —
868 2772 1008 2801 rationis
1033 2772 1055 2802 B
1085 2789 1119 2794 —
1162 2772 1213 2802 46.
1237 2775 1346 2810 posta!
1372 2772 1393 2802 Β
1422 2789 1457 2793 -
1483 2772 1679 2810 phaleureus
1703 2773 1755 2803 ille
1778 2774 1843 2810 (ille
1868 2774 1900 2804 in
1926 2773 2007 2809 ras.)

240 2839 287 2875 A,
321 2838 460 2878 phaleur
482 2838 580 2869 eusile
612 2839 634 2868 B
674 2855 708 2859 —-
743 2838 847 2877 fecisti
867 2840 1147 2877 praementionem
1173 2841 1194 2870 B
1235 2858 1266 2861 —-
1308 2840 1359 2870 47.
1387 2840 1525 2878 otioque]
1551 2826 1750 2878 qudbaigque
1775 2843 1798 2872 A
1826 2842 1900 2881 {sed
1925 2842 2006 2873 nibil

242 2888 305 2919 nisi
330 2889 383 2919 odi
407 2890 441 2919 et
466 2889 639 2929 posterius
666 2896 727 2926 que
751 2889 891 2927 antiqua
919 2897 1023 2919 manu
1049 2891 1241 2929 scriptum,
1281 2893 1397 2919 celera
1430 2892 1507 2920 sunl
1542 2890 1573 2920 in
1600 2899 1668 2922 ras.
1694 2899 1712 2920 a
1738 2900 1784 2921 ni.
1810 2893 2007 2922 recentiore

243 2936 428 2978 suppleta),
454 2946 539 2977 quae
563 2938 700 2975 odioque
724 2938 746 2968 B
787 2955 821 2959 —
867 2938 912 2968 18.
939 2939 973 2969 in
997 2943 1076 2970 ante
1099 2940 1191 2978 pulv.
1219 2948 1289 2970 om.
1311 2940 1332 2969 Β
1370 2957 1410 2961 —
1442 2939 1579 2978 procliui-2·
1605 2941 1627 2970 B
1662 2958 1696 2963 —
1736 2941 1787 2971 ΞΟ.
1815 2951 1876 2971 non
1902 2943 2009 2972 minus

243 2987 305 3017 AB
333 3004 367 3009 —
394 2991 545 3018 uersalus
568 2988 686 3017 multos
708 2996 928 3019 commemora
952 2989 975 3019 B
1013 3006 1047 3011 —
1088 2990 1138 3020 23.
1176 2987 1321 3028 aliquae*
1345 2990 1382 3019 de
1408 2990 1429 3019 B
1457 3006 1491 3010 -—
1526 2993 1560 3020 uc
1584 2988 1639 3020 Α“·’;
1666 2993 1696 3021 et
1721 2991 1794 3022 A¹ss
1824 3009 1857 3013 —
1885 2991 1936 3022 24.
1964 2995 2009 3022 est

240 3036 344 3076 igitur
367 3036 407 3067 ab
430 3037 495 3067 illis
519 3036 543 3067 O
574 3054 606 3058 -
631 3037 774 3075 placeret
800 3040 823 3067 Α
840 3038 862 3067 Β
891 3055 925 3060 -
953 3039 1004 3069 95.
1032 3040 1220 3078 magistrati
1247 3040 1268 3069 B
1297 3055 1331 3061 —
1357 3039 1526 3077 placerent
1550 3040 1609 3069 AB
1638 3056 1670 3061 —
1699 3040 1750 3071 26.
1775 3039 2007 3078 placuissem*

241 3086 281 3121 A,
304 3085 501 3124 placuissent
526 3087 562 3119 Β,
589 3095 629 3117 ex
653 3087 814 3124 placuisse
837 3091 865 3118 ec
891 3087 957 3125 (vel
982 3089 1106 3127 eliam),
1134 3092 1170 3120 ut
1195 3088 1344 3119 ridetur.
1386 3105 1418 3109 —
1456 3088 1561 3127 reflat·
1586 3088 1609 3118 Β
1648 3105 1682 3110 -
1720 3089 1773 3119 27.
1800 3090 1898 3128 remis
1923 3098 2002 3120 nos:

241 3135 378 3174 reyissis
401 3138 425 3166 Α
452 3138 505 3173 (ex
530 3137 693 3175 reyieis‘ssl,
726 3137 836 3176 refluis
860 3137 896 3175 B,
929 3139 1015 3177 regis
1039 3140 1064 3169 O
1103 3157 1137 3161 —
1176 3140 1227 3169 28.
1255 3141 1443 3178 reputatum
1468 3139 1489 3168 Β
1528 3155 1562 3159 -
1602 3138 1653 3168 ⁶29.
1680 3139 1857 3178 imperauit
1881 3140 1940 3169 AB
1969 3155 2002 3160 -

244 3182 297 3215 30.
323 3193 345 3214 a
368 3184 580 3225 thaeopompo
604 3188 649 3224 A,
687 3190 721 3218 ac
745 3188 822 3217 haec
844 3196 962 3226 pampo
989 3190 1010 3219 Β
1049 3206 1082 3210 -
1121 3189 1173 3219 31.
1200 3189 1287 3226 ipsun
1312 3188 1334 3217 B
1373 3204 1407 3209 -—
1451 3186 1503 3217 32.
1531 3186 1624 3218 ei**
1648 3189 1673 3218 Α
1708 3204 1741 3209 —-
1779 3191 1892 3225 erepte
1916 3188 1939 3218 Β
1968 3205 2002 3209 -

243 3231 296 3264 33.
321 3235 430 3265 extitit
453 3237 490 3272 A,
525 3238 561 3267 ut
586 3236 657 3267 sere
683 3245 835 3278 semper,
869 3238 929 3269 sed
957 3237 1058 3278 paulo
1084 3240 1162 3278 post
1185 3238 1310 3268 exstitit
1347 3254 1379 3257 —
1416 3236 1526 3275 suerat
1550 3237 1740 3268 Manutius:
1777 3237 1877 3276 fuerit
1900 3235 2003 3267 codd.

246 3297 282 3303 —
309 3282 361 3315 34.
387 3287 514 3316 tenetur
537 3286 573 3317 Β.
