2249 3624
248 161 330 202 678
967 156 1037 195 DE
1070 155 1296 196 OFFICIIS

251 269 332 310 alio
365 267 536 307 domino
567 264 692 306 solita
722 267 786 303 est
814 261 1092 315 frequentari.
1151 260 1358 301 Odiosum
1391 264 1454 300 est
1484 259 1617 307 enim,
1656 273 1751 300 cum
1783 274 1807 301 a
1836 264 2020 314 praeter-

253 331 449 371 euntibus
482 328 655 368 dicitur:

477 414 530 419 —
561 412 615 418 —
653 403 676 429 ο
714 388 889 428 domus
927 386 1151 439 antiqua,
1189 386 1286 425 heu
1324 398 1467 439 quam
1503 384 1698 439 dispari

474 451 742 492 Dominare
778 449 1010 496 dominol

220 516 366 572 5quod
409 514 578 569 quidem
617 514 684 554 his
723 512 985 566 temporibus
1027 511 1071 551 in
1111 510 1252 550 multis
1290 510 1389 550 licet
1429 510 1581 551 dicere.
1649 507 1745 550 440.
1779 510 2022 552 Cavendum

251 585 389 621 autem
421 583 494 625 est,
526 576 774 631 praesertim
804 576 839 616 si
868 575 960 628 ipse
991 572 1203 621 aedifices,
1233 587 1287 613 ne
1319 577 1437 613 extra
1466 572 1638 613 modum
1669 578 1836 627 sumptu
1869 578 1910 613 et
1938 586 2024 613 ma-

252 640 490 695 gnificentia
521 639 725 693 prodeas:
768 652 852 691 quo
882 637 925 677 in
956 649 1111 690 genere
1142 635 1322 676 multum
1355 635 1454 675 mali
1486 635 1612 675 etiam
1641 635 1685 675 in
1716 634 1913 688 exemplo
1946 640 2022 675 est.

253 703 449 744 Studiose
483 702 593 742 enim
624 701 820 755 plerique
851 699 1100 753 praesertim
1131 697 1175 737 in
1205 698 1314 738 hanc
1345 703 1507 751 partem
1537 697 1645 738 facta
1671 698 1910 752 principum
1930 697 2023 737 imi-

251 771 411 813 tantur,
442 770 488 804 ut
518 765 562 803 L.
588 763 774 811 Luculli,
807 762 957 802 summi
987 761 1086 809 viri,
1126 761 1322 801 virtutem
1357 761 1482 814 quis?
1522 766 1565 800 at
1596 774 1723 814 quam
1753 760 1873 800 multi
1904 760 2024 800 villa-

203 838 342 868 riorum
387 824 739 880 magnificentiam
789 821 998 878 [imitati]!
1054 837 1231 878 quarum
1280 824 1450 877 quidem
1496 828 1607 863 certe
1656 829 1718 863 est
1762 822 2023 863 adhibendus

251 890 400 930 modus
432 890 484 930 ad
516 889 841 929 mediocritatem
873 887 1145 927 revocandus.
1204 886 1448 938 Eademque
1479 886 1748 927 mediocritas
1779 884 1830 925 ad
1857 898 2023 926 omnem

250 968 372 994 usum
403 953 645 1006 cultumque
676 952 785 991 vitae
815 949 1110 990 transferenda
1142 954 1218 988 est.
1281 949 1361 988 Sed
1392 949 1496 989 haec
1528 949 1743 989 hactenus.

365 1013 458 1055 ¹'l4l.
490 1015 536 1054 In
569 1014 683 1054 omni
715 1019 853 1054 autem
885 1013 1053 1052 actione
1085 1011 1354 1064 suscipienda
1385 1012 1464 1051 tria
1486 1017 1584 1052 sunt
1604 1010 1809 1051 tenenda:
1841 1010 2023 1064 primum

251 1085 297 1120 ut
326 1078 537 1132 appetitus
568 1077 723 1117 rationi
753 1081 917 1129 pareat,
950 1088 1034 1127 quo
1067 1074 1171 1114 nihil
1203 1080 1266 1114 est
1296 1074 1348 1114 ad
1381 1075 1521 1114 officia
1552 1072 1834 1115 conservanda
1864 1086 2025 1113 accom-

203 1150 237 1178 45
252 1141 483 1188 modatius,
524 1139 674 1179 deinde
706 1144 752 1179 ut
783 1137 1162 1185 animadvertatur,
1197 1143 1354 1190 quanta
1385 1137 1458 1177 illa
1488 1150 1553 1177 res
1585 1138 1658 1185 sit,
1701 1149 1827 1190 quam
1858 1132 2024 1176 efficere

251 1204 449 1250 velimus,
490 1207 536 1241 ut
571 1215 677 1242 neve
718 1202 850 1241 maior
890 1212 995 1239 neve
1037 1200 1174 1239 minor
1216 1213 1316 1240 cura
1358 1205 1399 1239 et
1438 1212 1568 1253 opera
1606 1199 1860 1252 suscipiatur
1899 1210 2025 1251 quam

253 1279 377 1307 causa
405 1264 604 1319 postulet.
665 1264 850 1304 Tertium
883 1268 946 1303 est
974 1268 1020 1303 ut
1051 1275 1269 1302 caveamus
1302 1266 1348 1302 ut
1378 1275 1440 1310 ea,
1472 1275 1580 1315 quae
1611 1263 1821 1315 pertinent
1845 1261 1897 1301 ad
1921 1260 2026 1301 libe-

252 1330 382 1370 ralem
413 1329 593 1383 speciem
625 1333 666 1367 et
698 1326 958 1380 dignitatem,
991 1324 1206 1364 moderata
1238 1325 1333 1364 sint.
1393 1325 1544 1365 Modus
1575 1329 1717 1364 autem
1747 1329 1811 1364 est
1840 1324 2024 1377 optimus

255 1392 383 1433 decus
413 1392 552 1445 ipsum
582 1395 738 1437 tenere,
772 1390 822 1428 de
855 1401 938 1442 quo
971 1393 1066 1427 ante
1089 1387 1294 1435 diximus,
1316 1400 1394 1427 nec
1415 1386 1612 1440 progredi
1635 1386 1815 1439 longius.
1864 1386 2025 1426 Horum

203 1465 240 1493 ρο
253 1460 391 1495 tamen
422 1454 547 1493 trium
580 1451 987 1506 praestantissimum
1020 1455 1084 1490 est
1114 1450 1342 1504 appetitum
1376 1455 1670 1503 optemperare
1700 1449 1865 1490 rationi.

365 1517 453 1556 XL.
487 1513 580 1555 ¹142.
613 1515 821 1567 Deinceps
854 1513 905 1553 de
937 1513 1084 1553 ordine
1115 1525 1255 1552 rerum
1287 1517 1328 1551 et
1359 1512 1410 1551 de
1443 1511 1759 1565 opportunitate
1787 1516 2025 1564 temporum

255 1578 479 1619 dicendum
511 1583 584 1618 est.
644 1578 756 1617 Haec
786 1582 924 1616 autem
956 1575 1129 1615 scientia
1161 1574 1428 1614 continentur
1459 1587 1528 1621 ea,
1568 1587 1695 1628 quam
1725 1574 1871 1614 Graeci
1901 1574 2026 1614 εὔτα-

255 1644 349 1692 §lav
381 1642 609 1688 nominant,
641 1653 726 1680 non
757 1639 878 1686 hanc,
910 1651 1036 1691 quam
1067 1638 1395 1690 interpretamur
1424 1637 1685 1684 modestiam,
1716 1649 1799 1692 quo
1831 1636 1874 1676 in
1895 1636 2023 1676 verbo

254 1704 404 1744 modus
436 1704 558 1751 inest,
591 1703 665 1743 sed
694 1702 766 1742 illa
797 1706 860 1742 est
890 1702 1083 1750 εὐταξία,
1116 1701 1159 1740 in
1182 1713 1265 1754 qua
1286 1698 1544 1752 intellegitur
1566 1698 1725 1739 ordinis
1748 1699 2024 1739 conservatio.

204 1768 426 1820 251taque,
466 1772 512 1806 ut
552 1767 726 1806 eandem
765 1778 843 1804 nos
882 1763 1133 1803 modestiam
1164 1763 1446 1817 appellemuS‚
1488 1761 1547 1801 sic
1579 1759 1775 1802 definitur
1805 1775 1828 1801 a
1859 1760 2024 1807 Stoicis,

254 1835 300 1869 ut
330 1829 537 1869 modestia
567 1829 622 1868 sit
651 1828 824 1868 scientia
855 1840 994 1867 rerum
1026 1839 1192 1873 earum,
1234 1838 1343 1879 quae
1375 1830 1553 1877 agentur
1584 1829 1656 1864 aut
1686 1824 1898 1870 dicentur,
1929 1823 2024 1863 loco

255 1905 332 1932 suo
364 1891 716 1931 collocandarum.
776 1890 839 1929 Ita
869 1889 1037 1929 videtur
1068 1888 1213 1928 eadem
1244 1888 1306 1927 vis
1337 1887 1495 1927 ordinis
1529 1891 1570 1926 et
1601 1886 1889 1927 collocationis
1910 1884 2024 1933 fore3

255 1968 350 1995 nam
382 1960 423 1994 et
454 1953 644 1993 ordinem
677 1953 736 1992 sic
768 1950 994 1998 definiunt,
1034 1950 1385 2004 compositionem
1416 1962 1557 1989 rerum
1588 1949 1693 2002 aptis
1725 1954 1764 1988 et
1794 1960 2026 1988 accommo-

256 2017 363 2056 datis
395 2017 511 2057 locis.
570 2016 730 2055 Locum
761 2020 903 2054 autem
933 2014 1109 2053 actionis
1141 2013 1499 2066 opportunitatem
1525 2012 1722 2065 temporis
1746 2024 1838 2051 esse
1862 2010 2025 2058 dicunt3

205 2092 241 2119 30
256 2085 421 2132 tempus
460 2083 598 2118 autem
630 2077 806 2117 actionis
839 2080 1125 2129 opportunum
1157 2075 1315 2115 Graece
1347 2075 1573 2129 εὐκαιρία,
1612 2074 1759 2114 Latine
1790 2073 2026 2126 appellatur

256 2142 436 2182 occasio.
496 2141 564 2180 Sic
605 2138 650 2179 fit
692 2144 738 2179 ut
776 2138 983 2179 modestia
1021 2137 1146 2185 haec,
1189 2150 1316 2190 quam
1358 2138 1414 2177 ita
1454 2137 1800 2189 interpretamur,
1840 2140 1886 2174 ut
1925 2132 2024 2181 dixi,

256 2202 430 2244 scientia
460 2203 512 2242 sit
542 2201 868 2256 opportunitatis
899 2200 1150 2240 idoneorum
1181 2199 1233 2239 ad
1265 2198 1475 2251 agendum
1506 2203 1757 2251 temporum.
1818 2193 1913 2235 ¹143.
1941 2195 2025 2235 Sed

254 2271 394 2318 potest
425 2265 570 2305 eadem
602 2277 692 2304 esse
724 2263 971 2317 prudentiae
1003 2259 1212 2309 definitio,
1256 2261 1307 2300 de
1341 2273 1425 2314 qua
1456 2260 1665 2313 principio
1697 2259 1904 2299 diximus:
1944 2257 2024 2298 hoc

255 2333 394 2368 autern
425 2327 517 2367 loco
549 2325 600 2366 de
631 2326 921 2366 moderatione
953 2329 994 2365 et
1023 2325 1297 2377 temperantia
1329 2329 1370 2363 et
1399 2324 1547 2362 harum
1568 2322 1775 2362 similibus
1798 2320 2024 2361 virtutibus

206 2403 243 2432 35
257 2389 508 2444 quaerimus.
567 2389 716 2442 Itaque
758 2401 865 2442 quae
908 2392 1026 2427 erant
1056 2386 1300 2439 prudentiae
1331 2384 1501 2438 propria
1532 2397 1606 2425 suo
1639 2384 1729 2424 loco
1761 2383 1873 2423 dicta
1903 2387 2023 2423 sunt:

257 2465 364 2506 quae
395 2457 536 2492 autem
565 2452 715 2492 harum
747 2451 967 2497 virtutum,
999 2449 1050 2489 de
1082 2449 1236 2503 quibus
1269 2448 1352 2488 iam
1383 2448 1455 2487 diu
1483 2447 1720 2501 loquimur,
1759 2458 1866 2499 quae
1895 2445 2025 2498 perti-

256 2520 355 2555 nent
394 2513 445 2555 ad
475 2512 770 2555 verecundiam
809 2518 848 2552 et
877 2512 930 2552 ad
962 2525 1104 2552 eorum
1136 2510 1507 2564 approbationem,
1549 2508 1801 2562 quibuscum
1832 2509 2024 2556 vivimus,

343 2700 374 2730 3.
401 2700 472 2741 heu]
497 2702 527 2731 et
551 2699 574 2731 C
611 2715 644 2721 —
683 2698 714 2730 4.
741 2698 866 2728 donare
890 2697 918 2728 H
952 2714 988 2719 -
1020 2696 1051 2727 7.
1078 2696 1178 2727 etiam
1201 2695 1283 2726 mali
1306 2703 1325 2726 c
1360 2712 1395 2717 —
1428 2694 1458 2726 8.
1481 2694 1672 2733 principum
1694 2693 1787 2733 facta
1810 2701 1828 2725 c
1859 2710 1894 2715 —
1928 2693 1958 2724 9.
1985 2694 2022 2725 L.

258 2758 326 2781 om.
354 2757 372 2780 c
410 2767 451 2771 —
491 2749 542 2780 40.
568 2749 687 2779 imitati
720 2755 897 2787 superscr.
926 2745 1057 2777 scholio
1088 2754 1113 2776 s.
1139 2749 1214 2776 sunt
1243 2754 1281 2779 a;
1318 2748 1392 2775 sunt
1416 2744 1536 2775 imitati
1567 2751 1597 2774 c.
1637 2743 1776 2784 (imitati
1800 2743 2023 2782 grammatici

257 2798 542 2839 supplementum
566 2798 722 2835 videtur,
749 2796 845 2836 qUOd
869 2794 1024 2833 seclusi.)
1063 2813 1097 2817 —
1136 2796 1188 2826 41.
1215 2795 1404 2833 referendus
1427 2801 1445 2824 c
1479 2811 1522 2816 —
1557 2794 1610 2824 42.
1636 2793 1808 2832 reserenda
1838 2801 1856 2824 c
1894 2811 1930 2815 —
1968 2792 2021 2823 43.

255 2852 330 2880 sunt
353 2850 472 2881 tuenda
498 2857 515 2879 c
544 2867 576 2871 —
612 2848 663 2879 114.
689 2849 832 2886 parcant
856 2854 874 2876 c
902 2862 937 2867 —-
975 2845 1026 2876 46,
1053 2848 1088 2875 ut
1113 2853 1204 2875 corr.
1225 2854 1265 2875 ex
1289 2844 1329 2874 sit
1352 2845 1372 2875 b
1398 2860 1432 2865 —
1465 2852 1546 2875 neue
1570 2843 1679 2874 ηιὶηον
1702 2852 1785 2874 cura
1808 2852 1890 2874 ote-uc
1912 2844 2022 2874 maior

258 2898 387 2939 (verbis
411 2900 518 2929 minor
542 2900 575 2929 ct
598 2898 708 2929 maior
732 2895 1013 2936 transpositionis
1039 2895 1136 2934 signa
1160 2902 1337 2934 superscr.
1365 2893 1458 2932 suni)
1483 2901 1502 2924 c
1540 2910 1574 2915 —
1613 2893 1664 2923 117.
1691 2895 1728 2923 ut
1750 2896 1914 2924 caueatur
1937 2901 1955 2924 c
1982 2911 2017 2916 —

256 2949 300 2979 ad
322 2948 552 2979 liberalitatem
574 2948 675 2987 specie
698 2951 727 2979 et
751 2947 911 2986 diqnitate
934 2953 985 2984 cp
1014 2961 1047 2967 -
1081 2944 1132 2975 [18.
1159 2944 1365 2974 moderanda
1389 2944 1411 2974 B
1429 2944 1454 2974 H
1469 2944 1523 2974 ab
1557 2960 1589 2964 —
1625 2942 1678 2972 49.
1704 2942 1809 2982 ipsum
1834 2942 1979 2981 optinere
2001 2949 2020 2973 c

259 3017 294 3020 —
320 2998 373 3028 2⁴.
401 2998 438 3027 dc
462 2999 541 3028 ante
567 3006 640 3036 opp.
669 3005 737 3028 om.
759 3004 777 3027 ο
806 2997 875 3030 (est
900 2995 1006 3026 etiam
1031 2994 1064 3025 in
1089 2994 1189 3032 abo)
1225 3009 1259 3014 —-
1294 2993 1517 3032 oportunitate
1542 2993 1669 3024 llabc
1699 3010 1742 3015 —
1772 2991 1827 3022 22.
1852 2991 1913 3022 hac
1936 3000 1958 3023 a
1983 3008 2018 3012 —

255 3047 417 3078 eutaoeian
440 3047 463 3076 B
480 3047 505 3077 ll
521 3047 585 3083 ab,
613 3047 786 3077 eutaoeiam
810 3052 828 3074 c
855 3061 889 3066 -
924 3043 976 3075 ⁶23.
1004 3047 1084 3074 nant
1106 3052 1172 3073 non
1188 3060 1235 3065 —-
1253 3042 1404 3074 doctrina
1429 3052 1539 3074 rerum
1563 3043 1774 3073 honestarum
1799 3041 1830 3081 (ἓ
1846 3041 1918 3079 451)
1945 3041 1978 3071 in
2003 3049 2021 3072 c

257 3097 477 3128 continentur
502 3096 578 3127 solio
603 3098 701 3127 sexto
725 3095 883 3131 decimo,
917 3093 961 3124 de
987 3102 1056 3133 quo
1082 3093 1160 3124 vide
1187 3093 1270 3133 §772
1310 3110 1344 3114 —
1385 3102 1451 3122 non
1474 3092 1623 3123 hanc—-
1639 3092 1755 3122 modus
1778 3091 1860 3123 inest
1889 3091 2020 3121 Nonius

258 3156 290 3188 p.
307 3147 359 3178 30.
388 3164 423 3168 —
448 3155 513 3176 vion
537 3147 597 3176 hac
621 3155 638 3176 c
665 3163 699 3168 —
734 3145 786 3177 ⁶24.
812 3145 951 3176 eutaoeia.
976 3145 999 3175 C
1029 3161 1063 3165 —
1097 3144 1149 3174 ⁶25.
1176 3143 1369 3174 modestiam
1391 3151 1450 3173 nos
1473 3150 1491 3173 c
1519 3159 1553 3164 —
1588 3141 1641 3173 ⁵28.
1667 3144 1697 3172 et
1719 3140 1959 3172 commoditatis
1981 3139 2019 3170 Βι

261 3212 295 3218 -
323 3195 374 3227 30.
401 3197 531 3227 euceria
556 3196 685 3233 Bilab,
712 3196 864 3227 eucheria
888 3203 906 3226 c
934 3212 967 3216 -
995 3193 1158 3233 latineque
1182 3201 1200 3223 c
1227 3210 1261 3214 —
1289 3192 1342 3223 3⁴.
1368 3192 1608 3231 interpretatur
1631 3199 1649 3222 c
1676 3207 1710 3213 -—-
1738 3190 1790 3222 33.
1812 3192 1919 3230 potest
1940 3190 2018 3219 haec

258 3249 371 3280 eadem
392 3256 413 3288 p
439 3263 473 3268 —
510 3245 660 3286 diffinitio
679 3246 853 3284 prudentie
877 3245 914 3276 dc
937 3252 1004 3283 qua
1027 3243 1060 3274 in
1081 3242 1246 3282 principio
1270 3250 1288 3272 c
1316 3259 1350 3264 —
1378 3242 1430 3274 34.
1458 3242 1620 3273 etharum
1644 3241 1776 3272 Habe:
1812 3242 1842 3272 et
1857 3246 1955 3270 arum
1978 3238 2015 3276 Β,

258 3301 286 3330 et
309 3305 425 3329 earum
449 3303 467 3327 ο
495 3313 528 3317 -
558 3296 609 3326 35.
634 3303 691 3326 suo
716 3296 804 3326 dicta
825 3298 900 3327 sunt
924 3295 993 3326 loco
1016 3301 1035 3325 c
1058 3310 1101 3316 -
1131 3292 1184 3324 36.
1211 3292 1358 3332 loquitur
1380 3300 1402 3324 a
1427 3308 1460 3314 -—
1496 3290 1549 3323 37.
1576 3290 1846 3331 opprobationem
1868 3287 1928 3320 ab.
