2249 3624
673 151 760 190 Lm.
792 150 841 190 11.
882 149 978 189 ou».
1010 149 1186 188 11-1v.
1224 147 1283 201 §§
1316 146 1481 188 4-11.
1879 150 1959 191 5⁶25

198 260 390 313 cogitatio
423 262 462 296 et
493 270 590 295 cura
623 255 838 309 ponenda,
878 262 1037 295 tantum
1072 257 1166 295 huic
1199 256 1336 294 studio
1369 256 1712 307 relinquendum,
1756 264 1957 308 quantum

199 322 355 362 vacabit
393 333 415 359 a
447 319 613 372 publico
647 318 781 357 oslicio
814 325 853 357 ct
886 334 1070 358 numere.
1132 320 1213 358 Sed
1247 319 1346 358 haec
1379 320 1480 358 alias
1514 318 1724 370 pluribus,
1768 333 1876 359 nunc
1909 320 1959 360 ad

195 385 421 424 institutam
455 382 776 434 disputationem
811 389 1078 421 revertamur.

306 446 375 484 ΙΙΙ.
407 444 444 482 8.
479 445 575 482 Nam
610 458 702 482 cum
736 445 785 482 de
819 444 1073 483 dixiuatione
1099 446 1280 492 Quintus
1313 445 1436 484 frater
1468 460 1512 483 ea
1547 446 1823 491 ‹lissi-ruisset,
1856 460 1962 498 quae

195 509 412 561 superiore
442 507 546 545 libro
571 507 722 558 scripta
747 513 865 551 sunt,
898 508 1082 559 satisque
1107 508 1360 546 ambulatum
1388 508 1615 555 videretur,
1641 515 1726 548 tum
1752 511 1791 548 in
1814 510 1993 549 biblio-⁵

198 573 332 616 theca,
366 584 471 623 quae
504 570 544 607 in
579 568 704 620 Lycio
738 575 821 613 est,
854 569 1107 607 adsedimus.
1168 572 1301 621 Atque
1335 584 1431 619 ego,
1466 571 1674 610 Adcurate
1708 578 1749 611 tu
1780 573 1966 625 quidem,

196 636 377 687 inquam,
411 632 581 679 Quinte,
614 636 653 669 et
686 631 816 669 stoice¹
841 631 1077 669 stoi-«mum
1111 633 1360 670 sententiam
1394 632 1637 679 defendisti,
1671 634 1869 687 quodque
1903 650 1966 674 me

197 696 373 737 maxime
405 694 595 737 delectat,
630 693 818 744 plurimis
853 694 1003 732 nostris
1037 695 1243 746 exemplis
1278 709 1374 733 usus
1408 709 1465 739 cs,
1499 701 1539 734 et
1572 696 1619 734 iis
1653 698 1820 748 quidem
1845 698 1968 736 claris

196 765 233 798 et
266 758 523 798 inlustribus.
586 755 818 794 Dicendum
862 763 921 794 est
965 755 1064 794 mihi
1099 756 1224 806 igitur
1259 758 1309 795 ad
1344 770 1411 803 ea,
1454 772 1561 810 quai¹
1594 765 1691 798 sunt
1721 773 1742 797 a
1777 765 1814 797 te
1846 758 1970 804 dicta,

196 821 267 860 sed
300 821 368 865 ita,
403 819 504 858 nihil
538 824 578 857 ut
612 816 840 864 adlirmem,
873 831 1070 870 quaeram
1106 819 1259 864 omnia,
1293 820 1487 858 dubitans
1521 821 1764 874 plerumque
1798 827 1837 860 et
1870 821 2022 860 mihim

195 885 284 936 ipse
327 881 536 922 diflidens.
599 881 639 919 Si
675 881 784 919 enim
819 880 976 932 aliquid
1011 882 1107 919 certi
1141 881 1361 928 habt-rem,
1393 882 1503 934 quod
1537 883 1739 929 dicerem,
1772 897 1848 933 ego
1882 884 1971 936 ipse

196 946 443 991 divinarem,
478 943 549 996 qui
581 956 671 982 esse
696 942 996 981 divinationem
1022 956 1139 994 nego.
1200 942 1237 981 t),
1272 945 1434 983 Etenim
1460 959 1522 983 me
1548 952 1685 985 movet
1708 946 1833 992 illud,
1857 946 1971 999 quod

196 1009 237 1047 in
271 1008 414 1060 primis
438 1006 673 1045 Carneades
705 1018 906 1059 quaerere
940 1004 1112 1050 solebat,
1146 1018 1420 1057 quarumnam
1456 1021 1593 1046 rerum
1618 1007 1817 1047 divinatio
1842 1014 1971 1048 esset:

195 1083 392 1111 earumne
425 1082 532 1121 quae
565 1068 758 1108 sensibus
793 1069 1139 1120 perciperentur?
1200 1069 1252 1107 At
1283 1082 1354 1107 eas
1387 1069 1556 1121 quidem
1590 1071 1819 1117 cernimus,
1852 1070 1972 1110 audi-

194 1146 309 1179 mus,
342 1137 581 1184 gustamus,
613 1130 852 1177 olfacimus,
885 1130 1107 1181 tangimus.
1169 1131 1275 1169 Num
1302 1131 1402 1184 quid
1437 1144 1534 1184 ergo
1569 1134 1609 1172 in
1644 1133 1708 1172 his
1740 1133 1863 1172 rebus
1896 1139 1970 1180 est,
1988 1144 2022 1173 15

196 1195 308 1249 quod
343 1194 580 1247 provisione
613 1199 683 1232 aut
716 1193 979 1245 permotione
1012 1193 1162 1232 mentis
1194 1194 1324 1245 magis
1365 1207 1490 1246 quam
1524 1201 1670 1234 natura
1701 1196 1789 1249 ipsa
1819 1197 1971 1236 sentia-

199 1258 323 1296 mus?
366 1262 437 1295 aut
470 1270 567 1295 num
601 1256 741 1295 nescio
775 1255 847 1308 qui
880 1255 948 1294 ille
981 1254 1170 1302 divinus,
1208 1255 1242 1294 si
1274 1256 1405 1295 oculis
1438 1262 1583 1308 captus
1616 1258 1680 1304 sit,
1713 1264 1757 1297 ut
1788 1259 1971 1299 Tiresias

195 1319 291 1366 fuit,
326 1318 458 1371 possit
490 1331 597 1371 quae
631 1318 724 1357 alba
757 1318 858 1364 sint,
892 1331 1000 1370 quae
1032 1318 1151 1370 nigra
1183 1317 1353 1357 dicere?
1387 1325 1457 1358 aut
1489 1319 1520 1357 si
1555 1319 1703 1359 surdus
1737 1322 1805 1367 sit,
1839 1323 1972 1361 varie—

200 1387 305 1422 tates
337 1394 485 1421 vocum
519 1388 587 1420 aut
623 1382 767 1420 modos
801 1382 1002 1419 noscere?
1063 1379 1122 1419 Ad
1155 1380 1312 1419 nullam
1346 1381 1471 1432 igitur
1502 1394 1644 1421 earum
1677 1396 1829 1430 rerum,
1862 1398 1970 1436 quae

198 1458 324 1486 sensu
364 1443 652 1495 accipiuntur,
696 1443 897 1482 divinatio
940 1443 1173 1482 adhibetur.
1234 1443 1359 1495 Atqui
1394 1457 1443 1482 ne
1475 1444 1517 1482 in
1550 1445 1600 1483 iis
1633 1445 1801 1498 quidem
1835 1447 2022 1494 rebus,20

199 1520 305 1561 quae
338 1512 426 1545 arte
460 1512 699 1553 tractantur,
732 1506 992 1545 divinatione
1025 1519 1131 1558 opus
1164 1511 1241 1544 est.
1287 1506 1454 1545 Etenim
1486 1507 1537 1546 ad
1569 1520 1716 1558 aegros
1748 1522 1833 1547 non
1858 1516 1971 1550 vates

197 1576 267 1610 aut
299 1568 504 1615 hariolos,
543 1569 614 1608 sed
648 1568 833 1607 medicos
866 1568 1048 1607 solemus
1080 1567 1312 1615 adducere,
1350 1582 1425 1607 nec
1459 1582 1580 1616 vero,
1612 1570 1682 1623 qui
1716 1571 1868 1611 fidibus
1901 1578 1973 1612 aut

201 1632 313 1672 tibiis
349 1631 406 1670 uti
440 1631 608 1678 volunt,
649 1632 699 1671 ab
733 1629 1022 1682 haruspicibus
1065 1631 1279 1682 accipiunt
1311 1644 1452 1670 earum
1488 1633 1803 1680 tractationem,
1844 1634 1917 1673 sed
1948 1648 1972 1674 a

202 1695 382 1735 musicis.
452 1690 510 1732 lt).
554 1695 709 1733 Eadem
739 1694 781 1732 in
815 1693 963 1733 litteris
996 1693 1101 1732 ratio
1135 1698 1196 1732 est
1226 1693 1486 1747 reliquisque
1519 1695 1664 1741 rebus,
1702 1709 1876 1748 quarum
1910 1702 1973 1736 est

199 1758 435 1810 disciplina.
494 1758 600 1795 Num
634 1770 780 1796 censes
813 1769 906 1802 eos,
946 1756 1018 1808 qui
1062 1755 1252 1795 divinare
1293 1756 1512 1803 dicuntur,
1554 1770 1676 1810 posse
1716 1759 2023 1811 respondere25

199 1820 261 1860 sol
294 1820 480 1858 maiorne
514 1833 638 1871 quam
671 1825 778 1858 terra
810 1819 895 1858 sit?
927 1831 978 1857 an
1012 1823 1171 1864 tantus,
1204 1824 1384 1871 quantus
1416 1818 1637 1858 videatur?
1678 1820 1863 1874 lunaque
1896 1835 1971 1861 suo

200 1883 356 1922 lumine
388 1895 440 1920 an
472 1882 572 1921 solis
607 1884 773 1921 utatur?
814 1880 896 1927 sol,
931 1880 1027 1919 luna
1059 1894 1183 1932 quem
1216 1886 1374 1920 motum
1407 1881 1588 1921 haheat?
1623 1895 1748 1935 quem
1782 1884 1972 1937 quinque

199 1945 359 1992 stellae,
393 1957 499 1997 quae
532 1957 670 1983 errare
703 1944 929 1983 dicuntur?
971 1944 1055 1981 Nec
1087 1943 1210 1989 haee,
1246 1943 1319 1996 qui
1354 1943 1483 1983 divini
1515 1944 1744 1993 habentur,
1778 1945 1975 1999 profiten-

201 2014 265 2047 tur
296 2021 339 2047 se
372 2020 462 2047 esse
496 2008 695 2053 dicturos,
728 2020 805 2046 nec
837 2019 1004 2051 eorum,
1038 2018 1145 2058 quae
1179 2005 1220 2044 in
1252 2006 1482 2058 geometria
1514 2007 1830 2056 describuntur,
1864 2023 1973 2063 quae

200 2084 318 2116 vera,
351 2082 457 2122 quae
490 2069 592 2108 falsa
624 2069 728 2108 sint:
773 2074 870 2108 sunt
902 2068 1012 2108 enim
1046 2081 1095 2107 ea
1127 2067 1543 2116 mathematicorum,
1586 2083 1671 2109 non
1702 2071 2024 2112 hariolorum.3o

314 2133 379 2171 [V.
412 2133 470 2171 De
502 2132 584 2171 illis
617 2145 713 2170 vero
746 2131 884 2177 rebus,
917 2131 1089 2183 quaein
1113 2129 1379 2184 philosophia
1402 2138 1639 2179 versantur,
1668 2147 1765 2173 num
1788 2134 1888 2186 quid
1912 2141 1975 2174 est

201 2196 315 2249 quod
349 2194 572 2247 quisquam
605 2193 840 2232 divinorum
883 2200 955 2232 aut
987 2194 1242 2245 respondere
1275 2193 1409 2232 soleat
1449 2200 1521 2233 aut
1552 2196 1735 2243 consuli,
1768 2197 1869 2249 quid
1902 2197 1974 2237 bo-

201 2271 299 2297 num
333 2258 398 2303 sit,
431 2257 530 2309 quid
564 2256 732 2302 malum,
766 2255 866 2308 quid
900 2257 1124 2294 neutrum?
1172 2256 1278 2294 Sunt
1309 2255 1419 2294 enim
1451 2256 1554 2296 haee
1587 2259 1756 2310 proprIa
1787 2260 1975 2312 philoso-

203 2321 392 2373 phorum.
460 2316 518 2357 ll.
551 2318 691 2365 Quid?
724 2318 775 2356 de
808 2317 946 2357 officio
980 2332 1077 2356 num
1111 2319 1206 2370 quis
1238 2318 1503 2370 haruspicem
1536 2321 1737 2368 consulit,
1770 2336 1897 2375 quem
1921 2323 1972 2362 ad

203 2382 372 2421 modum
406 2383 457 2421 sit
490 2394 577 2420 cum
614 2381 868 2434 parentibus,
901 2394 993 2419 cun]
1028 2381 1245 2428 fratribus,
1276 2396 1368 2421 cum
1391 2383 1535 2422 amicis
1561 2384 1815 2424 vivendum?
1849 2400 1973 2439 quem
1988 2397 2024 2425 35

202 2444 253 2484 ad
277 2444 445 2483 modum
471 2442 670 2482 utendum
692 2444 901 2495 pecunia?
944 2456 1067 2496 quem
1091 2444 1142 2483 ad
1167 2443 1333 2483 modum
1358 2445 1548 2484 honore?
1587 2459 1708 2499 quem
1732 2447 1782 2487 ad
1804 2448 1974 2488 modum

203 2507 405 2559 imperio?
468 2505 531 2544 Ad
573 2506 783 2558 sapientes
824 2506 955 2552 haec,
1003 2520 1087 2545 non
1128 2506 1180 2546 ad
1221 2506 1387 2546 divinos
1430 2507 1574 2547 referri
1616 2509 1766 2549 solent.
1831 2510 1973 2558 Quid?

204 2582 311 2623 quae
342 2582 364 2608 a
397 2568 624 2608 dialecticis
655 2574 726 2608 aut
757 2581 781 2608 a
817 2568 1003 2621 physicis
1043 2574 1299 2617 tractantur,
1340 2583 1438 2609 num
1471 2571 1572 2624 quid
1613 2584 1757 2612 eorum
1796 2573 1975 2613 divinari

290 2736 320 2767 Ξ.
346 2737 481 2766 uocauit
506 2736 532 2767 H
560 2753 593 2757 —
622 2745 706 2767 nunc
732 2745 807 2776 sup,
828 2736 884 2767 lin.
907 2737 929 2767 B
959 2755 994 2759 —
1021 2738 1051 2769 5.
1080 2737 1159 2775 lum]
1185 2746 1262 2768 cum
1288 2737 1313 2768 H
1342 2754 1377 2759 —
1404 2737 1434 2768 6.
1460 2737 1545 2775 lycio
1570 2738 1647 2769 AV:
1680 2738 1755 2770 licio
1780 2740 1861 2779 BII,
1887 2741 1977 2780 lyceo

205 2785 229 2818 O
256 2789 291 2817 ut
316 2788 346 2818 in
372 2786 468 2818 libris
493 2787 662 2828 scriptum
688 2788 697 2818 1
725 2788 742 2823 ξ
761 2788 779 2819 8
814 2806 856 2810 —
890 2789 920 2819 8.
947 2787 989 2826 es]
1015 2791 1061 2818 est
1092 2788 1119 2818 Η
1158 2805 1192 2809 -
1231 2788 1279 2817 leis
1307 2788 1330 2818 C
1364 2804 1397 2807 —
1438 2788 1489 2817 110.
1515 2791 1550 2818 ut
1575 2796 1643 2818 om.
1666 2788 1690 2819 H
1726 2805 1760 2810 —
1801 2790 1852 2821 411.
1880 2791 1976 2831 quod]

205 2837 283 2875 quid
308 2837 333 2866 H
362 2854 396 2858 —
424 2837 476 2867 43.
504 2846 648 2876 quarum
672 2847 783 2868 rerum
807 2835 846 2869 §.¹
867 2855 901 2860 —
932 2838 982 2869 16.
1006 2837 1268 2876 praemonitione
1293 2836 1431 2874 salisb,
1456 2838 1671 2876 praenotione
1695 2840 1919 2872 Camerarius
1936 2859 1979 2864 —-

207 2886 257 2917 117.
284 2890 342 2916 aut
366 2896 443 2917 num
466 2889 572 2918 nescio
597 2889 651 2926 qui
679 2889 724 2918 (Ξῖ
764 2892 821 2919 aul
847 2897 965 2919 numne
989 2889 1053 2918 scio
1079 2889 1134 2926 qui
1165 2886 1352 2918 Muellerus
1385 2888 1416 2917 in
1448 2896 1563 2927 progr.
1597 2888 1802 2929 Bromberg.
1835 2900 1864 2921 a.
1893 2891 1977 2922 4843

206 2944 239 2976 p.
259 2936 299 2973 4,
338 2940 371 2966 al
395 2938 501 2968 'nescio
527 2939 581 2976 qui
611 2939 807 2974 sturmius,
844 2941 881 2968 ut
904 2938 1009 2968 nescio
1034 2938 1091 2976 qui
1121 2937 1318 2968 scheller-us
1344 2938 1390 2974 Ο,
1430 2937 1526 2968 sort.:
1565 2942 1624 2968 aut
1656 2948 1734 2969 num
1765 2940 1818 2970 ille
1848 2941 1979 2971 divinus

206 2988 311 3018 nescio
334 2987 411 3026 qui:
447 2987 490 3017 cf.
519 2987 588 3017 (lic.
616 2988 719 3018 Acad.
748 2988 786 3025 11,
815 2988 885 3027 §81
927 3006 960 3009 —
1001 2988 1052 3018 48.
1078 2988 1240 3018 uarilalcs
1266 2988 1291 3017 ΙΙ
1325 3004 1357 3008 -
1400 2987 1450 3017 20.
1475 2987 1706 3027 percipiuntur
1728 2989 1852 3022 Salisb.
1883 3008 1917 3012 —
1950 2991 1978 3021 is

207 3036 289 3072 ΑΗ,
316 3036 364 3066 his
389 3037 431 3073 B,
456 3037 517 3067 hiis
540 3037 567 3066 V
594 3054 628 3058 —
668 3037 718 3067 23.
745 3038 793 3067 uli
817 3046 894 3077 sup.
922 3036 980 3067 lin.
1009 3038 1031 3067 B
1060 3054 1093 3059 —
1133 3038 1186 3069 224.
1214 3038 1413 3075 reliquisque
1436 3036 1579 3068 rentibus
1603 3038 1628 3068 Η
1662 3055 1696 3060 -
1738 3039 1789 3071 ⁵26.
1815 3041 1858 3071 sic
1879 3044 1979 3072 antus

207 3083 298 3116 A¹V²
326 3104 357 3108 -
385 3087 438 3117 Ἦ.
464 3086 581 3117 habeat
605 3088 628 3117 A
640 3084 785 3117 ss¹1i¹V1
818 3086 959 3117 habeant
983 3087 1022 3116 13²
1037 3087 1115 3117 [⁷1²0
1146 3105 1177 3108 -
1216 3087 1268 3117 29.
1296 3095 1357 3125 que
1380 3087 1413 3117 in
1437 3087 1654 3126 yeometriam
1679 3087 1727 3126 3¹,
1761 3091 1818 3127 qui
1842 3091 1875 3120 in
1898 3099 1978 3130 geo—-

206 3136 325 3166 metria
348 3134 386 3167 13²¹
412 3154 446 3157 —
481 3136 532 3167 30.
559 3136 608 3177 ea]
636 3146 652 3168 e
676 3137 711 3167 ss¹
739 3153 771 3158 —
812 3136 864 3167 31¹.
892 3145 970 3166 num
994 3137 1125 3175 quidem
1149 3137 1234 3175 quod
1260 3137 1284 3166 Η
1323 3153 1355 3157 -
1393 3135 1446 3166 36.
1472 3137 1630 3167 ulendum
1649 3138 1791 3176 pecunia
1817 3141 1977 3178 quemad-

206 3185 338 3215 modum
363 3185 394 3215 in
420 3194 526 3225 marg.
553 3185 633 3216 add.
662 3186 684 3216 B
713 3201 746 3207 —
785 3186 823 3217 37
863 3186 906 3216 ad
931 3187 1010 3216 ante
1035 3187 1196 3225 sapientes
1220 3194 1294 3226 sup.
1325 3184 1380 3216 lin.
1408 3186 1431 3216 B
1465 3203 1499 3208 —-
1538 3186 1590 3218 38.
1617 3191 1677 3218 auc
1697 3188 1789 3227 phys.
1818 3190 1976 3221 Davisius

209 3233 234 3264 O
261 3251 294 3254 —
331 3242 409 3265 num
434 3235 510 3273 quid
535 3244 649 3266 eorum
672 3237 698 3265 A
710 3235 754 3265 H:
795 3244 872 3265 raum
897 3244 1009 3265 eorum
1032 3244 1136 3276 supra
1164 3234 1221 3267 lin.
1249 3235 1366 3266 addito
1398 3236 1472 3274 quis
1494 3237 1538 3275 B,
1574 3246 1654 3268 num
1678 3247 1751 3277 ques
1774 3239 1910 3270 deorum
1935 3239 1973 3279 V,

208 3291 286 3313 num
309 3284 380 3322 quis
402 3292 517 3315 eorum
541 3285 565 3316 Ο
594 3301 627 3307 -
656 3285 810 3316 diuinare
835 3285 920 3316 ΨΟ.
