2249 3624
656 179 772 220 PAR.
797 179 826 221 1.
860 178 955 220 CAP.
980 179 1049 219 111.
1081 177 1108 231 ς
1132 176 1176 218 Μ
1201 179 1385 218 -pi-uz.
1408 179 1458 218 n.
1489 176 1517 231 g
1542 176 1606 219 ⁴7.
1924 176 2005 219 747

252 287 349 328 dum
380 285 461 326 nisi
493 285 603 338 quod
632 283 840 325 laudabile
864 290 973 326 esset
994 291 1033 325 et
1054 285 1310 339 praeclarum
1333 284 1569 325 videretur?
1629 287 1699 325 111.
1732 283 1796 326 43.
1829 287 2009 326 Veniant

249 351 378 403 igitur
406 349 475 388 isti
507 348 704 388 inrisores
744 349 866 388 huius
899 350 1102 388 orationis
1133 362 1179 388 ac
1212 350 1467 395 sententiae,
1509 355 1547 388 et
1580 350 1658 388 iam
1692 349 1755 388 vel
1788 349 1867 401 ipsi
1901 348 2008 388 iudi-

249 418 357 458 cent,
388 417 526 451 uti-um
558 424 601 449 se
634 410 783 450 horum
816 411 1015 457 alicuius,
1048 411 1115 464 qui
1149 412 1390 450 marmoreis
1424 412 1541 450 tectis
1573 412 1696 450 ebore
1729 417 1767 451 et
1798 425 1898 451 auro
1931 411 2009 450 fula

248 474 454 527 gentibus,
487 473 558 526 qni
590 473 734 523 signis,
766 473 836 524 qui
870 473 1036 519 tabulis,
1071 472 1142 525 qui
1176 472 1332 512 caelato
1367 487 1467 512 auro
1499 479 1538 511 et
1559 479 1744 524 argento,
1769 475 1839 525 qui
1863 473 2009 513 Corin—

248 536 346 576 thiis
377 535 573 588 operibus
605 536 839 581 abundant,
880 548 931 574 an
966 535 1007 574 C.
1040 535 1236 582 Fabricii,
1282 536 1353 587 qui
1386 535 1486 574 nibil
1519 536 1663 575 habuit
1695 549 1863 582 eorum,
1905 535 2044 574 nihils

247 597 400 637 habere
441 597 596 644 voluit,
638 598 796 637 similes
838 598 1011 637 malint?
1085 595 1150 636 M..
1193 601 1329 650 Atque
1372 599 1471 637 baec
1511 599 1704 651 quidem,
1747 611 1854 650 quae
1886 597 2009 637 modo

247 659 353 707 huc,
393 659 516 699 modo
548 661 648 700 illuc
681 660 1007 707 transferuntur,
1050 661 1170 700 sai-ile
1209 661 1360 700 adduci
1404 662 1538 700 solent
1580 667 1623 700 ut
1665 662 1702 700 in
1735 660 1855 700 bonis
1887 660 2010 699 rebus

249 735 339 763 esse
371 728 546 774 negent:
592 722 693 762 illud
732 729 817 762 arte
858 728 998 762 tenent
1029 729 1306 775 accurateque
1339 724 1588 770 defendunt,
1632 724 1887 775 voluptatem
1919 734 2010 761 esse

248 799 456 825 summum
487 786 657 825 bonum.
719 786 837 834 Quae
877 786 1045 839 quidem
1088 786 1188 824 mibi
1222 800 1303 825 vox
1337 786 1544 838 pecudum
1580 786 1742 825 videtur
1773 799 1886 832 esse,
1927 799 2008 824 non

248 848 478 888 hominum.
539 850 623 895 Tu,
667 862 758 888 cum
802 848 874 888 tibi
917 848 1004 887 sive
1047 847 1150 887 deus
1189 849 1275 887 sive
1318 855 1469 895 mater,
1512 854 1554 887 ut
1586 849 1640 887 ita
1672 848 1829 893 dicam,
1871 852 2060 887 rerum⁴0

250 911 436 950 omnium
467 916 617 951 natura
649 911 810 950 dederit
840 912 1046 958 animum,
1088 923 1170 962 quo
1203 910 1305 949 nihil
1338 917 1399 950 est
1430 911 1708 963 praestantius
1740 924 1877 964 neque
1909 911 2013 950 divi-

249 974 367 1020 nius,
404 974 463 1014 sic
495 980 534 1014 te
566 974 656 1026 ipse
688 974 843 1013 abicies
875 978 1001 1026 atque
1035 979 1293 1026 prosternes,
1326 979 1371 1011 ut
1403 973 1505 1011 nihil
1539 973 1647 1012 inter
1679 979 1717 1012 te
1749 980 1874 1026 atque
1905 974 2013 1012 inter

250 1035 551 1089 quadripedem
582 1037 765 1089 aliquam
798 1042 918 1088 putes
950 1036 1180 1074 interesse?
1221 1035 1454 1088 Quicquam
1489 1033 1642 1074 bonum
1675 1042 1748 1082 est,
1782 1036 1894 1088 quod
1927 1049 2011 1074 non

250 1112 359 1145 eum,
390 1098 461 1151 qui
494 1099 534 1138 id
566 1099 773 1151 possidet,
805 1098 1018 1138 meliorem
1051 1097 1174 1137 facit?
1236 1095 1303 1139 ¹15.
1343 1099 1390 1137 Ut
1412 1098 1521 1137 enim
1545 1103 1606 1137 est
1628 1099 1807 1151 quisque
1831 1097 2012 1136 maxime

248 1159 347 1200 boni
379 1161 608 1214 particeps,
649 1162 704 1201 ita
737 1167 798 1200 est
829 1161 1050 1200 laudabilis
1083 1160 1284 1207 maxime,
1326 1174 1465 1214 neque
1498 1166 1559 1200 est
1590 1161 1719 1200 ullum
1752 1162 1927 1207 bonum,
1961 1160 2011 1198 de
2030 1165 2063 1193 ⁴5

251 1236 335 1276 quo
368 1236 452 1263 non
483 1225 539 1272 is,
582 1225 654 1277 qui
697 1224 738 1263 id
780 1224 952 1271 habeat,
994 1223 1169 1262 honeste
1213 1223 1346 1275 possit
1386 1222 1571 1275 gloriari.
1635 1223 1745 1270 Quid
1777 1229 1915 1262 autem
1951 1229 2013 1262 est

247 1287 397 1326 horum
436 1287 477 1326 in
520 1287 760 1340 voluptate?
819 1287 1090 1327 Melioremne
1133 1284 1260 1324 efficit
1301 1290 1371 1324 aut
1403 1285 1718 1324 laudabiliorem
1752 1287 1913 1326 virum?
1961 1298 2012 1325 an

250 1349 474 1402 quisquam
507 1349 549 1388 in
583 1350 794 1402 potiendis
825 1349 1109 1402 voluptatibus
1142 1348 1359 1401 gloriando
1391 1362 1434 1388 se
1458 1355 1497 1388 et
1520 1348 1829 1402 praedicatione
1855 1348 2012 1388 ecfert?

248 1412 374 1464 Atqui
414 1412 447 1451 si
486 1412 708 1465 voluptas,
749 1424 855 1465 quae
898 1412 1173 1465 plurimorum
1214 1412 1454 1464 patrociniis
1495 1411 1757 1459 defenditur,
1805 1412 1847 1450 in
1887 1411 2011 1450 rebus

249 1474 370 1514 bonis
400 1474 595 1515 habenda
626 1489 708 1515 non
741 1481 816 1523 est,
850 1488 983 1528 eaque
1016 1488 1099 1528 quo
1132 1480 1194 1513 est
1224 1475 1367 1521 maior,
1401 1488 1450 1514 eo
1484 1474 1613 1526 magis
1646 1480 1824 1513 mentem
1857 1487 1908 1512 ex
1939 1477 2063 1512 sua20

251 1537 350 1577 sede
389 1542 430 1577 et
470 1542 577 1578 statu
619 1537 835 1585 demovet,
876 1537 1062 1591 profecto
1104 1537 1207 1576 nihil
1249 1542 1312 1577 est
1353 1537 1466 1578 aliud
1506 1537 1612 1576 bene
1653 1542 1692 1576 et
1722 1537 1842 1576 beate
1875 1536 2013 1576 vivere

251 1599 333 1640 nisi
363 1599 540 1641 honeste
573 1606 613 1641 et
641 1606 753 1641 recte
784 1602 935 1641 vivere.

1002 1741 1266 1750 ,ηρ-...Ἦ

825 1858 1317 1900 PARADOXON
1375 1861 1439 1899 ΙΙ.

408 1951 507 1994 ’Ότι
538 1951 752 2007 αὐτάρκης
782 1954 804 2002 ἡ
837 1953 966 2008 ἀρετή
1000 1953 1107 2006 πρὸς
1138 1955 1433 2006 εὔδαιμονίαν.

420 2019 482 2074 [In
514 2032 598 2075 quo
630 2022 760 2062 virtus
791 2023 862 2069 sit,
895 2023 932 2062 ei
965 2023 1067 2063 nihil
1100 2024 1246 2063 deesse
1278 2024 1328 2063 ad
1361 2024 1479 2063 beate
1511 2020 1767 2076 vivendum]
2027 2018 2063 2046 ‘25

362 2099 427 2141 46.
468 2103 553 2142 Nec
584 2116 682 2142 vero
714 2116 790 2155 ego
821 2104 874 2143 M.
898 2104 1103 2156 Regulum
1145 2118 1439 2144 aerumnosum
1482 2118 1559 2143 nec
1590 2104 1799 2144 infelicem
1830 2117 1908 2143 nec
1939 2105 2014 2143 mi-

249 2179 387 2206 serum
428 2179 626 2218 umquam
667 2166 824 2218 putavi.
894 2168 985 2206 Non
1026 2167 1135 2206 enim
1176 2168 1419 2219 magnitudo
1461 2166 1587 2206 animi
1629 2167 1893 2206 cruciabatur
1924 2167 2013 2206 eius

250 2240 274 2267 a
305 2226 479 2275 Poenis,
511 2241 595 2266 non
627 2229 828 2281 gravitas,
861 2242 945 2268 non
979 2227 1094 2276 tides,
1126 2242 1211 2268 nou
1244 2230 1487 2277 constantia,
1520 2243 1604 2268 non
1636 2229 1721 2268 ulla
1753 2229 1897 2276 virtus,
1928 2242 2013 2268 non

251 2289 432 2343 denique
463 2291 627 2330 animus
658 2290 762 2344 ipse,
793 2290 862 2344 qui
897 2296 957 2330 tot
988 2293 1184 2331 virtutum
1217 2292 1427 2344 praesidio
1452 2298 1653 2344 tantoque
1677 2292 1896 2337 comitatu,
1919 2305 2011 2330 cum

250 2365 403 2405 corpus
444 2353 533 2393 eius
574 2360 813 2406 caperetur,
858 2355 949 2407 capi
992 2360 1101 2394 certe
1144 2355 1233 2407 ipse
1276 2368 1357 2393 non
1400 2356 1546 2407 potuit.
1617 2354 1660 2393 C.
1698 2368 1796 2393 vero
1837 2355 2010 2394 Marium
2027 2367 2063 2394 30

248 2415 450 2463 vidimus,
483 2417 554 2469 qui
586 2415 685 2455 mihi
718 2416 908 2456 secundis
940 2417 1064 2457 rebus
1097 2431 1203 2457 unus
1236 2431 1288 2456 ex
1320 2417 1542 2457 fortunatis
1574 2417 1836 2463 hominibus,
1868 2417 2014 2456 adver-

250 2478 306 2517 sis
337 2490 445 2517 unus
478 2491 531 2518 ex
563 2478 734 2518 summis
766 2479 866 2518 viris
898 2479 1132 2527 videbatur,
1165 2494 1246 2532 quo
1280 2480 1438 2519 beatius
1472 2494 1561 2519 esse
1594 2480 1757 2519 mortali
1789 2480 1893 2519 nibil
1925 2485 2013 2533 pot-

249 2544 325 2579 est.
393 2536 459 2579 47.
504 2540 673 2587 Nescis,
715 2541 887 2589 insane,
928 2542 1087 2589 nescis,
1130 2548 1306 2595 quantas
1340 2542 1449 2580 vires
1481 2542 1610 2581 virtus
1643 2542 1812 2588 liabeat3
1859 2555 2012 2581 nomen

248 2606 409 2640 tantum
451 2602 614 2642 virtutis
653 2616 850 2656 usurpaS,
894 2605 994 2657 quid
1035 2605 1126 2657 ipsa
1168 2605 1303 2644 valeat
1344 2605 1521 2654 ignoras.
1591 2606 1720 2643 Nemo
1762 2611 1899 2657 potest
1929 2619 2012 2644 non

248 2662 516 2704 beatissimus
549 2678 654 2713 esse,
688 2667 760 2719 qui
793 2672 855 2705 est
885 2672 997 2706 totus
1030 2673 1151 2719 aptus
1185 2680 1236 2706 ex
1269 2680 1359 2706 sese
1389 2667 1543 2720 quique
1567 2667 1607 2705 in
1631 2680 1673 2705 se
1696 2680 1778 2705 uno
1801 2680 1873 2706 sua
1896 2668 2012 2720 ponit

336 2806 366 2836 4.
392 2806 524 2837 uidetur
548 2806 586 2844 C,
611 2807 781 2838 uideretur
805 2805 846 2837 W
873 2824 905 2829 —-
934 2809 965 2839 2.
986 2809 1151 2839 orationes
1168 2807 1203 2839 B¹
1232 2825 1266 2830 —
1293 2809 1392 2839 eliam
1418 2808 1441 2838 C
1470 2825 1503 2828 —
1532 2807 1562 2838 3.
1589 2807 1708 2839 (zebora
1736 2807 1771 2838 13¹
1799 2825 1832 2831 *
1860 2807 1890 2839 4.
1911 2810 2013 2840 celato

248 2855 276 2886 V
304 2873 338 2878 -
364 2855 556 2886 chorinthiis
579 2859 603 2887 A
644 2874 678 2879 —
717 2858 748 2887 5.
775 2857 888 2895 opibus
912 2858 954 2887 v.»
978 2866 1054 2898 sup.
1082 2857 1139 2888 lin.
1171 2876 1204 2880 —
1244 2866 1357 2888 eorum
1381 2857 1492 2886 habui!
1517 2857 1541 2885 0
1581 2872 1614 2879 -
1655 2858 1685 2886 o.
1712 2858 1738 2887 si
1762 2857 1881 2889 similes
1905 2858 1956 2896 W,
1982 2867 2014 2889 se

249 2905 368 2936 similes
392 2906 454 2937 ΑΒ
471 2906 529 2941 V2;
555 2906 676 2936 similes
699 2915 764 2937 esse
788 2907 812 2936 O
853 2924 886 2928 —
926 2907 957 2937 7.
982 2907 1084 2945 sacele
1108 2906 1147 2938 Α1
1175 2924 1207 2928 -
1245 2908 1275 2937 in
1300 2907 1395 2937 rebus
1419 2906 1509 2936 bonis
1533 2906 1557 2935 O
1586 2924 1619 2928 —
1647 2908 1677 2937 8,
1706 2914 1777 2937 arte
1801 2910 1842 2938 A:
1870 2917 1946 2939 arce
1970 2909 2010 2945 V,

250 2959 341 2986 arcte
364 2956 427 2986 ΒΟ
452 2973 487 2977 -
515 2956 703 2993 acriterque
727 2957 816 2987 coni.
845 2957 978 2993 Moser3
1005 2961 1183 2997 cut-alequa
1207 2958 1324 2988 nescio
1351 2958 1428 2996 quis
1459 2973 1493 2977 —
1531 2956 1582 2986 ⁴0.
1610 2960 1645 2986 lu
1668 2957 1720 2986 cui
1745 2957 1801 2988 tibi
1828 2957 1865 2987 V¹
1895 2976 1928 2981 -
1957 2959 2009 2988 ll.

251 3005 395 3035 dederint
419 3005 446 3034 V
469 3022 511 3026 —
534 3014 637 3044 neque
661 3005 684 3035 B
710 3014 786 3045 sup.
814 3004 870 3036 lin.
903 3023 934 3027 -
964 3006 1014 3037 4⁴2.
1042 3010 1140 3045 atque
1164 3007 1248 3037 iuter
1272 3008 1312 3037 tl:
1341 3009 1440 3045 atque
1464 3006 1489 3035 O
1513 3023 1554 3027 ——
1589 3005 1639 3036 43.
1667 3007 1899 3045 quadripedem
1923 3008 2009 3038 AV¹z

252 3055 477 3094 quatripedem
500 3053 549 3093 B¹‚
576 3055 821 3094 quadrupedem
845 3054 883 3086 Β2
897 3055 974 3086 V2O
1001 3072 1036 3077 ·—
1065 3057 1241 3095 quicquam
1266 3057 1309 3086 tl:
1337 3056 1559 3095 quidquamne
1584 3056 1625 3091 O,
1652 3063 1684 3085 v,
1713 3057 1820 3086 lleine
1847 3058 1877 3087 in
1899 3056 2011 3087 Philo-

251 3103 341 3143 logo,
367 3104 406 3142 X,
427 3104 499 3135 448.
530 3122 564 3126 —
602 3104 654 3136 ⁴4.
682 3105 737 3144 qui
761 3105 794 3135 id
823 3105 887 3136 ΑΒ
912 3114 1002 3136 corr.
1030 3115 1069 3136 ex
1096 3107 1175 3146 quid
1201 3123 1233 3127 —
1263 3106 1397 3143 quisque
1421 3108 1465 3135 es!
1491 3106 1514 3134 O
1551 3121 1585 3125 —
1626 3105 1676 3135 45.
1702 3106 1751 3135 ila
1775 3108 1820 3136 esc
1843 3106 1886 3135 B:
1913 3106 1958 3135 ita
1984 3108 2013 3135 et

252 3153 328 3190 AV,
354 3154 402 3184 ica
424 3154 524 3185 etiam
548 3155 572 3185 O
599 3171 634 3176 —
664 3155 715 3185 46.
742 3155 792 3185 his
816 3157 839 3186 Α
869 3173 903 3178 -
932 3156 1010 3194 quid
1033 3156 1067 3186 id
1091 3155 1142 3194 Αἱ,
1170 3156 1247 3194 quid
1272 3154 1308 3186 13¹
1336 3171 1368 3176 -
1399 3154 1450 3184 ⁴8.
1474 3154 1641 3192 potiundis
1665 3154 1743 3186 ΨΟ
1771 3172 1804 3176 -
1832 3163 1896 3185 sese
1922 3156 1945 3183 O
1974 3171 2008 3175 —

248 3202 476 3241 praedicando
500 3203 542 3234 V2
573 3221 615 3226 —
651 3204 701 3235 49.
729 3205 831 3244 adqui
861 3203 898 3235 Β1
937 3223 971 3228 -
1009 3206 1063 3237 20.
1091 3215 1106 3236 e
1128 3214 1188 3235 sua
1222 3205 1246 3235 O
1287 3221 1318 3225 —
1356 3204 1409 3234 ΕΗ.
1437 3204 1577 3234 divique!
1601 3204 1641 3235 A2
1655 3204 1691 3234 132¹
1727 3222 1762 3226 —
1800 3204 1852 3235 ⁶24.
1878 3205 1908 3234 II
1931 3206 2009 3234 ante

252 3251 389 3283 APETH
417 3254 451 3283 in
474 3255 500 3284 Α
525 3261 600 3294 sup.
628 3252 685 3285 lin.
714 3271 748 3276 —
781 3254 834 3285 27.
860 3255 928 3286 eius
950 3255 1164 3286 cruciabatur
1189 3251 1263 3285 13²0
1302 3272 1335 3276 —
1373 3254 1425 3284 ⁶28.
1453 3263 1474 3283 a
1492 3254 1609 3292 paenis
1632 3254 1656 3285 B
1693 3271 1727 3276 —
1766 3253 1817 3285 29.
1842 3253 2011 3292 praesidio

253 3301 399 3333 munitus
421 3300 550 3344 aliquot
573 3303 678 3336 codd.
704 3303 789 3336 dett.
819 3321 852 3326 —
881 3304 933 3336 34.
958 3305 1230 3345 fortunatissimis
1253 3303 1354 3346 pauci
1379 3303 1584 3335 deteriores.
