<?xml version="1.0" encoding="UTF-8"?>
<!DOCTYPE html PUBLIC "-//W3C//DTD XHTML 1.0 Transitional//EN"
    "http://www.w3.org/TR/xhtml1/DTD/xhtml1-transitional.dtd">
<html xmlns="http://www.w3.org/1999/xhtml" xml:lang="en" lang="en">
 <head>
  <title>
</title>
<meta http-equiv="Content-Type" content="text/html;charset=utf-8" />
  <meta name='ocr-system' content='tesseract 3.04.00' />
  <meta name='ocr-capabilities' content='ocr_page ocr_carea ocr_par ocr_line ocrx_word'/>
</head>
<body>
  <div class='ocr_page' id='page_1' title='image "./operaquaesupersu04ciceuoft_0346.png"; bbox 0 0 2249 3624; ppageno 0'>
   <div class='ocr_carea' id='block_1_1' title="bbox 349 163 1683 205">
    <p class='ocr_par' dir='ltr' id='par_1_1' title="bbox 349 163 1683 205">
     <span class='ocr_line' id='line_1_1' title="bbox 349 163 1683 205; baseline -0.001 0"><span class='ocrx_word' id='word_1_1' title='bbox 349 164 430 205; x_wconf 79' lang='lat'><strong>304</strong></span> <span class='ocrx_word' id='word_1_2' title='bbox 782 163 1213 204; x_wconf 86' lang='lat' dir='ltr'><strong>TUSCULANARUM</strong></span> <span class='ocrx_word' id='word_1_3' title='bbox 1243 163 1683 204; x_wconf 88' lang='lat' dir='ltr'><strong>DISPUTATIONUM</strong></span> 
     </span>
    </p>
   </div>
   <div class='ocr_carea' id='block_1_2' title="bbox 285 268 2116 2322">
    <p class='ocr_par' dir='ltr' id='par_1_2' title="bbox 285 268 2116 2322">
     <span class='ocr_line' id='line_1_2' title="bbox 347 268 2113 323; baseline 0.001 -15"><span class='ocrx_word' id='word_1_4' title='bbox 347 273 517 323; x_wconf 87' lang='lat' dir='ltr'><strong>propter</strong></span> <span class='ocrx_word' id='word_1_5' title='bbox 537 272 786 308; x_wconf 87' lang='lat' dir='ltr'><strong>vetustatem</strong></span> <span class='ocrx_word' id='word_1_6' title='bbox 804 300 814 317; x_wconf 89' lang='lat'><strong>,</strong></span> <span class='ocrx_word' id='word_1_7' title='bbox 843 282 961 317; x_wconf 89' lang='lat' dir='ltr'><strong>eum,</strong></span> <span class='ocrx_word' id='word_1_8' title='bbox 993 269 1065 323; x_wconf 92' lang='lat' dir='ltr'><strong>qui</strong></span> <span class='ocrx_word' id='word_1_9' title='bbox 1089 269 1294 323; x_wconf 83' lang='lat' dir='ltr'>sapientia</span> <span class='ocrx_word' id='word_1_10' title='bbox 1317 268 1563 317; x_wconf 84' lang='lat' dir='ltr'><strong>excelleret,</strong></span> <span class='ocrx_word' id='word_1_11' title='bbox 1596 269 1858 323; x_wconf 83' lang='lat' dir='ltr'><strong>Pythagorae</strong></span> <span class='ocrx_word' id='word_1_12' title='bbox 1879 269 2113 309; x_wconf 87' lang='lat' dir='ltr'><strong>auditorem</strong></span> 
     </span>
     <span class='ocr_line' id='line_1_3' title="bbox 349 329 786 371; baseline 0 -1"><span class='ocrx_word' id='word_1_13' title='bbox 349 331 614 371; x_wconf 88' lang='lat' dir='ltr'><strong>crediderunt</strong></span> <span class='ocrx_word' id='word_1_14' title='bbox 643 329 786 370; x_wconf 84' lang='lat' dir='ltr'><strong>fuisse.</strong></span> 
     </span>
     <span class='ocr_line' id='line_1_4' title="bbox 460 393 2113 448; baseline 0.002 -17"><span class='ocrx_word' id='word_1_15' title='bbox 460 393 509 432; x_wconf 93' lang='lat' dir='ltr'><strong>II.</strong></span> <span class='ocrx_word' id='word_1_16' title='bbox 540 394 592 433; x_wconf 87' lang='lat' dir='ltr'><strong>Et</strong></span> <span class='ocrx_word' id='word_1_17' title='bbox 623 393 673 433; x_wconf 92' lang='lat' dir='ltr'><strong>de</strong></span> <span class='ocrx_word' id='word_1_18' title='bbox 706 394 946 434; x_wconf 87' lang='lat' dir='ltr'><strong>coniectura</strong></span> <span class='ocrx_word' id='word_1_19' title='bbox 977 393 1146 448; x_wconf 91' lang='lat' dir='ltr'><strong>quidem</strong></span> <span class='ocrx_word' id='word_1_20' title='bbox 1178 395 1390 433; x_wconf 88' lang='lat' dir='ltr'><strong>hactenus.</strong></span> <span class='ocrx_word' id='word_1_21' title='bbox 1445 393 1631 446; x_wconf 87' lang='lat' dir='ltr'><strong>Vestigia</strong></span> <span class='ocrx_word' id='word_1_22' title='bbox 1661 398 1799 434; x_wconf 86' lang='lat' dir='ltr'><strong>autem</strong></span> <span class='ocrx_word' id='word_1_23' title='bbox 1832 393 2113 448; x_wconf 82' lang='lat' dir='ltr'><strong>Pythagoreo-</strong></span> 
     </span>
     <span class='ocr_line' id='line_1_5' title="bbox 346 456 2113 510; baseline -0.001 -13"><span class='ocrx_word' id='word_1_24' title='bbox 346 471 437 497; x_wconf 88' lang='lat' dir='ltr'><strong>rum</strong></span> <span class='ocrx_word' id='word_1_25' title='bbox 477 469 727 510; x_wconf 86' lang='lat' dir='ltr'><strong>quamquam</strong></span> <span class='ocrx_word' id='word_1_26' title='bbox 769 456 899 496; x_wconf 89' lang='lat' dir='ltr'><strong>multa</strong></span> <span class='ocrx_word' id='word_1_27' title='bbox 938 457 1075 509; x_wconf 86' lang='lat' dir='ltr'><strong>colligi</strong></span> <span class='ocrx_word' id='word_1_28' title='bbox 1106 461 1300 509; x_wconf 90' lang='lat' dir='ltr'><strong>possunt,</strong></span> <span class='ocrx_word' id='word_1_29' title='bbox 1342 456 1484 508; x_wconf 86' lang='lat' dir='ltr'><strong>paucis</strong></span> <span class='ocrx_word' id='word_1_30' title='bbox 1515 462 1654 496; x_wconf 90' lang='lat' dir='ltr'><strong>tamen</strong></span> <span class='ocrx_word' id='word_1_31' title='bbox 1685 462 1870 504; x_wconf 90' lang='lat' dir='ltr'><strong>utemur,</strong></span> <span class='ocrx_word' id='word_1_32' title='bbox 1916 457 2113 510; x_wconf 90' lang='lat' dir='ltr'><strong>quoniam</strong></span> 
     </span>
     <span class='ocr_line' id='line_1_6' title="bbox 315 518 2113 573; baseline 0.001 -17"><span class='ocrx_word' id='word_1_33' title='bbox 315 527 431 559; x_wconf 71' lang='lat' dir='ltr'><strong>bnon</strong></span> <span class='ocrx_word' id='word_1_34' title='bbox 463 518 504 558; x_wconf 92' lang='lat' dir='ltr'><strong>id</strong></span> <span class='ocrx_word' id='word_1_35' title='bbox 536 519 672 572; x_wconf 88' lang='lat' dir='ltr'><strong>agitur</strong></span> <span class='ocrx_word' id='word_1_36' title='bbox 701 518 780 559; x_wconf 90' lang='lat' dir='ltr'><strong>hoc</strong></span> <span class='ocrx_word' id='word_1_37' title='bbox 811 525 1011 573; x_wconf 88' lang='lat' dir='ltr'><strong>tempore.</strong></span> <span class='ocrx_word' id='word_1_38' title='bbox 1058 520 1161 558; x_wconf 92' lang='lat' dir='ltr'><strong>Nam</strong></span> <span class='ocrx_word' id='word_1_39' title='bbox 1194 532 1285 558; x_wconf 88' lang='lat' dir='ltr'><strong>cum</strong></span> <span class='ocrx_word' id='word_1_40' title='bbox 1318 518 1569 558; x_wconf 85' lang='lat' dir='ltr'><strong>carminibus</strong></span> <span class='ocrx_word' id='word_1_41' title='bbox 1592 518 1702 559; x_wconf 92' lang='lat' dir='ltr'><strong>soliti</strong></span> <span class='ocrx_word' id='word_1_42' title='bbox 1725 519 1787 559; x_wconf 91' lang='lat' dir='ltr'><strong>illi</strong></span> <span class='ocrx_word' id='word_1_43' title='bbox 1809 532 1899 559; x_wconf 88' lang='lat' dir='ltr'><strong>esse</strong></span> <span class='ocrx_word' id='word_1_44' title='bbox 1923 519 2113 559; x_wconf 88' lang='lat' dir='ltr'><strong>dicantur</strong></span> 
     </span>
     <span class='ocr_line' id='line_1_7' title="bbox 347 580 2114 635; baseline 0 -13"><span class='ocrx_word' id='word_1_45' title='bbox 347 588 388 622; x_wconf 87' lang='lat' dir='ltr'><strong>et</strong></span> <span class='ocrx_word' id='word_1_46' title='bbox 429 587 649 635; x_wconf 86' lang='lat' dir='ltr'><strong>praecepta</strong></span> <span class='ocrx_word' id='word_1_47' title='bbox 689 581 893 635; x_wconf 89' lang='lat' dir='ltr'><strong>quaedam</strong></span> <span class='ocrx_word' id='word_1_48' title='bbox 935 580 1136 620; x_wconf 81' lang='lat' dir='ltr'><strong>occultius</strong></span> <span class='ocrx_word' id='word_1_49' title='bbox 1178 581 1340 620; x_wconf 85' lang='lat' dir='ltr'><strong>tradere</strong></span> <span class='ocrx_word' id='word_1_50' title='bbox 1372 586 1413 620; x_wconf 89' lang='lat' dir='ltr'><strong>et</strong></span> <span class='ocrx_word' id='word_1_51' title='bbox 1442 587 1600 622; x_wconf 82' lang='lat' dir='ltr'><strong>mentes</strong></span> <span class='ocrx_word' id='word_1_52' title='bbox 1631 594 1727 621; x_wconf 85' lang='lat' dir='ltr'><strong>suas</strong></span> <span class='ocrx_word' id='word_1_53' title='bbox 1758 595 1782 622; x_wconf 90' lang='lat' dir='ltr'><strong>a</strong></span> <span class='ocrx_word' id='word_1_54' title='bbox 1812 582 2114 635; x_wconf 84' lang='lat' dir='ltr'><strong>cogitationum</strong></span> 
     </span>
     <span class='ocr_line' id='line_1_8' title="bbox 345 641 2115 697; baseline -0.001 -12"><span class='ocrx_word' id='word_1_55' title='bbox 345 646 578 685; x_wconf 90' lang='lat' dir='ltr'><strong>intentione</strong></span> <span class='ocrx_word' id='word_1_56' title='bbox 610 650 731 683; x_wconf 90' lang='lat' dir='ltr'><strong>cantu</strong></span> <span class='ocrx_word' id='word_1_57' title='bbox 765 641 1003 696; x_wconf 84' lang='lat' dir='ltr'><strong>fidibusque</strong></span> <span class='ocrx_word' id='word_1_58' title='bbox 1026 642 1078 683; x_wconf 91' lang='lat' dir='ltr'><strong>ad</strong></span> <span class='ocrx_word' id='word_1_59' title='bbox 1100 642 1445 696; x_wconf 84' lang='lat' dir='ltr'><strong>tranquillitatem</strong></span> <span class='ocrx_word' id='word_1_60' title='bbox 1466 643 1706 692; x_wconf 83' lang='lat' dir='ltr'><strong>traducere,</strong></span> <span class='ocrx_word' id='word_1_61' title='bbox 1738 645 2020 697; x_wconf 86' lang='lat' dir='ltr'><strong>gravissumus</strong></span> <span class='ocrx_word' id='word_1_62' title='bbox 2043 658 2115 684; x_wconf 89' lang='lat' dir='ltr'><strong>au-</strong></span> 
     </span>
     <span class='ocr_line' id='line_1_9' title="bbox 346 703 2114 760; baseline -0.001 -12"><span class='ocrx_word' id='word_1_63' title='bbox 346 712 435 748; x_wconf 89' lang='lat' dir='ltr'><strong>ctor</strong></span> <span class='ocrx_word' id='word_1_64' title='bbox 464 708 506 746; x_wconf 91' lang='lat' dir='ltr'><strong>in</strong></span> <span class='ocrx_word' id='word_1_65' title='bbox 539 706 781 759; x_wconf 80' lang='lat' dir='ltr'><strong>Originibus</strong></span> <span class='ocrx_word' id='word_1_66' title='bbox 813 704 917 744; x_wconf 83' lang='lat' dir='ltr'><strong>dixit</strong></span> <span class='ocrx_word' id='word_1_67' title='bbox 948 704 1047 744; x_wconf 87' lang='lat' dir='ltr'><strong>Cato</strong></span> <span class='ocrx_word' id='word_1_68' title='bbox 1079 719 1236 745; x_wconf 90' lang='lat' dir='ltr'><strong>morem</strong></span> <span class='ocrx_word' id='word_1_69' title='bbox 1267 703 1376 758; x_wconf 90' lang='lat' dir='ltr'><strong>apud</strong></span> <span class='ocrx_word' id='word_1_70' title='bbox 1405 705 1580 746; x_wconf 87' lang='lat' dir='ltr'><strong>maiores</strong></span> <span class='ocrx_word' id='word_1_71' title='bbox 1601 705 1712 747; x_wconf 90' lang='lat' dir='ltr'><strong>hunc</strong></span> <span class='ocrx_word' id='word_1_72' title='bbox 1735 706 1950 760; x_wconf 88' lang='lat' dir='ltr'><strong>epularum</strong></span> <span class='ocrx_word' id='word_1_73' title='bbox 1971 707 2114 755; x_wconf 88' lang='lat' dir='ltr'><strong>fuisse,</strong></span> 
     </span>
     <span class='ocr_line' id='line_1_10' title="bbox 345 767 2116 822; baseline -0.002 -11"><span class='ocrx_word' id='word_1_74' title='bbox 345 776 391 811; x_wconf 93' lang='lat' dir='ltr'><strong>ut</strong></span> <span class='ocrx_word' id='word_1_75' title='bbox 421 771 617 822; x_wconf 88' lang='lat' dir='ltr'><strong>deinceps</strong></span> <span class='ocrx_word' id='word_1_76' title='bbox 650 768 722 822; x_wconf 90' lang='lat' dir='ltr'><strong>qui</strong></span> <span class='ocrx_word' id='word_1_77' title='bbox 753 767 1007 808; x_wconf 89' lang='lat' dir='ltr'><strong>accubarent</strong></span> <span class='ocrx_word' id='word_1_78' title='bbox 1037 773 1233 807; x_wconf 89' lang='lat' dir='ltr'><strong>canerent</strong></span> <span class='ocrx_word' id='word_1_79' title='bbox 1263 767 1314 807; x_wconf 92' lang='lat' dir='ltr'><strong>ad</strong></span> <span class='ocrx_word' id='word_1_80' title='bbox 1344 767 1487 807; x_wconf 88' lang='lat' dir='ltr'><strong>tibiam</strong></span> <span class='ocrx_word' id='word_1_81' title='bbox 1521 768 1726 808; x_wconf 89' lang='lat' dir='ltr'><strong>clarorum</strong></span> <span class='ocrx_word' id='word_1_82' title='bbox 1758 769 1939 810; x_wconf 92' lang='lat' dir='ltr'><strong>virorum</strong></span> <span class='ocrx_word' id='word_1_83' title='bbox 1970 768 2116 809; x_wconf 86' lang='lat' dir='ltr'><strong>laudes</strong></span> 
     </span>
     <span class='ocr_line' id='line_1_11' title="bbox 294 830 2115 887; baseline -0.001 -13"><span class='ocrx_word' id='word_1_84' title='bbox 294 845 330 875; x_wconf 81' lang='grc' dir='ltr'><strong>4ο</strong></span> <span class='ocrx_word' id='word_1_85' title='bbox 345 839 470 887; x_wconf 88' lang='lat' dir='ltr'><strong>atque</strong></span> <span class='ocrx_word' id='word_1_86' title='bbox 502 832 697 871; x_wconf 88' lang='lat' dir='ltr'><strong>virtutes:</strong></span> <span class='ocrx_word' id='word_1_87' title='bbox 739 843 792 870; x_wconf 82' lang='lat' dir='ltr'><strong>ex</strong></span> <span class='ocrx_word' id='word_1_88' title='bbox 828 843 910 882; x_wconf 88' lang='lat' dir='ltr'><strong>quo</strong></span> <span class='ocrx_word' id='word_1_89' title='bbox 951 830 1219 883; x_wconf 90' lang='lat' dir='ltr'><strong>perspicuum</strong></span> <span class='ocrx_word' id='word_1_90' title='bbox 1260 834 1324 869; x_wconf 84' lang='lat' dir='ltr'><strong>est</strong></span> <span class='ocrx_word' id='word_1_91' title='bbox 1355 834 1395 869; x_wconf 81' lang='lat' dir='ltr'><strong>et</strong></span> <span class='ocrx_word' id='word_1_92' title='bbox 1425 834 1569 870; x_wconf 84' lang='lat' dir='ltr'><strong>cantus</strong></span> <span class='ocrx_word' id='word_1_93' title='bbox 1601 835 1686 870; x_wconf 93' lang='lat' dir='ltr'><strong>tum</strong></span> <span class='ocrx_word' id='word_1_94' title='bbox 1717 830 1848 871; x_wconf 90' lang='lat' dir='ltr'><strong>fuisse</strong></span> <span class='ocrx_word' id='word_1_95' title='bbox 1880 832 2115 885; x_wconf 89' lang='lat' dir='ltr'><strong>descriptos</strong></span> 
     </span>
     <span class='ocr_line' id='line_1_12' title="bbox 344 889 2116 946; baseline -0.001 -11"><span class='ocrx_word' id='word_1_96' title='bbox 344 909 492 935; x_wconf 86' lang='lat' dir='ltr'><strong>vocum</strong></span> <span class='ocrx_word' id='word_1_97' title='bbox 525 894 637 934; x_wconf 91' lang='lat' dir='ltr'><strong>sonis</strong></span> <span class='ocrx_word' id='word_1_98' title='bbox 670 898 712 933; x_wconf 87' lang='lat' dir='ltr'><strong>et</strong></span> <span class='ocrx_word' id='word_1_99' title='bbox 741 892 940 932; x_wconf 89' lang='lat' dir='ltr'><strong>carmina.</strong></span> <span class='ocrx_word' id='word_1_100' title='bbox 998 889 1036 931; x_wconf 83' lang='lat'><strong>4.</strong></span> <span class='ocrx_word' id='word_1_101' title='bbox 1070 892 1335 946; x_wconf 89' lang='lat' dir='ltr'><strong>Quamquam</strong></span> <span class='ocrx_word' id='word_1_102' title='bbox 1370 891 1412 931; x_wconf 92' lang='lat' dir='ltr'><strong>id</strong></span> <span class='ocrx_word' id='word_1_103' title='bbox 1444 892 1613 946; x_wconf 92' lang='lat' dir='ltr'><strong>quidem</strong></span> <span class='ocrx_word' id='word_1_104' title='bbox 1646 893 1770 934; x_wconf 90' lang='lat' dir='ltr'><strong>etiam</strong></span> <span class='ocrx_word' id='word_1_105' title='bbox 1803 894 2023 933; x_wconf 91' lang='lat' dir='ltr'><strong>duodecim</strong></span> <span class='ocrx_word' id='word_1_106' title='bbox 2054 899 2116 934; x_wconf 84' lang='lat' dir='ltr'><strong>ta-</strong></span> 
     </span>
     <span class='ocr_line' id='line_1_13' title="bbox 343 954 2116 1009; baseline -0.001 -11"><span class='ocrx_word' id='word_1_107' title='bbox 343 958 466 998; x_wconf 90' lang='lat' dir='ltr'><strong>bulae</strong></span> <span class='ocrx_word' id='word_1_108' title='bbox 508 956 741 1002; x_wconf 89' lang='lat' dir='ltr'><strong>declarant,</strong></span> <span class='ocrx_word' id='word_1_109' title='bbox 787 954 912 994; x_wconf 84' lang='lat' dir='ltr'><strong>condi</strong></span> <span class='ocrx_word' id='word_1_110' title='bbox 952 955 1031 994; x_wconf 90' lang='lat' dir='ltr'><strong>iam</strong></span> <span class='ocrx_word' id='word_1_111' title='bbox 1064 959 1151 994; x_wconf 91' lang='lat' dir='ltr'><strong>tum</strong></span> <span class='ocrx_word' id='word_1_112' title='bbox 1183 954 1353 994; x_wconf 90' lang='lat' dir='ltr'><strong>solitum</strong></span> <span class='ocrx_word' id='word_1_113' title='bbox 1386 967 1478 994; x_wconf 88' lang='lat' dir='ltr'><strong>esse</strong></span> <span class='ocrx_word' id='word_1_114' title='bbox 1510 968 1699 1003; x_wconf 87' lang='lat' dir='ltr'><strong>carmen,</strong></span> <span class='ocrx_word' id='word_1_115' title='bbox 1743 956 1857 1009; x_wconf 90' lang='lat' dir='ltr'><strong>quod</strong></span> <span class='ocrx_word' id='word_1_116' title='bbox 1888 970 1940 996; x_wconf 90' lang='lat' dir='ltr'><strong>ne</strong></span> <span class='ocrx_word' id='word_1_117' title='bbox 1972 956 2116 996; x_wconf 88' lang='lat' dir='ltr'><strong>liceret</strong></span> 
     </span>
     <span class='ocr_line' id='line_1_14' title="bbox 341 1016 2115 1070; baseline -0.001 -10"><span class='ocrx_word' id='word_1_118' title='bbox 341 1021 432 1060; x_wconf 86' lang='lat' dir='ltr'><strong>fieri</strong></span> <span class='ocrx_word' id='word_1_119' title='bbox 465 1020 516 1059; x_wconf 88' lang='lat' dir='ltr'><strong>ad</strong></span> <span class='ocrx_word' id='word_1_120' title='bbox 548 1018 718 1059; x_wconf 86' lang='lat' dir='ltr'><strong>alterius</strong></span> <span class='ocrx_word' id='word_1_121' title='bbox 761 1017 976 1065; x_wconf 89' lang='lat' dir='ltr'><strong>iniuriam,</strong></span> <span class='ocrx_word' id='word_1_122' title='bbox 1016 1017 1107 1070; x_wconf 90' lang='lat' dir='ltr'><strong>lege</strong></span> <span class='ocrx_word' id='word_1_123' title='bbox 1139 1021 1380 1057; x_wconf 82' lang='lat' dir='ltr'><strong>sanxerunt.</strong></span> <span class='ocrx_word' id='word_1_124' title='bbox 1430 1018 1514 1057; x_wconf 91' lang='lat' dir='ltr'><strong>Nec</strong></span> <span class='ocrx_word' id='word_1_125' title='bbox 1545 1030 1644 1057; x_wconf 89' lang='lat' dir='ltr'><strong>vero</strong></span> <span class='ocrx_word' id='word_1_126' title='bbox 1680 1016 1781 1057; x_wconf 94' lang='lat' dir='ltr'><strong>illud</strong></span> <span class='ocrx_word' id='word_1_127' title='bbox 1814 1032 1898 1058; x_wconf 89' lang='lat' dir='ltr'><strong>non</strong></span> <span class='ocrx_word' id='word_1_128' title='bbox 1931 1018 2115 1059; x_wconf 89' lang='lat' dir='ltr'><strong>erudito-</strong></span> 
     </span>
     <span class='ocr_line' id='line_1_15' title="bbox 342 1079 2113 1135; baseline -0.001 -13"><span class='ocrx_word' id='word_1_129' title='bbox 342 1097 432 1123; x_wconf 93' lang='lat' dir='ltr'><strong>rum</strong></span> <span class='ocrx_word' id='word_1_130' title='bbox 464 1087 697 1134; x_wconf 89' lang='lat' dir='ltr'><strong>temporum</strong></span> <span class='ocrx_word' id='word_1_131' title='bbox 730 1086 1018 1133; x_wconf 83' lang='lat' dir='ltr'><strong>argumentum</strong></span> <span class='ocrx_word' id='word_1_132' title='bbox 1051 1085 1134 1127; x_wconf 89' lang='lat' dir='ltr'><strong>est,</strong></span> <span class='ocrx_word' id='word_1_133' title='bbox 1167 1079 1277 1133; x_wconf 92' lang='lat' dir='ltr'><strong>quod</strong></span> <span class='ocrx_word' id='word_1_134' title='bbox 1311 1084 1350 1119; x_wconf 88' lang='lat' dir='ltr'><strong>et</strong></span> <span class='ocrx_word' id='word_1_135' title='bbox 1381 1079 1556 1119; x_wconf 90' lang='lat' dir='ltr'><strong>deorum</strong></span> <span class='ocrx_word' id='word_1_136' title='bbox 1587 1080 1874 1133; x_wconf 89' lang='lat' dir='ltr'><strong>pulvinaribus</strong></span> <span class='ocrx_word' id='word_1_137' title='bbox 1907 1086 1948 1121; x_wconf 90' lang='lat' dir='ltr'><strong>et</strong></span> <span class='ocrx_word' id='word_1_138' title='bbox 1978 1081 2113 1135; x_wconf 90' lang='lat' dir='ltr'><strong>epulis</strong></span> 
     </span>
     <span class='ocr_line' id='line_1_16' title="bbox 293 1141 2114 1197; baseline -0.001 -11"><span class='ocrx_word' id='word_1_139' title='bbox 293 1158 327 1186; x_wconf 71' lang='lat'><strong>45</strong></span> <span class='ocrx_word' id='word_1_140' title='bbox 342 1144 659 1197; x_wconf 83' lang='lat' dir='ltr'><strong>magistratuum</strong></span> <span class='ocrx_word' id='word_1_141' title='bbox 690 1143 794 1183; x_wconf 90' lang='lat' dir='ltr'><strong>fides</strong></span> <span class='ocrx_word' id='word_1_142' title='bbox 825 1143 1093 1195; x_wconf 85' lang='lat' dir='ltr'><strong>praecinunt,</strong></span> <span class='ocrx_word' id='word_1_143' title='bbox 1127 1142 1241 1195; x_wconf 90' lang='lat' dir='ltr'><strong>quod</strong></span> <span class='ocrx_word' id='word_1_144' title='bbox 1272 1143 1490 1196; x_wconf 90' lang='lat' dir='ltr'><strong>proprium</strong></span> <span class='ocrx_word' id='word_1_145' title='bbox 1513 1142 1605 1182; x_wconf 90' lang='lat' dir='ltr'><strong>eius</strong></span> <span class='ocrx_word' id='word_1_146' title='bbox 1633 1141 1732 1190; x_wconf 87' lang='lat' dir='ltr'><strong>fuit,</strong></span> <span class='ocrx_word' id='word_1_147' title='bbox 1765 1143 1814 1183; x_wconf 91' lang='lat' dir='ltr'><strong>de</strong></span> <span class='ocrx_word' id='word_1_148' title='bbox 1837 1156 1918 1196; x_wconf 91' lang='lat' dir='ltr'><strong>qua</strong></span> <span class='ocrx_word' id='word_1_149' title='bbox 1949 1143 2114 1197; x_wconf 92' lang='lat' dir='ltr'><strong>loquor,</strong></span> 
     </span>
     <span class='ocr_line' id='line_1_17' title="bbox 343 1204 2114 1260; baseline -0.001 -13"><span class='ocrx_word' id='word_1_150' title='bbox 343 1207 602 1260; x_wconf 88' lang='lat' dir='ltr'><strong>disciplinae.</strong></span> <span class='ocrx_word' id='word_1_151' title='bbox 648 1206 751 1246; x_wconf 85' lang='lat' dir='ltr'><strong>Mihi</strong></span> <span class='ocrx_word' id='word_1_152' title='bbox 784 1206 952 1259; x_wconf 83' lang='lat' dir='ltr'><strong>quidem</strong></span> <span class='ocrx_word' id='word_1_153' title='bbox 985 1206 1108 1245; x_wconf 90' lang='lat' dir='ltr'><strong>etiam</strong></span> <span class='ocrx_word' id='word_1_154' title='bbox 1135 1204 1258 1258; x_wconf 87' lang='lat' dir='ltr'><strong>Appii</strong></span> <span class='ocrx_word' id='word_1_155' title='bbox 1293 1204 1412 1245; x_wconf 89' lang='lat' dir='ltr'><strong>Caeci</strong></span> <span class='ocrx_word' id='word_1_156' title='bbox 1445 1218 1630 1253; x_wconf 90' lang='lat' dir='ltr'><strong>carmen,</strong></span> <span class='ocrx_word' id='word_1_157' title='bbox 1663 1205 1774 1258; x_wconf 91' lang='lat' dir='ltr'><strong>quod</strong></span> <span class='ocrx_word' id='word_1_158' title='bbox 1807 1205 1927 1245; x_wconf 91' lang='lat' dir='ltr'><strong>valde</strong></span> <span class='ocrx_word' id='word_1_159' title='bbox 1958 1207 2114 1246; x_wconf 88' lang='lat' dir='ltr'><strong>Panae-</strong></span> 
     </span>
     <span class='ocr_line' id='line_1_18' title="bbox 341 1267 2114 1322; baseline -0.001 -12"><span class='ocrx_word' id='word_1_160' title='bbox 341 1271 424 1311; x_wconf 90' lang='lat' dir='ltr'><strong>tius</strong></span> <span class='ocrx_word' id='word_1_161' title='bbox 456 1269 596 1309; x_wconf 84' lang='lat' dir='ltr'><strong>laudat</strong></span> <span class='ocrx_word' id='word_1_162' title='bbox 627 1268 807 1322; x_wconf 89' lang='lat' dir='ltr'><strong>epistola</strong></span> <span class='ocrx_word' id='word_1_163' title='bbox 838 1267 1037 1321; x_wconf 89' lang='lat' dir='ltr'><strong>quadam,</strong></span> <span class='ocrx_word' id='word_1_164' title='bbox 1080 1281 1188 1322; x_wconf 91' lang='lat' dir='ltr'><strong>quae</strong></span> <span class='ocrx_word' id='word_1_165' title='bbox 1221 1272 1284 1307; x_wconf 90' lang='lat' dir='ltr'><strong>est</strong></span> <span class='ocrx_word' id='word_1_166' title='bbox 1314 1267 1365 1307; x_wconf 90' lang='lat' dir='ltr'><strong>ad</strong></span> <span class='ocrx_word' id='word_1_167' title='bbox 1399 1267 1448 1316; x_wconf 90' lang='lat' dir='ltr'><strong>Q.</strong></span> <span class='ocrx_word' id='word_1_168' title='bbox 1480 1268 1764 1316; x_wconf 89' lang='lat' dir='ltr'><strong>Tuberonem,</strong></span> <span class='ocrx_word' id='word_1_169' title='bbox 1805 1268 2114 1322; x_wconf 82' lang='lat' dir='ltr'><strong>Pythagoreum</strong></span> 
     </span>
     <span class='ocr_line' id='line_1_19' title="bbox 341 1328 2114 1384; baseline -0.002 -10"><span class='ocrx_word' id='word_1_170' title='bbox 341 1335 521 1374; x_wconf 86' lang='lat' dir='ltr'><strong>videtur.</strong></span> <span class='ocrx_word' id='word_1_171' title='bbox 567 1332 698 1372; x_wconf 85' lang='lat' dir='ltr'><strong>Multa</strong></span> <span class='ocrx_word' id='word_1_172' title='bbox 730 1331 852 1370; x_wconf 88' lang='lat' dir='ltr'><strong>etiam</strong></span> <span class='ocrx_word' id='word_1_173' title='bbox 886 1335 981 1370; x_wconf 87' lang='lat' dir='ltr'><strong>sunt</strong></span> <span class='ocrx_word' id='word_1_174' title='bbox 1011 1331 1054 1370; x_wconf 90' lang='lat' dir='ltr'><strong>in</strong></span> <span class='ocrx_word' id='word_1_175' title='bbox 1087 1330 1240 1370; x_wconf 85' lang='lat' dir='ltr'><strong>nostris</strong></span> <span class='ocrx_word' id='word_1_176' title='bbox 1272 1329 1473 1370; x_wconf 90' lang='lat' dir='ltr'><strong>institutis</strong></span> <span class='ocrx_word' id='word_1_177' title='bbox 1497 1328 1618 1369; x_wconf 86' lang='lat' dir='ltr'><strong>ducta</strong></span> <span class='ocrx_word' id='word_1_178' title='bbox 1644 1331 1694 1370; x_wconf 91' lang='lat' dir='ltr'><strong>ab</strong></span> <span class='ocrx_word' id='word_1_179' title='bbox 1717 1330 1821 1378; x_wconf 92' lang='lat' dir='ltr'><strong>illis,</strong></span> <span class='ocrx_word' id='word_1_180' title='bbox 1854 1344 1962 1384; x_wconf 90' lang='lat' dir='ltr'><strong>quae</strong></span> <span class='ocrx_word' id='word_1_181' title='bbox 1994 1343 2114 1384; x_wconf 90' lang='lat' dir='ltr'><strong>prae-</strong></span> 
     </span>
     <span class='ocr_line' id='line_1_20' title="bbox 340 1392 2112 1447; baseline -0.002 -11"><span class='ocrx_word' id='word_1_182' title='bbox 340 1401 473 1443; x_wconf 88' lang='lat' dir='ltr'><strong>tereo,</strong></span> <span class='ocrx_word' id='word_1_183' title='bbox 505 1408 557 1434; x_wconf 90' lang='lat' dir='ltr'><strong>ne</strong></span> <span class='ocrx_word' id='word_1_184' title='bbox 590 1408 656 1442; x_wconf 91' lang='lat' dir='ltr'><strong>ea,</strong></span> <span class='ocrx_word' id='word_1_185' title='bbox 689 1406 796 1447; x_wconf 90' lang='lat' dir='ltr'><strong>quae</strong></span> <span class='ocrx_word' id='word_1_186' title='bbox 828 1392 1064 1446; x_wconf 82' lang='lat' dir='ltr'><strong>repperisse</strong></span> <span class='ocrx_word' id='word_1_187' title='bbox 1096 1393 1175 1446; x_wconf 88' lang='lat' dir='ltr'><strong>ipsi</strong></span> <span class='ocrx_word' id='word_1_188' title='bbox 1206 1397 1423 1445; x_wconf 89' lang='lat' dir='ltr'><strong>putamur,</strong></span> <span class='ocrx_word' id='word_1_189' title='bbox 1455 1393 1624 1433; x_wconf 88' lang='lat' dir='ltr'><strong>aliunde</strong></span> <span class='ocrx_word' id='word_1_190' title='bbox 1657 1393 1853 1433; x_wconf 89' lang='lat' dir='ltr'><strong>didicisse</strong></span> <span class='ocrx_word' id='word_1_191' title='bbox 1885 1393 2112 1433; x_wconf 88' lang='lat' dir='ltr'><strong>videamur.</strong></span> 
     </span>
     <span class='ocr_line' id='line_1_21' title="bbox 290 1455 2112 1509; baseline -0.003 -10"><span class='ocrx_word' id='word_1_192' title='bbox 290 1471 326 1500; x_wconf 83' lang='lat'><strong>20</strong></span> <span class='ocrx_word' id='word_1_193' title='bbox 340 1458 378 1498; x_wconf 79' lang='lat'><strong>5.</strong></span> <span class='ocrx_word' id='word_1_194' title='bbox 412 1459 492 1498; x_wconf 90' lang='lat' dir='ltr'><strong>Sed</strong></span> <span class='ocrx_word' id='word_1_195' title='bbox 515 1464 560 1497; x_wconf 91' lang='lat' dir='ltr'><strong>ut</strong></span> <span class='ocrx_word' id='word_1_196' title='bbox 582 1457 631 1497; x_wconf 89' lang='lat' dir='ltr'><strong>ad</strong></span> <span class='ocrx_word' id='word_1_197' title='bbox 656 1455 914 1509; x_wconf 86' lang='lat' dir='ltr'><strong>propositum</strong></span> <span class='ocrx_word' id='word_1_198' title='bbox 939 1456 1082 1494; x_wconf 90' lang='lat' dir='ltr'><strong>redeat</strong></span> <span class='ocrx_word' id='word_1_199' title='bbox 1105 1456 1255 1502; x_wconf 89' lang='lat' dir='ltr'><strong>oratio,</strong></span> <span class='ocrx_word' id='word_1_200' title='bbox 1288 1468 1412 1509; x_wconf 89' lang='lat' dir='ltr'><strong>quam</strong></span> <span class='ocrx_word' id='word_1_201' title='bbox 1434 1455 1549 1494; x_wconf 86' lang='lat' dir='ltr'><strong>brevi</strong></span> <span class='ocrx_word' id='word_1_202' title='bbox 1571 1460 1757 1509; x_wconf 90' lang='lat' dir='ltr'><strong>tempore</strong></span> <span class='ocrx_word' id='word_1_203' title='bbox 1780 1461 1884 1509; x_wconf 90' lang='lat' dir='ltr'><strong>quot</strong></span> <span class='ocrx_word' id='word_1_204' title='bbox 1906 1461 1947 1496; x_wconf 87' lang='lat' dir='ltr'><strong>et</strong></span> <span class='ocrx_word' id='word_1_205' title='bbox 1967 1456 2112 1509; x_wconf 91' lang='lat' dir='ltr'><strong>quanti</strong></span> 
     </span>
     <span class='ocr_line' id='line_1_22' title="bbox 339 1517 2112 1576; baseline -0.002 -14"><span class='ocrx_word' id='word_1_206' title='bbox 339 1527 511 1576; x_wconf 69' lang='lat' dir='ltr'><strong>poetae,</strong></span> <span class='ocrx_word' id='word_1_207' title='bbox 545 1521 616 1574; x_wconf 90' lang='lat' dir='ltr'><strong>qui</strong></span> <span class='ocrx_word' id='word_1_208' title='bbox 647 1525 785 1559; x_wconf 88' lang='lat' dir='ltr'><strong>autem</strong></span> <span class='ocrx_word' id='word_1_209' title='bbox 818 1523 1005 1558; x_wconf 89' lang='lat' dir='ltr'><strong>oratores</strong></span> <span class='ocrx_word' id='word_1_210' title='bbox 1038 1517 1288 1558; x_wconf 81' lang='lat' dir='ltr'><strong>extiteruntl</strong></span> <span class='ocrx_word' id='word_1_211' title='bbox 1321 1517 1443 1558; x_wconf 85' lang='lat' dir='ltr'><strong>facile</strong></span> <span class='ocrx_word' id='word_1_212' title='bbox 1475 1523 1521 1558; x_wconf 90' lang='lat' dir='ltr'><strong>ut</strong></span> <span class='ocrx_word' id='word_1_213' title='bbox 1550 1523 1750 1571; x_wconf 89' lang='lat' dir='ltr'><strong>appareat</strong></span> <span class='ocrx_word' id='word_1_214' title='bbox 1779 1523 1946 1558; x_wconf 91' lang='lat' dir='ltr'><strong>nostros</strong></span> <span class='ocrx_word' id='word_1_215' title='bbox 1973 1517 2112 1558; x_wconf 88' lang='lat' dir='ltr'><strong>omnia</strong></span> 
     </span>
     <span class='ocr_line' id='line_1_23' title="bbox 340 1580 1439 1637; baseline -0.005 -12"><span class='ocrx_word' id='word_1_216' title='bbox 340 1583 542 1637; x_wconf 89' lang='lat' dir='ltr'><strong>consequi</strong></span> <span class='ocrx_word' id='word_1_217' title='bbox 574 1582 783 1636; x_wconf 89' lang='lat' dir='ltr'><strong>potuisse,</strong></span> <span class='ocrx_word' id='word_1_218' title='bbox 816 1580 940 1620; x_wconf 87' lang='lat' dir='ltr'><strong>simul</strong></span> <span class='ocrx_word' id='word_1_219' title='bbox 972 1585 1017 1619; x_wconf 89' lang='lat' dir='ltr'><strong>ut</strong></span> <span class='ocrx_word' id='word_1_220' title='bbox 1046 1580 1154 1620; x_wconf 80' lang='lat' dir='ltr'><strong>velle</strong></span> <span class='ocrx_word' id='word_1_221' title='bbox 1187 1580 1439 1632; x_wconf 86' lang='lat' dir='ltr'><strong>coepissent.</strong></span> 
     </span>
     <span class='ocr_line' id='line_1_24' title="bbox 452 1641 2114 1690; baseline -0.002 -5"><span class='ocrx_word' id='word_1_222' title='bbox 452 1647 522 1685; x_wconf 89' lang='lat' dir='ltr'><strong>Ill.</strong></span> <span class='ocrx_word' id='word_1_223' title='bbox 566 1644 646 1684; x_wconf 89' lang='lat' dir='ltr'><strong>Sed</strong></span> <span class='ocrx_word' id='word_1_224' title='bbox 679 1643 730 1683; x_wconf 90' lang='lat' dir='ltr'><strong>de</strong></span> <span class='ocrx_word' id='word_1_225' title='bbox 762 1643 912 1683; x_wconf 86' lang='lat' dir='ltr'><strong>ceteris</strong></span> <span class='ocrx_word' id='word_1_226' title='bbox 944 1642 1092 1682; x_wconf 87' lang='lat' dir='ltr'><strong>studiis</strong></span> <span class='ocrx_word' id='word_1_227' title='bbox 1123 1642 1206 1682; x_wconf 91' lang='lat' dir='ltr'><strong>alio</strong></span> <span class='ocrx_word' id='word_1_228' title='bbox 1240 1643 1332 1682; x_wconf 91' lang='lat' dir='ltr'><strong>loco</strong></span> <span class='ocrx_word' id='word_1_229' title='bbox 1365 1648 1405 1681; x_wconf 91' lang='lat' dir='ltr'><strong>et</strong></span> <span class='ocrx_word' id='word_1_230' title='bbox 1436 1642 1643 1690; x_wconf 90' lang='lat' dir='ltr'><strong>dicemus,</strong></span> <span class='ocrx_word' id='word_1_231' title='bbox 1685 1643 1719 1682; x_wconf 91' lang='lat' dir='ltr'><strong>si</strong></span> <span class='ocrx_word' id='word_1_232' title='bbox 1749 1656 1851 1682; x_wconf 87' lang='lat' dir='ltr'><strong>usus</strong></span> <span class='ocrx_word' id='word_1_233' title='bbox 1881 1641 2026 1688; x_wconf 92' lang='lat' dir='ltr'><strong>fuerit,</strong></span> <span class='ocrx_word' id='word_1_234' title='bbox 2073 1646 2114 1682; x_wconf 84' lang='lat' dir='ltr'><strong>et</strong></span> 
     </span>
     <span class='ocr_line' id='line_1_25' title="bbox 340 1703 2113 1763; baseline -0.004 -13"><span class='ocrx_word' id='word_1_235' title='bbox 340 1722 464 1763; x_wconf 85' lang='lat' dir='ltr'><strong>saepe</strong></span> <span class='ocrx_word' id='word_1_236' title='bbox 498 1708 692 1747; x_wconf 75' lang='lat' dir='ltr'><strong>diximus.</strong></span> <span class='ocrx_word' id='word_1_237' title='bbox 741 1706 978 1758; x_wconf 86' lang='lat' dir='ltr'><strong>Sapientiae</strong></span> <span class='ocrx_word' id='word_1_238' title='bbox 1013 1705 1196 1745; x_wconf 87' lang='lat' dir='ltr'><strong>studium</strong></span> <span class='ocrx_word' id='word_1_239' title='bbox 1228 1710 1347 1744; x_wconf 77' lang='lat' dir='ltr'><strong>vetus</strong></span> <span class='ocrx_word' id='word_1_240' title='bbox 1378 1704 1418 1743; x_wconf 93' lang='lat' dir='ltr'><strong>id</strong></span> <span class='ocrx_word' id='word_1_241' title='bbox 1452 1704 1624 1758; x_wconf 90' lang='lat' dir='ltr'><strong>quidem</strong></span> <span class='ocrx_word' id='word_1_242' title='bbox 1656 1705 1698 1744; x_wconf 93' lang='lat' dir='ltr'><strong>in</strong></span> <span class='ocrx_word' id='word_1_243' title='bbox 1729 1705 1906 1752; x_wconf 87' lang='lat' dir='ltr'><strong>nostris,</strong></span> <span class='ocrx_word' id='word_1_244' title='bbox 1947 1703 2019 1743; x_wconf 87' lang='lat' dir='ltr'><strong>sed</strong></span> <span class='ocrx_word' id='word_1_245' title='bbox 2052 1709 2113 1744; x_wconf 89' lang='lat' dir='ltr'><strong>ta-</strong></span> 
     </span>
     <span class='ocr_line' id='line_1_26' title="bbox 288 1766 2112 1821; baseline -0.004 -8"><span class='ocrx_word' id='word_1_246' title='bbox 288 1784 323 1814; x_wconf 72' lang='grc'><strong>25</strong></span> <span class='ocrx_word' id='word_1_247' title='bbox 339 1786 434 1812; x_wconf 91' lang='lat' dir='ltr'><strong>men</strong></span> <span class='ocrx_word' id='word_1_248' title='bbox 465 1776 559 1811; x_wconf 88' lang='lat' dir='ltr'><strong>ante</strong></span> <span class='ocrx_word' id='word_1_249' title='bbox 592 1769 721 1809; x_wconf 87' lang='lat' dir='ltr'><strong>Laelii</strong></span> <span class='ocrx_word' id='word_1_250' title='bbox 755 1774 930 1808; x_wconf 88' lang='lat' dir='ltr'><strong>aetatem</strong></span> <span class='ocrx_word' id='word_1_251' title='bbox 964 1772 1004 1807; x_wconf 93' lang='lat' dir='ltr'><strong>et</strong></span> <span class='ocrx_word' id='word_1_252' title='bbox 1035 1767 1242 1819; x_wconf 89' lang='lat' dir='ltr'><strong>Scipionis</strong></span> <span class='ocrx_word' id='word_1_253' title='bbox 1274 1780 1357 1806; x_wconf 89' lang='lat' dir='ltr'><strong>non</strong></span> <span class='ocrx_word' id='word_1_254' title='bbox 1388 1766 1553 1819; x_wconf 88' lang='lat' dir='ltr'><strong>reperio</strong></span> <span class='ocrx_word' id='word_1_255' title='bbox 1588 1780 1694 1820; x_wconf 92' lang='lat' dir='ltr'><strong>quos</strong></span> <span class='ocrx_word' id='word_1_256' title='bbox 1717 1766 1930 1821; x_wconf 87' lang='lat' dir='ltr'><strong>appellare</strong></span> <span class='ocrx_word' id='word_1_257' title='bbox 1953 1766 2112 1820; x_wconf 91' lang='lat' dir='ltr'><strong>possim</strong></span> 
     </span>
     <span class='ocr_line' id='line_1_27' title="bbox 338 1829 2112 1885; baseline -0.002 -11"><span class='ocrx_word' id='word_1_258' title='bbox 338 1834 608 1875; x_wconf 84' lang='lat' dir='ltr'><strong>nominatim:</strong></span> <span class='ocrx_word' id='word_1_259' title='bbox 641 1832 791 1885; x_wconf 89' lang='lat' dir='ltr'><strong>quibus</strong></span> <span class='ocrx_word' id='word_1_260' title='bbox 823 1830 1162 1870; x_wconf 85' lang='lat' dir='ltr'><strong>adulescentibus</strong></span> <span class='ocrx_word' id='word_1_261' title='bbox 1191 1829 1376 1868; x_wconf 88' lang='lat' dir='ltr'><strong>Stoicum</strong></span> <span class='ocrx_word' id='word_1_262' title='bbox 1397 1830 1612 1882; x_wconf 86' lang='lat' dir='ltr'><strong>Diogenen</strong></span> <span class='ocrx_word' id='word_1_263' title='bbox 1636 1834 1677 1869; x_wconf 93' lang='lat' dir='ltr'><strong>et</strong></span> <span class='ocrx_word' id='word_1_264' title='bbox 1695 1829 1990 1870; x_wconf 88' lang='lat' dir='ltr'><strong>Academicum</strong></span> <span class='ocrx_word' id='word_1_265' title='bbox 2015 1830 2112 1870; x_wconf 90' lang='lat' dir='ltr'><strong>Car-</strong></span> 
     </span>
     <span class='ocr_line' id='line_1_28' title="bbox 337 1890 2111 1946; baseline -0.003 -8"><span class='ocrx_word' id='word_1_266' title='bbox 337 1898 512 1938; x_wconf 90' lang='lat' dir='ltr'><strong>neadem</strong></span> <span class='ocrx_word' id='word_1_267' title='bbox 544 1895 666 1935; x_wconf 86' lang='lat' dir='ltr'><strong>video</strong></span> <span class='ocrx_word' id='word_1_268' title='bbox 699 1894 749 1933; x_wconf 88' lang='lat' dir='ltr'><strong>ad</strong></span> <span class='ocrx_word' id='word_1_269' title='bbox 783 1899 970 1933; x_wconf 83' lang='lat' dir='ltr'><strong>senatum</strong></span> <span class='ocrx_word' id='word_1_270' title='bbox 1003 1893 1054 1932; x_wconf 88' lang='lat' dir='ltr'><strong>ab</strong></span> <span class='ocrx_word' id='word_1_271' title='bbox 1076 1890 1402 1931; x_wconf 85' lang='lat' dir='ltr'><strong>Atheniensibus</strong></span> <span class='ocrx_word' id='word_1_272' title='bbox 1425 1891 1574 1931; x_wconf 90' lang='lat' dir='ltr'><strong>missos</strong></span> <span class='ocrx_word' id='word_1_273' title='bbox 1598 1906 1689 1932; x_wconf 88' lang='lat' dir='ltr'><strong>esse</strong></span> <span class='ocrx_word' id='word_1_274' title='bbox 1711 1892 1889 1945; x_wconf 86' lang='lat' dir='ltr'><strong>legatos,</strong></span> <span class='ocrx_word' id='word_1_275' title='bbox 1923 1893 1994 1946; x_wconf 93' lang='lat' dir='ltr'><strong>qui</strong></span> <span class='ocrx_word' id='word_1_276' title='bbox 2016 1906 2111 1932; x_wconf 91' lang='lat' dir='ltr'><strong>cum</strong></span> 
     </span>
     <span class='ocr_line' id='line_1_29' title="bbox 336 1955 2112 2014; baseline -0.003 -14"><span class='ocrx_word' id='word_1_277' title='bbox 336 1960 396 2000; x_wconf 89' lang='lat' dir='ltr'><strong>rei</strong></span> <span class='ocrx_word' id='word_1_278' title='bbox 430 1959 620 2014; x_wconf 85' lang='lat' dir='ltr'><strong>publicae</strong></span> <span class='ocrx_word' id='word_1_279' title='bbox 652 1957 809 1996; x_wconf 85' lang='lat' dir='ltr'><strong>nullam</strong></span> <span class='ocrx_word' id='word_1_280' title='bbox 840 1968 1036 2009; x_wconf 85' lang='lat' dir='ltr'><strong>umquam</strong></span> <span class='ocrx_word' id='word_1_281' title='bbox 1067 1960 1227 2008; x_wconf 88' lang='lat' dir='ltr'><strong>partem</strong></span> <span class='ocrx_word' id='word_1_282' title='bbox 1259 1955 1493 2007; x_wconf 84' lang='lat' dir='ltr'><strong>attigissent</strong></span> <span class='ocrx_word' id='word_1_283' title='bbox 1524 1960 1720 2008; x_wconf 88' lang='lat' dir='ltr'><strong>essetque</strong></span> <span class='ocrx_word' id='word_1_284' title='bbox 1744 1968 1885 1995; x_wconf 89' lang='lat' dir='ltr'><strong>eorum</strong></span> <span class='ocrx_word' id='word_1_285' title='bbox 1907 1956 2012 1995; x_wconf 85' lang='lat' dir='ltr'><strong>alter</strong></span> <span class='ocrx_word' id='word_1_286' title='bbox 2034 1955 2112 2009; x_wconf 81' lang='lat' dir='ltr'><strong>Cy-</strong></span> 
     </span>
     <span class='ocr_line' id='line_1_30' title="bbox 336 2017 2110 2072; baseline -0.003 -9"><span class='ocrx_word' id='word_1_287' title='bbox 336 2034 528 2067; x_wconf 86' lang='lat' dir='ltr'><strong>renaeus,</strong></span> <span class='ocrx_word' id='word_1_288' title='bbox 560 2020 664 2059; x_wconf 87' lang='lat' dir='ltr'><strong>alter</strong></span> <span class='ocrx_word' id='word_1_289' title='bbox 688 2018 956 2072; x_wconf 76' lang='lat' dir='ltr'><strong>Babylonius,</strong></span> <span class='ocrx_word' id='word_1_290' title='bbox 980 2030 1205 2070; x_wconf 86' lang='lat' dir='ltr'><strong>numquam</strong></span> <span class='ocrx_word' id='word_1_291' title='bbox 1231 2017 1415 2071; x_wconf 87' lang='lat' dir='ltr'><strong>profecto</strong></span> <span class='ocrx_word' id='word_1_292' title='bbox 1438 2017 1593 2057; x_wconf 86' lang='lat' dir='ltr'><strong>scholis</strong></span> <span class='ocrx_word' id='word_1_293' title='bbox 1617 2023 1757 2056; x_wconf 87' lang='lat' dir='ltr'><strong>essent</strong></span> <span class='ocrx_word' id='word_1_294' title='bbox 1780 2018 1946 2058; x_wconf 83' lang='lat' dir='ltr'><strong>excitati</strong></span> <span class='ocrx_word' id='word_1_295' title='bbox 1970 2031 2110 2071; x_wconf 87' lang='lat' dir='ltr'><strong>neque</strong></span> 
     </span>
     <span class='ocr_line' id='line_1_31' title="bbox 285 2079 2111 2133; baseline -0.002 -10"><span class='ocrx_word' id='word_1_296' title='bbox 285 2097 322 2127; x_wconf 87' lang='lat'><strong>30</strong></span> <span class='ocrx_word' id='word_1_297' title='bbox 338 2085 389 2124; x_wconf 91' lang='lat' dir='ltr'><strong>ad</strong></span> <span class='ocrx_word' id='word_1_298' title='bbox 427 2083 533 2123; x_wconf 86' lang='lat' dir='ltr'><strong>illud</strong></span> <span class='ocrx_word' id='word_1_299' title='bbox 574 2095 724 2122; x_wconf 86' lang='lat' dir='ltr'><strong>munus</strong></span> <span class='ocrx_word' id='word_1_300' title='bbox 765 2082 906 2128; x_wconf 83' lang='lat' dir='ltr'><strong>electi,</strong></span> <span class='ocrx_word' id='word_1_301' title='bbox 949 2080 1029 2120; x_wconf 85' lang='lat' dir='ltr'><strong>nisi</strong></span> <span class='ocrx_word' id='word_1_302' title='bbox 1069 2080 1110 2119; x_wconf 90' lang='lat' dir='ltr'><strong>in</strong></span> <span class='ocrx_word' id='word_1_303' title='bbox 1152 2079 1403 2133; x_wconf 88' lang='lat' dir='ltr'><strong>quibusdam</strong></span> <span class='ocrx_word' id='word_1_304' title='bbox 1446 2079 1707 2132; x_wconf 88' lang='lat' dir='ltr'><strong>principibus</strong></span> <span class='ocrx_word' id='word_1_305' title='bbox 1739 2081 1997 2133; x_wconf 88' lang='lat' dir='ltr'><strong>temporibus</strong></span> <span class='ocrx_word' id='word_1_306' title='bbox 2028 2080 2111 2120; x_wconf 91' lang='lat' dir='ltr'><strong>illis</strong></span> 
     </span>
     <span class='ocr_line' id='line_1_32' title="bbox 335 2141 2111 2190; baseline -0.003 -4"><span class='ocrx_word' id='word_1_307' title='bbox 335 2147 513 2187; x_wconf 89' lang='lat' dir='ltr'><strong>fuissent</strong></span> <span class='ocrx_word' id='word_1_308' title='bbox 548 2145 686 2184; x_wconf 87' lang='lat' dir='ltr'><strong>studia</strong></span> <span class='ocrx_word' id='word_1_309' title='bbox 729 2143 956 2183; x_wconf 88' lang='lat' dir='ltr'><strong>doctrinae.</strong></span> <span class='ocrx_word' id='word_1_310' title='bbox 1014 2142 1095 2190; x_wconf 86' lang='lat' dir='ltr'><strong>Qui</strong></span> <span class='ocrx_word' id='word_1_311' title='bbox 1135 2156 1228 2182; x_wconf 90' lang='lat' dir='ltr'><strong>cum</strong></span> <span class='ocrx_word' id='word_1_312' title='bbox 1269 2148 1407 2182; x_wconf 88' lang='lat' dir='ltr'><strong>cetera</strong></span> <span class='ocrx_word' id='word_1_313' title='bbox 1447 2142 1597 2182; x_wconf 85' lang='lat' dir='ltr'><strong>litteris</strong></span> <span class='ocrx_word' id='word_1_314' title='bbox 1636 2141 1900 2190; x_wconf 88' lang='lat' dir='ltr'><strong>mandarent,</strong></span> <span class='ocrx_word' id='word_1_315' title='bbox 1943 2141 2014 2182; x_wconf 90' lang='lat' dir='ltr'><strong>alii</strong></span> <span class='ocrx_word' id='word_1_316' title='bbox 2045 2142 2111 2182; x_wconf 89' lang='lat' dir='ltr'><strong>ius</strong></span> 
     </span>
     <span class='ocr_line' id='line_1_33' title="bbox 337 2204 2110 2258; baseline -0.003 -9"><span class='ocrx_word' id='word_1_317' title='bbox 337 2210 482 2256; x_wconf 87' lang='lat' dir='ltr'><strong>civile,</strong></span> <span class='ocrx_word' id='word_1_318' title='bbox 514 2207 585 2248; x_wconf 90' lang='lat' dir='ltr'><strong>alii</strong></span> <span class='ocrx_word' id='word_1_319' title='bbox 617 2207 829 2246; x_wconf 87' lang='lat' dir='ltr'><strong>orationes</strong></span> <span class='ocrx_word' id='word_1_320' title='bbox 861 2220 974 2253; x_wconf 90' lang='lat' dir='ltr'><strong>suas,</strong></span> <span class='ocrx_word' id='word_1_321' title='bbox 1015 2205 1086 2244; x_wconf 87' lang='lat' dir='ltr'><strong>alii</strong></span> <span class='ocrx_word' id='word_1_322' title='bbox 1118 2211 1392 2244; x_wconf 84' lang='lat' dir='ltr'><strong>monumenta</strong></span> <span class='ocrx_word' id='word_1_323' title='bbox 1423 2204 1645 2252; x_wconf 88' lang='lat' dir='ltr'><strong>maiorum,</strong></span> <span class='ocrx_word' id='word_1_324' title='bbox 1677 2205 1782 2244; x_wconf 90' lang='lat' dir='ltr'><strong>hanc</strong></span> <span class='ocrx_word' id='word_1_325' title='bbox 1813 2204 2110 2258; x_wconf 86' lang='lat' dir='ltr'><strong>amplissimam</strong></span> 
     </span>
     <span class='ocr_line' id='line_1_34' title="bbox 337 2267 2111 2322; baseline -0.003 -11"><span class='ocrx_word' id='word_1_326' title='bbox 337 2272 526 2312; x_wconf 90' lang='lat' dir='ltr'><strong>omnium</strong></span> <span class='ocrx_word' id='word_1_327' title='bbox 557 2270 730 2317; x_wconf 88' lang='lat' dir='ltr'><strong>artium,</strong></span> <span class='ocrx_word' id='word_1_328' title='bbox 762 2267 869 2309; x_wconf 87' lang='lat' dir='ltr'><strong>bene</strong></span> <span class='ocrx_word' id='word_1_329' title='bbox 901 2268 1069 2309; x_wconf 78' lang='lat' dir='ltr'><strong>vivendi</strong></span> <span class='ocrx_word' id='word_1_330' title='bbox 1104 2268 1385 2322; x_wconf 85' lang='lat' dir='ltr'><strong>disciplinam,</strong></span> <span class='ocrx_word' id='word_1_331' title='bbox 1416 2268 1501 2307; x_wconf 87' lang='lat' dir='ltr'><strong>vita</strong></span> <span class='ocrx_word' id='word_1_332' title='bbox 1525 2268 1656 2320; x_wconf 89' lang='lat' dir='ltr'><strong>magis</strong></span> <span class='ocrx_word' id='word_1_333' title='bbox 1680 2280 1805 2322; x_wconf 89' lang='lat' dir='ltr'><strong>quam</strong></span> <span class='ocrx_word' id='word_1_334' title='bbox 1836 2267 1986 2307; x_wconf 89' lang='lat' dir='ltr'><strong>litteris</strong></span> <span class='ocrx_word' id='word_1_335' title='bbox 2015 2280 2111 2320; x_wconf 89' lang='lat' dir='ltr'><strong>per-</strong></span> 
     </span>
    </p>
   </div>
   <div class='ocr_carea' id='block_1_3' title="bbox 373 2374 1286 2384">
    <p class='ocr_par' dir='ltr' id='par_1_3' title="bbox 373 2374 1286 2384">
     <span class='ocr_line' id='line_1_35' title="bbox 373 2374 1286 2384; baseline 0 0"><span class='ocrx_word' id='word_1_336' title='bbox 373 2374 1286 2384; x_wconf 95' lang='lat' dir='ltr'><strong> </strong></span> 
     </span>
    </p>
   </div>
   <div class='ocr_carea' id='block_1_4' title="bbox 334 2440 2109 3035">
    <p class='ocr_par' dir='ltr' id='par_1_4' title="bbox 334 2440 2109 3035">
     <span class='ocr_line' id='line_1_36' title="bbox 424 2440 2109 2484; baseline -0.003 -7"><span class='ocrx_word' id='word_1_337' title='bbox 424 2447 454 2477; x_wconf 70' lang='lat'><strong>⁶3.</strong></span> <span class='ocrx_word' id='word_1_338' title='bbox 481 2445 578 2484; x_wconf 73' lang='lat' dir='ltr'><strong>fuisse</strong></span> <span class='ocrx_word' id='word_1_339' title='bbox 607 2442 816 2474; x_wconf 75' lang='lat' dir='ltr'><strong>crediderunt</strong></span> <span class='ocrx_word' id='word_1_340' title='bbox 841 2442 864 2471; x_wconf 95' lang='grc' dir='ltr'>Ο</span> <span class='ocrx_word' id='word_1_341' title='bbox 900 2458 933 2462; x_wconf 94' lang='grc'>-</span> <span class='ocrx_word' id='word_1_342' title='bbox 976 2441 1026 2471; x_wconf 77' lang='grc'><strong>40.</strong></span> <span class='ocrx_word' id='word_1_343' title='bbox 1058 2441 1236 2481; x_wconf 67' lang='lat' dir='ltr'><strong>descriptos</strong></span> <span class='ocrx_word' id='word_1_344' title='bbox 1266 2442 1290 2472; x_wconf 94' lang='lat' dir='ltr'><strong>I.</strong></span> <span class='ocrx_word' id='word_1_345' title='bbox 1318 2441 1351 2472; x_wconf 87' lang='lat' dir='ltr'><strong>F.</strong></span> <span class='ocrx_word' id='word_1_346' title='bbox 1380 2441 1572 2472; x_wconf 72' lang='lat' dir='ltr'><strong>Gronovius</strong></span> <span class='ocrx_word' id='word_1_347' title='bbox 1605 2440 1659 2480; x_wconf 81' lang='lat' dir='ltr'><strong>(ad</strong></span> <span class='ocrx_word' id='word_1_348' title='bbox 1688 2440 1758 2473; x_wconf 82' lang='lat' dir='ltr'><strong>Liv,</strong></span> <span class='ocrx_word' id='word_1_349' title='bbox 1784 2440 1856 2479; x_wconf 83' lang='lat' dir='ltr'><strong>VII,</strong></span> <span class='ocrx_word' id='word_1_350' title='bbox 1883 2441 1918 2471; x_wconf 77' lang='lat'><strong>4:</strong></span> <span class='ocrx_word' id='word_1_351' title='bbox 1951 2440 2109 2480; x_wconf 77' lang='lat' dir='ltr'><strong>descripto</strong></span> 
     </span>
     <span class='ocr_line' id='line_1_37' title="bbox 336 2490 2109 2531; baseline -0.004 -4"><span class='ocrx_word' id='word_1_352' title='bbox 336 2497 402 2527; x_wconf 84' lang='lat' dir='ltr'><strong>iam</strong></span> <span class='ocrx_word' id='word_1_353' title='bbox 428 2496 470 2525; x_wconf 80' lang='lat' dir='ltr'><strong>ad</strong></span> <span class='ocrx_word' id='word_1_354' title='bbox 494 2494 655 2525; x_wconf 76' lang='lat' dir='ltr'><strong>tibicinem</strong></span> <span class='ocrx_word' id='word_1_355' title='bbox 679 2494 809 2528; x_wconf 57' lang='lat' dir='ltr'><strong>cantui:</strong></span> <span class='ocrx_word' id='word_1_356' title='bbox 843 2492 1017 2530; x_wconf 78' lang='lat' dir='ltr'><strong>rescriptos</strong></span> <span class='ocrx_word' id='word_1_357' title='bbox 1042 2490 1065 2520; x_wconf 85' lang='lat' dir='ltr'>C</span> <span class='ocrx_word' id='word_1_358' title='bbox 1082 2492 1127 2526; x_wconf 69' lang='lat'><strong>03</strong></span> <span class='ocrx_word' id='word_1_359' title='bbox 1159 2492 1358 2531; x_wconf 67' lang='lat' dir='ltr'><strong>perscriptos</strong></span> <span class='ocrx_word' id='word_1_360' title='bbox 1382 2490 1539 2522; x_wconf 79' lang='lat' dir='ltr'><strong>Wolfius.</strong></span> <span class='ocrx_word' id='word_1_361' title='bbox 1579 2491 1775 2531; x_wconf 87' lang='lat' dir='ltr'><strong>«Scriptura</strong></span> <span class='ocrx_word' id='word_1_362' title='bbox 1799 2490 1974 2529; x_wconf 80' lang='lat' dir='ltr'><strong>rescriptos</strong></span> <span class='ocrx_word' id='word_1_363' title='bbox 1996 2490 2109 2521; x_wconf 84' lang='lat' dir='ltr'><strong>vindi-</strong></span> 
     </span>
     <span class='ocr_line' id='line_1_38' title="bbox 338 2540 2108 2584; baseline -0.004 -6"><span class='ocrx_word' id='word_1_364' title='bbox 338 2546 448 2579; x_wconf 83' lang='lat' dir='ltr'><strong>canda</strong></span> <span class='ocrx_word' id='word_1_365' title='bbox 474 2546 685 2584; x_wconf 77' lang='lat' dir='ltr'><strong>interpretes</strong></span> <span class='ocrx_word' id='word_1_366' title='bbox 711 2543 837 2573; x_wconf 83' lang='lat' dir='ltr'><strong>frustra</strong></span> <span class='ocrx_word' id='word_1_367' title='bbox 863 2550 900 2572; x_wconf 83' lang='lat' dir='ltr'><strong>se</strong></span> <span class='ocrx_word' id='word_1_368' title='bbox 925 2542 1120 2575; x_wconf 78' lang='lat' dir='ltr'><strong>torserunt,</strong></span> <span class='ocrx_word' id='word_1_369' title='bbox 1149 2550 1229 2572; x_wconf 74' lang='lat' dir='ltr'><strong>cuni</strong></span> <span class='ocrx_word' id='word_1_370' title='bbox 1256 2541 1428 2572; x_wconf 83' lang='lat' dir='ltr'><strong>inauditas</strong></span> <span class='ocrx_word' id='word_1_371' title='bbox 1454 2540 1624 2580; x_wconf 83' lang='lat' dir='ltr'><strong>quasdam</strong></span> <span class='ocrx_word' id='word_1_372' title='bbox 1648 2540 1756 2571; x_wconf 70' lang='lat' dir='ltr'><strong>verbo</strong></span> <span class='ocrx_word' id='word_1_373' title='bbox 1781 2540 1979 2572; x_wconf 82' lang='lat' dir='ltr'><strong>rescribendi</strong></span> <span class='ocrx_word' id='word_1_374' title='bbox 2002 2541 2108 2580; x_wconf 82' lang='lat' dir='ltr'><strong>signi-</strong></span> 
     </span>
     <span class='ocr_line' id='line_1_39' title="bbox 337 2589 2107 2633; baseline -0.004 -5"><span class='ocrx_word' id='word_1_375' title='bbox 337 2597 516 2628; x_wconf 82' lang='lat' dir='ltr'><strong>ficationes</strong></span> <span class='ocrx_word' id='word_1_376' title='bbox 542 2594 778 2633; x_wconf 77' lang='lat' dir='ltr'><strong>adsignarent.</strong></span> <span class='ocrx_word' id='word_1_377' title='bbox 815 2591 895 2621; x_wconf 80' lang='lat' dir='ltr'><strong>Mihi</strong></span> <span class='ocrx_word' id='word_1_378' title='bbox 921 2590 964 2621; x_wconf 87' lang='lat' dir='ltr'><strong>de</strong></span> <span class='ocrx_word' id='word_1_379' title='bbox 991 2590 1121 2622; x_wconf 80' lang='lat' dir='ltr'><strong>codicis</strong></span> <span class='ocrx_word' id='word_1_380' title='bbox 1146 2591 1330 2631; x_wconf 69' lang='lat' dir='ltr'><strong>archetypi</strong></span> <span class='ocrx_word' id='word_1_381' title='bbox 1355 2590 1473 2622; x_wconf 84' lang='lat' dir='ltr'><strong>mendi</strong></span> <span class='ocrx_word' id='word_1_382' title='bbox 1499 2589 1644 2621; x_wconf 87' lang='lat' dir='ltr'><strong>dubium</strong></span> <span class='ocrx_word' id='word_1_383' title='bbox 1663 2599 1732 2621; x_wconf 89' lang='lat' dir='ltr'><strong>non</strong></span> <span class='ocrx_word' id='word_1_384' title='bbox 1752 2591 1828 2621; x_wconf 91' lang='lat' dir='ltr'><strong>est:</strong></span> <span class='ocrx_word' id='word_1_385' title='bbox 1856 2589 1938 2621; x_wconf 91' lang='lat' dir='ltr'><strong>illud</strong></span> <span class='ocrx_word' id='word_1_386' title='bbox 1957 2589 2107 2621; x_wconf 86' lang='lat' dir='ltr'><strong>dubitari</strong></span> 
     </span>
     <span class='ocr_line' id='line_1_40' title="bbox 335 2638 2108 2690; baseline -0.006 -10"><span class='ocrx_word' id='word_1_387' title='bbox 335 2650 467 2690; x_wconf 67' lang='lat' dir='ltr'><strong>potestr</strong></span> <span class='ocrx_word' id='word_1_388' title='bbox 493 2649 611 2678; x_wconf 85' lang='lat' dir='ltr'><strong>utrum</strong></span> <span class='ocrx_word' id='word_1_389' title='bbox 636 2642 863 2676; x_wconf 81' lang='lat' dir='ltr'><strong>scribendum</strong></span> <span class='ocrx_word' id='word_1_390' title='bbox 890 2643 931 2673; x_wconf 81' lang='lat' dir='ltr'><strong>sit</strong></span> <span class='ocrx_word' id='word_1_391' title='bbox 954 2643 1154 2681; x_wconf 76' lang='lat' dir='ltr'><strong>perscriptos</strong></span> <span class='ocrx_word' id='word_1_392' title='bbox 1177 2649 1219 2670; x_wconf 85' lang='lat' dir='ltr'><strong>an</strong></span> <span class='ocrx_word' id='word_1_393' title='bbox 1238 2640 1433 2679; x_wconf 76' lang='lat' dir='ltr'><strong>descriptos,</strong></span> <span class='ocrx_word' id='word_1_394' title='bbox 1461 2648 1566 2679; x_wconf 85' lang='lat' dir='ltr'><strong>quam</strong></span> <span class='ocrx_word' id='word_1_395' title='bbox 1592 2639 1757 2679; x_wconf 87' lang='lat' dir='ltr'><strong>equidem</strong></span> <span class='ocrx_word' id='word_1_396' title='bbox 1783 2640 2037 2671; x_wconf 84' lang='lat' dir='ltr'><strong>correctionem</strong></span> <span class='ocrx_word' id='word_1_397' title='bbox 2063 2638 2108 2670; x_wconf 89' lang='lat' dir='ltr'><strong>illi</strong></span> 
     </span>
     <span class='ocr_line' id='line_1_41' title="bbox 334 2687 2109 2740; baseline -0.005 -11"><span class='ocrx_word' id='word_1_398' title='bbox 334 2696 579 2740; x_wconf 85' lang='lat' dir='ltr'><strong>praetulerim,</strong></span> <span class='ocrx_word' id='word_1_399' title='bbox 612 2704 682 2726; x_wconf 90' lang='lat' dir='ltr'><strong>non</strong></span> <span class='ocrx_word' id='word_1_400' title='bbox 707 2693 819 2726; x_wconf 88' lang='lat' dir='ltr'><strong>solum</strong></span> <span class='ocrx_word' id='word_1_401' title='bbox 845 2693 940 2734; x_wconf 85' lang='lat' dir='ltr'><strong>quod</strong></span> <span class='ocrx_word' id='word_1_402' title='bbox 965 2692 1139 2733; x_wconf 79' lang='lat' dir='ltr'><strong>aliquanto</strong></span> <span class='ocrx_word' id='word_1_403' title='bbox 1165 2690 1297 2722; x_wconf 78' lang='lat' dir='ltr'><strong>facilior</strong></span> <span class='ocrx_word' id='word_1_404' title='bbox 1321 2692 1393 2728; x_wconf 67' lang='lat' dir='ltr'><strong>est,</strong></span> <span class='ocrx_word' id='word_1_405' title='bbox 1430 2690 1492 2721; x_wconf 79' lang='lat' dir='ltr'><strong>sed</strong></span> <span class='ocrx_word' id='word_1_406' title='bbox 1518 2690 1621 2721; x_wconf 87' lang='lat' dir='ltr'><strong>etiam</strong></span> <span class='ocrx_word' id='word_1_407' title='bbox 1649 2688 1741 2729; x_wconf 89' lang='lat' dir='ltr'><strong>quod</strong></span> <span class='ocrx_word' id='word_1_408' title='bbox 1767 2687 1937 2720; x_wconf 80' lang='lat' dir='ltr'><strong>Wolfiana</strong></span> <span class='ocrx_word' id='word_1_409' title='bbox 1963 2690 1995 2720; x_wconf 90' lang='lat' dir='ltr'><strong>in</strong></span> <span class='ocrx_word' id='word_1_410' title='bbox 2021 2690 2109 2721; x_wconf 87' lang='lat' dir='ltr'><strong>sonis</strong></span> 
     </span>
     <span class='ocr_line' id='line_1_42' title="bbox 336 2737 2104 2783; baseline -0.004 -5"><span class='ocrx_word' id='word_1_411' title='bbox 336 2748 367 2781; x_wconf 85' lang='lat' dir='ltr'><strong>(i.</strong></span> <span class='ocrx_word' id='word_1_412' title='bbox 395 2756 425 2777; x_wconf 88' lang='lat' dir='ltr'><strong>e.</strong></span> <span class='ocrx_word' id='word_1_413' title='bbox 453 2754 620 2778; x_wconf 87' lang='lat' dir='ltr'><strong>sonorum</strong></span> <span class='ocrx_word' id='word_1_414' title='bbox 646 2745 753 2775; x_wconf 84' lang='lat' dir='ltr'><strong>notis:</strong></span> <span class='ocrx_word' id='word_1_415' title='bbox 789 2744 830 2774; x_wconf 86' lang='lat' dir='ltr'><strong>ct.</strong></span> <span class='ocrx_word' id='word_1_416' title='bbox 857 2744 869 2774; x_wconf 94' lang='lat'><em>1</em></span> <span class='ocrx_word' id='word_1_417' title='bbox 895 2743 912 2783; x_wconf 70' lang='lat' dir='ltr'><strong>g</strong></span> <span class='ocrx_word' id='word_1_418' title='bbox 939 2743 989 2773; x_wconf 64' lang='lat'>6⁴2.</span> <span class='ocrx_word' id='word_1_419' title='bbox 1018 2741 1060 2773; x_wconf 90' lang='lat' dir='ltr'><strong>de</strong></span> <span class='ocrx_word' id='word_1_420' title='bbox 1087 2743 1170 2782; x_wconf 83' lang='lat' dir='ltr'><strong>Rep.</strong></span> <span class='ocrx_word' id='word_1_421' title='bbox 1198 2742 1253 2777; x_wconf 77' lang='grc' dir='ltr'><strong>ΙΙΙ,</strong></span> <span class='ocrx_word' id='word_1_422' title='bbox 1280 2741 1309 2779; x_wconf 86' lang='grc'><strong>3)</strong></span> <span class='ocrx_word' id='word_1_423' title='bbox 1343 2740 1521 2771; x_wconf 86' lang='lat' dir='ltr'><strong>duriorem</strong></span> <span class='ocrx_word' id='word_1_424' title='bbox 1546 2738 1723 2779; x_wconf 85' lang='lat' dir='ltr'><strong>quandam</strong></span> <span class='ocrx_word' id='word_1_425' title='bbox 1751 2737 1857 2769; x_wconf 86' lang='lat' dir='ltr'><strong>habet</strong></span> <span class='ocrx_word' id='word_1_426' title='bbox 1882 2738 2104 2771; x_wconf 86' lang='lat' dir='ltr'><strong>brevitatem.</strong></span> 
     </span>
     <span class='ocr_line' id='line_1_43' title="bbox 334 2785 2106 2835; baseline -0.003 -8"><span class='ocrx_word' id='word_1_427' title='bbox 334 2785 384 2828; x_wconf 87' lang='lat' dir='ltr'><strong>De</strong></span> <span class='ocrx_word' id='word_1_428' title='bbox 409 2796 585 2835; x_wconf 76' lang='lat' dir='ltr'><strong>descriptos</strong></span> <span class='ocrx_word' id='word_1_429' title='bbox 610 2795 640 2831; x_wconf 58' lang='grc' dir='ltr'><strong>»ζ’ἰ.</strong></span> <span class='ocrx_word' id='word_1_430' title='bbox 669 2803 699 2825; x_wconf 89' lang='lat' dir='ltr'><strong>e.</strong></span> <span class='ocrx_word' id='word_1_431' title='bbox 727 2794 896 2833; x_wconf 78' lang='lat' dir='ltr'><strong>signatos,</strong></span> <span class='ocrx_word' id='word_1_432' title='bbox 925 2800 1132 2833; x_wconf 76' lang='lat' dir='ltr'><strong>expressos,</strong></span> <span class='ocrx_word' id='word_1_433' title='bbox 1159 2792 1307 2829; x_wconf 86' lang='lat' dir='ltr'><strong>notatos)</strong></span> <span class='ocrx_word' id='word_1_434' title='bbox 1333 2798 1449 2821; x_wconf 79' lang='lat' dir='ltr'><strong>vocum</strong></span> <span class='ocrx_word' id='word_1_435' title='bbox 1473 2789 1559 2820; x_wconf 85' lang='lat' dir='ltr'><strong>sonis</strong></span> <span class='ocrx_word' id='word_1_436' title='bbox 1583 2787 1633 2828; x_wconf 74' lang='lat' dir='ltr'><strong>(z</strong></span> <span class='ocrx_word' id='word_1_437' title='bbox 1649 2797 1691 2820; x_wconf 84' lang='lat' dir='ltr'><strong>ex</strong></span> <span class='ocrx_word' id='word_1_438' title='bbox 1715 2797 1844 2820; x_wconf 76' lang='lat' dir='ltr'><strong>vocum</strong></span> <span class='ocrx_word' id='word_1_439' title='bbox 1869 2788 1974 2828; x_wconf 92' lang='lat' dir='ltr'><strong>sonis)</strong></span> <span class='ocrx_word' id='word_1_440' title='bbox 2000 2788 2041 2820; x_wconf 88' lang='lat' dir='ltr'><strong>cf.</strong></span> <span class='ocrx_word' id='word_1_441' title='bbox 2062 2788 2106 2821; x_wconf 80' lang='lat' dir='ltr'><strong>de</strong></span> 
     </span>
     <span class='ocr_line' id='line_1_44' title="bbox 334 2838 2104 2886; baseline -0.005 -8"><span class='ocrx_word' id='word_1_442' title='bbox 334 2847 438 2886; x_wconf 76' lang='lat' dir='ltr'><strong>Legg.</strong></span> <span class='ocrx_word' id='word_1_443' title='bbox 460 2846 500 2876; x_wconf 84' lang='lat'><strong>111</strong></span> <span class='ocrx_word' id='word_1_444' title='bbox 527 2845 545 2885; x_wconf 61' lang='lat'><strong>{5</strong></span> <span class='ocrx_word' id='word_1_445' title='bbox 564 2844 621 2876; x_wconf 67' lang='lat'><strong>44:</strong></span> <span class='ocrx_word' id='word_1_446' title='bbox 650 2845 840 2882; x_wconf 78' lang='lat' dir='ltr'><strong>Descriptus</strong></span> <span class='ocrx_word' id='word_1_447' title='bbox 858 2843 1001 2882; x_wconf 77' lang='lat' dir='ltr'><strong>populus</strong></span> <span class='ocrx_word' id='word_1_448' title='bbox 1023 2850 1139 2880; x_wconf 80' lang='lat' dir='ltr'><strong>censu,</strong></span> <span class='ocrx_word' id='word_1_449' title='bbox 1166 2839 1347 2879; x_wconf 74' lang='lat' dir='ltr'><strong>ordinibus,</strong></span> <span class='ocrx_word' id='word_1_450' title='bbox 1374 2839 1546 2871; x_wconf 70' lang='lat' dir='ltr'><strong>aetatibus.</strong></span> <span class='ocrx_word' id='word_1_451' title='bbox 1575 2838 1618 2869; x_wconf 88' lang='lat' dir='ltr'><strong>de</strong></span> <span class='ocrx_word' id='word_1_452' title='bbox 1637 2839 1728 2870; x_wconf 84' lang='lat' dir='ltr'><strong>Orat.</strong></span> <span class='ocrx_word' id='word_1_453' title='bbox 1749 2840 1788 2878; x_wconf 83' lang='grc' dir='ltr'><strong>ΙΙ,</strong></span> <span class='ocrx_word' id='word_1_454' title='bbox 1810 2838 1881 2870; x_wconf 74' lang='grc'><strong>445.</strong></span> <span class='ocrx_word' id='word_1_455' title='bbox 1910 2838 2045 2870; x_wconf 83' lang='lat' dir='ltr'><strong>Verrin.</strong></span> <span class='ocrx_word' id='word_1_456' title='bbox 2065 2838 2104 2878; x_wconf 90' lang='lat' dir='ltr'><strong>V,</strong></span> 
     </span>
     <span class='ocr_line' id='line_1_45' title="bbox 334 2887 2106 2937; baseline -0.003 -10"><span class='ocrx_word' id='word_1_457' title='bbox 334 2897 374 2928; x_wconf 74' lang='lat'><strong>27</strong></span> <span class='ocrx_word' id='word_1_458' title='bbox 409 2895 548 2937; x_wconf 84' lang='lat' dir='ltr'><strong>[quibus</strong></span> <span class='ocrx_word' id='word_1_459' title='bbox 578 2897 694 2926; x_wconf 86' lang='lat' dir='ltr'><strong>tamen</strong></span> <span class='ocrx_word' id='word_1_460' title='bbox 728 2893 812 2926; x_wconf 84' lang='lat' dir='ltr'><strong>locis</strong></span> <span class='ocrx_word' id='word_1_461' title='bbox 837 2893 985 2925; x_wconf 81' lang='lat' dir='ltr'><strong>verbum</strong></span> <span class='ocrx_word' id='word_1_462' title='bbox 1011 2892 1185 2923; x_wconf 79' lang='lat' dir='ltr'><strong>discribere</strong></span> <span class='ocrx_word' id='word_1_463' title='bbox 1209 2892 1322 2932; x_wconf 83' lang='lat' dir='ltr'><strong>aptius</strong></span> <span class='ocrx_word' id='word_1_464' title='bbox 1346 2889 1504 2924; x_wconf 57' lang='lat' dir='ltr'><strong>x&#39;idetur;</strong></span> <span class='ocrx_word' id='word_1_465' title='bbox 1540 2888 1618 2920; x_wconf 72' lang='lat' dir='ltr'><strong>vide</strong></span> <span class='ocrx_word' id='word_1_466' title='bbox 1645 2888 1688 2919; x_wconf 90' lang='lat' dir='ltr'><strong>ad</strong></span> <span class='ocrx_word' id='word_1_467' title='bbox 1714 2888 1731 2928; x_wconf 68' lang='lat' dir='ltr'>S</span> <span class='ocrx_word' id='word_1_468' title='bbox 1758 2889 1800 2930; x_wconf 72' lang='grc' dir='ltr'><strong>Η,</strong></span> <span class='ocrx_word' id='word_1_469' title='bbox 1838 2888 1976 2929; x_wconf 84' lang='lat' dir='ltr'><strong>Madvig</strong></span> <span class='ocrx_word' id='word_1_470' title='bbox 2001 2888 2018 2929; x_wconf 71' lang='lat' dir='ltr'><strong>S</strong></span> <span class='ocrx_word' id='word_1_471' title='bbox 2042 2887 2106 2921; x_wconf 71' lang='lat'><strong>254</strong></span> 
     </span>
     <span class='ocr_line' id='line_1_46' title="bbox 335 2937 2103 2979; baseline -0.004 -2"><span class='ocrx_word' id='word_1_472' title='bbox 335 2956 368 2978; x_wconf 86' lang='lat' dir='ltr'><strong>n.</strong></span> <span class='ocrx_word' id='word_1_473' title='bbox 395 2947 424 2977; x_wconf 80' lang='lat'><strong>5.</strong></span> <span class='ocrx_word' id='word_1_474' title='bbox 458 2946 623 2977; x_wconf 87' lang='lat' dir='ltr'><strong>Ceterum</strong></span> <span class='ocrx_word' id='word_1_475' title='bbox 648 2944 800 2975; x_wconf 65' lang='lat' dir='ltr'><strong>Ktihneri</strong></span> <span class='ocrx_word' id='word_1_476' title='bbox 827 2946 860 2975; x_wconf 86' lang='lat' dir='ltr'><strong>et</strong></span> <span class='ocrx_word' id='word_1_477' title='bbox 884 2942 1002 2975; x_wconf 84' lang='lat' dir='ltr'><strong>Klotzii</strong></span> <span class='ocrx_word' id='word_1_478' title='bbox 1029 2951 1133 2974; x_wconf 85' lang='lat' dir='ltr'><strong>causa</strong></span> <span class='ocrx_word' id='word_1_479' title='bbox 1159 2942 1226 2973; x_wconf 87' lang='lat' dir='ltr'><strong>hoc</strong></span> <span class='ocrx_word' id='word_1_480' title='bbox 1250 2948 1395 2974; x_wconf 71' lang='lat' dir='ltr'><strong>moneo„</strong></span> <span class='ocrx_word' id='word_1_481' title='bbox 1428 2938 1521 2979; x_wconf 88' lang='lat' dir='ltr'><strong>quod</strong></span> <span class='ocrx_word' id='word_1_482' title='bbox 1547 2937 1601 2970; x_wconf 73' lang='lat' dir='ltr'><strong>vel</strong></span> <span class='ocrx_word' id='word_1_483' title='bbox 1627 2947 1669 2970; x_wconf 83' lang='lat' dir='ltr'><strong>ex</strong></span> <span class='ocrx_word' id='word_1_484' title='bbox 1694 2939 1751 2976; x_wconf 83' lang='lat' dir='ltr'><strong>iis,</strong></span> <span class='ocrx_word' id='word_1_485' title='bbox 1779 2947 1869 2978; x_wconf 87' lang='lat' dir='ltr'><strong>quae</strong></span> <span class='ocrx_word' id='word_1_486' title='bbox 1895 2939 2103 2978; x_wconf 81' lang='lat' dir='ltr'><strong>sequuntur,</strong></span> 
     </span>
     <span class='ocr_line' id='line_1_47' title="bbox 334 2986 2102 3035; baseline -0.005 -8"><span class='ocrx_word' id='word_1_487' title='bbox 334 2995 434 3028; x_wconf 80' lang='lat' dir='ltr'><strong>facile</strong></span> <span class='ocrx_word' id='word_1_488' title='bbox 460 2994 669 3035; x_wconf 70' lang='lat' dir='ltr'><strong>intelligitur,</strong></span> <span class='ocrx_word' id='word_1_489' title='bbox 696 2996 873 3034; x_wconf 83' lang='lat' dir='ltr'><strong>descriptos</strong></span> <span class='ocrx_word' id='word_1_490' title='bbox 896 3003 1011 3025; x_wconf 84' lang='lat' dir='ltr'><strong>vocum</strong></span> <span class='ocrx_word' id='word_1_491' title='bbox 1034 2993 1122 3024; x_wconf 86' lang='lat' dir='ltr'><strong>sonis</strong></span> <span class='ocrx_word' id='word_1_492' title='bbox 1145 2999 1226 3023; x_wconf 85' lang='lat' dir='ltr'><strong>cum</strong></span> <span class='ocrx_word' id='word_1_493' title='bbox 1251 2994 1368 3022; x_wconf 77' lang='lat' dir='ltr'><strong>cantus</strong></span> <span class='ocrx_word' id='word_1_494' title='bbox 1392 2988 1584 3029; x_wconf 82' lang='lat' dir='ltr'><strong>(melodias)</strong></span> <span class='ocrx_word' id='word_1_495' title='bbox 1610 2989 1746 3019; x_wconf 86' lang='lat' dir='ltr'><strong>tantum</strong></span> <span class='ocrx_word' id='word_1_496' title='bbox 1771 2996 1849 3019; x_wconf 86' lang='lat' dir='ltr'><strong>esse</strong></span> <span class='ocrx_word' id='word_1_497' title='bbox 1874 2986 2102 3027; x_wconf 83' lang='lat' dir='ltr'><strong>iungendum,</strong></span> 
     </span>
    </p>
   </div>
   <div class='ocr_carea' id='block_1_5' title="bbox 334 3038 2105 3180">
    <p class='ocr_par' dir='ltr' id='par_1_5' title="bbox 334 3038 2105 3180">
     <span class='ocr_line' id='line_1_48' title="bbox 334 3038 2105 3084; baseline -0.005 -7"><span class='ocrx_word' id='word_1_498' title='bbox 334 3054 404 3077; x_wconf 90' lang='lat' dir='ltr'><strong>non</strong></span> <span class='ocrx_word' id='word_1_499' title='bbox 429 3045 533 3076; x_wconf 86' lang='lat' dir='ltr'><strong>etiam</strong></span> <span class='ocrx_word' id='word_1_500' title='bbox 559 3052 638 3075; x_wconf 90' lang='lat' dir='ltr'><strong>cum</strong></span> <span class='ocrx_word' id='word_1_501' title='bbox 662 3044 815 3074; x_wconf 76' lang='lat' dir='ltr'><strong>carmina</strong></span> <span class='ocrx_word' id='word_1_502' title='bbox 841 3043 1063 3084; x_wconf 81' lang='lat' dir='ltr'><strong>(poemata).»</strong></span> <span class='ocrx_word' id='word_1_503' title='bbox 1090 3041 1146 3072; x_wconf 89' lang='lat' dir='ltr'><strong>W.</strong></span> <span class='ocrx_word' id='word_1_504' title='bbox 1173 3057 1207 3061; x_wconf 97' lang='lat'><strong>—</strong></span> <span class='ocrx_word' id='word_1_505' title='bbox 1238 3041 1288 3071; x_wconf 73' lang='lat'><strong>47.</strong></span> <span class='ocrx_word' id='word_1_506' title='bbox 1315 3042 1360 3071; x_wconf 78' lang='lat' dir='ltr'><strong>est</strong></span> <span class='ocrx_word' id='word_1_507' title='bbox 1384 3042 1484 3077; x_wconf 77' lang='lat' dir='ltr'><strong>atque</strong></span> <span class='ocrx_word' id='word_1_508' title='bbox 1507 3038 1694 3070; x_wconf 82' lang='lat' dir='ltr'><strong>tuberonem</strong></span> <span class='ocrx_word' id='word_1_509' title='bbox 1719 3038 1743 3069; x_wconf 90' lang='lat' dir='ltr'>C</span> <span class='ocrx_word' id='word_1_510' title='bbox 1764 3054 1799 3060; x_wconf 91' lang='lat'><strong>-—</strong></span> <span class='ocrx_word' id='word_1_511' title='bbox 1822 3038 2105 3078; x_wconf 72' lang='lat' dir='ltr'><strong>pythaqoreorum</strong></span> 
     </span>
     <span class='ocr_line' id='line_1_49' title="bbox 335 3086 2103 3134; baseline -0.004 -9"><span class='ocrx_word' id='word_1_512' title='bbox 335 3095 359 3127; x_wconf 93' lang='lat' dir='ltr'>C</span> <span class='ocrx_word' id='word_1_513' title='bbox 389 3112 424 3117; x_wconf 92' lang='lat'><strong>——</strong></span> <span class='ocrx_word' id='word_1_514' title='bbox 453 3094 504 3125; x_wconf 76' lang='lat'><strong>48.</strong></span> <span class='ocrx_word' id='word_1_515' title='bbox 530 3094 652 3124; x_wconf 76' lang='lat' dir='ltr'><strong>multae</strong></span> <span class='ocrx_word' id='word_1_516' title='bbox 677 3094 703 3124; x_wconf 94' lang='lat' dir='ltr'><strong>G</strong></span> <span class='ocrx_word' id='word_1_517' title='bbox 728 3095 761 3124; x_wconf 85' lang='lat' dir='ltr'><strong>et</strong></span> <span class='ocrx_word' id='word_1_518' title='bbox 785 3095 813 3131; x_wconf 84' lang='lat' dir='ltr'><strong>(e</strong></span> <span class='ocrx_word' id='word_1_519' title='bbox 830 3093 1004 3134; x_wconf 85' lang='lat' dir='ltr'><strong>punctata)</strong></span> <span class='ocrx_word' id='word_1_520' title='bbox 1030 3093 1054 3123; x_wconf 91' lang='lat' dir='ltr'>R</span> <span class='ocrx_word' id='word_1_521' title='bbox 1083 3109 1115 3114; x_wconf 88' lang='lat'>—</span> <span class='ocrx_word' id='word_1_522' title='bbox 1144 3091 1195 3122; x_wconf 75' lang='lat'><strong>49.</strong></span> <span class='ocrx_word' id='word_1_523' title='bbox 1221 3091 1400 3130; x_wconf 78' lang='lat' dir='ltr'><strong>repperisse</strong></span> <span class='ocrx_word' id='word_1_524' title='bbox 1422 3090 1601 3121; x_wconf 66' lang='lat' dir='ltr'><strong>Davisius:</strong></span> <span class='ocrx_word' id='word_1_525' title='bbox 1623 3089 1806 3128; x_wconf 79' lang='lat' dir='ltr'><strong>perperisse</strong></span> <span class='ocrx_word' id='word_1_526' title='bbox 1830 3088 1875 3124; x_wconf 85' lang='lat' dir='ltr'><strong>C;</strong></span> <span class='ocrx_word' id='word_1_527' title='bbox 1899 3086 2103 3127; x_wconf 79' lang='lat' dir='ltr'><strong>peperisseo</strong></span> 
     </span>
     <span class='ocr_line' id='line_1_50' title="bbox 338 3135 2104 3180; baseline -0.005 -6"><span class='ocrx_word' id='word_1_528' title='bbox 338 3161 373 3167; x_wconf 92' lang='lat'>—</span> <span class='ocrx_word' id='word_1_529' title='bbox 399 3142 531 3174; x_wconf 82' lang='lat' dir='ltr'><strong>aliunde</strong></span> <span class='ocrx_word' id='word_1_530' title='bbox 558 3143 589 3173; x_wconf 80' lang='lat' dir='ltr'><strong>d.</strong></span> <span class='ocrx_word' id='word_1_531' title='bbox 615 3143 788 3174; x_wconf 74' lang='lat' dir='ltr'><strong>videamur</strong></span> <span class='ocrx_word' id='word_1_532' title='bbox 812 3143 844 3174; x_wconf 92' lang='lat' dir='ltr'><strong>h.</strong></span> <span class='ocrx_word' id='word_1_533' title='bbox 865 3143 885 3175; x_wconf 93' lang='lat' dir='ltr'><strong>l.</strong></span> <span class='ocrx_word' id='word_1_534' title='bbox 905 3152 974 3174; x_wconf 90' lang='lat' dir='ltr'><strong>om.</strong></span> <span class='ocrx_word' id='word_1_535' title='bbox 996 3143 1039 3180; x_wconf 82' lang='lat' dir='ltr'><strong>C;</strong></span> <span class='ocrx_word' id='word_1_536' title='bbox 1067 3141 1108 3173; x_wconf 79' lang='lat' dir='ltr'><strong>cl.</strong></span> <span class='ocrx_word' id='word_1_537' title='bbox 1128 3150 1160 3172; x_wconf 82' lang='grc' dir='ltr'><strong>ν.</strong></span> <span class='ocrx_word' id='word_1_538' title='bbox 1180 3140 1233 3171; x_wconf 68' lang='lat'><strong>2¹.</strong></span> <span class='ocrx_word' id='word_1_539' title='bbox 1256 3158 1289 3163; x_wconf 89' lang='lat'><strong>—</strong></span> <span class='ocrx_word' id='word_1_540' title='bbox 1316 3141 1368 3171; x_wconf 71' lang='lat'><strong>20.</strong></span> <span class='ocrx_word' id='word_1_541' title='bbox 1396 3140 1440 3170; x_wconf 84' lang='lat' dir='ltr'><strong>ad</strong></span> <span class='ocrx_word' id='word_1_542' title='bbox 1460 3140 1604 3178; x_wconf 78' lang='lat' dir='ltr'><strong>positum</strong></span> <span class='ocrx_word' id='word_1_543' title='bbox 1629 3137 1667 3170; x_wconf 93' lang='lat' dir='ltr'><strong>G¹</strong></span> <span class='ocrx_word' id='word_1_544' title='bbox 1688 3156 1721 3160; x_wconf 97' lang='lat'><strong>—</strong></span> <span class='ocrx_word' id='word_1_545' title='bbox 1748 3138 1800 3169; x_wconf 71' lang='lat'><strong>24.</strong></span> <span class='ocrx_word' id='word_1_546' title='bbox 1825 3139 1955 3168; x_wconf 81' lang='lat' dir='ltr'><strong>nostros</strong></span> <span class='ocrx_word' id='word_1_547' title='bbox 1969 3135 2104 3166; x_wconf 78' lang='lat' dir='ltr'><strong>aliunde</strong></span> 
     </span>
    </p>
   </div>
   <div class='ocr_carea' id='block_1_6' title="bbox 333 3184 2102 3283">
    <p class='ocr_par' dir='ltr' id='par_1_6' title="bbox 333 3184 2102 3283">
     <span class='ocr_line' id='line_1_51' title="bbox 334 3184 2102 3229; baseline -0.005 -5"><span class='ocrx_word' id='word_1_548' title='bbox 334 3193 485 3225; x_wconf 78' lang='lat' dir='ltr'><strong>didicisse</strong></span> <span class='ocrx_word' id='word_1_549' title='bbox 506 3192 682 3223; x_wconf 81' lang='lat' dir='ltr'><strong>uideamur</strong></span> <span class='ocrx_word' id='word_1_550' title='bbox 704 3193 816 3223; x_wconf 82' lang='lat' dir='ltr'><strong>omnia</strong></span> <span class='ocrx_word' id='word_1_551' title='bbox 840 3194 885 3229; x_wconf 85' lang='lat' dir='ltr'><strong>C;</strong></span> <span class='ocrx_word' id='word_1_552' title='bbox 913 3192 956 3224; x_wconf 85' lang='lat' dir='ltr'><strong>cf.</strong></span> <span class='ocrx_word' id='word_1_553' title='bbox 983 3201 1015 3223; x_wconf 87' lang='lat' dir='ltr'><strong>v.</strong></span> <span class='ocrx_word' id='word_1_554' title='bbox 1036 3191 1087 3223; x_wconf 71' lang='lat'><strong>49.</strong></span> <span class='ocrx_word' id='word_1_555' title='bbox 1118 3207 1151 3212; x_wconf 92' lang='lat'>—</span> <span class='ocrx_word' id='word_1_556' title='bbox 1178 3191 1231 3221; x_wconf 63' lang='lat'><strong>22.</strong></span> <span class='ocrx_word' id='word_1_557' title='bbox 1251 3189 1403 3229; x_wconf 79' lang='lat' dir='ltr'><strong>consequi</strong></span> <span class='ocrx_word' id='word_1_558' title='bbox 1420 3188 1487 3220; x_wconf 89' lang='lat' dir='ltr'><strong>del.</strong></span> <span class='ocrx_word' id='word_1_559' title='bbox 1508 3188 1599 3220; x_wconf 86' lang='lat' dir='ltr'><strong>Bake</strong></span> <span class='ocrx_word' id='word_1_560' title='bbox 1618 3187 1638 3219; x_wconf 92' lang='lat' dir='ltr'><strong>l.</strong></span> <span class='ocrx_word' id='word_1_561' title='bbox 1659 3186 1679 3218; x_wconf 91' lang='lat'><strong>1.</strong></span> <span class='ocrx_word' id='word_1_562' title='bbox 1698 3195 1731 3228; x_wconf 87' lang='lat' dir='ltr'><strong>p.</strong></span> <span class='ocrx_word' id='word_1_563' title='bbox 1753 3187 1792 3218; x_wconf 86' lang='lat'><strong>97</strong></span> <span class='ocrx_word' id='word_1_564' title='bbox 1810 3195 1863 3227; x_wconf 87' lang='lat' dir='ltr'><strong>sq.</strong></span> <span class='ocrx_word' id='word_1_565' title='bbox 1885 3204 1920 3208; x_wconf 90' lang='lat'>—</span> <span class='ocrx_word' id='word_1_566' title='bbox 1946 3185 1999 3216; x_wconf 71' lang='lat'><strong>26.</strong></span> <span class='ocrx_word' id='word_1_567' title='bbox 2017 3184 2102 3216; x_wconf 78' lang='lat' dir='ltr'><strong>Dio-</strong></span> 
     </span>
     <span class='ocr_line' id='line_1_52' title="bbox 333 3233 2099 3283; baseline -0.005 -9"><span class='ocrx_word' id='word_1_568' title='bbox 333 3250 446 3283; x_wconf 68' lang='lat' dir='ltr'><strong>genem</strong></span> <span class='ocrx_word' id='word_1_569' title='bbox 464 3241 488 3272; x_wconf 96' lang='lat' dir='ltr'>O</span> <span class='ocrx_word' id='word_1_570' title='bbox 509 3256 542 3264; x_wconf 91' lang='lat'>—</span> <span class='ocrx_word' id='word_1_571' title='bbox 571 3241 816 3273; x_wconf 72' lang='lat' dir='ltr'><strong>acliadenzicum</strong></span> <span class='ocrx_word' id='word_1_572' title='bbox 833 3243 857 3273; x_wconf 90' lang='lat' dir='ltr'>G</span> <span class='ocrx_word' id='word_1_573' title='bbox 872 3243 897 3275; x_wconf 89' lang='lat' dir='ltr'><strong>R</strong></span> <span class='ocrx_word' id='word_1_574' title='bbox 918 3259 951 3266; x_wconf 88' lang='lat'><strong>—-</strong></span> <span class='ocrx_word' id='word_1_575' title='bbox 979 3242 1032 3274; x_wconf 73' lang='lat'><strong>29.</strong></span> <span class='ocrx_word' id='word_1_576' title='bbox 1058 3240 1152 3272; x_wconf 84' lang='lat' dir='ltr'><strong>scolis</strong></span> <span class='ocrx_word' id='word_1_577' title='bbox 1175 3241 1201 3272; x_wconf 93' lang='lat' dir='ltr'>G</span> <span class='ocrx_word' id='word_1_578' title='bbox 1215 3239 1240 3272; x_wconf 85' lang='lat' dir='ltr'>R</span> <span class='ocrx_word' id='word_1_579' title='bbox 1259 3256 1293 3262; x_wconf 90' lang='lat'><em>—</em></span> <span class='ocrx_word' id='word_1_580' title='bbox 1321 3240 1374 3271; x_wconf 79' lang='lat'><strong>32.</strong></span> <span class='ocrx_word' id='word_1_581' title='bbox 1395 3242 1603 3271; x_wconf 78' lang='lat' dir='ltr'><strong>monomenta</strong></span> <span class='ocrx_word' id='word_1_582' title='bbox 1620 3239 1644 3270; x_wconf 92' lang='lat' dir='ltr'>G</span> <span class='ocrx_word' id='word_1_583' title='bbox 1662 3239 1697 3269; x_wconf 83' lang='lat' dir='ltr'><strong>et</strong></span> <span class='ocrx_word' id='word_1_584' title='bbox 1722 3238 1912 3278; x_wconf 87' lang='lat' dir='ltr'><strong>(superscr.</strong></span> <span class='ocrx_word' id='word_1_585' title='bbox 1931 3243 1980 3266; x_wconf 89' lang='lat' dir='ltr'><strong>rc.</strong></span> <span class='ocrx_word' id='word_1_586' title='bbox 2000 3242 2047 3265; x_wconf 90' lang='lat' dir='ltr'><strong>m.</strong></span> <span class='ocrx_word' id='word_1_587' title='bbox 2065 3233 2099 3274; x_wconf 80' lang='lat' dir='ltr'><strong>u)</strong></span> 
     </span>
    </p>
   </div>
   <div class='ocr_carea' id='block_1_7' title="bbox 334 3291 665 3331">
    <p class='ocr_par' dir='ltr' id='par_1_7' title="bbox 334 3291 665 3331">
     <span class='ocr_line' id='line_1_53' title="bbox 334 3291 665 3331; baseline -0.006 -7"><span class='ocrx_word' id='word_1_588' title='bbox 334 3291 378 3331; x_wconf 83' lang='lat' dir='ltr'><strong>R;</strong></span> <span class='ocrx_word' id='word_1_589' title='bbox 403 3291 604 3324; x_wconf 83' lang='lat' dir='ltr'><strong>monimenta</strong></span> <span class='ocrx_word' id='word_1_590' title='bbox 627 3291 665 3323; x_wconf 91' lang='lat' dir='ltr'><strong>B.</strong></span> 
     </span>
    </p>
   </div>
  </div>
 </body>
</html>
