2249 3624
635 171 723 211 Lm.
746 172 796 211 11.
844 172 940 212 Cu».
963 173 1232 212 xix-xx.
1271 172 1330 225 §§
1355 170 1545 212 iss-so.
1902 170 1981 209 897

218 281 327 322 enim
358 278 408 320 ad
440 275 674 331 pontilicem
709 277 759 316 de.
792 278 878 316 iure
911 279 1113 330 parietum
1147 284 1215 317 aut
1247 291 1448 331 aquarum
1481 283 1553 317 aut
1583 277 1669 316 ullo
1703 277 1871 316 omnino
1903 277 1979 315 nisi

220 356 290 389 eo,
322 340 432 395 quod
464 353 554 379 cum
588 340 791 392 religione
825 342 1092 380 coniunctum
1125 343 1215 380 est?
1278 341 1318 379 lil
1353 347 1490 380 autem
1525 340 1773 393 quantulum
1809 341 1894 378 est!
1931 340 1981 376 de

219 404 369 450 sacris,
401 402 550 449 credo,
582 400 632 442 de
665 403 794 448 votis,
828 403 878 442 de
910 402 1023 442 seriis
1056 409 1095 442 et
1130 403 1179 442 de
1212 402 1443 456 sepulchris
1477 408 1516 440 et
1548 402 1579 440 si
1616 402 1713 454 quid
1749 402 1836 439 eius
1872 402 1980 441 modi

220 473 293 508 est.
354 467 435 507 Cur
464 465 589 518 igitur
618 464 721 504 haec
752 470 863 504 tanta
896 465 1084 509 facimus,
1116 479 1206 504 cum
1241 471 1377 504 cetera
1410 478 1611 517 perparva
1644 466 1739 510 sint,
1773 464 1823 502 de
1856 465 1981 503 sacris

220 535 381 575 autem,
420 528 491 581 qui
523 527 636 566 locus
669 532 781 579 patet
814 527 960 573 latius,
1000 528 1102 567 haee
1136 528 1187 567 sit
1221 541 1299 567 una
1332 528 1566 573 sententia,
1608 534 1651 566 ut
1683 533 1997 565 conserventur.

219 605 382 644 semper
419 596 459 630 et
498 589 697 641 deinceps
728 588 896 628 familiis
930 590 1186 641 prodantur,
1229 596 1288 637 et,
1332 596 1375 629 ut
1407 591 1446 628 in
1482 589 1571 638 lege
1606 590 1745 642 posui,
1780 595 1979 640 perpetua

219 656 300 695 sint
331 649 508 708 [sacra]‘?
577 649 642 689 4-8.
687 648 730 704 [ἦ
757 652 866 690 llaec
899 653 1033 704 posite
1075 653 1176 691 haec
1211 653 1299 691 iura
1332 650 1574 705 pontificum
1607 651 1851 690 auctoritate
1883 664 1982 689 con-

219 723 356 757 secuta
387 719 504 760 sunt,
546 718 591 752 ut
633 726 684 752 ne
729 719 859 752 morte
902 714 1029 766 patris
1070 714 1246 753 familias
1280 728 1491 754 sacrorum
1526 714 1725 753 memoria
1759 714 1981 758 occideret,

219 779 291 825 iis,
336 776 364 829 -Ξ-
387 783 450 817 est
481 789 529 816 ea
560 775 779 822 adiuncta,
821 775 871 814 ad
913 789 1018 828 quos
1051 776 1236 815 ciusdem
1270 782 1402 815 morte
1435 777 1609 829 pecunia
1643 772 1830 826 venenu]
1896 775 1981 813 llnc.

216 853 297 881 uno
329 839 492 893 posito,
534 837 646 891 quod
692 843 755 876 est
794 837 844 876 ad
886 838 1166 890 cognitionem
1210 839 1456 891 disciplinae
1497 839 1622 885 satis,
1664 837 1981 877 innumerabilia

216 907 458 947 nascuntur,
503 900 655 954 quibus
694 899 923 952 implentur
962 900 1063 938 iuris
1103 901 1387 940 consultorum
1431 899 1552 947 lihri;
1614 901 1828 953 quaeritur
1872 901 1981 939 enizn

216 965 289 1018 qui
319 963 635 1015 adstringantur
667 962 808 1001 sacris.
857 962 1069 1001 Heredum
1102 976 1225 1001 eausa
1258 963 1485 1002 iustissima
1519 969 1601 1009 est3
1636 964 1748 1001 nulla
1780 970 1842 1001 est
1874 965 1981 1001 enim

215 1038 422 1080 persona,
468 1037 576 1077 quae
617 1023 667 1064 ad
709 1026 839 1063 vicem
873 1024 990 1071 eius,
1037 1024 1107 1077 qui
1141 1037 1161 1063 e
1196 1026 1276 1064 vita
1309 1026 1549 1077 emigrarit,
1597 1026 1769 1078 propius
1801 1025 1982 1064 accedat.

215 1088 396 1134 Deinde,
429 1087 500 1140 qui
533 1092 665 1127 morte
697 1092 998 1127 testamentove
1031 1088 1118 1126 eius
1152 1087 1409 1127 tantumdem
1443 1088 1577 1140 capiat
1609 1093 1806 1140 quantuni
1841 1102 1983 1126 omnes

216 1150 404 1190 heredes.
466 1148 508 1188 ld
553 1162 722 1202 quoque
765 1148 938 1196 ordine;
988 1155 1050 1188 est
1091 1149 1199 1188 enim
1242 1150 1290 1189 ad
1325 1149 1388 1195 id,
1428 1150 1538 1203 quod
1574 1150 1754 1201 positum
1790 1156 1870 1196 est,
1913 1150 1983 1189 ad-

217 1211 536 1253 commodatum.
596 1212 737 1251 Tertio
770 1211 885 1258 loco,
929 1212 961 1250 si
995 1226 1116 1252 nemo
1149 1213 1202 1251 sit
1233 1212 1374 1257 heres,
1418 1212 1474 1258 is,
1517 1212 1588 1264 qui
1622 1212 1671 1251 de
1705 1213 1843 1257 honis,
1877 1226 1983 1265 quae

217 1275 305 1314 eius
336 1273 513 1320 fuerint,
546 1287 673 1327 quom
707 1274 904 1320 moritur,
936 1288 1012 1313 usu
1045 1275 1204 1327 ceperit
1237 1275 1461 1327 plurimum
1494 1273 1762 1326 possidendo.
1824 1274 1982 1321 Quarto

217 1337 310 1391 qui,
342 1336 376 1376 si
407 1349 530 1375 nemo
563 1337 616 1376 sit
647 1336 719 1389 qui
753 1336 879 1375 ullam
913 1350 999 1375 rem
1031 1337 1208 1389 ceperit,
1241 1337 1292 1377 de
1325 1336 1604 1376 creditoribus
1638 1336 1725 1375 eius
1759 1337 1983 1390 plurimum

219 1405 367 1440 servet.
439 1395 504 1436 49.
544 1399 741 1438 Extrema
775 1398 846 1437 illa
879 1411 1058 1450 persona
1091 1405 1172 1445 est,
1215 1405 1280 1446 ut,
1320 1400 1354 1438 si
1388 1399 1446 1446 is,
1487 1399 1558 1452 qui
1591 1399 1651 1445 ei,
1692 1400 1763 1451 qui
1798 1405 1984 1438 mortuus

216 1461 288 1508 sit,
329 1461 547 1514 pecuniam
589 1460 802 1507 debuerit,
844 1461 998 1501 nemini
1039 1474 1129 1501 eam
1170 1462 1366 1508 solverit,
1405 1462 1583 1515 proinde
1623 1462 1824 1502 habeatur
1864 1463 1983 1516 quasi

216 1535 304 1563 eam
337 1523 556 1576 pecuniam
591 1523 760 1576 ceperit.

327 1586 421 1626 XX.
466 1585 579 1626 Haec
610 1600 708 1638 quae
739 1599 816 1626 nos
848 1599 871 1626 a
903 1586 1103 1626 Scaevola
1135 1586 1379 1634 didicimus,
1422 1601 1506 1627 non
1549 1588 1605 1627 ita
1644 1588 1853 1641 descripta
1891 1595 1987 1628 sunt

216 1649 268 1689 ab
298 1649 498 1702 antiquis.
557 1650 661 1688 Nam
693 1649 752 1688 illi
787 1648 957 1702 quidem
990 1649 1055 1688 his
1087 1650 1225 1688 verbis
1258 1650 1486 1689 docebant:
1528 1650 1660 1690 tribus
1693 1651 1826 1690 modis
1860 1654 1986 1691 sacris

217 1710 510 1763 adstringitur:
543 1711 794 1758 hereditate,
826 1717 897 1752 aut
929 1712 961 1751 si
994 1713 1194 1751 maiorem
1227 1718 1386 1764 partem
1418 1714 1620 1765 pecuniae
1652 1714 1801 1766 capiat,
1833 1721 1903 1752 aut
1936 1712 1985 1767 [si

222 1773 350 1813 maior
391 1785 485 1826 pars
530 1774 733 1826 pecuniae
775 1774 909 1826 legata
953 1772 1028 1827 est]
1077 1774 1110 1814 si
1154 1775 1251 1814 inde
1293 1775 1507 1828 quippiam
1547 1777 1719 1829 ceperit.
1799 1776 1864 1815 50.
1905 1777 1986 1816 Sed

221 1835 464 1889 pontificem
496 1849 735 1889 sequamur.
797 1836 959 1876 Videtis
992 1837 1117 1890 igitur
1149 1838 1289 1877 omnia
1320 1839 1503 1890 pendere
1536 1852 1589 1878 ex
1621 1853 1703 1878 uno
1736 1839 1832 1886 illo,
1875 1840 1987 1892 quod

220 1897 441 1950 pontifices
479 1912 572 1938 cum
612 1899 791 1952 pecunia
824 1912 941 1939 sacra
973 1899 1171 1952 coniungi
1204 1900 1349 1940 volunt
1379 1901 1600 1954 isdemque
1632 1901 1757 1941 ferias
1790 1908 1830 1941 et
1862 1903 1989 1941 caeri-

283 2003 314 2033 4.
331 2003 466 2041 patriae
482 2005 551 2032 tum
575 2002 611 2038 B,
637 2002 786 2041 paritum
810 2002 901 2034 Α’-Ἤ,
923 2006 1087 2042 paratum
1112 2000 1149 2034 ,λ’
1180 2021 1211 2025 —-
1239 2007 1297 2034 aul
1314 2004 1393 2034 lullo
1420 2004 1482 2034 All
1510 2021 1543 2025 —
1573 2005 1634 2034 nisi
1651 2013 1686 2035 eo
1711 2005 1862 2044 Madvig:
1889 2008 1916 2036 si
1932 2016 1990 2047 <³90

220 2052 257 2089 C,
284 2051 347 2083 sed
365 2053 397 2083 in
415 2052 439 2083 B
465 2053 492 2083 si
509 2060 567 2092 eqo
584 2052 669 2091 quod
693 2051 781 2083 linea
808 2051 1001 2088 subducta;
1029 2053 1117 2093 Eryo
1142 2054 1166 2083 O
1192 2071 1234 2075 —-
1258 2055 1288 2084 Q.
1309 2054 1471 2093 releyione
1489 2054 1511 2084 Β
1540 2072 1573 2076 -
1601 2054 1631 2084 3.
1652 2058 1682 2085 et
1699 2056 1735 2086 cle
1751 2056 1927 2095 sepitis-liris
1946 2059 1987 2087 (11

219 2101 257 2132 de
279 2101 434 2141 sepulcris
457 2102 481 2132 O
510 2119 543 2124 -—
571 2101 601 2133 4.
630 2101 762 2132 litteras
787 2110 848 2132 cur
872 2103 905 2142 ig]
928 2103 955 2133 Α
980 2102 1011 2133 in
1039 2111 1106 2134 ras.
1134 2102 1241 2133 hahet
1269 2121 1302 2125 —
1330 2105 1361 2134 5.
1386 2106 1627 2134 conseruantw·
1644 2105 1666 2134 B
1698 2122 1729 2126 —
1758 2106 1787 2136 6.
1808 2115 1933 2144 semper
1951 2108 1989 2148 et]

218 2155 316 2183 semet
339 2152 363 2183 C
398 2168 433 2173 —
468 2151 499 2182 7.
526 2160 626 2182 sacra
649 2160 712 2182 nos
739 2150 944 2183 inclusimus
970 2169 1005 2174 —
1032 2153 1111 2183 haec
1133 2153 1237 2191 posite
1260 2153 1334 2189 ΑΗ,
1362 2162 1432 2184 om.
1460 2154 1496 2189 Β,
1524 2154 1589 2184 Hoc
1607 2155 1714 2193 posim
1739 2156 1775 2187 Ο,
1801 2156 1879 2187 haee
1900 2160 1992 2195 poni!

221 2199 305 2240 (scil.
326 2200 460 2238 Cicero)
486 2203 516 2231 et
540 2200 690 2234 Vahlen:
724 2201 832 2232 verba
860 2201 990 2233 inclusa
1022 2203 1138 2242 spuria
1171 2211 1250 2233 esse
1276 2202 1442 2234 intellexit
1467 2203 1603 2242 Madvig
1628 2204 1755 2244 Opuse.
1784 2206 1821 2239 ΙΙ.
1850 2208 1922 2238 454,
1954 2226 1987 2230 -

220 2250 252 2282 8.
278 2259 371 2282 nemo
395 2253 424 2281 te
448 2248 525 2281 B¹H
561 2269 604 2274 —
642 2251 673 2282 9.
698 2255 743 2282 est
767 2261 806 2282 ea
831 2248 867 2282 Β1
884 2253 930 2282 H:
966 2256 1044 2283 esset
1068 2261 1107 2282 ea
1139 2253 1188 2287 132,
1221 2256 1323 2283 essent
1348 2262 1387 2283 ea
1412 2254 1455 2289 Ος
1490 2254 1530 2284 iis
1553 2257 1631 2284 esset
1656 2263 1693 2284 ea
1718 2254 1868 2285 destinata
1894 2256 1935 2287 Α2
1958 2259 1989 2288 in

221 2307 359 2337 rasura;
398 2298 626 2340 interpolator
649 2301 688 2331 iis
711 2305 786 2331 sune
809 2310 848 2332 ea
872 2302 1029 2332 adiuncta
1055 2301 1194 2333 videtur
1218 2303 1375 2342 posuisse
1414 2320 1448 2324 -—
1487 2303 1645 2334 adiuncta
1670 2304 1693 2334 B
1720 2304 1800 2336 add.
1828 2314 1904 2345 sup.
1933 2306 1989 2338 lin.

221 2349 373 2381 deuincta
388 2349 443 2380 vel
461 2350 614 2381 deiuncta
640 2369 675 2373 —
702 2351 753 2381 40.
774 2355 819 2382 est
836 2352 1037 2392 amisionem
1056 2353 1078 2382 B
1107 2370 1141 2374 —
1171 2353 1221 2383 lt.
1240 2352 1332 2382 libris
1351 2353 1385 2382 Β1
1413 2370 1446 2373 -
1475 2353 1649 2391 quaeritur·
1674 2354 1827 2391 Madvig:
1856 2365 1992 2394 queren-

223 2402 278 2430 tur
294 2400 332 2435 Α,
353 2402 561 2438 quaeruntur
578 2400 688 2438 ΒΗΟ,
716 2405 879 2440 quaerunt
904 2402 960 2432 ed.
977 2402 1069 2433 Crat.
1098 2401 1217 2440 «Quod
1236 2402 1350 2432 editur
1369 2411 1512 2442 pravam
1532 2402 1638 2433 habet
1656 2406 1865 2435 sententiam
1880 2416 1893 2435 :⁷
1914 2416 1989 2438 man

222 2448 311 2480 sucht
323 2449 432 2487 Lente,
450 2449 500 2480 die
516 2458 561 2480 an
577 2450 628 2481 die
646 2450 745 2490 Opfer
759 2451 927 2491 geburzden
944 2453 1075 2482 werden
1090 2452 1236 2484 ko'nnem
1257 2451 1364 2482 credo
1382 2460 1398 2480 a
1420 2453 1589 2483 Cicerone
1608 2454 1776 2493 scriptum
1797 2464 1874 2485 esse
1893 2466 1990 2495 quae-

222 2499 310 2530 ritur
325 2500 411 2530 eni-m
427 2501 510 2530 etc.:
529 2509 561 2531 es
576 2500 711 2531 entstelac
725 2501 867 2531 namlich
884 2502 935 2532 die
953 2502 1072 2542 Frage,
1090 2510 1160 2532 wer
1177 2511 1219 2531 an
1238 2502 1289 2532 die
1307 2501 1405 2540 Opfer
1421 2503 1586 2541 qebunden
1606 2503 1679 2532 ist.»
1707 2504 1849 2535 Marivm.
1873 2524 1905 2528 —-
1939 2509 1987 2539 12.

223 2548 457 2589 astrinyanlur
472 2547 524 2586 A¹‚
543 2551 776 2590 astringuntur
792 2551 876 2588 A2B‚
895 2552 975 2591 quia
992 2552 1197 2582 sti-ineantur
1215 2551 1240 2581 Η
1263 2568 1294 2572 -
1317 2551 1368 2581 [13.
1388 2553 1432 2582 ad
1448 2552 1587 2582 iudicem
1604 2550 1640 2583 B¹
1654 2553 1679 2583 ll
1702 2569 1734 2574 —
1763 2555 1886 2591 quiezcil
1905 2556 1929 2586 ll
1950 2575 1991 2580 —

223 2599 402 2638 emiyraret
425 2596 474 2636 13¹,
501 2600 673 2640 εηιίρνανίἰ
697 2600 737 2633 Η,
763 2601 936 2640 emigrari!
959 2602 998 2635 A,
1025 2601 1088 2632 sed
1113 2602 1156 2631 ri!
1180 2602 1211 2632 in
1239 2610 1307 2631 ras.
1337 2619 1371 2623 —
1395 2603 1570 2640 propimis
1593 2604 1619 2633 A.
1648 2620 1681 2624 —
1720 2603 1769 2634 tsi.
1798 2605 1852 2642 qui
1876 2607 1990 2647 morte]

224 2656 288 2687 quo
309 2651 418 2679 moute
442 2647 506 2687 (vel
524 2650 650 2687 morire]
676 2652 716 2686 A,
743 2659 806 2688 qm>
822 2654 924 2681 morlo
951 2651 990 2689 ll,
1017 2660 1080 2690 quo
1096 2652 1181 2681 mori
1199 2655 1227 2682 et
1252 2652 1275 2681 B
1303 2667 1338 2672 —
1365 2654 1556 2682 testamento
1580 2654 1606 2682 A
1631 2660 1706 2692 sup.
1729 2652 1784 2683 lin.
1806 2663 1855 2694 pr.
1878 2664 1922 2686 m.
1955 2675 1987 2678 —

225 2698 350 2737 capital
372 2699 398 2729 A
418 2716 452 2720 —
481 2699 532 2730 45.
546 2700 691 2738 positum
709 2700 885 2731 Davisius:
911 2701 1073 2739 prositum
1091 2703 1130 2738 Α,
1154 2701 1358 2740 propositum
1377 2701 1472 2731 BHO
1499 2718 1533 2723 —
1564 2701 1614 2732 ts).
1633 2702 1659 2731 si
1677 2711 1745 2733 om.
1764 2704 1786 2734 B
1808 2720 1841 2726 —
1863 2706 1993 2737 heredes

223 2747 252 2777 is
274 2748 330 2786 qui
353 2747 391 2778 de
413 2747 546 2788 bonisq,·
570 2749 638 2780 eius
670 2749 696 2780 H
735 2765 770 2771 -
810 2750 861 2780 1¹7.
888 2759 963 2780 cvm
986 2751 1140 2789 moritur,
1165 2760 1227 2781 usu
1250 2750 1451 2781 Turnebus:
1479 2753 1722 2789 quomrum-ism·
1746 2754 1771 2782 is
1794 2758 1830 2785 ut
1856 2758 1891 2791 Α,
1919 2766 1992 2786 cnm

224 2799 406 2828 moriturus
427 2801 463 2828 ut
487 2798 509 2829 B
526 2799 552 2829 H
591 2817 625 2822 —
663 2800 804 2838 coeperit
827 2802 866 2838 A,
891 2801 1013 2841 ceperit
1039 2801 1063 2831 ll
1104 2818 1138 2822 —-
1178 2802 1228 2832 48.
1257 2802 1324 2839 qui.
1351 2802 1377 2830 si
1402 2801 1574 2831 Goerenz:
1609 2802 1635 2831 si
1661 2802 1716 2840 qui
1742 2804 1785 2834 C:
1821 2805 1991 2837 editiones

226 2847 282 2886 qui
311 2849 390 2878 ante
419 2848 602 2887 plurimum
632 2849 765 2880 habent
807 2867 839 2872 —
882 2842 1023 2889 coeperit
1053 2851 1134 2886 AB.
1173 2853 1207 2881 et
1237 2851 1285 2881 sic
1318 2849 1526 2890 plerumque
1553 2850 1719 2891 deinceps
1762 2870 1796 2875 —
1839 2855 1889 2885 ⁴19.
1917 2857 1942 2886 si
1968 2859 1994 2888 is

226 2896 287 2936 (his
303 2897 341 2935 Η)
366 2898 423 2936 qui
447 2898 492 2929 C:
529 2898 555 2928 si
580 2899 636 2938 qui
660 2900 684 2929 O
726 2916 761 2920 —
802 2899 853 2930 ΞΟ.
880 2900 1003 2931 nemini
1027 2909 1106 2931 nos:
1143 2901 1264 2931 nemini
1289 2901 1344 2938 qui
1370 2901 1414 2933 C.
1444 2901 1629 2939 neminique
1653 2902 1748 2932 editt.
1788 2920 1822 2925 --
1858 2907 1993 2943 perinde

227 2945 397 2977 Victorius
430 2964 464 2968 —
502 2948 554 2979 22.
581 2956 666 2987 quae
690 2957 752 2979 nos
778 2948 975 2980 addidimus
1003 2967 1036 2972 —
1065 2950 1226 2989 descripta
1251 2953 1325 2979 sunt
1348 2951 1374 2980 A
1401 2952 1483 2988 (sunt
1508 2958 1571 2989 per
1595 2952 1856 2992 compendium)
1883 2957 1916 2985 et
1940 2954 1989 2991 132¹,

228 2993 407 3034 descriptas
431 2996 470 3034 Η,
496 2997 666 3037 descriptis
691 2995 745 3035 13¹3
771 2998 935 3037 descripta
959 3000 984 3030 O
1013 3017 1045 3021 —
1082 2999 1134 3031 224.
1161 3000 1382 3038 adstringyilw·
1404 3000 1541 3038 scripsi:
1572 3000 1762 3040 adslrinyi*
1787 3005 1824 3038 Α,
1851 3005 1993 3036 adstrin-

228 3044 276 3084 952
299 3041 390 3083 3¹11,
415 3046 578 3087 adstrinyi
604 3046 679 3078 1320
707 3065 741 3070 —
776 3048 943 3079 maiorum
962 3052 1060 3088 parte
1091 3049 1135 3082 ll:
1171 3052 1299 3089 partem
1321 3049 1480 3087 pecuniae
1502 3050 1613 3086 capiat
1639 3054 1696 3080 au!
1720 3052 1746 3081 si
1771 3054 1879 3082 maior
1899 3063 1990 3091 pars.

231 3101 321 3133 quae
345 3096 369 3126 B
396 3095 428 3126 in
453 3094 528 3127 loco
554 3105 655 3128 eraso
681 3105 765 3134 om.‚
792 3096 950 3137 suppleta
976 3100 1056 3129 sunt
1080 3099 1111 3129 in
1132 3107 1240 3137 marg.
1273 3116 1305 3120 —
1336 3099 1386 3128 25.
1413 3098 1522 3137 legata
1544 3100 1583 3129 sic
1609 3100 1716 3131 Bake:
1745 3110 1808 3131 nos
1832 3104 1912 3131 si--
1929 3104 1991 3143 leq.

231 3146 276 3174 est
300 3152 380 3175 cum
398 3145 547 3176 Christio
572 3145 777 3178 inclusimus
804 3164 838 3169 -
867 3148 1037 3187 quidpiam
1061 3149 1085 3179 O
1112 3165 1143 3169 —-
1174 3149 1226 3179 26.
1247 3146 1364 3178 malim
1386 3148 1566 3187 pontifices,
1593 3157 1671 3179 cum
1699 3148 1798 3180 lectio
1824 3149 1991 3184 liin-nrum

233 3200 274 3223 ex
293 3195 445 3235 pontifice
457 3203 636 3234 sequamur
659 3198 733 3227 orta
758 3195 917 3227 videatur
944 3215 978 3219 —
1004 3198 1056 3228 27.
1075 3198 1243 3237 pontifices
1259 3206 1331 3227 eum
1346 3198 1487 3235 pecunia
1503 3205 1601 3228 saer-a
1627 3198 1778 3237 Madvig:
1803 3202 1993 3240 pontificium

229 3244 371 3280 pecunia
403 3244 558 3284 (pecunia
579 3247 658 3285 AB)
689 3254 786 3277 sacro
811 3245 847 3283 C,
881 3247 944 3278 sed
969 3249 994 3277 A
1022 3256 1071 3287 pr.
1100 3255 1190 3277 man.
1218 3256 1334 3277 sacra:
1370 3246 1538 3285 pontifices
1556 3249 1733 3286 pecuniam
1759 3251 1860 3280 sacris
1893 3252 1916 3281 O
1956 3269 1989 3273 —

211 3317 213 3319 .
234 3294 400 3334 cunqunyi
423 3295 451 3326 H
487 3312 523 3317 —
564 3296 741 3335 iisdemque
763 3296 788 3328 O
814 3313 849 3318 —
875 3295 988 3336 ferias]
1013 3296 1205 3328 hereditates
1228 3297 1436 3327 Mommsen.

307 3352 426 3384 Cietae
448 3354 483 3385 T.
500 3355 550 3386 lv,
1658 3361 1710 3401 57

2002 849 2033 874 10

2004 1159 2034 1186 15

2001 1471 2036 1498 ΞΟ

2001 1782 2037 1810 ⁶25
