2249 3624
24 303 29 357 b..
26 217 29 291 ᾑᾼ---
26 182 30 202 ...
27 137 31 168 ,,,
27 117 30 121 .
27 0 35 106 ᾼὴή

882 241 1222 282 FRAGMENTA.
1849 234 1929 277 967

179 349 299 390 XXV.
338 360 384 386 ηε
415 358 657 386 nfflrixonrn
686 357 801 384 CAUSA
830 351 967 384 contra
1000 347 1316 393 Iuteramnates3
1359 358 1395 383 a.
1425 348 1508 384 700.
1543 358 1581 396 p.
1614 346 1657 384 U.
1686 358 1720 384 c.
1754 344 1817 394 (ad
1849 346 1925 382 Att.

274 411 298 449 l.
329 411 391 450 IV.
419 422 482 460 ep.
513 410 592 452 15.)

178 474 314 513 XXVI.
344 472 496 511 XXVII.
539 482 866 509 PROM.SA['F1·310
942 471 1055 508 lIunc
1097 471 1270 520 primum
1314 469 1403 520 lego
1444 472 1663 522 Pompeia,
1708 483 1802 508 mox
1841 469 1930 519 lege

274 534 424 574 Plautia
453 534 503 572 de
533 534 568 571 x‘i
598 532 792 571 defendit.
851 534 1044 582 (Ascon.
1076 533 1114 571 in
1140 532 1295 581 Milon.)

176 598 344 639 Xxvlll.
383 610 455 635 rao
483 608 722 634 seminum).
756 597 840 647 (pro
870 595 1028 633 (Iluont.
1061 608 1095 633 c.
1129 595 1186 633 17.
1218 597 1324 647 sqq.)
1945 597 1963 625 5

179 661 318 700 XXIX.
349 661 471 698 XXX.
512 672 584 697 rixo
613 671 786 705 Tin-:mnu
818 671 853 696 a.
884 658 970 696 505.
1001 671 1040 709 p.
1074 659 1116 696 U.
1148 670 1181 696 e.
1215 659 1299 709 (pro
1330 658 1473 697 Flacco
1503 659 1583 705 39.)

177 722 315 763 XXXI.
356 735 428 760 ruo
457 733 639 760 Tl'rlxxn.
671 722 792 770 (Brut.
823 732 858 758 c.
888 720 963 770 60.)

177 785 332 824 XXXII.
374 797 446 822 pn«)
476 796 640 821 ‹IAEsAnE
669 794 843 821 vorisco.
903 782 1084 834 (Philipp.
1116 783 1178 821 XI.
1209 795 1240 821 c.
1269 784 1323 827 5.)

177 848 349 887 XXXIII.
395 859 584 885 Lunum
613 858 794 885 Ft‘NElinls
824 844 890 883 lilii
919 845 1082 884 Serrani
1111 846 1343 884 Doiuestici.
1383 846 1464 895 (Ad
1485 846 1531 892 Q.
1553 845 1715 883 fratrem
1736 844 1802 882 III.
1823 844 1858 891 8,
1879 843 1932 887 4.)

177 911 350 949 XXXIV.
390 922 422 947 SI
450 922 523 948 ami
552 921 585 947 P.
618 920 778 947 CLODIUS
815 919 969 946 LEGIBUS
1006 920 1328 947 INTERROGASSET.
1395 907 1619 958 (Scholia
1658 906 1984 945 Bobiensiaw

275 972 326 1011 ad
357 972 467 1011 Orat.
498 984 539 1023 p.
571 970 657 1009 red.
684 971 724 1008 in
753 982 839 1008 son.
870 983 908 1022 p.
945 970 1030 1009 243.
1060 969 1134 1008 Ed.
1165 976 1342 1009 nostrae.
1407 972 1496 1009 Fuit
1524 970 1666 1021 procul
1704 968 1827 1007 dubio
1857 967 1932 1006 de—

275 1033 585 1074 clamatiuncula
612 1032 843 1072 subditicia.
901 1033 978 1071 «Ea
1008 1026 1169 1071 videtur
1197 1038 1289 1084 post
1317 1039 1487 1072 mortem
1516 1033 1602 1071 eius
1630 1032 1856 1080 inventam)

646 1122 713 1163 EX
746 1122 1140 1164 COMMENTARHS
1173 1121 1466 1164 CAUSARUM.

276 1192 417 1231 Cicero
446 1202 677 1239 causarum,
709 1202 810 1241 quas
839 1196 1004 1228 acturus
1032 1194 1133 1235 erat,
1163 1190 1476 1228 commentarios
1502 1189 1683 1227 scribere
1703 1200 1933 1227 consueve-

178 1259 238 1293 rat
265 1256 315 1301 (v.
338 1257 379 1291 de
399 1254 532 1291 Senecc.
557 1266 590 1290 c..
616 1254 673 1291 11.
694 1252 893 1290 Asconius
921 1252 1020 1291 Bait.
1047 1264 1085 1303 p.
1109 1252 1201 1302 87.).
1256 1253 1368 1298 Quas
1406 1257 1541 1290 autem
1581 1252 1799 1297 orationes,
1841 1263 1984 1290 cum⁴5

178 1315 401 1364 habuisset,
431 1316 605 1355 maxime
633 1314 849 1366 probabat,
878 1320 1021 1364 postea
1052 1314 1290 1353 emendatas
1317 1313 1476 1353 solebat
1504 1313 1643 1361 edere,
1674 1314 1808 1351 minus
1835 1325 1934 1364 pro—

177 1378 292 1418 batas
334 1379 374 1417 iu
421 1378 723 1417 commentariis
771 1377 1029 1428 imperfectas
1078 1376 1324 1428 relinquere.
1382 1378 1526 1415 Nossssa.
1611 1376 1668 1415 Cf.
1700 1375 1932 1422 Quintilian.

178 1447 214 1490 4,
245 1442 277 1490 1,
307 1443 368 1480 69.
424 1440 634 1492 Spalding.
665 1440 706 1478 T.
737 1440 773 1478 2.
804 1452 844 1490 p.
874 1440 932 1478 52.
990 1438 1152 1477 Ellendt
1179 1440 1219 1477 in
1246 1441 1401 1477 Bruto
1431 1452 1470 1490 p.
1500 1439 1617 1477 XCII.

281 1505 314 1541 l.
358 1502 431 1553 (Ad
458 1505 603 1542 Aecus.
630 1503 675 1540 II.
705 1502 746 1540 in
774 1503 888 1540 Verr.
919 1501 943 1540 l.
973 1503 1033 1540 ΙΙΙ.
1064 1514 1099 1540 o.
1131 1502 1204 1551 33.)
1272 1504 1435 1539 Dimidio
1472 1505 1609 1550 pluris,
1641 1505 1680 1538 icl
1712 1508 1781 1544 est,
1811 1503 1934 1548 duplo.

181 1566 261 1606 Cic.
294 1566 521 1606 Comment.
551 1569 592 1602 de
620 1568 775 1602 decumis
811 1567 1082 1602 Herbitensium
1106 1578 1171 1612 per
1195 1568 1411 1607 triennium,
1457 1578 1536 1603 cum
1574 1568 1694 1612 pre'mo
1728 1577 1822 1601 anno
1847 1578 1936 1601 ven-
1949 1575 1987 1605 20

179 1632 273 1666 ditas
299 1632 397 1666 dicat
426 1632 539 1665 trilici
564 1632 724 1665 mediam
749 1630 870 1666 XLIV
912 1631 1079 1670 militnm,
1115 1632 1266 1665 secundo
1304 1631 1418 1665 trilici
1452 1631 1612 1664 mediam
1648 1626 1760 1665 XXV.
1791 1630 1938 1664 milibus

179 1692 332 1734 DCCC„
369 1704 464 1728 αηηο
504 1695 607 1728 terlio
645 1705 757 1739 snpra
799 1694 972 1728 adiciente
1009 1693 1222 1728 Aeschrione
1253 1694 1416 1728 venditas
1453 1689 1549 1728 dicit
1586 1693 1801 1727 medimnum
1836 1691 1934 1729 VIII.

179 1757 324 1791 milibus
352 1762 502 1796 centum,
537 1758 572 1790 ici
591 1761 653 1800 est,
685 1757 843 1790 moclieim
861 1755 1032 1791 XLI'III.
1056 1756 1201 1790 milibus
1221 1754 1310 1795 DC..
1333 1756 1444 1800 dupla
1470 1767 1613 1790 summa
1640 1757 1729 1790 anni
1752 1756 1936 1800 proximi.-

183 1815 383 1856 addicitur
422 1816 670 1854 medimnum
699 1817 793 1854 VIII.
826 1816 989 1854 milibus
1018 1816 1062 1865 C,
1093 1815 1258 1854 dimidio
1293 1816 1377 1854 fere
1404 1815 1548 1867 pluris,
1579 1828 1701 1867 quam
1730 1828 1835 1854 anno
1866 1828 1938 1854 su-

186 1880 356 1931 periore.
413 1879 702 1926 (Arusianus
730 1891 767 1916 v.
797 1879 968 1916 Dimidio
996 1892 1035 1929 p.
1067 1879 1150 1917 223.
1181 1877 1310 1928 Lind.)
1953 1887 1990 1916 325

280 1943 316 1981 2.
363 1942 403 1991 (E
424 1940 526 1979 libro
548 1942 661 1990 XIII)
709 1942 765 1979 Re
786 1941 963 1988 vendita,
985 1941 1132 1979 iterum
1162 1946 1310 1992 empta.
1362 1940 1509 1990 (Diom
1525 1952 1545 1978 e
1561 1940 1648 1979 des
1675 1940 1700 1978 l.
1720 1941 1747 1979 Ι.
1770 1952 1809 1991 p.
1832 1941 1940 1989 365.)

279 2005 314 2043 3.
359 2004 429 2053 (Ex
461 2004 772 2042 Commentariis
801 2016 1016 2042 causarum
1044 2016 1118 2054 pro
1147 2002 1343 2052 Gabinio).
1412 2003 1496 2052 Ego
1538 2015 1629 2040 cum
1667 2015 1808 2041 omnes
1836 2003 1940 2040 ami-

183 2067 294 2106 citias
329 2066 503 2105 tuendas
534 2078 698 2116 semper
732 2066 868 2117 putavi
899 2078 1055 2104 summa
1094 2065 1286 2115 religione
1326 2070 1365 2102 ot
1393 2063 1496 2113 fide,
1536 2071 1620 2103 tum
1650 2077 1719 2104 eas
1748 2066 1937 2114 maxime,

184 2141 287 2180 quae
319 2135 458 2167 essent
486 2141 537 2166 ex
563 2129 779 2166 inimicitiis
817 2134 1032 2167 rex-ocatae
1068 2129 1106 2166 in
1141 2128 1330 2176 gratiani:
1367 2132 1587 2179 propterea
1622 2127 1732 2178 quod
1772 2127 1939 2177 integris

184 2191 366 2230 amicitiis
394 2191 567 2229 officium
598 2191 934 2242 praetermissum
972 2189 1291 2241 imprudentiae,
1322 2189 1400 2237 vel,
1430 2196 1474 2227 ut
1500 2190 1662 2239 gravius
1691 2190 1939 2240 interprete-
1953 2198 1991 2227 30

184 2265 285 2302 mur,
315 2253 586 2304 negligentiae
616 2253 878 2291 excusatione
909 2251 1159 2290 defenditur:
1191 2257 1284 2302 post
1312 2251 1486 2290 reditum
1515 2253 1553 2290 in
1582 2253 1751 2301 gratiam
1781 2252 1811 2290 si
1842 2250 1938 2302 quid

186 2322 247 2354 est
274 2316 556 2365 commissum,
586 2314 626 2353 id
654 2328 733 2353 non
764 2315 1008 2363 neglectum,
1046 2313 1120 2351 sed
1148 2314 1338 2352 violatum
1375 2319 1555 2365 putatur,
1595 2326 1671 2352 nee
1698 2313 1940 2364 impruden-

186 2378 278 2427 tiae,
300 2377 374 2416 sed
403 2377 598 2429 perfidiae
626 2378 824 2428 assignari
857 2377 972 2415 solet.
1031 2377 1250 2427 (Hierony
1263 2388 1365 2414 mus
1386 2376 1502 2426 Apol.
1525 2376 1577 2415 ad
1596 2376 1783 2414 Rufinum
1804 2376 1887 2414 Lib.
1910 2376 1937 2414 1.

187 2440 291 2491 Opp.
323 2442 364 2479 T.
396 2441 440 2479 II.
469 2452 509 2491 p.
543 2441 626 2480 134.
657 2439 722 2478 ed.
760 2441 941 2478 Francos.
981 2440 1023 2477 T.
1053 2440 1114 2477 IV.
1146 2451 1186 2489 p.
1217 2439 1302 2477 351.
1342 2437 1414 2477 Ed.
1443 2437 1593 2476 Bened.
1634 2439 1676 2476 T.
1708 2439 1751 2476 ΙΙ.
1782 2450 1821 2489 p.
1852 2438 1935 2477 469.

187 2502 378 2551 Vallars.)
1955 2510 1991 2539 35

271 2630 323 2660 25.
356 2630 480 2660 Totum
504 2627 618 2660 locum
645 2628 829 2659 emendavi
855 2637 946 2659 nunc
970 2628 1094 2668 partim
1114 2637 1131 2659 e
1149 2628 1307 2668 Zumptio
1325 2628 1421 2658 Verr.
1444 2636 1476 2667 p.
1496 2627 1586 2664 498,
1613 2627 1736 2667 partim
1754 2636 1796 2658 ex
1815 2627 1940 2659 Linde-

187 2686 314 2710 manno
340 2688 372 2719 p.
400 2679 472 2710 223.
522 2680 610 2716 Iam,
638 2687 716 2709 cum
743 2677 859 2715 codd,
886 2678 991 2709 etiam
1016 2678 1118 2716 Gud,
1144 2678 1193 2708 sic
1219 2676 1389 2708 habeant:
1425 2677 1491 2708 Cic.
1519 2677 1692 2708 Commeat.
1720 2684 1782 2716 pro
1807 2677 1881 2707 Maii
1908 2679 1942 2708 et

187 2728 351 2768 Zumptii:
381 2729 446 2759 Cic.
474 2728 505 2758 in
527 2728 768 2767 frumenlaria.
801 2729 834 2757 et
859 2728 1015 2758 Lindem.
1043 2728 1106 2758 Cic.
1136 2729 1168 2757 ιἰι
1198 2728 1448 2763 Frumentaria,
1481 2729 1651 2756 comment.
1684 2725 1791 2756 verba
1822 2729 1941 2758 autem

188 2777 601 2817 addtcitur--superiore
625 2786 664 2807 ex
687 2780 809 2808 Act-us.
837 2777 889 2807 111.
918 2777 970 2814 133,
997 2777 1048 2807 77.
1076 2777 1261 2815 desumpta
1294 2777 1378 2812 sint,
1413 2774 1627 2815 probabilius
1658 2774 1796 2805 videtur
1826 2776 1939 2815 pri0ra

188 2826 225 2856 de
241 2826 381 2857 decumis
397 2844 413 2848 -
432 2844 449 2848 —
466 2828 545 2857 anni
559 2827 706 2866 prorimi
723 2825 767 2855 ab
784 2826 953 2856 Arusiano
975 2827 1049 2866 ipso
1068 2827 1099 2857 in
1119 2827 1295 2866 epitomen
1315 2825 1455 2856 redacta
1473 2833 1551 2855 esse
1567 2833 1608 2854 ex
1622 2826 1707 2855 orat.
1724 2824 1938 2864 g§.75-77.,

189 2882 292 2914 quam
317 2878 353 2907 ut
377 2884 456 2907 eum
487 2876 676 2907 Niebnhrio
701 2875 744 2906 ad
772 2876 905 2914 Fragm.
938 2877 1030 2906 Orat.
1057 2878 1091 2907 et
1115 2875 1251 2907 Nobbio
1282 2875 1325 2906 ad
1351 2875 1607 2906 Commentarios
1637 2882 1817 2905 causarum
1847 2874 1939 2905 rete-

190 2932 318 2957 ramus.
365 2928 423 2958 On.
