2249 3624
762 574 815 630 M.
854 574 1037 630 'nitu
1078 572 1381 631 (mamis

341 720 1046 778 TUSCULANARUM
1088 718 1793 780 niSPU'rATioNUM

879 869 947 907 At)
981 869 1031 908 M.
1066 869 1280 908 BRUTUM

799 995 1004 1043 LIBER,
1033 995 1352 1058 QUINTUS.

303 1309 331 1346 l.
371 1304 400 1345 1.
445 1307 625 1355 Quintus
664 1306 729 1345 hic
768 1306 876 1352 dies,
915 1307 1061 1354 Brute,
1103 1304 1224 1345 tinem
1258 1306 1379 1346 faciet
1409 1306 1741 1345 Tusculanarum
1774 1307 1959 1358 disputa-

191 1372 371 1417 tionum,
413 1384 498 1422 quo
537 1369 604 1407 die
646 1376 707 1408 est
748 1382 771 1408 a
811 1370 931 1408 nobis
970 1382 1018 1408 ea
1057 1369 1106 1407 de
1140 1382 1205 1414 re,
1238 1382 1361 1421 quam
1396 1374 1438 1408 tu
1470 1381 1521 1407 ex
1554 1368 1745 1407 omnibus
1778 1370 1957 1407 maxime

191 1433 358 1487 probas,
400 1432 671 1484 disputatum.
727 1432 894 1471 Placere
937 1432 1046 1470 enim
1088 1431 1159 1470 tibi
1200 1430 1422 1470 admodum
1461 1432 1571 1470 sensi
1604 1437 1643 1469 et
1675 1443 1724 1469 ex
1758 1444 1808 1469 eo
1841 1431 1957 1475 libro,

191 1509 313 1549 quem
348 1495 397 1534 ad
432 1508 495 1533 me
527 1494 840 1533 accuratissime
873 1494 1095 1546 scripsisti,
1136 1499 1176 1533 et
1212 1507 1263 1533 ex
1297 1494 1437 1533 multis
1469 1493 1732 1532 sermonibus
1764 1492 1847 1531 tuis
1879 1493 1958 1531 vir-

190 1565 314 1599 tutem
349 1559 400 1598 ad
432 1558 552 1597 beate
585 1556 809 1595 vivendum
842 1569 886 1595 se
918 1556 1006 1608 ipsa
1038 1570 1129 1595 esse
1160 1562 1411 1595 contentam.
1459 1556 1581 1604 Quod
1604 1555 1682 1595 etsi
1705 1554 1874 1593 difficile
1898 1560 1960 1593 est
1984 1574 2001 1600 5

191 1622 364 1675 probatu
405 1625 571 1674 propter
616 1624 696 1658 tam
730 1619 842 1658 varia
874 1624 913 1657 et
946 1624 1026 1657 tam
1060 1619 1185 1658 multa
1219 1624 1424 1658 tormenta
1456 1617 1664 1663 fortunae,
1706 1617 1787 1657 tale
1821 1624 1957 1657 tamen

192 1690 275 1732 est,
306 1691 349 1723 ut
382 1682 681 1723 elaborandum
714 1683 767 1721 sit
800 1695 882 1735 quo
914 1681 1079 1720 facilius
1113 1681 1332 1734 probetur3
1378 1681 1481 1720 nihil
1520 1686 1582 1719 est
1614 1680 1722 1719 enim
1757 1681 1957 1727 omnium,

190 1760 294 1799 quae
326 1746 368 1785 in
409 1744 677 1798 philosophia
709 1750 955 1789 tractantur,
987 1743 1099 1796 quod
1131 1744 1299 1795 gravius
1333 1742 1753 1795 magnificentiusque
1786 1743 1957 1782 dicatur.

191 1809 226 1849 Ξ.
260 1811 360 1848 Nam
393 1822 483 1848 cum
517 1821 563 1847 ea
596 1820 721 1846 causa
753 1807 965 1858 impulerit
997 1820 1088 1852 eos,
1132 1807 1202 1859 qui
1238 1807 1357 1859 primi
1390 1820 1433 1845 se
1467 1806 1516 1844 ad
1550 1805 1840 1858 philosophiae
1875 1810 1959 1845 stu-

190 1872 303 1911 dium
336 1871 626 1916 contulerunt‚
657 1877 701 1908 ut
732 1870 925 1908 omnibus
959 1870 1080 1907 rebus
1115 1869 1360 1921 posthabitis
1394 1873 1502 1908 totos
1526 1882 1568 1907 se
1592 1869 1634 1906 in
1657 1875 1827 1921 optumo
1850 1869 2011 1912 vitaeio

189 1940 297 1974 statu
339 1931 598 1985 exquirendo
637 1933 917 1978 conlocarent,
962 1932 1145 1985 profecto
1186 1946 1259 1985 spe
1298 1934 1416 1972 beate
1448 1932 1614 1972 vivendi
1648 1938 1803 1971 tantam
1834 1932 1874 1970 in
1908 1944 1957 1970 eo

191 1995 327 2036 studio
361 2008 500 2034 curam
533 2008 789 2046 operamque
829 2002 1070 2046 posuerunt.
1118 1995 1240 2042 Quod
1274 1997 1306 2034 si
1339 1996 1388 2034 ab
1421 1996 1470 2035 iis
1503 1995 1670 2033 inventa
1704 2000 1745 2032 et
1778 1993 1959 2045 perfecta

191 2061 320 2100 virtus
353 2064 415 2097 est
447 2064 487 2096 et
517 2058 548 2096 si
583 2057 778 2109 praesidii
810 2058 861 2096 ad
893 2059 1012 2096 beate
1044 2058 1266 2096 vivendum
1298 2058 1339 2096 in
1364 2059 1511 2097 virtute
1544 2058 1642 2096 satis
1667 2063 1746 2103 est,
1779 2057 1874 2109 quis
1898 2062 1961 2095 est

191 2123 260 2175 qui
292 2134 373 2160 non
406 2119 614 2172 praeclare
647 2125 687 2157 et
717 2119 767 2158 ab
799 2119 882 2158 illis
917 2122 1093 2172 positam
1127 2126 1166 2159 et
1197 2134 1218 2159 a
1252 2121 1372 2159 nobis
1406 2126 1643 2172 susceptam
1669 2132 1837 2172 operam
1870 2118 1959 2170 phi-

191 2183 438 2235 losophandi
471 2182 723 2220 arbitretur?
762 2182 832 2220 Sin
871 2188 1007 2221 autem
1042 2184 1170 2222 virtus
1202 2183 1389 2222 subiecta
1422 2183 1496 2222 sub
1531 2183 1663 2221 varios
1694 2183 2012 2233 incertosque45

192 2259 311 2286 casus
351 2244 506 2285 famula
536 2244 727 2284 fortunae
761 2251 822 2284 est
854 2258 929 2284 nec
962 2251 1168 2284 tantarum
1201 2246 1348 2284 virium
1384 2251 1466 2291 est,
1506 2251 1550 2284 ut
1582 2258 1625 2283 se
1659 2245 1749 2297 ipsa
1781 2249 1960 2288 tueatur,

191 2321 336 2348 vereor
367 2321 418 2346 ne
450 2321 531 2346 non
565 2313 646 2346 tam
671 2308 833 2347 virtutis
866 2306 1018 2347 fiducia
1049 2309 1268 2347 nitendum
1300 2308 1420 2346 nobis
1442 2308 1493 2346 ad
1515 2321 1630 2360 spem
1653 2307 1772 2346 beate
1796 2306 1960 2344 vivendi

192 2383 315 2424 quam
347 2375 441 2409 vota
471 2369 660 2409 facienda
693 2371 921 2409 videantur.
972 2369 1010 2408 23.
1043 2370 1248 2421 Equidem
1282 2382 1353 2408 eos
1381 2382 1521 2416 casus,
1554 2368 1769 2422 inquibus
1792 2381 1856 2407 me
1878 2367 1961 2407 for-

193 2439 291 2473 tuna
323 2433 591 2472 vehementer
622 2434 830 2479 exercuit,
866 2446 1027 2471 mecum
1060 2433 1147 2485 ipse
1177 2432 1448 2471 considerans
1480 2432 1577 2471 huic
1609 2431 1762 2483 incipio
1794 2436 1961 2470 senten-

193 2498 272 2535 tiae
305 2492 491 2534 dit'tidere
534 2495 740 2534 interdum
775 2501 813 2534 et
850 2494 1018 2534 humani
1053 2496 1217 2546 generis
1250 2495 1576 2533 imbecillitatem
1608 2494 2011 2546 fragilitatemqueeo

193 2558 477 2597 extimescere.
526 2558 682 2596 Vereor
714 2558 821 2596 enim
858 2571 906 2596 ne
940 2563 1102 2603 natura,
1137 2572 1229 2596 cum
1255 2570 1428 2609 corpora
1455 2557 1573 2596 nobis
1596 2556 1756 2595 intirma
1779 2556 1961 2596 dedisset

192 2620 327 2672 iisque
359 2626 399 2659 et
432 2620 598 2658 morbos
631 2620 872 2659 insanabilis
904 2626 943 2659 et
975 2620 1142 2659 dolores
1174 2619 1445 2659 intolerabilis
1478 2620 1761 2665 adiunxisset,
1798 2620 1960 2659 animos

195 2695 362 2735 quoque
396 2682 557 2721 dederit
589 2688 629 2721 et
660 2695 878 2734 corporum
905 2682 1120 2721 doloribus
1152 2683 1420 2733 congruentis
1452 2688 1491 2720 et
1522 2682 1742 2734 separatim
1775 2683 1862 2722 suis
1890 2696 1961 2722 an·

195 2745 363 2796 goribus
396 2750 436 2784 et
467 2745 667 2784 molestiis
700 2745 944 2797 implicatos.
996 2742 1034 2783 4.
1068 2745 1148 2784 Sed
1181 2745 1222 2783 in
1254 2744 1333 2783 hoc
1366 2758 1429 2782 me
1460 2744 1548 2796 ipse
1571 2744 1742 2796 castigO‚
1775 2746 1886 2797 quod
1909 2758 1960 2784 ex

194 2806 365 2846 aliorum
399 2813 522 2846 etex
553 2814 693 2847 nostra
725 2807 899 2846 fortasse
933 2807 1131 2853 mollitia,
1163 2820 1245 2846 non
1277 2820 1328 2845 ex
1371 2808 1458 2860 ipsa
1498 2807 1669 2853 virtute,
1711 2806 1761 2846 de
1798 2808 1961 2847 virtutis
1977 2818 2012 2846 25

281 2988 317 3017 ln
350 2988 373 3018 R
405 2988 559 3027 quinque
593 2996 715 3018 versus
746 2988 845 3018 vacui
878 2987 987 3018 reticti
1019 2990 1099 3018 sunt
1131 2988 1173 3017 ad
1206 2986 1341 3017 titulum
1368 2989 1399 3016 et
1425 2985 1499 3016 lihri
1527 2986 1658 3017 initium
1685 2986 1960 3027 adpingendum.

196 3037 292 3068 cuius
317 3037 427 3077 prima
455 3046 517 3067 vox
546 3038 682 3076 Quintus
707 3037 817 3068 deest.
849 3057 881 3059 —
909 3039 938 3068 2.
966 3039 1114 3069 maxime
1138 3046 1206 3068 om.
1228 3036 1264 3067 G¹
1291 3055 1323 3059 —
1353 3038 1382 3067 5.
1412 3037 1496 3074 quod
1520 3037 1576 3067 etsi
1600 3037 1794 3076 difficile—-
1810 3038 1964 3076 fot-lunae

196 3086 324 3117 Nonius
350 3095 381 3126 p.
411 3087 483 3117 463.
514 3105 547 3108 —
576 3087 700 3126 difficili
725 3088 748 3117 G
765 3088 786 3117 R
817 3105 849 3108 —-
878 3088 907 3118 7.
936 3089 1022 3126 quod
1047 3090 1070 3117 G
1098 3088 1170 3125 <sed
1196 3089 1215 3117 (l
1240 3086 1316 3117 ead.
1346 3095 1390 3117 m.
1415 3085 1540 3123 deleta)
1571 3104 1602 3108 -
1632 3086 1662 3117 9.
1689 3095 1761 3117 cum
1787 3086 1836 3127 ea]
1862 3095 1963 3124 quae—

196 3143 334 3175 cumque
358 3136 446 3166 Bake
473 3134 492 3167 1.
521 3135 541 3167 l.
569 3144 601 3176 p.
624 3137 705 3173 4053
741 3136 802 3167 sed
833 3137 948 3168 obstat
973 3138 1215 3168 conjunctivus
1240 3136 1418 3175 impulerit.
1449 3153 1481 3158 —-
1512 3137 1562 3167 42.
1590 3136 1630 3167 ab
1654 3137 1702 3168 lais
1726 3138 1749 3167 C
1781 3155 1812 3158 —
1842 3137 1892 3167 46.
1918 3140 1963 3167 ese

197 3186 276 3215 ante
300 3193 357 3215 nec
381 3184 474 3216 delet
497 3186 588 3217 Bake
607 3185 627 3217 l.
647 3185 667 3217 l.
687 3195 720 3226 p.
741 3187 818 3220 1108:
847 3187 908 3217 sed
927 3188 969 3218 cf.
990 3197 1020 3218 v,
1040 3188 1091 3218 43.
1115 3206 1147 3209 -
1175 3190 1303 3218 tautam
1328 3187 1364 3217 R¹
1385 3203 1419 3207 —
1449 3187 1499 3218 48.
1526 3187 1674 3226 equidem
1697 3195 1784 3218 meos
1806 3195 1901 3217 casus
1918 3203 1962 3208 --

197 3234 345 3265 exercuit
367 3235 497 3266 Nonius
523 3243 555 3275 p.
575 3236 648 3266 295.
668 3254 710 3259 -
733 3236 785 3267 ⁶22.
811 3237 923 3276 hisque
948 3238 972 3269 C
995 3254 1028 3259 -
1059 3236 1284 3268 intollerabilis
1308 3238 1332 3267 G
1348 3236 1371 3266 R
1401 3253 1434 3257 —
1462 3235 1514 3268 et.
1544 3237 1597 3269 sed
1620 3236 1678 3268 hoc
1703 3237 1733 3267 in
1758 3245 1808 3268 me
1831 3237 1898 3276 ipse
1915 3252 1930 3257 -
1946 3254 1961 3260 -

197 3282 346 3315 existimo
369 3284 499 3316 Nonius
519 3293 554 3326 p.
573 3286 646 3317 251.
