2249 3624
695 190 787 230 Lm.
810 190 880 230 ΙΙΙ.
921 191 1021 230 CAP.
1043 189 1210 230 1—111.
1249 186 1309 243 §§
1334 186 1418 229 4-
1434 189 1472 231 5.
1883 185 1966 229 817

190 303 423 354 patiuntur,
463 297 510 337 ab
540 297 695 336 homine
732 304 862 337 tamen
899 303 983 337 tuta
1014 311 1093 338 esse
1122 311 1201 337 non
1225 303 1404 350 possunt.
1463 298 1527 336 Ita
1553 298 1597 348 fit
1626 302 1669 336 ut
1692 296 1785 347 plus
1815 295 1966 334 homini

197 364 370 415 conserat
399 361 503 400 ratio
533 372 651 412 quam
680 366 829 398 natura
860 362 1002 409 mutis,
1045 362 1232 412 quoniam
1272 361 1312 399 in
1348 360 1430 399 illis
1459 372 1527 399 nec
1556 358 1786 411 maqnitudo
1815 358 1965 397 virium

196 439 316 478 neque
348 424 519 477 firmitas
556 423 738 474 corporis
773 423 920 473 efficere
954 429 1079 474 potest
1115 437 1190 475 quo
1236 424 1365 462 minus
1395 429 1463 462 aut
1494 424 1772 474 opprimantur
1802 434 1826 460 a
1855 420 1966 459 nobis

197 495 264 528 aut
293 493 449 527 nostrae
479 486 651 524 subiecta
682 485 761 524 sint
785 487 972 536 potestati
1004 515 1013 524 .
1046 516 1055 525 .
1089 516 1098 525 .
1158 487 1296 530 Plato,
1328 492 1369 525 ut
1399 486 1469 525 hos
1499 486 1611 525 credo
1642 487 1823 536 ingratos
1852 483 1963 534 ‘resel-

197 552 306 596 leret,
342 556 509 589 naturae
537 549 693 601 qratias
723 548 799 600 eyit
828 549 930 600 quod
960 549 1073 587 homo
1105 555 1221 587 natus
1251 555 1346 588 esset
1383 554 1460 588 cet.
1534 547 1774 600 (Lactant.
1806 546 1850 585 de
1881 546 1995 598 opi-5

191 614 282 666 ficio
311 612 371 652 dei
401 625 435 652 c.
458 609 515 663 3.)

539 676 842 732 [Desiderantur
870 679 934 718 hic
964 680 1173 718 minimum
1203 685 1392 731 quattuor
1414 677 1617 733 payinae.]

276 764 333 805 11.
366 762 410 804 3.
441 758 477 793 ἦε
496 756 532 793 ’ᾸἚ
552 757 663 813 *let
686 763 903 805 vehiculis
926 763 1147 817 tarditati3
1180 762 1419 817 eademque
1450 775 1543 804 cum
1571 764 1819 816 accepisset
1852 756 1908 813 [p.
1925 758 1964 800 3.

193 833 387 875 homines
420 833 657 874 inconditis
688 833 874 874 vocibus
905 832 1155 873 incohatum
1188 831 1390 886 quiddam
1420 835 1463 872 et
1485 832 1713 872 confusum
1737 834 1965 884 sonantes,

192 901 343 944 incidit
388 901 467 942 lias
507 905 550 942 et
591 901 793 941 distinxit
833 903 875 941 in
917 903 1079 955 partis,
1123 903 1167 941 et
1207 902 1254 940 ut
1292 901 1421 954 sigua
1454 900 1689 954 quaedam,
1730 902 1793 942 sic
1825 901 2013 941 verbalo

193 972 324 1013 rebus
367 971 576 1024 inpressit
615 969 898 1024 hominesque
937 973 1070 1010 antea
1110 968 1374 1009 dissociatos
1414 968 1723 1010 iucundissimo
1766 972 1880 1010 inter
1916 981 1964 1010 se

192 1040 406 1081 sermonis
433 1040 581 1080 vinclo
609 1040 868 1095 conligavit.
931 1040 972 1079 A
998 1039 1124 1078 simili
1158 1040 1286 1078 etiam
1318 1040 1462 1078 mente
1494 1040 1619 1079 vocis
1651 1040 1720 1093 qui
1753 1038 1966 1079 videban-

192 1111 263 1149 tur
302 1108 457 1149 infiniti
495 1109 590 1148 soni
634 1110 787 1162 paucis
826 1109 943 1148 notis
984 1105 1210 1156 inventis}
1243 1110 1346 1148 sunt
1384 1119 1533 1148 omnes
1563 1108 1727 1163 signati
1760 1112 1803 1150 et
1846 1103 1901 1159 [p.
1924 1102 1963 1144 4.

193 1178 414 1232 expressi,
456 1178 613 1230 quibus
651 1181 693 1219 et
731 1178 965 1232 conloquia
1002 1190 1096 1219 cum
1128 1178 1388 1218 absentibus
1419 1180 1463 1218 et
1495 1176 1654 1219 indicia
1686 1178 1961 1218 voluntatum

193 1249 235 1287 et
268 1251 544 1288 monumenta
574 1260 717 1288 rerum
751 1249 1089 1302 praeteritarum
1122 1249 1393 1288 tenerentur.
1438 1247 1647 1289 Accessit
1670 1259 1721 1288 eo
1744 1251 2012 1299 numerus,⁴5

192 1328 265 1357 res
295 1328 389 1357 cum
421 1315 477 1357 ad
507 1317 642 1356 vitam
675 1317 952 1369 necessaria,
994 1321 1082 1356 tum
1114 1328 1201 1356 uua
1232 1316 1500 1357 inmutabilis
1531 1319 1575 1357 et
1605 1319 1808 1357 aeterna:
1851 1327 1962 1369 quae

192 1386 328 1438 prima
360 1386 517 1439 inpulit
549 1387 677 1427 etiam
710 1389 756 1426 ut
788 1387 1114 1439 suspiceremus
1152 1387 1196 1426 in
1235 1385 1402 1427 caelum
1444 1398 1525 1427 nec
1564 1385 1731 1426 frustra
1772 1384 1962 1425 siderum

191 1457 334 1496 motus
365 1456 632 1496 intueremur
664 1455 1172 1507 dinumerationibusque
1205 1456 1397 1496 noctium
1429 1467 1481 1498 ac
1513 1454 1688 1496 dierum
1719 1449 1756 1484 ³2³·
1778 1450 1813 1484 *
1837 1449 1874 1484 ’‘²“

702 1531 1006 1587 [Desiderantur
1035 1540 1119 1573 occo
1146 1534 1229 1585 sere
1251 1530 1456 1586 payz'nae]

276 1617 360 1658 111.
392 1617 439 1660 4.
471 1612 509 1648 ἦ
530 1612 568 1648 ³¹}
588 1612 841 1672 *lquorum
875 1619 1003 1660 animi
1036 1618 1168 1658 altius
1189 1630 1237 1658 se
1260 1618 1514 1658 extulerunt
1537 1620 1580 1659 et
1601 1617 1762 1672 aliquid
1796 1612 1851 1670 [p.
1868 1612 2014 1657 ⁶207.2o

192 1685 369 1744 dignum
403 1686 533 1742 dono,
563 1690 611 1728 ut
642 1691 746 1728 ante
779 1687 881 1739 dixi,
915 1687 1094 1728 deorum
1126 1690 1200 1728 aut
1224 1687 1400 1728 efficere
1429 1689 1503 1728 aut
1527 1688 1787 1744 excogitare
1812 1691 1966 1741 potue-

191 1759 308 1796 runt.
368 1754 515 1807 Quare
546 1757 634 1796 sint
667 1757 794 1797 nobis
826 1757 912 1811 isti,
945 1757 1014 1810 qui
1048 1755 1103 1796 de
1134 1757 1307 1797 ratione
1339 1755 1520 1797 vivendi
1552 1755 1795 1807 disserunt,
1818 1757 1964 1812 magni

193 1823 402 1877 homiues,
433 1827 481 1865 ut
511 1828 629 1877 sunt,
659 1825 749 1866 sint
781 1825 953 1877 eruditi,
985 1825 1073 1865 sint
1105 1825 1311 1865 veritatis
1345 1827 1388 1866 et
1418 1825 1598 1866 virtutis
1621 1826 1833 1882 magistri,
1866 1824 1964 1865 dum

192 1892 319 1933 modo
360 1895 417 1935 sit
457 1892 568 1934 haee
610 1892 822 1948 quaedam
862 1895 958 1934 sive
995 1906 1021 1934 a
1052 1894 1161 1934 viris
1193 1895 1235 1933 in
1268 1905 1411 1934 rerum
1443 1894 1714 1948 publicarum
1745 1895 1966 1935 varietate

191 1963 385 2003 versatis
426 1962 630 2014 inventa,
670 1962 766 2003 sive
810 1963 938 2003 etiam
970 1963 1015 2002 in
1047 1963 1228 2002 istorum
1262 1963 1350 2002 otio
1382 1974 1434 2004 ac
1465 1963 1626 2003 litteris
1656 1965 1849 2003 tractata
1879 1974 1965 2010 res,
1979 1970 2016 2000 25

192 2031 306 2072 sicut
338 2033 428 2085 est,
459 2028 656 2077 minime!
690 2030 860 2085 quidem
895 2030 1240 2087 contemnenda,
1271 2033 1385 2073 ratio
1416 2033 1560 2073 civilis
1591 2035 1634 2073 et
1667 2030 1762 2073 dis-
1793 2026 1849 2084 [p.
1869 2026 1966 2069 ⁶208.

192 2099 354 2152 ciplina
384 2099 666 2153 populorum,
699 2111 810 2154 quae
841 2100 1012 2154 perficit
1044 2101 1088 2141 in
1121 2100 1247 2142 bonis
1279 2102 1490 2156 ingeniis,
1521 2099 1564 2140 id
1597 2099 1712 2155 quod
1744 2102 1825 2142 iam
1859 2113 1966 2154 per-

192 2179 326 2221 saepe
368 2168 580 2222 perfecit,
623 2170 668 2208 ut
711 2167 980 2210 incredibilis
1024 2167 1235 2223 quaedam
1277 2173 1320 2210 et
1360 2168 1511 2209 divina
1541 2169 1684 2209 virtus
1715 2170 1967 2210 exsisteret.

194 2235 239 2276 5.
273 2235 401 2288 Quod
433 2238 469 2278 si
502 2239 599 2292 quis
630 2236 687 2278 ad
719 2250 770 2278 ea
803 2239 1094 2279 instrumenta
1125 2239 1269 2289 animi,
1301 2250 1413 2293 quae
1445 2240 1603 2278 natura
1635 2250 1833 2292 quaeque
1860 2238 1967 2279 civi-

192 2305 306 2347 libus
338 2307 553 2347 institutis
584 2306 749 2359 habuit,
781 2306 1108 2364 adiungendam
1132 2308 1212 2349 sibi
1237 2309 1365 2349 etiam
1388 2307 1631 2349 doctrinam
1655 2310 1698 2347 et
1720 2308 1965 2347 uberiorem
1979 2313 2016 2343 30

192 2386 335 2416 rerum
367 2377 665 2432 cognitionem
700 2379 900 2430 putavit,
931 2379 978 2417 ut
1011 2378 1037 2416 ii
1069 2378 1174 2429 ipsi,
1208 2379 1280 2431 qui
1312 2379 1353 2417 in
1386 2376 1538 2417 horum
1570 2377 1777 2416 librorum
1810 2375 1968 2428 dispu-

193 2443 361 2485 tatione
403 2448 665 2497 versantur,
712 2458 837 2486 ncmo
881 2449 948 2486 est
991 2447 1094 2500 quin
1136 2458 1214 2486 eos
1244 2442 1250 2494 Ι
1282 2446 1510 2486 anteferre
1551 2445 1750 2485 omnibus
1792 2439 1850 2495 [p.
1871 2438 1966 2482 2001.

195 2510 367 2553 debeat.
427 2512 543 2565 Quid
574 2516 686 2555 enim
719 2517 866 2568 potest
899 2527 997 2555 esse
1030 2515 1302 2568 praeclarius
1333 2527 1457 2569 quam
1491 2527 1585 2555 cum
1617 2526 1761 2554 rerum
1789 2527 1968 2569 magna-

194 2592 284 2621 rum
326 2583 534 2623 tractatio
574 2586 707 2637 atque
750 2596 856 2624 usus
899 2595 993 2625 cum
1035 2584 1204 2624 illarum
1248 2584 1403 2623 artium
1445 2581 1604 2623 studiis
1634 2586 1677 2621 et
1710 2583 1967 2638 cognitione

195 2646 513 2708 coniungitur?
543 2654 619 2692 aut
651 2652 753 2706 quid
780 2652 826 2692 P.
849 2649 1086 2706 Scipione,
1119 2651 1221 2706 quid
1245 2652 1293 2693 C.
1314 2652 1481 2702 Laelio,
1513 2650 1614 2704 quid
1637 2650 1685 2691 L.
1708 2650 1836 2691 Philo
1870 2656 2016 2705 per-35

193 2717 355 2760 fectius
385 2721 574 2776 cogitari
607 2715 789 2774 potest?
823 2723 915 2776 qui,
946 2733 1001 2761 ne
1032 2720 1135 2775 quid
1168 2721 1587 2774 praetermitterent,
1620 2718 1738 2772 quod
1768 2717 1824 2760 ad
1855 2732 1968 2761 sum-

291 2915 322 2947 8.
343 2889 527 2950 TGEHICUUS
553 2915 598 2952 (ῖς
634 2915 917 2957 [quadrupedum
942 2918 975 2948 vi
1000 2926 1102 2949 mens
1127 2926 1190 2949 seu
1215 2917 1302 2948 ratio
1328 2915 1502 2947 consuluit
1525 2915 1707 2948 hominum
1734 2915 1914 2957 debilitati]
1939 2919 1969 2947 et

194 2964 348 2996 vehiculis
371 2965 524 2996 tarditati
548 2964 722 3005 supplex-it
741 2967 806 2996 Mai
835 2983 869 2988 —
897 2975 1098 3003 EADEMQUAE
1124 2968 1148 2999 C
1176 2984 1210 2988 —
1239 2968 1270 2998 9.
1297 2966 1495 3006 incohatum]
1522 2967 1571 2997 sic
1596 2966 1807 3006 scripturam
1833 2974 1969 2996 ixcqu-

196 3020 261 3044 'run
285 3014 318 3045 in
343 3014 367 3045 C
392 3023 440 3046 m.
459 3014 478 3045 Ξ
502 3015 608 3054 signis
632 3016 799 3056 appositis
825 3016 1051 3048 emendatam
1077 3017 1188 3048 videri
1213 3018 1259 3047 ait
1284 3016 1368 3055 Mai,
1402 3016 1455 3046 Du
1474 3016 1557 3046 Rieu
1587 3017 1706 3046 tamen
1739 3024 1781 3047 ea
1813 3015 1968 3056 conspici

582 3070 596 3084 ἵ
873 3071 888 3086 D
1215 3072 1229 3085 Ε

198 3094 313 3132 negat.
342 3111 377 3116 —
404 3095 455 3126 ⁴0.
482 3104 605 3126 lucum)
631 3096 655 3127 C
684 3113 719 3118 —
746 3104 920 3128 mansam
945 3097 969 3128 C
996 3114 1032 3119 —
1060 3098 1112 3129 Μ,
1140 3105 1302 3127 lxm-issa
1335 3098 1359 3127 C
1401 3112 1437 3118 —
1481 3096 1534 3126 422.
1560 3095 1692 3127 uinculo
1717 3093 1794 3128 C²0
1836 3112 1872 3118 —
1914 3095 1966 3128 44.

285 3146 301 3163 N
723 3151 744 3166 Μ
951 3158 958 3165 ι
1402 3150 1418 3166 c
1605 3151 1658 3166 UEA

198 3180 415 3205 nomnurnu
441 3175 464 3206 C
503 3192 538 3198 —
578 3177 630 3208 45.
657 3185 740 3207 aaut:
766 3177 788 3207 C
829 3193 863 3199 —
907 3186 1139 3209 Tsnxrznsxrcn
1164 3177 1187 3208 C
1217 3193 1251 3199 —
1287 3176 1339 3207 46.
1366 3184 1852 3208 mccssamarcuimmundis
1878 3176 1901 3207 C
1931 3193 1965 3198 —

200 3231 284 3261 quae
307 3224 331 3254 C
358 3232 448 3256 corr.
467 3234 509 3256 ex
533 3234 565 3262 Q.
594 3243 628 3248 —
656 3227 708 3258 ς25.
734 3226 813 3257 vide
839 3235 882 3258 ne
906 3228 1036 3258 rectius
1062 3226 1169 3258 verba
1195 3227 1243 3257 sic
1269 3225 1543 3265 distinguantur:
1572 3229 1719 3257 tractata
1745 3243 1780 3248 -
1806 3233 1870 3263 res,
1888 3225 1970 3255 sicut

200 3274 257 3309 cst,
281 3272 413 3305 minime
436 3275 565 3313 quidem
588 3276 824 3307 contemnenda
844 3293 877 3299 —
901 3277 990 3308 ratio
1013 3277 1118 3308 civilis
1142 3278 1208 3308 etc.
1249 3291 1285 3298 —
1323 3275 1376 3307 28.
1403 3283 1635 3306 EXSlsTETERET
1660 3276 1685 3308 C
1723 3291 1758 3298 —-
1805 3275 1857 3306 33.
1882 3273 1967 3314 cum]

203 3328 270 3356 Qun
295 3321 320 3353 C
347 3337 381 3344 —
408 3323 554 3356 35.1>11.0
580 3325 618 3357 C.

261 3385 380 3418 Cimo
405 3388 441 3418 τ.
459 3389 512 3420 lv.
1586 3385 1639 3427 52
