2249 3624
365 231 446 272 964
1103 232 1381 273 CICERONIS

367 341 456 373 tium
489 339 664 383 plaustris
703 338 1001 373 eatralierentur!
1060 335 1228 374 Videlicet
1270 338 1472 373 invidiosae
1509 338 1598 373 istae
1634 339 1820 374 columnae
1856 340 1905 374 ad
1937 340 2122 384 privatam

365 403 586 447 superbiam,
617 413 726 447 quam
742 402 895 447 populus
912 402 1096 436 Romanus
1117 402 1205 448 odit,
1234 402 1401 436 advectae
1427 407 1524 442 sunt,
1556 413 1598 437 ac
1621 413 1694 436 non
1713 403 1761 437 ad
1778 402 1961 447 publicam
1981 404 2124 448 maqni-

365 466 558 510 [leentiam,
589 477 697 511 quam
725 466 857 511 diliyit.
910 464 966 500 An
994 470 1031 499 tu
1056 465 1153 499 solus
1180 466 1328 510 iynoras
1358 477 1460 500 usum
1488 466 1532 500 iis
1551 463 1728 501 Scaurum
1755 470 1863 501 antea
1888 466 1998 509 fuisse
2025 467 2125 501 aedi-

367 529 434 563 lem
460 529 499 563 in
526 534 656 563 ornatu
684 529 831 569 theatri,
863 533 901 562 ut
925 539 993 572 pro
1026 529 1186 562 muneris
1225 528 1464 573 amplitudine
1490 532 1522 562 ct
1548 528 1766 563 liberalitate
1801 539 1868 563 sua
1904 529 1944 564 in
1977 529 2124 563 deorum

334 592 629 626 5immortalium
665 592 835 625 honorem
869 591 1080 636 reliqionem
1117 591 1285 625 ludorum
1313 595 1514 635 apparatus
1547 590 1695 625 lautitia
1722 592 1968 637 auqusliorem
1993 591 2124 626 redde-

367 648 458 703 1·et?]
515 652 575 690 45.
607 649 632 690 l.
670 651 754 701 Ego
782 663 919 701 porrO,
949 651 1017 701 qui
1045 650 1226 689 Albanas
1257 650 1389 689 habeo
1419 649 1653 700 columnas,
1685 650 1844 690 clitellis
1873 663 1943 690 eas
1971 663 2125 702 appor-

364 715 458 753 tavi.
510 712 882 764 (Quintilianus
903 714 948 762 V,
973 713 1032 763 13,
1054 714 1136 760 40.)
1190 713 1250 752 45.
1281 726 1333 750 111.
1376 710 1520 766 [Quiw
1548 720 1585 750 tu
1610 717 1697 761 ipse,
1726 716 1862 758 Tria-ri,
1890 728 1990 762 quos,
2009 727 2126 762 quan-

365 784 416 813 tos
443 790 621 824 quamque
647 780 814 824 profusos
840 783 1000 824 sumptus
1028 780 1067 813 in
1087 779 1263 813 columnis
1289 774 1442 829 fecistil]
1499 777 1582 814 Hoc
1603 778 1728 815 miror
1746 778 1854 816 enim
1874 789 2123 828 querorque,

365 851 612 890 quemquam
640 839 843 877 hominem
866 840 924 878 ita
951 851 1119 890 pessum
1141 838 1240 878 dare
1267 838 1440 877 alterum
1459 839 1597 877 verbis
1616 839 1737 889 velle,
1767 845 1811 878 ut
1829 840 1950 878 etiam
1978 851 2125 878 navem

312 902 555 951 ioperloret,
584 901 625 939 in
653 913 733 952 qua
760 902 849 952 ipse
878 901 1054 950 naviget.
1104 901 1477 949 (Quintilianus
1506 902 1602 951 VIII,
1624 902 1660 951 6,
1681 903 1758 952 47.)
1811 903 1870 941 45.
1903 914 1943 940 n.
1972 903 2125 940 Domus

363 963 433 1002 tibi
463 963 632 1003 deerat?
666 966 718 1002 At
734 964 932 1003 habebas.
978 964 1154 1003 Pecunia
1182 964 1437 1015 superabat?
1474 966 1525 1003 At
1545 964 1710 1015 egebas.
1755 965 1961 1004 Incurristi
1981 975 2124 1004 amens

361 1028 403 1064 in
430 1025 662 1076 columnas,
697 1028 738 1065 in
773 1027 915 1066 alienis
950 1028 1119 1066 insanus
1156 1027 1364 1076 insanisti;
1410 1026 1667 1079 depressam,
1706 1040 1886 1077 caecam,
1921 1027 2125 1066 iacentem

362 1088 527 1127 domum
554 1089 684 1141 pluris
712 1102 835 1141 quam
863 1095 917 1139 te,
947 1102 1070 1141 quam
1098 1090 1279 1128 fortunas
1299 1095 1390 1128 tuas
1417 1090 1657 1129 aestimasti.
1714 1090 1992 1139 (Ciceronis
2017 1089 2124 1128 Ora*

361 1158 437 1190 tor.
467 1153 528 1200 67,
559 1153 594 1202 §-
625 1153 694 1191 223
724 1155 800 1204 sq.)
868 1151 983 1206 [Quid
1018 1157 1160 1201 iyitur?
1199 1157 1230 1191 si
1267 1160 1296 1191 te
1324 1154 1483 1191 Scaurus
1519 1157 1700 1191 arbitrum
1737 1157 1931 1202 adeyisset,
1961 1170 1997 1193 m
2019 1169 2124 1192 mero

311 1222 500 1250 ⁴551A1013ES
524 1226 679 1256 SI'JIPTI'S,
705 1228 810 1249 MVLTO
832 1227 973 1251 MAIORES
997 1227 1199 1251 EFFI'SloxES
1221 1228 1282 1250 PRO
1307 1227 1411 1251 CENSV
1427 1227 1486 1250 Tro
1509 1227 1545 1251 ΙΝ
1560 1227 1721 1251 COLVMNIS
1745 1227 1912 1257 FECISSES,
1930 1227 2017 1256 QVAM
2033 1225 2122 1256 1PSE,

359 1279 479 1309 utrum
509 1275 652 1309 tandem
678 1276 869 1319 sponsione
902 1276 999 1310 vinci
1024 1287 1159 1310 necesse
1184 1276 1331 1319 suisset,
1371 1286 1494 1310 eumne
1522 1276 1585 1320 qui
1611 1276 1650 1310 in
1678 1280 1753 1310 tam
1781 1275 1902 1320 amplo
1927 1275 1982 1309 rei
2008 1274 2125 1317 sami-

360 1337 466 1372 liaris
494 1348 604 1382 quam
631 1340 774 1383 paterni
802 1340 960 1373 nominis
997 1340 1221 1384 patrimonio
1258 1344 1417 1374 ornasset
1455 1340 1668 1385 diynitatem
1701 1340 1819 1379 domo,
1859 1349 1907 1373 an
1935 1348 2028 1381 eum,
2061 1337 2125 1382 qui

359 1411 490 1446 mayno
518 1402 556 1435 in
583 1412 666 1435 acre
693 1403 812 1436 alieno
845 1407 958 1437 totam
984 1413 1027 1437 em
1054 1404 1160 1437 (Ionio
1195 1397 1431 1452 quaesisset?]
1501 1401 1562 1439 45.
1593 1413 1628 1439 o.
1670 1400 1779 1439 Haeo
1815 1412 1907 1438 cum
1939 1404 1984 1437 tu
2017 1397 2123 1436 effu—

359 1473 455 1510 gere
491 1474 571 1499 non
598 1463 828 1512 potuisses,
867 1463 1092 1502 contendes
1129 1469 1265 1502 tamen
1294 1469 1334 1501 et
1360 1462 1612 1514 postulabiS‚
1651 1468 1694 1501 ut
1719 1464 1768 1500 M.
1799 1462 1996 1501 Aemilius
2031 1473 2123 1499 cum

307 1535 344 1563 ⁶20
359 1535 433 1562 sua
461 1523 655 1574 dignitate
685 1525 816 1575 omni,
856 1538 947 1564 cum
982 1526 1110 1576 patris
1147 1527 1364 1575 memoria,
1406 1538 1497 1564 cum
1532 1525 1596 1564 avi
1634 1525 1762 1574 gloria
1798 1523 2120 1572 sordidissimae,

357 1585 604 1635 levissimae,
633 1587 878 1626 vanissimae
905 1589 1029 1638 genti,
1059 1600 1105 1627 ac
1133 1600 1262 1639 prope
1291 1588 1424 1627 dicam
1450 1587 1600 1638 pellitis
1629 1587 1805 1626 testibus
1834 1585 2122 1626 condonetur?

359 1650 658 1699 (Asconius.)

454 1713 514 1751 46.
558 1712 741 1764 Undique
769 1713 864 1750 mihi
893 1712 1150 1764 suppeditat,
1181 1712 1291 1764 quod
1319 1726 1393 1764 pro
1421 1714 1470 1751 M.
1489 1713 1642 1752 Scauro
1677 1712 1824 1762 dicam,
1854 1723 2116 1763 quocumque

355 1787 436 1813 non
465 1773 585 1814 modo
614 1787 745 1823 mens,
774 1787 916 1813 verum
947 1775 1065 1814 etiam
1095 1775 1198 1813 oculi
1226 1774 1459 1814 inciderint.
1525 1776 1645 1815 Curia
1677 1775 1743 1814 illa
1772 1786 1846 1814 vos
1880 1773 1931 1812 de
1960 1774 2120 1825 gravis-

306 1847 341 1875 25
357 1838 456 1876 simo
483 1839 714 1888 principatu
740 1838 867 1889 patris
896 1838 1196 1889 fortissimoque
1228 1844 1422 1887 testatur,
1453 1840 1494 1876 L.
1517 1839 1605 1889 ipse
1623 1837 1823 1887 Metellus,
1858 1848 1958 1876 avus
1983 1835 2119 1884 huius,

356 1901 634 1939 sanctissimos
664 1900 763 1939 deos
790 1900 857 1939 illo
886 1902 1146 1939 constituisse
1176 1901 1326 1952 templo
1355 1901 1517 1940 videtur
1550 1901 1591 1939 in
1618 1906 1754 1939 vestro
1786 1903 2026 1950 conspectu,
2054 1898 2120 1936 iu-

356 1962 489 2011 dices,
528 1968 572 2001 ut
599 1962 772 2002 salutem
801 1976 822 2001 a
850 1964 967 2001 vobis
1005 1964 1165 2014 nepotis
1204 1964 1266 2001 sui
1301 1962 1624 2015 deprecarentur
1661 1963 1970 2011 (Asconius),
2011 1959 2121 2012 quod

354 2025 431 2075 ipsi
461 2037 584 2076 saepe
613 2024 749 2063 multis
787 2024 1070 2063 laborantibus
1099 2031 1221 2076 atque
1250 2025 1563 2076 implorantibus
1592 2037 1668 2076 ope
1698 2038 1771 2064 sua
1801 2024 2118 2071 subvenissent;

355 2087 415 2127 47.
449 2087 690 2138 Capitolium
722 2087 822 2127 illud
850 2088 1013 2140 templis
1042 2088 1172 2127 tribus
1200 2088 1460 2138 illustratum,
1492 2088 1672 2140 paternis
1701 2094 1824 2139 atque
1854 2087 1974 2126 etiam
2001 2085 2120 2124 huius

305 2160 341 2187 30
357 2149 618 2201 amplissimis
647 2149 764 2190 donis
795 2152 921 2191 ornati
951 2152 1085 2191 aditus
1111 2152 1215 2190 Iovis
1245 2152 1384 2203 optimi
1412 2152 1600 2199 maximi,
1628 2152 1792 2190 Iunonis
1819 2150 2013 2200 Reginae,
2042 2148 2118 2187 Mi—

356 2224 521 2262 nervae,
550 2214 596 2250 Μ.
626 2213 826 2252 Scaurum
853 2212 964 2264 apud
1004 2212 1080 2267 [vos
1108 2219 1285 2252 memoria
1312 2218 1418 2252 liuius
1446 2218 1708 2261 munificentiae
1735 2221 1766 2251 et
1794 2215 2026 2250 liberalitatis
2052 2224 2119 2258 pu-

358 2278 472 2312 blicae
499 2278 544 2312 ab
573 2280 673 2313 omni
699 2281 883 2314 avaritiae
910 2285 973 2314 aut
1000 2281 1211 2325 cupiditatis
1238 2282 1439 2326 suspicione
1458 2281 1668 2324 defendunt,·
1696 2280 1906 2325 propinqua
1931 2278 1998 2312 illa
2017 2277 2119 2311 aedes

363 2340 482 2376 rescae
515 2342 681 2376 admonet
719 2352 797 2383 cos,
828 2347 866 2377 ut
891 2338 1143 2393 recordemini]
1189 2342 1250 2380 48.
1279 2340 1385 2379 illius
1419 2342 1460 2379 L.
1491 2339 1659 2390 Metelli,
1696 2339 1899 2391 pontificis
1936 2337 2115 2385 maximi,

358 2401 450 2451 qui,
493 2413 585 2439 cum
627 2401 822 2452 templum
861 2401 962 2440 illud
1002 2402 1189 2451 arderet,
1226 2404 1266 2440 in
1304 2403 1462 2441 medios
1501 2415 1545 2441 se
1580 2402 1717 2440 iniecit
1750 2402 1866 2451 ignes
1904 2405 1944 2439 et
1971 2399 2120 2451 eripuit

307 2472 342 2498 35
358 2462 518 2501 flamma
546 2462 767 2501 Palladium
805 2463 926 2514 illud,
964 2464 1076 2516 quod
1109 2465 1224 2516 quasi
1262 2465 1410 2515 pignus
1438 2469 1603 2503 nostrae
1633 2462 1775 2502 salutis
1809 2468 1932 2514 atque
1959 2461 2117 2513 imperii

359 2525 554 2564 custodiis
570 2526 717 2564 Vestae
746 2526 988 2565 continetur.
1045 2527 1120 2573 Qui
1151 2527 1302 2566 utinam
1331 2532 1472 2577 posset
1498 2538 1721 2578 parumper
1749 2524 1971 2564 exsistere!
2024 2523 2117 2562 Eri-

358 2593 475 2637 peret
503 2599 554 2625 ex
581 2588 655 2627 hac
682 2589 844 2628 flamma
872 2590 1039 2640 stirpem
1068 2591 1249 2640 profecto
1278 2602 1410 2639 suam,
1440 2590 1509 2641 qui
1538 2590 1758 2640 eripuisset
1777 2587 1910 2627 exilio
1928 2585 2116 2625 incendio

359 2646 543 2702 di[vinum
570 2653 829 2688 incolumitatis
855 2659 1000 2688 nostrae
1026 2656 1168 2700 piqnus.
1234 2654 1449 2690 Pei-moveor
1476 2655 1704 2700 coyitatione,
1740 2659 1816 2688 tam
1840 2663 1972 2698 parum
1998 2662 2117 2686 sacer-

358 2714 433 2748 doti
460 2716 540 2749 deos
567 2727 638 2751 esse
663 2718 854 2762 propitios,
885 2722 923 2752 ut
949 2728 991 2751 ne
1017 2719 1150 2752 servati
1178 2719 1322 2762 quidem
1349 2723 1486 2753 servent
1512 2719 1586 2752 eius
1614 2728 1722 2762 yenus
1756 2716 1885 2750 tutelae
1909 2726 1996 2750 suae
2022 2724 2117 2749 com-

308 2780 344 2808 40
358 2771 606 2826 Υηιιτηᾱαᾙυιῃ.
668 2776 729 2815 49.
768 2778 822 2815 Te
850 2789 963 2827 vero,
992 2778 1040 2815 M.
1072 2777 1241 2826 Scaure,
1272 2777 1463 2828 equidem
1492 2778 1627 2826 video,
1657 2775 1789 2818 video,
1819 2775 2006 2825 inquam,
2035 2785 2117 2812 non

359 2836 488 2886 cogito
524 2837 667 2876 solum.
734 2839 818 2877 Nec
852 2851 948 2877 vero
989 2839 1075 2877 sine
1114 2851 1260 2888 magno
1300 2840 1420 2878 animi
1458 2850 1642 2878 maerore
1672 2850 1719 2877 ac
1747 2836 1910 2885 dolore,
1940 2847 2032 2874 cum
2058 2834 2116 2873 tui

358 2896 424 2934 filii
455 2899 686 2948 squalorem
716 2899 901 2951 adspexi,
932 2901 983 2938 de
1013 2907 1051 2939 te
1079 2900 1285 2939 recordor.
1353 2903 1485 2952 Atque
1513 2901 1681 2949 utinam,
1711 2899 1816 2937 sicut
1842 2897 1937 2935 mihi
1965 2902 2048 2935 tota
2074 2896 2115 2934 in

359 2959 433 2997 hac
461 2972 585 2999 causa
613 2968 801 3001 versatus
830 2969 923 3002 ante
952 2963 1091 3002 oculos
1119 2977 1167 3007 es,
1200 2964 1257 3002 sic
1286 2976 1394 3002 nunc
1421 2965 1564 3002 horum
1594 2968 1632 3000 te
1660 2961 1806 3000 offeras
1841 2959 2046 2998 mentibus
2075 2963 2114 2996 et

446 3102 497 3133 40.
530 3103 602 3133 Non
629 3103 711 3134 dicit
735 3106 939 3137 nominatim
974 3104 1212 3144 Quintilianus,
1250 3106 1317 3137 hoc
1352 3106 1472 3145 fragm.
1508 3113 1587 3136 esse
1623 3104 1787 3135 orationis
1816 3110 1878 3143 pro
1904 3103 2045 3133 Scauro.
2075 3117 2110 3123 —

360 3151 412 3181 42.
444 3151 477 3181 in
507 3152 622 3182 alienis
655 3153 769 3185 Beier:
805 3155 836 3184 in
871 3155 995 3186 alienos
1025 3154 1149 3190 codtt:
1185 3156 1219 3185 in
1243 3155 1352 3185 aliena
1383 3155 1574 3187 Burchardi
1607 3162 1702 3194 susp.
1736 3170 1771 3174 —
1799 3153 1852 3183 Ἣ.
1885 3152 2114 3183 condemnetur

359 3201 493 3231 patricii
525 3209 621 3241 susp.
662 3220 694 3223 —
729 3204 780 3234 ⁶26.
813 3205 909 3235 luisse
943 3205 1058 3244 templo
1091 3205 1220 3235 videtur
1249 3212 1361 3244 usquc
1394 3206 1436 3236 ad
1463 3205 1568 3236 [inem
1592 3205 1627 3235 T.
1659 3221 1688 3226 -
1721 3205 1755 3235 in
1779 3202 1896 3240 templo
1920 3203 2045 3232 Ascon.
2074 3217 2109 3221 —-

358 3250 410 3280 ΞΤ.
442 3251 551 3289 nepoti
579 3260 637 3281 suo
661 3252 697 3282 T.
731 3269 765 3274 —
800 3253 853 3285 36.
885 3262 1040 3285 cissimis
1065 3256 1102 3285 Α.
1135 3271 1168 3275 -
1197 3253 1248 3284 40.
1282 3254 1429 3291 ιηαέάθηι
1463 3254 1557 3284 video
1592 3253 1708 3283 Beier:
1747 3252 1876 3291 quidem
1908 3250 1975 3281 vidi
2008 3250 2044 3281 T.
2073 3264 2107 3271 ·—

358 3298 409 3330 4⁶2.
441 3300 478 3330 de
502 3303 530 3330 le
552 3301 708 3332 recordor
731 3300 838 3333 habet
862 3303 967 3334 etiam
991 3303 1180 3335 Arusianus
1205 3302 1352 3334 Messius
1379 3312 1412 3343 p.
1438 3302 1514 3334 258.
1540 3300 1699 3333 Lindem.

2207 3085 2211 3259 ἓ

2222 1894 2226 1927 l

2222 1948 2224 1985 ι

2220 1994 2226 2147 ,l

2216 2163 2227 2239 l
