2249 3624
7 0 15 333 ἢ

642 152 738 194 cap.
768 153 1046 196 xiii—xiv.
1083 152 1142 208 §§
1174 151 1364 195 43—-49,
1801 153 1883 195 599

233 260 341 301 XIV.
372 256 439 298 46.
470 259 558 311 Ego
590 272 687 298 vero
718 266 889 313 propter
919 262 1123 300 sermonis
1155 262 1475 301 delectationem
1499 262 1757 314 tempestivis
1780 274 1883 315 quo-

123 336 206 379 que
238 322 441 363 conviviis
474 321 661 361 delector
692 336 769 361 nec
801 336 894 362 cum
927 324 1171 375 aequalibus
1203 324 1364 370 solum,
1405 324 1474 376 qui
1507 324 1624 376 pauci
1657 323 1882 363 admodum

120 390 295 431 restant,
337 384 410 423 sed
453 396 546 422 cum
583 390 719 424 vestra
758 385 881 424 etiam
913 391 1049 424 aetate
1080 392 1204 438 atque
1237 386 1468 431 vobiscum,
1511 384 1732 439 habeoque
1764 399 1884 426 sene-

119 448 220 489 ctuti
263 459 452 498 magnam
495 447 689 498 gratiam,
729 460 836 500 quae
875 447 974 486 mihi
1008 448 1209 486 sermonis
1241 448 1481 487 aviditatem
1513 449 1654 493 auxit,
1698 448 1882 500 potionis

118 515 160 550 et
189 509 269 548 cibi
302 508 484 547 sustulit.
545 507 668 555 Quod
702 508 735 548 si
769 522 893 561 quem
926 510 1047 548 etiam
1082 511 1158 548 ista
1189 510 1410 556 delectant,
1443 524 1494 550 ne
1526 511 1695 550 omnino
1727 510 1914 550 bellumts

117 571 320 612 indixisse
364 569 504 609 videar
542 570 763 624 voluptati,
806 572 925 610 cuius
968 577 1030 610 est
1070 571 1242 611 fortasse
1281 572 1447 624 quidam
1489 573 1688 612 naturalis
1721 572 1883 619 moduS,

117 646 201 674 non
242 632 441 684 intellego
481 646 533 672 ne
575 632 616 671 in
659 632 749 671 istis
781 633 949 686 quidem
983 633 1084 684 ipsis
1118 633 1400 686 voluptatibus
1434 648 1573 674 carere
1605 648 1731 674 sensu
1763 647 1884 674 sene-

117 699 284 736 ctutem.
353 695 418 733 Me
458 707 555 734 vero
598 700 639 733 et
680 695 917 747 magisteria
958 694 1167 733 delectant
1209 708 1230 734 a
1272 694 1498 735 maioribus
1541 697 1728 736 instituta
1769 702 1810 736 et
1850 696 1883 735 is

116 769 276 803 sermo,
317 756 389 808 qui
431 769 545 795 more
586 756 788 796 maiorum
829 769 852 795 a
891 769 1053 796 summo
1090 757 1310 796 adhibetur
1354 759 1392 797 in
1433 759 1604 811 poculo,
1648 765 1687 798 et
1719 757 1883 812 pocula,

117 821 223 860 sicut
253 819 295 858 in
320 818 540 871 Symposio
563 818 856 871 Xenophontis
889 824 963 864 est,
997 819 1154 857 minuta
1186 826 1309 871 atque
1343 821 1538 866 rorantia,
1563 827 1603 860 et
1624 820 1934 872 refrigeratiow

115 887 272 923 aestate
312 886 352 920 et
392 881 572 920 vicissim
610 887 682 920 aut
713 881 774 920 sol
807 886 879 920 aut
910 881 1016 932 ignis
1048 878 1263 920 hibernus.
1326 882 1444 929 Quae
1477 882 1647 936 quidem
1682 882 1809 922 etiam
1842 883 1883 921 in

116 944 279 984 Sabinis
318 944 513 996 persequi
555 943 670 983 soleo
711 943 1037 996 conviviumque
1072 943 1301 982 vicinorum
1335 944 1486 983 cotidie
1519 945 1728 998 compleo,
1771 943 1883 996 quod

114 1006 166 1047 ad
198 1006 369 1046 multam
402 1011 566 1045 noctem
599 1018 724 1058 quam
758 1005 940 1045 maxime
973 1018 1196 1058 possumus
1229 1006 1344 1045 vario
1377 1020 1567 1046 sermone
1602 1007 1883 1059 producimus.

114 1066 182 1109 47.
213 1069 264 1107 At
294 1081 377 1107 non
410 1074 471 1107 est
504 1067 765 1119 voluptatum
799 1073 910 1105 tanta
944 1067 1063 1120 quasi
1098 1068 1279 1106 titillatio
1313 1068 1354 1107 in
1386 1070 1570 1108 senibus.
1625 1069 1779 1116 Credo,
1811 1068 1884 1108 sed

113 1144 166 1172 ne
199 1130 454 1170 desideratio
487 1129 671 1183 quidem.
718 1129 830 1168 Nihil
863 1135 1001 1168 autem
1035 1135 1096 1169 est
1129 1130 1362 1177 molestum,
1397 1131 1510 1183 quod
1543 1145 1625 1171 non
1657 1130 1935 1174 desideres.i5

114 1195 225 1234 Bene
258 1192 511 1246 Sophocles,
554 1205 646 1230 cum
681 1204 733 1230 ex
765 1204 813 1230 eo
847 1191 1015 1244 quidam
1048 1192 1130 1230 iam
1162 1192 1326 1231 adfecto
1359 1198 1494 1232 aetate
1527 1199 1764 1247 quaereret,
1796 1198 1885 1232 ute-

114 1261 282 1297 returne
315 1255 439 1294 rebus
471 1254 679 1293 veneriis:
716 1254 796 1293 «Di
830 1254 1063 1293 meliorat»
1105 1255 1265 1307 inquit:
1308 1268 1410 1307 «ego
1444 1269 1540 1296 vero
1572 1257 1693 1295 istinc
1724 1255 1833 1294 sicut
1861 1267 1887 1295 a

114 1318 284 1359 domino
316 1317 467 1370 agresti
500 1329 547 1371 ac
578 1316 736 1356 furioso
769 1316 973 1370 profugi.»
1039 1316 1208 1368 Cupidis
1251 1317 1362 1356 enim
1404 1330 1545 1357 rerum
1584 1319 1729 1357 talium
1766 1317 1887 1358 odio-

114 1394 206 1421 sum
237 1379 414 1420 fortasse
446 1384 486 1418 et
518 1378 736 1418 molestum
771 1384 832 1417 est
864 1391 1030 1426 carere,
1063 1379 1223 1418 satiatis
1256 1392 1353 1419 vero
1386 1386 1426 1419 et
1457 1381 1635 1433 expletis
1666 1380 1885 1420 iucundius

114 1449 176 1483 est
207 1455 346 1482 carere
378 1454 503 1495 quam
534 1441 630 1480 frui.
683 1440 946 1493 Quamquam
978 1454 1060 1480 non
1095 1447 1209 1481 caret
1240 1442 1287 1487 is,
1321 1442 1392 1494 qui
1416 1455 1498 1481 nou
1522 1442 1755 1483 desiderat:
1788 1456 1885 1496 ergo
1899 1458 1935 1487 ρο

113 1518 197 1545 non
229 1503 467 1544 desiderare
499 1503 593 1543 dico
626 1516 717 1543 esse
750 1503 988 1543 iucundius.
1047 1501 1113 1542 48.
1149 1503 1273 1551 Quod
1305 1504 1337 1543 si
1368 1504 1454 1543 istis
1478 1505 1579 1557 ipsis
1604 1506 1886 1558 voluptatibus

114 1568 224 1608 bona
254 1572 367 1607 aetas
399 1565 552 1606 fruitur
584 1566 803 1612 libentius,
838 1566 1012 1618 primum
1046 1566 1230 1617 parvulis
1263 1566 1413 1606 fruitur
1443 1567 1581 1614 rebus,
1616 1573 1661 1607 ut
1691 1568 1886 1614 diximus,

114 1629 267 1670 deinde
299 1629 371 1675 iis,
405 1628 562 1682 quibus
594 1634 811 1674 senectus,
845 1628 968 1666 etiam
1001 1628 1034 1667 si
1068 1641 1151 1666 non
1184 1628 1351 1668 abunde
1384 1629 1563 1682 potitur,
1596 1643 1680 1669 non
1713 1630 1885 1669 omnino

114 1697 238 1732 caret.
288 1691 339 1731 Ut
360 1690 574 1743 Turpione
595 1687 783 1743 Ambivio
817 1691 947 1742 magis
980 1690 1209 1729 delectatur
1242 1691 1313 1744 qui
1348 1691 1388 1730 in
1414 1691 1546 1744 prima
1568 1705 1692 1732 cavea
1716 1697 1886 1745 spectat,

114 1754 344 1794 delectatur
383 1759 522 1792 tamen
561 1753 687 1792 etiam
728 1754 801 1805 qui
833 1753 875 1792 in
909 1753 1072 1800 ultima,
1114 1753 1173 1792 sic
1205 1753 1491 1792 adulescentia
1522 1754 1760 1807 voluptates
1791 1766 1936 1806 pro-25

114 1823 205 1870 pter
237 1817 405 1856 intuens
439 1816 568 1867 magis
588 1815 778 1855 fortasse
812 1816 1006 1862 laetatur,
1029 1815 1101 1855 sed
1127 1815 1359 1854 delectatur
1381 1816 1504 1855 etiam
1527 1823 1720 1856 senectus
1742 1814 1887 1868 procul

113 1891 182 1918 eas
213 1884 407 1931 spectans
440 1884 598 1917 tantum
631 1884 833 1931 quantum
866 1884 927 1918 sat
959 1884 1033 1917 est.
1096 1875 1161 1916 49.
1193 1879 1245 1916 At
1276 1878 1349 1917 illa
1381 1878 1525 1931 quanti
1559 1884 1669 1925 sunt,
1702 1878 1886 1917 animum

112 1947 326 1994 tamquam
359 1940 543 1980 emeritis
577 1941 800 1994 stipendiis
832 1940 1042 1988 libidinis,
1084 1940 1347 1987 ambitionis,
1380 1941 1718 1986 contentionum,
1751 1940 1887 1978 inimi-

113 2003 316 2049 citiarum,
348 2003 622 2055 cupiditatum
655 2003 844 2042 omnium
876 2015 1018 2042 secum
1050 2015 1143 2042 esse
1175 2015 1423 2056 secumque,
1456 2008 1502 2042 ut
1524 2003 1694 2049 dicitur,
1718 2003 1882 2042 viveret

114 2065 157 2105 Si
189 2078 286 2105 vero
318 2066 444 2105 habet
473 2064 646 2118 aliquod
686 2071 899 2118 tamquam
942 2065 1139 2118 pabulum
1179 2064 1305 2104 studii
1344 2070 1471 2118 atque
1504 2064 1738 2113 doctrinae,
1777 2064 1939 2109 nihilao

113 2132 175 2168 est
204 2128 339 2168 otiosa
370 2132 585 2167 senectute
617 2127 858 2167 iucundius.
919 2127 1175 2167 Videbamus
1214 2128 1256 2167 in
1296 2128 1435 2167 studio
1477 2128 1719 2168 dimetiendi
1752 2141 1885 2181 paene

119 2226 201 2233 —-—

223 2283 251 2314 4.
291 2282 490 2322 tempestiuis
525 2291 654 2322 quoque
689 2282 853 2314 conuiuiis
887 2282 1028 2313 delector
1059 2286 1198 2322 propter
1232 2283 1392 2313 sermonis
1427 2282 1672 2313 delectationem
1707 2282 1887 2314 Charisius

113 2342 147 2375 p.
166 2334 241 2370 ⁶22⁴,
262 2333 301 2364 48
326 2333 374 2369 K3
413 2333 481 2372 Eyo
508 2342 584 2364 vero
601 2337 778 2364 --uestra
801 2334 901 2365 etiam
925 2335 1032 2363 aetate
1063 2333 1194 2363 Nonius
1220 2341 1252 2373 p.
1270 2332 1345 2369 ¹236,
1365 2331 1382 2363 4
1401 2342 1407 2369 ;
1445 2340 1503 2362 nec
1526 2341 1601 2362 cum
1625 2332 1818 2373 aequalibus
1835 2350 1852 2355 -
1869 2351 1888 2356 -

113 2386 219 2414 aetate
244 2382 337 2413 idem
362 2391 394 2423 p.
412 2382 486 2421 378,
507 2383 547 2415 24
577 2401 609 2404 —
640 2384 669 2414 2.
692 2385 794 2422 pauci
821 2384 887 2414 iam
913 2383 1092 2414 admodum
1118 2383 1194 2413 EIS
1226 2400 1257 2403 —
1286 2381 1316 2413 4.
1342 2390 1501 2422 magnam
1525 2382 1672 2422 qratiam
1696 2383 1851 2413 senectuti
1874 2383 1887 2413 1

117 2450 151 2455 —-
178 2433 208 2464 5.
234 2432 334 2463 etiam
358 2440 428 2463 om.
448 2433 473 2464 E
502 2451 537 2456 —
570 2433 723 2464 delectent
748 2433 772 2464 E
811 2450 843 2454 —
885 2433 915 2463 6.
942 2433 1061 2463 uidear
1083 2432 1244 2462 indixisse
1267 2432 1290 2461 B
1329 2449 1363 2453 —
1403 2436 1448 2462 esc
1470 2431 1613 2471 fortasse
1638 2432 1686 2463 C:
1720 2435 1765 2462 est
1789 2432 1888 2462 etiam

111 2484 250 2523 fortasse
273 2483 298 2514 Ο
325 2499 359 2504 -
388 2483 503 2513 modus
527 2482 696 2514 BElPR:
723 2486 830 2513 motus
854 2483 931 2519 SO;
959 2491 991 2513 v.
1012 2481 1125 2513 Madv.
1147 2482 1274 2522 Opusc.
1295 2482 1335 2519 ll,
1356 2481 1419 2513 ⁶274
1447 2498 1482 2503 —
1512 2482 1540 2512 7.
1567 2481 1790 2521 uoluptatibus
1812 2481 1890 2521 ipsis

112 2533 171 2564 ΒΟ
201 2551 234 2555 -
261 2533 292 2564 9.
312 2541 333 2564 α
356 2541 482 2563 summo
504 2534 665 2573 mayistro
691 2533 714 2564 C
745 2550 779 2554 —
808 2533 841 2563 in
862 2533 981 2572 poculo
1007 2534 1055 2564 C:
1082 2532 1115 2563 in
1136 2532 1265 2571 poculis
1287 2532 1312 2562 Ο
1341 2549 1374 2553 -
1403 2531 1454 2562 40.
1474 2531 1647 2570 εἰηιμὶιοείο
1673 2531 1708 2567 Ε,
1734 2531 1888 2570 siriposio

112 2583 138 2614 R
165 2600 199 2604 —
224 2583 412 2623 menofantis
437 2583 494 2613 ΕΡ
521 2599 557 2604 -
586 2583 637 2612 Η.
656 2586 692 2613 ut
708 2583 756 2614 sol
773 2583 797 2614 E
819 2601 854 2605 —
883 2583 984 2622 Quem
1001 2583 1025 2613 E
1054 2598 1087 2603 —
1117 2582 1169 2612 ⁴2.
1189 2581 1447 2620 conuiuiumque
1462 2582 1740 2620 -—pr0ducimus
1755 2581 1887 2613 Nonius

112 2640 146 2673 p.
163 2631 237 2671 372,
260 2633 300 2664 ⁶25
330 2650 361 2655 —
389 2632 521 2663 cottidie
546 2632 660 2663 BIRS
686 2650 727 2655 -—-
750 2632 946 2672 complector
972 2633 994 2663 E
1019 2650 1059 2654 —
1087 2631 1138 2662 43.
1158 2639 1317 2662 maxume
1341 2631 1472 2662 Nonius
1501 2648 1535 2653 —
1564 2632 1615 2662 45.
1643 2634 1755 2662 autem
1777 2639 1847 2662 om.
1866 2632 1887 2663 S

115 2699 150 2705 —
175 2683 345 2714 molestum
370 2686 414 2714 est
438 2683 474 2718 B,
500 2684 548 2713 esc
571 2690 640 2713 om.
661 2682 686 2713 O
716 2700 748 2704 —
776 2683 942 2714 desideras
959 2683 982 2713 E
1013 2700 1046 2704 -
1076 2682 1127 2712 117.
1146 2681 1288 2712 ueneriis
1311 2681 1411 2712 IPS:
1437 2681 1584 2712 uenerei‘s
1607 2681 1759 2714 BERO:
1786 2690 1888 2712 uene-

111 2732 172 2762 riis
194 2731 289 2763 rebus
312 2732 332 2763 S
369 2749 404 2753 —
443 2732 488 2762 dii
512 2732 536 2762 B
552 2731 641 2762 ΕΙΟ
681 2750 715 2754 -
754 2741 812 2773 eya
836 2741 914 2763 uero
941 2733 964 2763 P
990 2734 1024 2763 et
1049 2730 1302 2763 Oehlerianus:
1341 2730 1477 2761 libenter
1500 2739 1579 2762 uero
1604 2730 1791 2768 BIRSO.
1828 2739 1887 2773 eqo

113 2780 249 2812 libenter
271 2790 351 2812 uero
376 2781 400 2813 E
440 2799 473 2802 —
511 2781 598 2812 istim
623 2783 661 2813 Ρ2
695 2799 729 2804 -
770 2782 822 2813 49.
846 2782 986 2822 fortasse
1011 2790 1080 2813 om.
1102 2782 1181 2817 BS,
1212 2782 1290 2820 fort.
1310 2783 1339 2811 et
1363 2789 1433 2812 om.
1454 2782 1465 2812 1
1499 2798 1535 2803 --
1573 2781 1626 2812 20.
1653 2781 1694 2812 iis
1717 2781 1773 2820 qui
1796 2783 1820 2813 P
1848 2799 1883 2804 —

114 2839 177 2861 non
202 2830 234 2862 in
261 2830 285 2862 E
311 2839 453 2862 erasum
481 2848 516 2853 —
543 2839 621 2871 erqo
645 2840 710 2862 non
735 2832 777 2862 P:
805 2840 883 2872 erqo
906 2832 966 2862 hoc
989 2840 1054 2862 non
1078 2831 1240 2867 BEIRs‘,
1267 2839 1325 2870 eqo
1351 2839 1416 2860 non
1441 2830 1465 2861 O
1492 2839 1613 2862 errore
1638 2839 1828 2872 operarum
1852 2849 1885 2854 -

114 2879 166 2910 2⁴.
193 2880 280 2918 quod
303 2881 537 2920 si——fruitur
559 2880 654 2912 rebus
678 2881 807 2913 Nonius
833 2890 865 2922 p.
884 2882 913 2918 2,
930 2882 970 2913 ,10
1008 2898 1043 2903 —-
1083 2882 1162 2920 ipsis
1186 2880 1253 2911 istis
1279 2881 1301 2911 Ε
1339 2897 1374 2901 -
1415 2880 1485 2911 istis
1510 2889 1580 2911 om.
1599 2881 1729 2912 Nonius
1761 2899 1796 2904 —
1831 2881 1885 2912 22.

114 2927 274 2960 lubentius
294 2930 341 2961 Bl
368 2931 400 2961 et
425 2931 556 2961 Nonius
583 2947 617 2952 -
645 2934 681 2961 ut
705 2931 843 2962 dicimus
868 2932 921 2962 BS
950 2949 983 2953 —
1015 2932 1068 2963 ⁶23.
1096 2932 1209 2962 dehinc
1234 2931 1258 2962 E
1285 2947 1319 2952 —
1346 2931 1388 2961 iis
1414 2931 1527 2962 EPS:
1553 2931 1602 2962 his
1626 2930 1705 2962 BlR
1734 2947 1769 2952 —
1795 2939 1888 2962 sene-

115 2981 184 3009 ctus
206 2979 305 3010 eliam
329 2980 376 3010 C:
402 2981 502 3010 etiam
527 2988 597 3011 om.
618 2980 642 3011 O
670 2996 705 3002 —
732 2982 760 3011 si
785 2989 855 3011 om.
876 2982 898 3012 B
927 2998 960 3003 —
988 2981 1138 3012 habunde
1163 2982 1221 3017 ΒΙ,
1247 2980 1391 3012 habende
1415 2979 1452 3012 P¹
1471 2999 1506 3003 —
1533 2980 1586 3012 24.
1609 2981 1718 3020 turpio
1742 2980 1888 3012 amuibio

115 3027 194 3060 BlP
232 3047 266 3051 —
304 3030 356 3060 25.
383 3034 493 3061 tamen
517 3030 597 3061 ER:
632 3039 701 3062 om.
728 3032 858 3068 BlPS3
895 3031 1012 3063 firmat
1035 3035 1143 3062 tamen
1168 3032 1298 3062 Nouius
1325 3032 1383 3071 qui
1408 3031 1508 3062 affert
1532 3040 1565 3072 p.
1586 3031 1660 3070 447,
1680 3030 1741 3062 23:
1780 3031 1889 3071 magis

115 3077 356 3109 delectatur--
374 3080 407 3110 in
430 3081 549 3111 ultima
587 3098 623 3103 -
660 3082 759 3112 etiam
784 3090 853 3113 om.
874 3083 898 3113 E
937 3099 970 3104 —
1009 3083 1054 3113 sic
1078 3083 1177 3113 eliani
1200 3081 1424 3112 adolescencia
1449 3082 1484 3118 l,
1522 3082 1568 3112 sic
1600 3082 1633 3112 in
1664 3080 1751 3112 adol.
1785 3081 1809 3112 E
1844 3098 1887 3103 —

115 3127 316 3167 uoluptatem
342 3128 377 3160 Ρι
404 3147 436 3152 -
463 3134 601 3170 propter
626 3132 765 3163 Ernst
790 3141 893 3171 prope
918 3133 962 3163 BI
989 3149 1022 3153 —
1050 3132 1103 3162 -27,
1130 3135 1301 3169 aspectans
1326 3130 1362 3167 Ε,
1390 3131 1550 3169 aspiciens
1575 3131 1649 3162 BlS
1675 3147 1709 3152 —-
1737 3130 1887 3161 animum

117 3175 273 3207 delectant
296 3181 468 3218 tamquam
502 3181 584 3214 BR,
623 3182 703 3212 item
739 3182 771 3212 in
798 3182 857 3213 Es
888 3190 1066 3222 superscr.
1094 3181 1252 3211 delectant
1291 3198 1324 3202 —
1363 3180 1416 3211 ⁹28.
1443 3181 1627 3222 tamquam]
1645 3184 1773 3221 quanta
1799 3180 1821 3211 Ε
1847 3196 1882 3201 -

116 3227 327 3258 contentionis
350 3230 375 3259 Ο
400 3246 443 3251 —-
466 3230 517 3260 29.
548 3231 763 3269 cupiditatem
787 3232 811 3262 E
837 3248 871 3254 -
900 3232 952 3263 30.
979 3231 1074 3262 habet
1097 3230 1223 3268 aliquid
1250 3230 1285 3265 Ε,
1312 3229 1447 3269 aliquod
1469 3230 1562 3262 habet
1586 3231 1599 3262 Ι
1626 3249 1660 3254 -
1688 3230 1741 3262 31.
1766 3229 1885 3261 uidea-

115 3282 188 3306 mus
209 3277 251 3314 P;
279 3277 453 3310 Uideamus
475 3281 562 3311 mori
586 3280 628 3319 Ε,
654 3280 718 3312 sed
742 3281 828 3312 mori
851 3281 886 3313 in
909 3289 1000 3321 ras,
1026 3281 1111 3312 mori
1134 3280 1326 3313 uidebamus
1349 3281 1564 3323 (uidebamur
1578 3281 1621 3323 B)
1645 3281 1758 3314 BIRS
1783 3297 1819 3303 —-
1845 3281 1880 3313 in
