2249 3624
240 127 323 169 536
901 123 972 164 DE
1001 121 1355 163 DIVINATIONE

239 248 389 283 rerem,
420 235 548 276 multa
579 233 704 273 verba
735 231 870 271 fecisti
901 235 954 277 te,
987 243 1080 270 cum
1110 241 1177 268 res
1208 227 1387 274 videres,
1418 227 1623 267 rationem
1653 239 1906 279 causamque
1926 239 2010 267 non

242 312 469 352 quaerere3
511 297 609 352 quid
642 294 779 341 fieret,
821 306 904 332 non
937 306 1008 332 cur
1040 291 1158 330 [ieret
1189 290 1239 330 ad
1273 303 1358 329 rem
1389 289 1611 343 pertinere.
1673 288 1802 336 Quasi
1834 302 1910 341 ego
1942 293 2012 329 aut

240 359 329 401 fieri
363 361 659 405 concederem,
700 361 770 396 aut
801 359 913 395 esset
943 353 1184 407 philosophi
1215 365 1401 398 causam,
1434 365 1506 391 cur
1538 351 1727 405 quidque
1758 351 1897 398 fieret,
1927 364 2011 392 non

241 435 457 476 quaerere..
518 419 585 460 47.
617 421 667 458 Et
698 432 746 458 eo
779 417 952 471 quidem
984 417 1076 455 loco
1110 421 1151 455 et
1181 414 1453 467 prognostica
1484 420 1626 453 nostra
1648 413 1947 467 pronuntiabas
1971 418 2013 454 et

208 491 392 538 5genera
422 484 667 528 herbarum,
707 479 1005 520 scammoniam
1038 476 1435 530 aristolochiamque
1466 475 1674 523 radicem,
1711 489 1882 530 quarum
1915 488 2012 515 cau·-

240 561 326 588 sam
358 548 596 598 ignorares,
628 544 710 582 vim
744 547 784 581 et
814 541 1005 581 effectum
1038 540 1218 579 videres.

356 609 466 648 XXI.
499 606 708 646 Dissimile
730 610 876 644 totum.
919 604 1022 642 Nam
1055 607 1094 641 et
1126 602 1492 654 prognosticorum
1515 614 1663 641 causas
1686 601 1893 653 persecuti
1917 605 2013 643 sunt

239 678 280 713 et
300 671 485 712 Boethus
508 669 692 714 Stoicus,
725 668 796 720 qui
830 671 892 705 est
922 678 945 705 a
979 671 1015 704 te
1047 665 1310 711 nominatus,
1343 669 1384 703 et
1414 669 1558 703 noster
1590 663 1712 702 etiam
1735 663 2012 713 Posidonius3

239 739 280 774 et
310 735 343 774 si
375 745 525 773 causae
556 744 641 770 non
672 730 934 783 reperiantur
970 728 1144 767 istarum
1177 741 1338 773 rerum,
1381 740 1447 766 res
1479 732 1618 765 tamen
1649 726 1766 778 ipsae
1798 725 2014 766 observari

189 794 597 847 ⁴0animadvertique
637 796 878 845 potuerunt.
936 792 1082 830 Nattae
1115 804 1214 829 vero
1248 794 1382 828 statua
1415 794 1486 828 aut
1517 801 1613 827 aera
1645 788 1782 840 legum
1816 788 1867 827 de
1899 788 2013 829 caelo

236 863 363 903 tacta,
395 856 496 908 quid
535 855 690 894 habent
726 854 995 892 observatum
1026 865 1072 891 ac
1105 854 1348 892 vetustum?
1392 851 1548 890 Pinarii
1583 851 1726 889 Nattae
1757 850 1945 890 nobiles:
1989 865 2013 891 a

237 920 455 959 nobilitate
486 918 613 970 igitur
643 916 889 971 periculum.
932 916 1022 954 Hoc
1055 920 1138 954 tam
1172 913 1320 953 callide
1344 914 1531 965 Iuppiter
1554 913 1776 964 cogitaviti
1811 913 2014 954 Romulus

236 983 395 1022 lactens
434 981 609 1021 fulmine
647 981 782 1019 ictus:
829 978 921 1017 urbi
962 978 1088 1030 igitur
1127 977 1362 1030 periculum
1405 974 1640 1014 ostenditur
1677 975 1738 1022 ei,
1780 989 1903 1027 quam
1942 976 2014 1016 ille

237 1044 439 1085 condidit.
501 1043 638 1091 Quam
670 1042 773 1081 scite
805 1054 880 1094 per
910 1046 1031 1079 notas
1065 1053 1142 1079 nos
1174 1039 1372 1078 certiores
1402 1037 1502 1076 facit
1523 1037 1732 1090 Iuppiter!
1780 1039 1832 1076 At
1863 1038 2012 1078 eodem

188 1112 424 1159 ⁴51empore
457 1105 622 1158 signum
654 1104 765 1143 lovis
798 1103 1116 1148 conlocabatur,
1161 1114 1244 1154 quo
1277 1100 1510 1146 coniuratio
1548 1099 1821 1138 indicabatur.
1881 1101 1933 1140 Et
1964 1107 2009 1142 tu

237 1170 396 1209 scilicet
427 1168 557 1207 mavis
588 1167 761 1206 numine
794 1165 967 1205 deorum
1000 1164 1041 1203 id
1073 1163 1224 1203 sactum
1257 1176 1381 1215 quam
1415 1175 1510 1201 casu
1535 1161 1755 1201 arbitrari?
1788 1167 1828 1201 et
1849 1162 2012 1203 redem-

235 1237 354 1285 ptor,
397 1231 467 1283 qui
501 1230 738 1270 columnam
770 1228 886 1268 illam
927 1227 977 1266 de
1011 1227 1129 1266 Cotta
1162 1231 1203 1265 et
1235 1225 1286 1264 de
1318 1226 1532 1277 Torquato
1565 1224 1827 1264 conduxerat
1857 1225 2012 1266 facien-

237 1294 345 1340 dam,
377 1307 461 1333 non
494 1293 645 1332 inertia
677 1297 749 1331 aut
779 1291 921 1343 inopia
944 1289 1100 1329 tardior
1121 1289 1219 1334 fuit,
1252 1286 1325 1326 sed
1347 1300 1370 1326 a
1393 1287 1482 1326 deis
1505 1286 1796 1326 inmortalibus
1818 1287 1867 1326 ad
1891 1288 2011 1328 istam

234 1357 380 1396 horam
417 1360 653 1394 reservatus
693 1356 784 1393 est‘?
845 1350 911 1391 4-8.
943 1353 1036 1392 Non
1069 1350 1264 1404 equidem
1298 1350 1420 1402 plane
1453 1349 1633 1401 despero
1665 1349 1746 1388 ista
1778 1362 1869 1389 esse
1901 1363 2011 1398 vera,

185 1419 309 1459 ²osed
349 1418 491 1457 nescio
533 1422 573 1457 et
614 1416 776 1456 discere
815 1429 838 1456 a
879 1421 919 1455 te
962 1414 1072 1453 volo.
1132 1414 1236 1452 Nam
1269 1426 1361 1452 cum
1394 1411 1493 1450 mihi
1529 1412 1734 1465 quaedam
1767 1425 1864 1451 casu
1898 1414 2013 1453 vide-

237 1486 383 1521 rentur
416 1481 475 1519 sic
509 1480 702 1526 evenire,
734 1484 781 1518 ut
812 1477 1025 1532 praedicta
1057 1481 1198 1515 essent
1229 1488 1252 1515 a
1284 1474 1592 1521 divinantibus,
1624 1473 1770 1513 dixisti
1803 1475 1928 1515 multa
1961 1476 2012 1516 de

235 1557 347 1590 casu,
377 1549 424 1582 ut
446 1542 672 1582 Venerium
705 1541 782 1581 iaci
816 1555 941 1594 posse
974 1553 1072 1579 casu
1106 1544 1301 1591 quattuor
1332 1537 1425 1576 talis
1456 1537 1596 1583 iactis,
1632 1536 1702 1576 sed
1729 1537 2011 1591 quadringen-

234 1606 286 1646 tis
319 1611 483 1644 centum
508 1605 712 1644 Venerios
744 1617 828 1642 non
860 1616 982 1656 posse
1016 1615 1115 1640 casu
1148 1600 1391 1640 consistere.
1434 1600 1619 1638 Primum
1651 1600 1793 1638 nescio
1825 1613 1899 1640 cur
1926 1615 2010 1642 non

233 1668 417 1723 possint,
457 1667 528 1707 sed
569 1681 651 1706 non
683 1680 847 1720 pugno;
891 1665 1080 1705 abundas
1113 1664 1222 1703 enim
1254 1663 1474 1702 similibus.
1537 1663 1674 1702 Habes
1707 1667 1747 1701 et
1777 1664 2009 1715 respersio-

181 1744 218 1772 25
234 1745 328 1771 nem
369 1731 677 1783 pigmentorum
719 1734 760 1768 et
799 1734 980 1767 rostrum
1021 1727 1106 1766 suis
1146 1732 1185 1766 et
1215 1726 1294 1765 alia
1326 1726 1548 1779 permulta.
1601 1724 1716 1764 Idem
1751 1725 2007 1766 Carneadem

233 1792 388 1846 fingere
429 1793 532 1832 dicis
572 1792 622 1831 de
659 1791 794 1844 capite
835 1790 1018 1837 Panisci,
1064 1790 1183 1843 quasi
1225 1801 1309 1827 non
1352 1789 1534 1840 potuerit
1564 1787 1605 1826 id
1639 1788 1804 1828 evenire
1837 1801 1935 1828 casu
1969 1794 2009 1830 et

232 1870 316 1896 non
347 1856 386 1896 in
420 1855 532 1894 omni
566 1867 771 1893 marmore
803 1866 976 1892 necesse
1008 1854 1061 1891 sit
1091 1853 1229 1891 inesse
1261 1851 1325 1890 vel
1349 1851 1576 1890 Praxitelia
1597 1852 1743 1904 capita.
1797 1851 1871 1890 Illa
1895 1851 2006 1891 enim

232 1920 321 1973 ipsa
353 1915 592 1957 efficiuntur
634 1915 890 1955 detractione
932 1928 1070 1968 neque
1113 1914 1334 1967 quicquam
1368 1914 1467 1952 illuc
1498 1913 1689 1953 adfertur
1719 1926 1742 1952 a
1774 1913 2006 1962 Praxitele;

232 1981 304 2021 sed
338 1995 430 2020 cum
464 1979 593 2019 multa
624 1984 719 2018 sunt
751 1978 937 2017 detracta
978 1983 1019 2016 et
1050 1977 1100 2016 ad
1134 1977 1376 2016 liniamenta
1410 1976 1494 2015 oris
1527 1981 1770 2029 perventum
1804 1981 1888 2023 est,
1920 1981 2007 2016 tum

180 2044 451 2096 aointellegas
484 2041 609 2088 illud,
643 2040 756 2094 quod
790 2041 870 2080 iam
904 2040 1136 2093 expolitum
1170 2040 1242 2086 sit,
1272 2040 1382 2078 intus
1413 2038 1554 2078 fuisse.
1614 2036 1680 2078 49.
1713 2040 1854 2078 Potest
1883 2039 2010 2091 igitur

231 2107 312 2147 tale
344 2105 504 2159 aliquid
536 2104 661 2143 etiam
694 2116 768 2142 sua
801 2108 950 2156 sponte
986 2104 1029 2143 in
1069 2102 1307 2155 lapicidinis
1338 2101 1537 2141 Chiorum
1570 2102 1775 2141 extitisse.
1840 2101 1919 2141 Sed
1954 2102 2006 2141 sit

231 2168 310 2209 hoc
340 2169 496 2208 fictum.
561 2166 702 2214 Quid?
745 2166 785 2204 in
819 2166 1000 2204 nubibus
1042 2177 1272 2217 numquam
1306 2164 1634 2203 animadvertisti
1667 2163 1800 2203 leonis
1832 2162 2006 2203 formam

231 2237 301 2272 aut
331 2229 680 2283 hippocentauri?
727 2229 869 2268 Potest
900 2228 1050 2281 igitur,
1093 2227 1205 2281 quod
1239 2225 1361 2267 modo
1394 2227 1598 2279 negabas,
1639 2227 1854 2266 veritatem
1888 2239 2008 2266 casus

230 2294 398 2334 imitari.

179 2368 216 2397 35
345 2355 478 2395 XXII.
517 2354 599 2394 Sed
634 2354 834 2407 quoniam
867 2353 918 2392 de
951 2353 1059 2393 extis
1091 2358 1132 2392 et
1163 2352 1214 2393 de
1245 2353 1477 2406 fulgoribus
1510 2353 1610 2393 satis
1642 2358 1705 2393 est
1735 2351 2006 2405 disputatum,

232 2423 397 2458 ostenta
428 2422 609 2464 restant,
651 2422 696 2455 ut
732 2422 816 2456 tota
856 2416 1125 2468 haruspicina
1158 2416 1211 2455 sit
1242 2420 1506 2468 pertractata.
1566 2416 1704 2455 Mulae
1736 2421 1878 2468 partus
1911 2426 2007 2467 pro-

230 2480 339 2520 latus
371 2485 434 2520 est
464 2492 485 2519 a
518 2485 571 2519 te.
619 2479 699 2518 Res
732 2478 949 2525 mirabilis,
982 2483 1207 2530 propterea
1239 2479 1340 2532 quia
1370 2491 1455 2518 non
1487 2491 1612 2531 saepe
1645 2476 1712 2527 fit;
1746 2478 1819 2518 sed
1852 2477 1885 2516 si
1918 2474 2006 2516 fieri

321 2661 349 2691 i.
376 2663 481 2690 tecum
504 2668 578 2690 cum
600 2667 653 2690 res
676 2659 721 2696 B,
754 2658 816 2690 sed
842 2666 916 2689 cum
940 2667 1016 2698 sup.
1043 2657 1101 2689 lin.
1129 2675 1164 2680 -
1198 2658 1228 2689 3.
1256 2668 1321 2689 non
1344 2659 1553 2689 concederem
1575 2657 1722 2689 Nodellii
1747 2666 1843 2698 susp.
1871 2676 1913 2680 —
1943 2666 2009 2689 esse

232 2708 270 2742 13¹
289 2727 324 2733 —
352 2711 489 2749 quicque
505 2709 563 2740 ΑΗ
591 2727 625 2731 -
654 2710 684 2740 5.
702 2709 941 2739 scammoniam
958 2709 1037 2739 AH:
1064 2710 1267 2739 scamoniam
1294 2710 1328 2745 Β,
1354 2717 1602 2739 scammoneam
1626 2708 1664 2745 Ο,
1693 2709 1730 2739 ut
1753 2716 1858 2747 supra
1884 2708 1913 2745 Ι,
1934 2707 2007 2748 516

234 2776 268 2782 -
288 2759 435 2798 causam]
462 2759 517 2789 hic
542 2758 671 2790 desinit
695 2759 721 2789 H
745 2776 777 2780 —
806 2758 858 2789 40.
883 2762 1061 2797 potuerunt
1086 2759 1129 2789 C:
1154 2763 1289 2797 possunt
1313 2759 1379 2789 cod
1413 2759 1494 2798 Reg.
1517 2758 1642 2789 Davisii
1668 2758 1693 2788 Ο
1723 2775 1756 2780 -
1783 2767 1865 2789 aera
1888 2756 2005 2798 legum]

231 2809 413 2840 simulacra
437 2810 572 2840 deorum
596 2810 620 2840 B
647 2810 679 2840 ln
705 2817 773 2839 ras.
797 2827 830 2830 ——
860 2809 911 2838 li.
939 2809 1017 2847 qnid
1040 2808 1157 2839 habent
1181 2809 1431 2840 observ-andum.
1457 2810 1497 2840 At
1519 2813 1623 2845 vetus,
1650 2812 1718 2839 tum
1741 2808 1868 2838 Pinarii
1892 2808 2008 2839 Mark-

232 2859 357 2891 landus
383 2868 436 2899 ep.
460 2861 533 2890 crit.
563 2868 594 2899 p.
615 2857 655 2889 47
685 2876 718 2881 —
744 2858 859 2897 pinari
881 2859 1030 2888 innolloe
1055 2858 1093 2889 Α1
1115 2875 1148 2880 -—
1178 2859 1229 2889 ΛΞ.
1256 2860 1324 2890 Hoc
1348 2868 1449 2898 quam
1472 2860 1589 2890 collide
1614 2859 1758 2897 Iuppiter
1780 2859 2008 2898 exaequavit?

230 2910 270 2941 Aa
295 2910 448 2941 Romulus
473 2908 693 2941 Marii-landus
719 2907 740 2939 l.
766 2907 786 2940 l.
814 2909 846 2939 in
873 2909 972 2938 cuius
997 2909 1169 2948 scriptura
1195 2910 1396 2950 eccoyilarit
1421 2911 1557 2940 rectum
1584 2909 1723 2939 videtur
1755 2926 1788 2930 —
1829 2907 1880 2940 ⁴4.
1908 2912 1942 2938 at
1966 2909 2005 2948 A,

233 2959 295 2990 sed
322 2962 333 2990 ι
357 2960 388 2989 in
416 2968 484 2990 ras.
520 2977 554 2980 —‡
595 2959 646 2990 116.
671 2959 802 2990 nomine
826 2962 850 2990 Α
881 2976 914 2980 -
948 2959 1000 2990 22.
1027 2968 1186 2989 ueneram
1218 2960 1242 2990 B
1282 2977 1315 2980 —
1358 2960 1470 2997 iactis,
1496 2960 1550 2989 sed
1577 2959 1758 2990 Davisius:
1795 2959 1890 2989 iactis
1912 2962 1941 2989 et
1966 2959 2004 2996 C,

230 3011 326 3041 iactis
350 3008 539 3040 Lambinus
557 3009 582 3039 O
604 3026 636 3031 ——
663 3008 715 3039 23.
744 3007 928 3048 consistere]
954 3008 1034 3039 hinc
1059 3008 1176 3039 denuo
1201 3010 1320 3050 incipit
1344 3010 1372 3040 V
1398 3027 1431 3032 —
1467 3009 1520 3040 24.
1546 3008 1718 3039 habundas
1739 3008 1863 3040 AV1-
1890 3016 2007 3047 asper—

230 3060 352 3090 sionem
378 3058 563 3090 Lambinus
594 3066 634 3088 ex
668 3059 697 3093 1.
725 3058 797 3097 §023
831 3076 866 3080 —
898 3059 951 3089 27.
977 3058 1026 3088 vec
1048 3059 1298 3090 Praoeilelia--
1316 3060 1467 3099 adfertur
1495 3060 1527 3089 in
1558 3067 1668 3098 marg.
1694 3067 1741 3089 m.
1769 3066 1821 3098 pr.
1848 3057 1956 3089 habet
1979 3059 2005 3090 Α

236 3127 270 3132 -
298 3108 376 3139 fort.
402 3108 555 3139 Posilelia
572 3125 617 3130 —-
635 3108 770 3139 Pasitele
801 3109 839 3138 ut
869 3109 898 3146 Ι,
927 3107 1004 3148 §79
1036 3116 1055 3138 a
1086 3109 1169 3139 viris
1202 3108 1413 3141 doctissimis
1446 3110 1645 3140 correctum
1671 3109 1743 3145 est,
1770 3106 1861 3147 quod
1888 3108 1925 3138 ut
1949 3107 2004 3139 hic

233 3166 374 3199 quoque
400 3156 597 3188 scribamus
621 3160 821 3198 temporum
847 3159 935 3189 ratio
959 3157 1098 3188 videtur
1123 3167 1268 3189 monere
1296 3176 1329 3180 —
1362 3159 1416 3190 28.
1442 3167 1545 3198 neque
1570 3158 1617 3189 C:
1644 3166 1703 3188 nec
1727 3158 1751 3188 O
1779 3175 1813 3179 —
1840 3158 2005 3197 afferatur

234 3208 260 3238 V
281 3225 315 3230 —
342 3207 395 3239 ⁰29.
422 3208 620 3238 lineamenta
644 3208 669 3238 O
698 3225 730 3229 —
758 3208 809 3239 30.
838 3208 930 3247 illud]
955 3208 1047 3239 aliud
1072 3207 1098 3238 V
1127 3226 1158 3231 —
1186 3209 1391 3249 expoliatum
1415 3208 1456 3240 V¹
1482 3226 1516 3230 —
1545 3208 1596 3241 35.
1622 3206 1810 3251 fulguribus
1832 3206 1938 3238 BV²O
1964 3222 1998 3230 —-

233 3257 285 3289 36.
311 3261 342 3289 to
366 3266 479 3297 arusp.
506 3255 544 3289 B¹
571 3274 606 3280 —
629 3258 782 3298 prolatus
804 3262 832 3289 st
855 3261 906 3290 Al.
