2249 3624
602 163 689 203 Lm.
721 162 788 201 1v.
829 159 926 201 cst.
958 160 1215 200 xv-xvr
1255 157 1313 212 §5
1346 156 1536 198 33-36,
1865 155 1945 197 315

194 271 306 327 quod
337 274 448 323 agat,
479 273 523 309 ut
554 268 639 315 ille,
671 268 741 322 qui
776 268 1104 321 voluptatem
1137 266 1293 306 animi
1326 267 1528 306 nimiam
1562 278 1806 306 summum
1839 278 1946 305 esse

192 346 423 376 errorem
464 331 696 371 arbitratur.
752 330 906 369 Eorum
948 330 1072 383 igitur
1111 329 1312 369 malorum
1349 330 1390 369 in
1422 342 1504 368 una
1535 330 1685 368 virtute
1718 328 1850 381 posita
1883 339 1947 365 sa-

190 398 300 440 natio
330 400 404 436 est.

299 458 408 498 XVI.
441 456 551 504 Quid
583 461 719 496 autem
753 460 813 495 est
843 468 925 494 non
959 453 1148 494 miserius
1180 454 1334 502 solum,
1367 454 1438 494 scd
1472 454 1635 494 foedius
1667 453 1788 493 etiam
1817 458 1856 492 et
1878 452 1948 492 de-

187 520 360 563 formius
393 532 516 574 quam
549 517 808 571 aegritudine
842 517 936 570 quis
968 516 1179 564 adflictus,
1212 517 1472 564 debilitatus,
1506 517 1674 556 iacens?
1718 516 1792 555 Cui
1827 516 1976 555 mise-5

186 585 271 625 riae
303 593 532 636 proxumus
565 587 623 620 est
657 581 713 627 is,
755 580 825 634 qui
867 579 1210 632 adpropinquans
1242 579 1412 632 aliquod
1446 580 1595 618 malum
1629 579 1773 618 metuit
1805 578 1948 617 exani-

186 651 404 698 matusque
436 644 591 696 pendet
621 642 763 682 animi.
811 642 945 690 Quam
976 642 1056 681 vim
1090 641 1184 681 mali
1217 641 1498 695 significantes
1532 647 1675 694 poetae
1706 641 1947 694 impendere

185 708 294 763 apud
327 705 480 747 inferos
512 718 657 745 saxum
690 704 863 744 Tantalo
894 702 1049 744 faciunt

254 767 326 810 Ob
358 767 571 809 scelera
602 766 865 819 animique
897 766 1256 819 inpotentiam
1290 773 1337 807 et
1369 764 1945 821 supei-biloqnentiam.

183 835 243 875 Ea
274 831 505 873 eommunis
529 842 665 883 poena
688 829 886 868 stultitiae
910 835 997 876 est;
1032 830 1224 869 omnibus
1248 832 1378 878 enini,
1412 845 1588 884 quorum
1613 844 1728 870 mens
1751 829 1996 869 abhorretto

183 909 206 936 a
235 894 408 940 ratione,
442 905 607 945 semper
630 892 758 945 aliqui
785 891 877 931 talis
901 897 1032 931 terror
1054 892 1277 944 impendet.
1319 891 1384 932 36.
1409 895 1544 947 Atque
1569 901 1611 934 ut
1633 894 1734 932 liaeo
1757 890 1946 932 tabificae

183 958 331 999 mentis
355 956 684 1010 perturbationes
703 959 812 1000 sunt,
835 953 1135 1006 aegritudinem
1160 954 1253 994 dico
1277 960 1314 995 et
1337 962 1505 1004 metum,
1528 957 1585 996 sic
1603 957 1820 995 hilariores
1838 954 1945 1000 illae,

182 1019 386 1074 cupiditas
417 1018 536 1058 avide
568 1030 733 1070 semper
761 1017 918 1070 aliquid
942 1022 1146 1070 expetens
1178 1023 1216 1057 et
1240 1017 1374 1057 inanis
1395 1019 1607 1066 alacritas,
1640 1019 1681 1057 id
1706 1025 1768 1058 est
1790 1017 1948 1057 laetitia

181 1082 384 1137 gestiens,
424 1094 509 1120 non
551 1078 722 1120 multum
755 1079 948 1118 differunt
980 1080 1030 1119 ab
1063 1081 1257 1119 amentia.
1313 1081 1376 1119 Ex
1407 1094 1491 1134 quo
1525 1082 1782 1134 intellegitur
1812 1080 1947 1134 qualis

180 1147 249 1186 ille
281 1146 355 1193 sit,
388 1157 512 1198 quem
546 1148 629 1183 tum
663 1142 943 1188 moderatum,
975 1143 1075 1182 alias
1103 1142 1355 1190 modestum,
1389 1149 1473 1182 tum
1498 1150 1812 1197 temperantem,
1845 1144 1998 1182 alias-¹5

179 1212 436 1248 constantem
469 1207 838 1258 continentemque
863 1205 1058 1253 dicimus;
1094 1219 1172 1245 non
1204 1219 1429 1259 numquam
1453 1207 1555 1246 haec
1577 1206 1720 1246 eadem
1746 1205 1947 1245 vocabula

181 1271 231 1312 ad
263 1270 512 1323 frugalitatis
543 1282 694 1308 nomen
728 1274 936 1321 tamquam
970 1268 1021 1306 ad
1054 1273 1178 1320 caput
1210 1267 1362 1307 referre
1394 1268 1598 1308 volumus.
1646 1268 1770 1317 Quod
1796 1268 1873 1307 nisi
1896 1280 1945 1306 eo

179 1333 347 1373 nomine
379 1332 552 1371 virtutes
584 1331 918 1377 continerentur,
951 1343 1177 1384 numquam
1210 1331 1265 1370 ita
1294 1331 1576 1383 pervolgatum
1609 1330 1710 1371 illud
1743 1337 1870 1377 esset,
1905 1335 1948 1369 ut

180 1397 260 1436 iam
293 1395 505 1450 proverbii
538 1393 672 1434 locum
706 1395 940 1447 optineret,
972 1392 1185 1432 homiuem
1216 1392 1321 1446 frugi
1346 1394 1483 1433 omnia
1507 1399 1618 1433 recte
1641 1393 1790 1434 facere.
1825 1392 1944 1440 Quod

176 1458 287 1498 idem
319 1471 411 1497 cum
445 1457 571 1498 Stoici
605 1456 656 1496 de
688 1457 876 1510 sapiente
901 1456 1065 1502 dicunt,
1098 1455 1220 1496 nimis
1242 1455 1765 1510 admirabiliternimisque
1788 1456 1996 1508 magui-20

179 1519 256 1560 fiee
288 1519 427 1560 dicere
459 1519 665 1559 videntur.

174 1699 252 1728 est·
270 1696 365 1734 -fuit
389 1695 615 1733 concupitum,
649 1698 717 1724 tum
741 1696 894 1734 esser-tum
930 1693 972 1725 cf.
999 1694 1039 1728 V,
1065 1693 1124 1724 522:
1158 1694 1310 1732 stultitia,
1336 1694 1394 1724 etsi
1419 1694 1539 1732 adepta
1563 1697 1624 1727 est.
1651 1696 1738 1731 quod
1762 1696 1947 1734 concupivit

175 1746 259 1784 [non
286 1745 506 1776 coniunctivo
532 1744 636 1775 modo
660 1745 882 1783 concupiverit
906 1744 989 1782 (vid.
1018 1744 1151 1783 Madvig
1176 1746 1328 1775 Grannn.
1357 1744 1374 1783 g
1401 1744 1461 1775 335
1488 1753 1521 1774 n.
1543 1745 1571 1774 Ι.
1599 1744 1706 1784 praes.
1734 1744 1777 1775 ad
1804 1746 1875 1775 Cat.
1899 1746 1942 1776 M.

175 1797 209 1827 et
234 1793 386 1826 Laelium
412 1803 446 1834 p.
474 1794 558 1825 XIX.
592 1793 636 1824 ad
662 1794 732 1824 fin.
761 1794 799 1832 V,
826 1795 896 1831 alli:
932 1794 948 1833 ἓ
981 1795 1014 1824 tss
1047 1796 1125 1834 post
1153 1795 1337 1833 cuiuspiam
1368 1793 1465 1833 dalis>
1498 1796 1594 1825 recte
1627 1804 1664 1825 se
1699 1794 1821 1826 habet:
1859 1796 1945 1835 quod

173 1845 290 1876 bonum
321 1844 528 1874 videatur.
568 1844 674 1874 Prava
709 1845 759 1874 est
786 1851 868 1882 ergo
895 1842 1011 1874 Klotzii
1037 1844 1255 1874 coniectura:
1291 1847 1349 1875 est
1380 1845 1499 1882 adepta
1530 1852 1571 1874 re
1601 1853 1694 1874 rera
1726 1846 1776 1883 id,
1810 1847 1895 1883 quod
1919 1846 1947 1876 ei

170 1894 301 1935 fuerit
323 1894 548 1932 conf-upitum,
576 1897 643 1923 tum
667 1892 810 1928 ecfertur
833 1893 1024 1926 alm-ritate,
1052 1894 1084 1924 in
1110 1902 1178 1933 qua
1205 1894 1309 1924 etiam
1335 1903 1370 1923 re
1393 1903 1473 1925 vera
1498 1895 1651 1933 ineptam
1678 1895 1943 1927 redundantiam

172 1943 294 1980 habet;
334 1952 375 1974 ne
401 1944 434 1974 in
460 1942 567 1974 altera
593 1942 737 1983 quidem
763 1942 923 1974 eiusdem
949 1943 1083 1982 (adepta
1105 1943 1293 1983 videtur)
1325 1952 1392 1974 nec
1424 1944 1457 1975 in
1482 1943 1682 1975 Bentleiana
1709 1944 1768 1983 (se
1793 1946 1946 1985 adeptam

170 1995 299 2032 retur)
329 1992 537 2024 coniunctivi
560 1993 662 2031 fuerit
687 1994 773 2023 iusta
801 2001 906 2023 causa
931 1992 996 2023 ulla
1022 1995 1093 2029 est,
1129 1995 1163 2024 et
1188 1996 1305 2024 tamen
1329 1994 1407 2032 sibi,
1443 2003 1510 2025 non
1536 1995 1581 2031 ei,
1615 1994 1842 2026 scribendum
1871 1996 1942 2031 suit,

170 2045 382 2084 omninoque
418 2042 470 2074 illa
504 2042 676 2082 opinionis
707 2042 912 2082 significatio
945 2042 1098 2081 (videtur,
1134 2043 1237 2083 retur)
1271 2052 1396 2083 parum
1428 2046 1507 2084 apta
1542 2046 1613 2074 est:
1646 2044 1688 2074 αϊ.
1717 2044 1757 2084 53
1788 2045 1834 2075 ¹2.
1861 2045 1942 2085 394.

168 2102 350 2133 numquam
373 2101 404 2123 se
428 2096 535 2123 tamen
560 2093 641 2122 satis
664 2096 871 2123 consecutam
892 2095 1000 2131 putat.
1035 2092 1141 2123 Acad.
1169 2094 1208 2129 ΙΙ,
1238 2093 1310 2130 1327,
1339 2093 1397 2124 ubi
1421 2092 1523 2131 vulgo
1549 2093 1692 2133 legitur:
1726 2095 1753 2125 si
1778 2103 1853 2125 vero
1877 2095 1943 2125 ali·-

169 2143 247 2182 quid
280 2141 366 2179 (tale)
399 2144 564 2179 occurret,
600 2142 686 2182 quod
720 2142 787 2172 veri
818 2143 923 2172 simite
948 2142 1111 2179 videatur,
1145 2143 1382 2174 humanissima
1407 2144 1587 2182 completur
1611 2145 1742 2174 animus
1766 2144 1941 2183 voluptate,

170 2190 446 2224 Huelsemannus
472 2194 568 2222 recte
594 2190 703 2222 edidit
729 2192 871 2222 occurrit
898 2192 976 2226 [non
1002 2200 1133 2231 praes..
1160 2192 1243 2227 sed,
1271 2195 1306 2223 ut
1332 2193 1366 2223 T.
1389 2193 1427 2224 D.
1449 2194 1486 2227 ll.
1507 2194 1536 2229 5,
1565 2194 1684 2234 perillz
1713 2194 1826 2224 tuturo
1852 2196 1943 2225 teni-

169 2249 267 2281 pore‚
294 2241 458 2280 quoniam
484 2240 695 2279 indagationi
721 2241 785 2281 ipsi
812 2241 958 2271 enectus
984 2242 1058 2272 eius
1091 2242 1290 2282 opponitur,
1323 2244 1503 2273 occurrerit
1520 2243 1799 2282 --complebitur
1822 2238 1945 2275 dicen-

169 2291 250 2322 dum
278 2290 355 2321 fuit:
385 2289 426 2320 cf.
454 2290 489 2320 T.
509 2290 549 2321 D.
569 2290 608 2326 ΙΙ,
630 2291 641 2319 Ι
674 2290 732 2320 ubi
759 2299 822 2330 ego
849 2300 889 2321 ex
916 2290 992 2321 cod.
1015 2290 1210 2331 archetypo
1230 2293 1362 2322 restitui
1382 2294 1573 2331 perceperit.
1603 2294 1767 2324 Ceterum
1786 2294 1829 2324 de
1848 2295 1943 2324 tran—

168 2342 234 2373 situ
259 2350 275 2371 a
302 2340 478 2381 praesenti
505 2342 664 2380 tempore
690 2341 874 2379 (inportant
890 2358 936 2362 --
957 2340 1177 2381 inflammant)
1204 2342 1246 2372 ad
1274 2341 1429 2372 futurum
1454 2341 1496 2372 cf.
1517 2343 1557 2379 ΙΙ,
1584 2343 1590 2372 l
1621 2352 1677 2372 nec
1693 2346 1940 2384 ——possunr

167 2398 454 2428 nec--perseq
468 2392 595 2420 uetur.
635 2390 674 2427 V,
701 2389 740 2421 42
775 2390 1142 2429 Oni--potest--P
1174 2391 1236 2428 Oui
1267 2395 1378 2422 autem
1406 2392 1653 2431 poterit--,
1691 2392 1793 2422 nisi-
1812 2409 1828 2414 ·
1853 2401 1942 2422 ces.-

166 2441 297 2473 sebit?
323 2440 370 2471 De
397 2439 560 2471 levissimi
586 2440 656 2470 vitii
681 2448 812 2477 §genere
838 2439 879 2470 cs.
901 2441 956 2476 ΙΙΙ,
976 2440 1028 2477 6Ι,
1057 2440 1114 2471 ubi
1140 2442 1164 2471 G
1180 2442 1202 2471 R
1229 2444 1350 2472 eontra
1373 2442 1558 2480 perferetur
1583 2450 1644 2481 pro
1666 2442 1833 2480 perfertur
1853 2454 1866 2467 ι»
1884 2443 1940 2472 w.

169 2508 204 2513 —
230 2492 258 2522 ei
276 2493 376 2525 (corr.
397 2498 436 2520 ex
456 2486 482 2529 ἒ)
511 2490 552 2520 B:
578 2493 625 2521 est
649 2491 672 2520 G
690 2490 733 2525 R3
761 2498 830 2521 om.
849 2490 885 2520 Ο.
914 2490 962 2521 tlt.
984 2490 1027 2521 de
1047 2490 1154 2521 Finib.
1176 2491 1201 2521 ll
1227 2490 1244 2530 ἓ
1266 2490 1379 2522 Ἰ1·Ι.--
1404 2492 1433 2522 Ἰ.
1455 2492 1533 2530 quid
1550 2495 1629 2531 apat
1650 2493 1692 2522 (j.
1722 2491 1770 2521 ef.
1791 2492 1942 2522 Wesen-

166 2540 252 2579 berg
279 2538 473 2570 emendati.
502 2539 573 2570 Cic.
602 2540 717 2579 epistt.
745 2549 778 2580 p.
805 2541 858 2570 52.
882 2555 915 2560 —
946 2540 975 2570 Ι).
1003 2540 1139 2580 aliquod
1162 2540 1287 2570 malum
1310 2542 1439 2574 metuit,
1467 2545 1679 2571 &animatus
1700 2542 1815 2580 pendet
1839 2542 1943 2572 animi

166 2590 294 2622 Nonius
318 2598 349 2629 p.
371 2589 444 2620 498.
468 2606 503 2611 —
531 2590 549 2619 9
582 2590 748 2628 animique
774 2590 986 2628 inpotentiam
1013 2593 1041 2619 et
1065 2590 1395 2628 superbiloquentiam
1422 2591 1550 2621 Nonius
1570 2600 1600 2630 p.
1622 2591 1690 2620 175.
1711 2608 1743 2611 —
1768 2591 1777 2620 l
1793 2591 1817 2620 Ι.
1837 2591 1941 2630 aliqui

165 2640 239 2670 talis
270 2640 335 2670 lac.
365 2640 558 2670 Gronovius
585 2640 715 2679 (aliquis
738 2641 814 2671 talis
839 2639 1039 2677 Victorius}:
1075 2639 1202 2677 aliquid
1226 2639 1300 2669 aliis
1325 2640 1349 2671 C
1377 2657 1411 2661 —
1445 2643 1542 2678 atque
1566 2643 1601 2670 ut
1624 2641 1684 2670 hae
1700 2640 1941 2679 --perturba-

165 2691 259 2721 tionis
282 2693 356 2720 sunt
381 2690 510 2720 Nonius
534 2698 565 2729 p.
587 2690 659 2720 479.
684 2707 716 2711 -
743 2690 821 2720 haec
846 2691 870 2720 G
886 2690 928 2720 R:
954 2690 1018 2720 liae
1042 2690 1077 2720 O.
1108 2688 1155 2720 ef.
1179 2690 1217 2719 ΙΙΙ
1245 2688 1263 2728 S
1288 2689 1341 2721 84.
1365 2707 1397 2711 —-
1427 2690 1476 2719 13.
1497 2691 1617 2720 auidae
1635 2692 1673 2719 (ΙΙ
1690 2690 1713 2721 R
1734 2707 1766 2711 —
1797 2692 1848 2721 45.
1868 2700 1941 2721 mo-

165 2739 302 2777 destum,
335 2742 404 2770 tum
434 2743 667 2778 temperantem
692 2739 838 2771 Woltius
864 2741 943 2777 (non
963 2741 1020 2778 Gj:
1056 2740 1234 2769 modestum
1264 2743 1499 2778 temperantem
1525 2740 1568 2774 (ῖς
1604 2741 1782 2771 modestum
1806 2745 1834 2772 et
1858 2744 1940 2772 tem-

161 2792 331 2828 perantem
355 2788 397 2819 O.
432 2789 563 2826 «Quam
591 2788 688 2820 facile
715 2793 783 2819 tum
809 2789 971 2820 excidere
1001 2789 1163 2828 potuerit,
1193 2790 1298 2829 patet.
1326 2789 1365 2819 Et
1391 2798 1432 2819 ne
1452 2790 1612 2820 commin
1633 2790 1776 2829 quidem
1797 2791 1826 2821 in
1847 2790 1939 2821 liunc

165 2836 292 2875 locum,
321 2837 378 2869 ubi
404 2838 518 2875 vai-ia,
555 2838 683 2878 quibus
703 2840 825 2870 Cicero
851 2842 1063 2869 Graecorum
1091 2836 1276 2881 σώφρονα
1301 2838 1468 2879 appellat,
1502 2840 1640 2869 nomina
1667 2842 1936 2871 coacervantur:

165 2887 342 2918 modestum
368 2888 459 2918 enim
487 2889 520 2918 et
543 2891 778 2926 temperantem
804 2889 963 2920 Ciceroni
989 2888 1058 2919 duo
1084 2889 1236 2926 nomina,
1265 2897 1331 2918 non
1352 2896 1477 2925 unuin,
1506 2889 1610 2919 tuisse
1636 2889 1718 2920 satis
1743 2888 1940 2929 intelligitur

167 2944 206 2967 ex
231 2946 272 2968 eo
296 2935 385 2974 loco,
413 2936 471 2967 ubi
497 2937 622 2968 eadem
648 2937 699 2968 illa
726 2943 990 2973 enumerantur,
1018 2939 1072 2974 ΙΙΙ,
1105 2938 1158 2968 16:
1187 2935 1455 2981 σωφροσύνην,
1484 2946 1583 2976 quam
1607 2938 1690 2968 soleo
1707 2939 1852 2978 equidem
1871 2943 1939 2969 tum

166 2987 510 3024 temperantiam,
542 2990 609 3018 tum
642 2989 897 3019 moderationem
925 2988 1103 3027 appellare,
1137 2996 1215 3018 non>
1239 2995 1461 3025 numquam
1485 2987 1584 3016 etiam
1610 2988 1865 3019 modestiam:
1893 2988 1936 3019 cf.

166 3033 209 3066 de
234 3035 303 3067 Fin.
322 3036 361 3073 ΙΙ,
382 3036 422 3067 60
446 3037 489 3066 ad
512 3037 704 3067 modestiam
728 3038 790 3068 vel
813 3039 1074 3076 temperantiam.
1103 3037 1146 3068 de
1165 3037 1259 3068 ostie.
1281 3037 1334 3074 ΙΙΙ,
1356 3038 1412 3065 iti:
1442 3040 1562 3074 quarta
1585 3045 1677 3075 pars.
1705 3046 1788 3076 quae
1811 3038 1936 3076 decore,

165 3085 397 3121 moderatione,
424 3086 644 3125 modestia,
670 3088 889 3124 continentia,
915 3088 1197 3126 temperantia
1222 3088 1417 3117 continetur.
1456 3087 1484 3122 1,
1512 3086 1552 3117 98
1577 3089 1798 3123 constantiae,
1826 3088 1937 3118 mode—

165 3134 322 3172 rationis,
349 3137 679 3173 temperantiae,
706 3136 922 3167 verecundiue
948 3138 978 3175 (i.
999 3146 1028 3168 e.
1058 3136 1275 3174 modestiae,
1303 3136 1345 3166 cs.
1373 3135 1416 3166 de
1442 3136 1574 3166 lnxent.
1596 3137 1635 3173 ΙΙ,
1658 3137 1741 3175 164).
1771 3138 1817 3167 De
1839 3141 1936 3167 tum-

166 3183 250 3213 alias
267 3200 283 3206 -
300 3187 368 3214 tum
385 3201 401 3205 -
419 3183 505 3214 alias
529 3184 571 3214 cs.
599 3185 658 3221 ΙΙΙ,
688 3185 726 3215 ’16
759 3188 860 3214 tum-
878 3188 947 3216 tum
965 3196 1062 3217 —non
1094 3195 1286 3225 numquam.
1323 3185 1365 3215 de
1393 3186 1484 3215 Orat.
1513 3186 1536 3222 Ι,
1565 3186 1637 3216 477.
1666 3187 1719 3222 ΙΙΙ,
1748 3186 1808 3216 ΞΟὸ
1834 3187 1936 3215 inter-

167 3232 241 3263 dum
257 3250 274 3255 -
290 3234 387 3264 alias.
423 3233 465 3264 de
490 3234 528 3264 N.
558 3234 596 3265 D.
624 3234 649 3270 Ι,
669 3233 720 3264 31.
741 3233 791 3266 34.
821 3235 860 3271 11,
886 3234 926 3267 40
951 3237 1050 3266 modo
1068 3254 1084 3259 -
1101 3240 1181 3266 tmn.
1217 3237 1247 3273 Ι,
1274 3236 1326 3266 32.
1355 3234 1393 3266 335
1418 3235 1513 3266 modo
1528 3253 1545 3258 -
1562 3237 1657 3266 modo
1674 3253 1691 3258 -
1708 3237 1801 3266 modo
1819 3253 1835 3258 —
1852 3240 1931 3267 tum.

166 3281 226 3312 403
243 3282 330 3313 aliae
344 3299 360 3305 -
374 3284 658 3323 partim-aliae·
672 3285 847 3323 quaedam,
869 3283 932 3316 al.»
954 3286 1009 3317 W.
1032 3303 1064 3308 -—
1091 3285 1141 3316 49.
1163 3289 1253 3317 recta
1271 3286 1294 3315 G
1311 3286 1333 3316 R
1355 3303 1387 3306 -—
1410 3285 1463 3317 ΞΟ.
1481 3285 1578 3316 nimis
1594 3284 1650 3316 13²:
1673 3285 1792 3316 animis
1809 3284 1926 3316 GRB¹.
