2249 3624
258 238 365 283 ⁴004
996 245 1278 287 CICERONIS

356 347 421 385 IX.
462 348 631 387 Ratione
673 349 795 400 igitur
827 354 867 388 et
903 355 1039 388 mente
1068 348 1202 389 divina
1231 350 1284 389 ad
1311 351 1507 402 originem
1534 354 1730 404 temporis
1767 354 2011 394 curriculum

255 409 463 448 inventum
493 415 556 449 est
581 410 678 450 solis
707 417 747 449 et
772 410 893 450 lunae
929 412 948 432 *
966 413 985 433 ἢν
1004 412 1022 433 ³1
1072 434 1117 440 -
1222 435 1267 440 ,-
1369 435 1417 442 ᾖ
1524 436 1562 443 .,,
1669 437 1715 443 -
1819 439 1863 444 -
1966 440 2011 446 -

256 556 302 561 --
431 557 478 564 -
605 559 652 566 -
773 557 817 563 ι-
923 560 968 565 -.
1073 561 1118 567 .-
1223 561 1267 567 —.
1371 559 1415 566 -—
1521 564 1567 569 —-
1669 564 1716 570 —
1763 565 1766 568 ⁴
1820 563 1864 568 —
1968 565 2013 571 —-

224 604 242 633 5
257 617 299 623 -
429 620 476 627 —-
603 623 649 629 -
776 622 820 630 —-
925 623 971 630 —
1049 602 1069 623 ’ᾖ
1086 603 1105 623 *
1123 603 1143 623 ³³⁵
1163 603 1189 651 ἦ*
1208 603 1272 641 ius
1300 608 1445 642 natura
1473 596 1757 653 converteret,
1778 610 1822 643 ut
1848 605 2014 644 Terram

254 659 392 697 Lunae
420 672 565 699 cursus
593 662 776 712 proxime
805 663 980 702 ambiret
1008 664 1128 713 eique
1158 677 1280 716 supra
1311 666 1477 704 Terram
1507 667 1688 717 proxima
1710 666 1816 706 Solis
1836 669 2014 706 circum-

254 722 386 760 vectio
415 729 538 761 esset.
593 725 752 763 Lucifer
777 723 926 764 deinde
956 732 996 764 et
1023 732 1162 765 sancta
1191 728 1376 766 Mercurii
1406 727 1521 767 stella
1551 741 1716 768 cursum
1736 729 1890 769 habent
1909 729 2015 769 Solis

255 783 452 824 celeritati
493 798 654 837 parem,
697 786 772 825 sed
812 788 893 825 vim
934 788 1139 839 quandam
1189 790 1455 837 contrariam,
1503 803 1634 841 eaque
1680 792 2013 840 concursatione,

255 858 378 897 quam
404 847 511 886 inter
538 859 582 886 se
610 848 764 887 habent
790 850 969 898 Lucifer,
998 852 1243 900 Mercurius,
1275 851 1361 900 Sol,
1393 852 1459 891 alii
1488 852 1589 891 alios
1617 854 1786 892 vincunt
1809 854 2016 892 vicissim-

205 920 335 959 ioque
362 910 591 949 vincuntur.
646 911 908 963 Reliquorum
936 912 1118 952 siderum
1146 926 1251 965 quae
1281 927 1403 954 causa
1433 914 1659 955 collocandi
1687 916 1808 954 fuerit
1826 928 2015 967 quaeque

255 983 395 1010 eorum
425 974 475 1012 sit
502 974 748 1024 conlocatio,
777 976 818 1014 in
847 987 1079 1014 sermonem
1108 976 1229 1015 alium
1260 976 1530 1016 differendum
1559 984 1645 1028 est,
1676 991 1726 1017 ne
1755 980 1794 1017 in
1814 991 1883 1028 eo,
1905 978 2015 1030 quod

254 1034 538 1085 attingendum
565 1037 660 1085 fuit,
703 1049 824 1088 quam
854 1040 895 1077 in
923 1051 994 1088 eo,
1026 1043 1141 1078 cuius
1170 1053 1292 1079 causa
1319 1040 1359 1078 id
1389 1042 1619 1092 attigimus,
1657 1041 1815 1092 longior
1841 1047 2016 1093 ponatur

255 1098 395 1136 oratio.
450 1098 623 1146 Quando
650 1101 773 1150 igitur
802 1113 926 1140 unum
957 1101 1151 1153 quodque
1181 1115 1320 1141 eorum
1350 1102 1532 1142 siderum
1553 1116 1716 1142 cursum
1738 1103 1933 1143 decorum
1954 1110 2016 1143 est

254 1159 466 1212 adeptum,
498 1174 547 1200 ex
577 1163 726 1214 quibus
755 1170 842 1203 erat
871 1171 1004 1203 motus
1035 1167 1231 1216 temporis
1252 1165 1579 1216 consignandos,
1611 1166 1907 1217 conligatisque
1922 1179 2015 1205 cor-

205 1233 240 1262 ⁴5
255 1223 424 1274 poribus
452 1225 624 1264 vinculis
654 1226 899 1266 animalibus
928 1228 1147 1266 animantia
1177 1234 1263 1267 orta
1293 1234 1388 1266 sunt
1415 1241 1546 1280 eaque
1573 1229 1744 1280 imperio
1770 1240 1918 1280 parere
1951 1228 2016 1268 di—

255 1284 468 1335 dicerunt,
497 1293 594 1327 tunc
623 1301 672 1327 ex
701 1288 870 1328 alterius
899 1297 1067 1329 naturae
1095 1292 1272 1329 motione
1301 1296 1536 1330 transversa
1564 1292 1604 1330 in
1634 1292 1817 1330 eiusdem
1846 1297 2016 1331 naturae

253 1354 407 1388 motum
437 1351 683 1392 incurrentia
721 1354 762 1390 in
801 1365 932 1404 eaque
961 1353 1169 1392 haerentia
1198 1359 1322 1405 atque
1349 1354 1557 1405 inpedita,
1596 1367 1687 1393 cum
1715 1353 1791 1393 alia
1820 1354 2016 1394 maiorem

253 1410 475 1452 lustrarent
502 1413 664 1464 orbem,
694 1415 769 1455 alia
798 1417 1021 1465 minorem,
1052 1416 1207 1455 tardius
1236 1429 1342 1467 quae
1369 1418 1586 1466 maiorem,
1617 1417 1792 1456 celerius
1813 1430 1918 1469 quae
1938 1418 2016 1456 mi—

254 1486 415 1523 norem,
456 1482 569 1515 motu
613 1478 732 1517 unius
777 1478 1046 1530 eiusdemque
1087 1485 1257 1518 naturae
1293 1492 1398 1531 quae
1436 1479 1694 1519 velocissime
1728 1479 2013 1529 movebantur,

201 1545 240 1575 20
254 1549 300 1576 ea
329 1537 538 1577 celeritate
568 1540 670 1578 vinci
699 1553 720 1579 a
750 1540 1002 1580 tardioribus
1031 1547 1089 1589 et,
1120 1553 1212 1580 cum
1241 1542 1515 1592 superabant,
1547 1544 1732 1594 superari
1752 1541 2012 1581 videbantur,

253 1600 395 1639 Omnis
433 1602 541 1640 enim
570 1602 681 1641 orbis
710 1615 850 1642 eorum
880 1605 996 1654 quasi
1026 1603 1182 1643 helicae
1210 1605 1428 1644 inflexione
1455 1605 1669 1655 vertebat,
1699 1606 1795 1656 quia
1829 1605 2014 1644 bifariam

253 1663 454 1702 contrarie
495 1663 614 1703 simul
656 1664 922 1716 procedentia
951 1666 1202 1715 efficiebant,
1244 1673 1310 1712 ut,
1354 1666 1463 1718 quod
1492 1673 1604 1706 esset
1630 1667 1933 1716 tardissimum,
1974 1667 2016 1707 id

252 1726 480 1777 proximum
521 1727 638 1766 fieret
677 1727 903 1767 celerrimo.
959 1731 1093 1780 Atque
1135 1735 1177 1768 ut
1218 1736 1330 1768 esset
1369 1743 1560 1769 mensura
1598 1729 1801 1782 quaedam
1830 1730 2014 1778 evidens,

253 1801 359 1839 quae
387 1790 427 1827 in
455 1796 546 1829 octo
577 1791 767 1830 cursibus
796 1792 1026 1831 celeritates
1054 1793 1351 1844 tarditatesque
1371 1792 1620 1843 declararet,
1648 1792 1751 1832 deus
1769 1794 1859 1845 ipse
1880 1793 2016 1833 Solem

202 1857 239 1886 25
253 1852 370 1902 quasi
398 1851 537 1891 lumen
565 1854 755 1893 accendit
781 1854 833 1894 ad
862 1855 1090 1894 secundum
1118 1869 1242 1908 supra
1271 1862 1421 1895 terram
1450 1856 1669 1904 ambitum,
1704 1862 1748 1895 ut
1775 1869 1898 1908 quam
1927 1869 2016 1896 ma-

252 1915 359 1952 xime
389 1914 547 1954 caelum
577 1916 766 1955 omnibus
795 1917 1030 1956 conluceret
1057 1919 1395 1969 animantesque,
1438 1919 1589 1969 quibus
1628 1920 1690 1957 ius
1721 1924 1832 1957 esset
1859 1918 2014 1968 doceri,

252 1977 304 2016 ab
342 1977 526 2016 eiusdem
560 1986 672 2018 motu
710 1987 750 2019 et
788 1981 839 2019 ab
874 1982 983 2029 eius,
1036 1981 1145 2032 quod
1183 1981 1313 2020 simile
1352 1988 1486 2031 esset,
1529 1994 1792 2021 numerorum
1829 1987 2016 2020 naturam

252 2041 415 2092 vimque
453 2049 761 2092 cognoscerent.
817 2045 903 2082 Nox
943 2045 1064 2095 igitur
1101 2050 1140 2083 et
1179 2045 1267 2084 dies
1307 2044 1359 2084 ad
1398 2045 1505 2083 hunc
1549 2045 1714 2084 modum
1769 2051 1810 2083 et
1849 2045 1901 2083 ob
1943 2045 2017 2084 has

339 2174 368 2205 4.
405 2174 499 2205 Haec
532 2173 641 2206 verba
678 2178 831 2207 servavit
858 2178 987 2208 Nonius
1015 2187 1046 2209 V.
1073 2178 1283 2210 Curriculum
1309 2186 1340 2217 p.
1369 2177 1442 2209 498.
1471 2195 1506 2199 —
1555 2178 1692 2209 Ratione
1715 2178 1892 2218 Sigonius:
1934 2187 2014 2209 rare

251 2222 354 2254 codd.
394 2241 427 2245 —
469 2225 624 2263 temporis
655 2227 859 2258 curriculum
893 2228 1068 2267 Sigonius:
1114 2229 1268 2267 temporis
1309 2228 1416 2258 curris
1452 2228 1658 2259 curriculum
1696 2227 1820 2265 codd.;
1862 2228 2016 2267 temporis

250 2273 412 2304 currentis
445 2275 649 2305 curriculum
683 2276 813 2307 lunius.
855 2294 888 2300 -
936 2278 967 2309 5.
1006 2280 1055 2309 ius
1087 2282 1212 2310 natura
1246 2282 1447 2310 conuerteret
1483 2280 1594 2310 CEG:
1634 2278 1796 2318 [Corpora
1828 2281 1938 2309 autem
1961 2287 2017 2309 eo-

250 2331 325 2352 rum
347 2323 552 2363 singulorum
575 2333 676 2363 quum
699 2326 850 2365 effecisset
874 2328 965 2363 deus,
999 2337 1038 2359 ea
1061 2329 1105 2359 ad
1128 2338 1181 2361 eas
1203 2328 1427 2359 conversiones
1451 2328 1642 2367 collocavit,
1679 2336 1763 2366 quas
1786 2328 1923 2359 alterius
1946 2328 2016 2359 cir-

249 2372 355 2402 cuitus
377 2373 582 2413 conficiebac,
609 2384 693 2414 quae
715 2380 788 2406 sunl
810 2381 946 2416 septem,
975 2382 1011 2408 ut
1033 2382 1063 2408 el
1086 2378 1144 2409 illa
1167 2382 1301 2417 septem:
1339 2378 1388 2408 ita
1409 2378 1476 2408 vim
1505 2386 1600 2408 suam
1628 2382 1752 2409 natura
1775 2378 1961 2419 convertit,]
1987 2379 2012 2410 Ο

252 2430 292 2452 ex
318 2421 372 2453 ed.
400 2422 520 2454 Lamb.
548 2424 642 2456 4584.
672 2443 706 2447 —
745 2426 774 2456 6.
800 2429 976 2465 proximus
1000 2429 1022 2459 B
1054 2445 1089 2451 —
1120 2429 1150 2459 7.
1180 2432 1329 2459 sanctam
1360 2437 1403 2459 m.
1439 2428 1568 2459 stellam
1602 2429 1668 2460 ΑΕ
1705 2445 1739 2450 -
1777 2429 1921 2460 mercuri
1955 2429 2016 2460 BV

254 2488 287 2493 —
326 2471 356 2502 8.
390 2473 564 2505 celeritatis
599 2475 665 2506 GV
700 2494 741 2499 —-
775 2486 880 2516 eaque
913 2478 1174 2515 concursatione,
1211 2486 1312 2518 quam
1342 2479 1428 2508 inter
1462 2487 1494 2509 se
1523 2478 1639 2509 habent.
1678 2479 1879 2510 perionius:
1913 2486 2017 2518 eaque

251 2522 337 2552 inter
359 2531 390 2553 se
413 2525 678 2556 concursationes
701 2525 818 2558 habent
841 2529 867 2558 A
881 2527 917 2558 B¹
932 2526 989 2563 V¹;
1023 2536 1063 2558 ea
1099 2536 1185 2568 quae
1213 2528 1300 2559 inter
1329 2536 1360 2558 se
1384 2529 1649 2559 concursationes
1671 2528 1788 2559 habent
1812 2528 1866 2563 B2;
1897 2536 2018 2567 easque

250 2570 336 2603 inter
371 2582 403 2604 se
434 2575 698 2606 concursationes
731 2575 848 2607 habent
877 2576 971 2612 GV23
1008 2586 1111 2616 eaque
1144 2579 1228 2608 inter
1255 2586 1288 2608 se
1310 2578 1538 2608 conuersiones
1559 2577 1676 2608 habent
1700 2577 1724 2608 E
1762 2593 1798 2599 -·
1837 2576 1868 2607 9.
1895 2577 2018 2615 aliique

252 2622 335 2652 alios
369 2623 462 2654 CEG
499 2640 532 2645 —
560 2625 611 2656 40.
637 2625 782 2656 siderum
807 2635 875 2658 om.
905 2627 967 2658 GV
995 2644 1029 2649 —
1052 2629 1101 2659 12.
1127 2627 1361 2666 adtingendum
1390 2630 1416 2658 A
1447 2644 1482 2648 —
1512 2629 1630 2668 quoius
1659 2626 1708 2664 13¹,
1736 2627 1874 2667 quodius
1906 2625 1947 2656 V¹
1975 2644 2008 2650 --

256 2689 289 2694 -
328 2673 527 2712 adtinqimus
562 2674 646 2709 AV,
678 2675 870 2715 attingimus
907 2677 999 2707 BEG
1047 2694 1080 2698 —
1130 2676 1180 2707 43.
1220 2677 1351 2715 quando
1386 2677 1489 2716 iyitur
1523 2677 1567 2707 ibi
1604 2678 1746 2717 quidque
1783 2686 1896 2708 eorum
1935 2678 2013 2712 CG;

252 2723 382 2760 quando
414 2723 473 2753 sibi
507 2724 649 2763 quidque
681 2733 794 2756 eorum
831 2726 853 2756 E
893 2744 926 2748 —-
963 2726 1115 2757 decorum
1151 2734 1242 2756 corr.
1270 2735 1310 2756 ex
1335 2726 1516 2764 aequorum
1547 2727 1572 2756 V
1608 2743 1640 2748 --
1677 2726 1728 2758 44.
1762 2727 2017 2766 confiyurandus

253 2771 307 2802 ed.
341 2772 579 2805 Bononiensis.
620 2791 654 2796 —
692 2776 883 2814 corporibus
912 2784 1001 2807 corr.
1035 2775 1112 2807 ead.
1148 2784 1193 2806 m.
1220 2775 1252 2805 in
1286 2777 1453 2815 corporeis
1476 2776 1515 2813 V,
1541 2777 1707 2815 corporeis
1737 2778 1762 2806 G
1794 2794 1827 2798 —
1861 2777 1912 2807 ⁴5.
1938 2777 2015 2807 ani-

252 2822 390 2852 malibus
418 2826 486 2852 tum
515 2825 702 2855 animantia
726 2825 838 2859 CEG:
880 2831 948 2856 tum
972 2824 1039 2856 del.
1067 2826 1239 2856 Manutius
1294 2844 1327 2848 -
1367 2827 1418 2857 46.
1456 2830 1531 2856 tunc
1567 2827 1623 2857 ΑΒ
1639 2825 1694 2856 V':
1731 2829 1800 2856 tum
1830 2825 1941 2857 EGV²¹
1976 2844 2011 2849 —

254 2870 304 2900 47.
330 2870 481 2901 tierantia
507 2872 542 2909 Β,
569 2873 750 2904 inker-entia
774 2876 799 2905 G
828 2891 860 2895 —
889 2875 940 2905 118.
967 2875 1159 2913 tardiusque
1182 2875 1342 2906 maiorem
1366 2876 1565 2914 celeriusque
1588 2876 1748 2906 minorem
1770 2878 1811 2907 Α2
1839 2876 1872 2907 in
1901 2883 2012 2915 marg.

255 2918 372 2955 habet,
403 2919 478 2950 sed.
516 2929 560 2952 m.
590 2922 781 2954 admodum
806 2926 953 2954 vetusta.
982 2942 1015 2946 —
1042 2925 1171 2955 tardius
1195 2933 1280 2963 quoe
1302 2935 1347 2955 m.
1374 2926 1509 2956 celerius
1524 2934 1610 2964 quae
1633 2926 1748 2957 Astius
1775 2927 1820 2964 (et
1844 2926 1920 2957 fort.
1954 2927 2011 2964 G):

252 2969 443 3008 tardiusque
485 2978 528 3000 m.
572 2972 770 3010 celeriusque
820 2974 880 3004 (ΣΕ
929 2991 963 2995 -——
1014 2974 1065 3005 49.
1106 2974 1314 3004 uelocissunie
1356 2975 1377 3005 B
1424 2993 1459 2997 —-
1500 2975 1553 3006 ⁶20.
1601 2974 1651 3014 ea]
1698 2979 1728 3005 et
1762 2984 1783 3005 a
1817 2975 1927 3006 A¹GV
1976 2992 2010 2996 —-

251 3019 339 3049 vinci
362 3028 383 3049 a
407 3027 497 3050 corr.
524 3029 565 3051 ex
590 3023 695 3052 uintia
719 3022 745 3051 V
774 3040 807 3044 —
835 3024 886 3055 24.
914 3025 1017 3055 omnis
1043 3024 1128 3054 enim
1162 3022 1248 3052 orbis
1280 3024 1392 3054 ABE:
1433 3025 1537 3054 omnis
1569 3025 1654 3054 enim
1689 3024 1781 3055 orbes
1809 3023 1865 3059 V¹;
1903 3032 2012 3054 omnes

252 3070 338 3100 enim
375 3069 465 3099 orbes
503 3070 613 3101 GV2O
655 3089 696 3094 —-
735 3072 856 3103 helicae
896 3073 1065 3104 Victorius
1109 3073 1152 3110 (in
1197 3072 1518 3111 Castigationibus):
1560 3073 1713 3111 felicitate
1751 3073 1866 3110 CEG,
1904 3073 2014 3104 helicis

254 3128 333 3150 cum
367 3119 422 3151 ed.
459 3120 652 3151 Victoriana
686 3122 710 3151 Ο
748 3139 782 3144 -
821 3123 901 3161 quia
934 3123 1090 3161 bifariam
1126 3122 1236 3152 BGV:
1275 3131 1342 3160 qua
1374 3122 1497 3161 bifaria
1534 3122 1666 3159 (litteris
1699 3130 1809 3162 paene
1839 3121 2012 3161 evanidis)

255 3172 295 3204 Α;
323 3171 377 3207 qui
400 3178 421 3199 a
444 3169 566 3208 bifaria
591 3170 632 3206 E,
659 3179 758 3209 quam
781 3171 940 3209 bifariam
964 3172 988 3201 O
1013 3188 1054 3193 —-
1091 3172 1141 3201 22.
1169 3172 1358 3201 contrariae
1382 3171 1443 3202 AV
1469 3171 1546 3211 (sed
1570 3172 1602 3202 in
1628 3172 1654 3201 V
1679 3171 1790 3202 littera
1823 3170 2012 3211 penultima

255 3221 426 3259 expuncta
463 3218 550 3257 cst),
585 3221 756 3250 contraria
792 3221 851 3251 EG
890 3239 924 3243 -
960 3220 1170 3259 procedentia
1217 3229 1305 3250 corr.
1348 3220 1424 3252 ead.
1472 3230 1517 3252 m.
1568 3230 1608 3251 ex
1648 3222 1876 3259 procedentiae
1908 3220 1936 3249 V
1975 3238 2009 3242 —

254 3268 306 3298 23.
331 3268 404 3306 fieri
429 3269 451 3299 B
489 3285 522 3289 —
562 3268 754 3299 caelerrimo
778 3271 838 3300 AB
876 3288 908 3292 —
948 3270 999 3301 24.
1037 3272 1070 3300 in
1105 3274 1175 3301 octo
1211 3270 1287 3300 Cli:
1327 3270 1360 3300 in
1390 3271 1459 3301 istis
1488 3274 1558 3301 octo
1584 3271 1625 3307 E,
1653 3272 1688 3301 in
1713 3269 1802 3310 [istis]
1827 3273 1897 3301 octo
1921 3270 1946 3301 O
1973 3286 2008 3291 ——

255 3318 457 3349 caeleritates
480 3319 505 3349 Α
532 3334 565 3340 -
592 3318 696 3349 solum
720 3318 743 3349 B
772 3336 805 3341 -
834 3319 885 3350 26.
912 3320 1022 3351 noceri
1045 3321 1068 3351 G
1084 3319 1109 3350 V
1139 3335 1172 3341 —
1204 3319 1256 3350 27.
1274 3320 1342 3351 eius
1358 3328 1478 3360 margo
1497 3321 1552 3352 ed.
1572 3320 1692 3352 Lamb.
1712 3319 1813 3351 4584:
1840 3328 1876 3351 eo
1901 3318 2008 3351 CEG.
