2249 3624
346 151 400 193 38
874 153 1301 195 ACADEMICORUM
1332 151 1573 192 PRIORUM

345 267 472 320 igitur
500 268 598 308 visis
629 267 803 308 consilia
833 265 970 318 capiet
1000 269 1040 304 et
1068 264 1219 316 agendi
1251 268 1292 303 et
1322 276 1406 302 non
1437 262 1608 316 agendi,
1650 262 1901 318 faciliorque
1932 266 2032 315 erit,
2062 272 2110 308 ut

345 329 481 369 albam
513 343 604 370 esse
635 330 773 370 nivem
803 327 972 379 probet,
1005 339 1129 379 quam
1162 330 1250 364 erat
1280 325 1571 377 Anaxagoras,
1605 325 1678 378 qui
1706 325 1748 364 id
1779 339 1864 366 non
1894 327 2021 369 modo
2053 329 2110 369 ita

348 404 438 430 esse
475 391 673 444 negabat,
712 389 784 430 sed
822 389 921 435 sibi,
965 388 1065 441 quia
1095 387 1219 426 sciret
1249 399 1398 439 aquam
1429 386 1591 438 nigram
1622 400 1736 435 esse,
1766 388 1878 429 unde
1908 388 1982 430 illa
2012 403 2111 430 con-

345 458 457 494 creta
487 458 617 500 esset,
657 453 793 492 albam
827 451 961 503 ipsam
993 461 1085 489 esse
1116 461 1168 487 ne
1200 447 1334 488 videri
1368 447 1554 501 quidem.
1614 446 1708 488 401.
1738 450 1790 490 Et
1820 464 2112 507 quaecumque

312 525 410 554 5res
450 528 544 555 eum
576 515 634 554 sic
671 514 864 565 attinget,
904 516 950 551 ut
981 511 1034 550 sit
1063 510 1199 550 visum
1229 509 1334 549 illud
1366 510 1585 563 probabile
1617 524 1756 565 neque
1787 512 1875 552 ulla
1904 526 1949 553 re
1980 513 2113 568 impe-

344 575 496 623 ditum,
529 576 771 616 movebitur.
821 575 915 613 Non
947 574 1059 613 enim
1091 577 1153 611 est
1184 585 1205 611 e
1239 585 1342 611 saxo
1375 572 1562 626 sculptus
1593 578 1665 613 aut
1695 587 1717 614 e
1748 574 1898 615 robore
1923 575 2111 616 dolatus:

342 639 468 678 habet
499 651 672 690 corpus,
717 636 842 675 habet
873 635 1081 682 animum,
1114 640 1303 674 movetur
1333 639 1496 681 mente,
1528 641 1718 676 movetur
1748 637 1964 686 sensibus,
1996 642 2043 678 ut
2073 639 2112 679 ei

343 713 440 740 vera
469 699 597 739 multa
626 697 871 745 videantur3
909 711 1048 750 neque
1091 702 1232 737 tamen
1261 696 1415 736 hahere
1447 696 1655 749 insignem
1685 698 1799 738 illam
1831 703 1872 738 et
1901 700 2113 753 propriam

342 760 598 814 percipiendi
632 765 798 800 notam:
832 772 969 813 eoque
1001 759 1231 812 sapientem
1265 771 1350 797 non
1381 758 1602 807 adsentiri,
1635 761 1735 814 quia
1764 762 1899 813 possit
1925 762 2112 802 eiusdem

292 835 327 863 ιο
342 822 454 863 modi
485 822 687 862 exsistere
717 821 868 862 falsum
890 822 1083 875 aliquod,
1116 821 1234 861 cuius
1259 821 1370 860 modi
1393 821 1473 861 hoc
1494 835 1652 862 verum.
1702 824 1848 876 Neque
1869 837 1946 863 nos
1968 830 2112 865 contra

341 897 487 924 sensus
532 884 653 924 aliter
688 883 863 924 dicimus
906 897 954 924 ac
992 884 1145 931 Stoici,
1193 883 1266 936 qui
1307 883 1435 923 multa
1464 883 1568 923 falsa
1600 897 1692 924 esse
1725 885 1869 926 dicunt
1898 886 2111 941 longeque

340 947 461 987 aliter
491 960 535 987 se
565 946 719 986 habere
750 959 797 986 ac
829 946 1021 986 sensibus
1053 946 1286 986 videantur.

453 1009 629 1049 XXXII.
660 1009 751 1048 Hoc
783 1015 920 1049 autem
952 1009 987 1049 si
1017 1011 1075 1049 ita
1105 1009 1179 1055 sit,
1211 1013 1256 1048 ut
1285 1022 1414 1048 unum
1436 1007 1560 1048 modo
1584 1009 1775 1049 sensibus
1796 1008 1948 1050 falsum
1971 1010 2113 1051 videa-

340 1077 425 1118 tur,
464 1076 629 1124 praesto
663 1076 726 1111 est
758 1071 830 1124 qui
864 1077 988 1124 neget
1018 1085 1105 1111 rem
1135 1071 1264 1111 ullam
1302 1071 1460 1124 percipi
1491 1084 1615 1124 posse
1647 1072 1850 1112 sensibus.
1901 1074 1961 1113 lta
1991 1074 2112 1114 nobis

292 1144 325 1172 45
338 1133 572 1173 tacentibus
605 1146 658 1172 ex
687 1146 772 1172 uno
804 1134 974 1186 Epicuri
1007 1134 1160 1186 capite,
1192 1133 1320 1173 altero
1347 1139 1486 1173 vestro
1508 1134 1723 1187 perceptio
1746 1140 1785 1174 et
1806 1135 2112 1188 conprehensio

338 1195 512 1235 tollitur.
564 1194 688 1243 Quod
721 1200 783 1235 est
815 1201 938 1249 caput
966 1196 1171 1249 Epicuri?
1225 1196 1299 1235 «Si
1343 1196 1475 1235 ullum
1508 1209 1656 1236 sensus
1687 1197 1823 1237 visum
1853 1196 2004 1238 falsum
2039 1203 2113 1246 est,

338 1257 444 1297 nihil
482 1262 620 1310 potest
656 1257 853 1311 percipi.»
909 1258 1032 1305 Quod
1065 1260 1279 1298 vestrum?
1332 1258 1465 1297 «Sunt
1505 1258 1610 1315 falsa
1641 1272 1789 1298 sensus
1813 1260 1948 1304 ‚visam
2001 1260 2114 1308 Quid

340 1318 560 1372 sequitur?
605 1324 651 1359 ut
690 1324 873 1365 taceam,
916 1320 1131 1360 conclusio
1172 1321 1263 1372 ipsa
1303 1320 1511 1372 loquitur:
1562 1321 1701 1360 «nihil
1739 1334 1864 1374 posse
1900 1323 2110 1376 percipi.»

337 1383 428 1422 Non
469 1381 673 1429 concedo,
718 1382 878 1435 inquit,
923 1382 1116 1435 Epicuro.
1171 1383 1289 1422 Certa
1330 1383 1457 1435 igitur
1495 1397 1586 1423 cum
1629 1383 1724 1430 illo,
1772 1384 1843 1436 qui
1875 1397 1898 1424 a
1929 1391 1969 1425 te
2000 1391 2114 1426 totus

289 1457 325 1486 20
339 1444 529 1484 diversus
562 1449 644 1483 est:
691 1444 776 1484 noli
818 1458 1004 1491 mecum,
1048 1445 1119 1498 qui
1151 1444 1231 1484 hoc
1264 1445 1434 1498 quidem
1465 1451 1598 1492 certe,
1629 1445 1724 1485 falsi
1755 1460 1847 1487 esse
1878 1447 2040 1501 aliquid
2071 1449 2114 1488 in

340 1506 559 1553 sensibus,
590 1506 665 1546 tibi
696 1506 922 1546 adsentior.
984 1503 1077 1546 1102).
1111 1507 1377 1560 Quamquam
1408 1507 1514 1547 nihil
1547 1507 1649 1547 mihi
1672 1514 1755 1547 tam
1777 1509 1925 1549 mirum
1948 1510 2115 1550 videtur

340 1582 465 1623 quam
496 1569 576 1608 ista
606 1568 710 1616 dici,
742 1569 793 1608 ab
825 1569 1031 1609 Antiocho
1064 1569 1233 1623 quidem
1265 1570 1467 1617 maxime,
1500 1570 1564 1609 cui
1599 1575 1714 1609 erant
1746 1584 1813 1618 ea,
1847 1585 1954 1624 quae
1984 1572 2113 1625 paulo

338 1636 434 1671 ante
467 1629 577 1678 dixi,
618 1631 848 1671 notissima.
906 1631 1022 1671 Licet
1053 1632 1161 1671 enim
1198 1631 1278 1671 hoc
1309 1633 1446 1684 quivis
1479 1632 1680 1672 arbitratu
1710 1646 1786 1673 suo
1818 1634 2112 1687 reprehendat,

338 1693 454 1747 quod
492 1705 693 1746 negemus
735 1707 822 1733 rem
862 1693 989 1733 ullam
1027 1694 1186 1747 percipi
1226 1707 1371 1747 posse,
1414 1701 1525 1734 certe
1557 1695 1688 1734 levior
1719 1695 1991 1748 reprehensio
2023 1702 2112 1736 est:

287 1770 323 1799 ‘25
341 1755 455 1809 quod
498 1761 638 1796 tamen
680 1756 856 1796 dicimus
900 1769 992 1796 esse
1033 1756 1237 1809 quaedam
1280 1756 1536 1809 probabilia,
1582 1770 1668 1796 non
1700 1757 1869 1797 videtur
1898 1758 1979 1798 hoc
2012 1758 2113 1798 satis

338 1832 429 1858 esse
460 1818 593 1858 vobis.
651 1819 713 1858 Ne
745 1818 817 1858 sit:
850 1818 922 1858 illa
953 1823 1064 1858 certe
1097 1818 1296 1858 debemus
1328 1819 1535 1871 effugere,
1568 1833 1676 1873 quae
1709 1833 1732 1859 a
1762 1825 1802 1860 te
1833 1820 1899 1860 vel
1930 1820 2112 1860 maxime

337 1881 492 1934 agitata
513 1885 633 1920 sunt:
669 1880 798 1920 «nihil
820 1881 948 1933 igitur
969 1881 1135 1920 cernis?
1167 1880 1271 1920 nihil
1294 1881 1444 1921 audis?
1475 1881 1580 1920 nihil
1602 1882 1677 1921 tibi
1701 1888 1763 1922 est
1785 1883 2053 1936 perspicuum
2065 1885 2108 1922 ‘ln

336 1942 555 1996 Explicavi
594 1942 719 1995 paulo
752 1948 846 1983 ante
880 1943 1136 1984 Clitomacho
1168 1948 1358 1990 auctore,
1399 1958 1482 1997 quo
1515 1944 1638 1984 modo
1670 1945 1751 1984 ista
1782 1945 2019 1985 Carneades
2051 1945 2113 1985 di-

338 2009 461 2044 ceret.
519 2005 696 2058 Accipe,
738 2019 863 2059 quem
904 2005 956 2045 ad
1000 2005 1171 2045 modum
1213 2007 1359 2045 eadem
1401 2006 1592 2046 dicantur
1629 2019 1653 2045 a
1696 2006 1955 2046 Clitomacho
1987 2007 2031 2046 in
2062 2021 2111 2048 eo

286 2080 322 2109 30
336 2067 465 2114 libro,
499 2081 624 2121 quem
654 2067 706 2108 ad
739 2068 780 2108 C.
814 2068 1023 2108 Lucilium
1056 2068 1224 2121 scripsit
1260 2065 1482 2121 [poetam],
1515 2082 1609 2108 cum
1638 2069 1876 2122 scripsisset
1905 2070 2037 2110 isdem
2061 2070 2113 2110 de

335 2129 460 2169 rebus
491 2129 544 2169 ad
574 2130 619 2169 L.
644 2130 942 2176 Censorinum,
975 2143 1067 2169 eum
1086 2161 1095 2176 ‚
1128 2130 1200 2183 qui
1232 2130 1377 2170 consul
1400 2144 1495 2169 cum
1518 2131 1583 2170 Μ’.
1605 2131 1776 2170 Manilio
1799 2131 1891 2171 fuit.
1940 2132 2114 2185 Scripsit

335 2191 462 2244 igitur
497 2191 563 2231 his
602 2191 690 2232 fere
730 2191 867 2231 verbis
899 2214 955 2219 —-
986 2198 1086 2232 sunt
1125 2193 1236 2231 enim
1269 2192 1369 2232 mihi
1403 2198 1524 2239 nota,
1564 2198 1789 2245 propterea
1821 2193 1937 2246 quod
1968 2207 2112 2233 earum

335 2254 520 2306 ipsarum
560 2268 722 2302 rerum,
764 2255 815 2294 de
848 2255 1000 2308 quibus
1032 2255 1218 2308 agimus,
1260 2255 1396 2307 prima
1426 2255 1634 2294 institutio
1667 2262 1705 2295 et
1737 2256 1857 2308 quasi
1888 2256 2112 2309 disciplina

334 2315 406 2355 illo
440 2315 546 2356 libro
579 2317 820 2357 continetur
852 2331 927 2356 -:
960 2317 1034 2356 sed
1065 2317 1269 2369 scriptum
1303 2322 1364 2357 est
1395 2318 1475 2357 ita:
1532 2314 1619 2356 103.
1654 2318 1915 2358 Academicis
1945 2318 2110 2371 placere

287 2391 429 2422 35esse
474 2392 611 2419 rerum
659 2380 748 2420 eius
795 2380 906 2420 modi
950 2379 1341 2427 dissimilitudines,
1388 2385 1434 2419 ut
1473 2380 1578 2419 aliae
1609 2379 1845 2433 probabiles
1875 2380 2111 2428 videantur,

337 2441 443 2480 aliae
475 2447 641 2483 contra:
674 2442 714 2481 id
749 2449 887 2482 autem
918 2456 1003 2482 non
1035 2455 1125 2481 esse
1158 2442 1286 2489 satis,
1319 2456 1390 2482 cur
1420 2442 1502 2482 alia
1534 2456 1659 2495 posse
1689 2442 1849 2496 percipi
1871 2442 1999 2490 dicas,
2029 2443 2112 2483 alia

336 2516 421 2543 non
453 2517 599 2557 posse,
630 2511 856 2558 propterea
888 2505 1000 2558 quod
1035 2504 1164 2544 multa
1194 2504 1299 2544 falsa
1329 2505 1565 2558 probabilia
1597 2505 1701 2551 sint,
1732 2504 1836 2544 nihil
1857 2509 1995 2545 autem
2015 2503 2111 2544 falsi

335 2571 580 2619 perceptum
619 2573 660 2607 et
699 2568 910 2620 cognitum
950 2568 1082 2621 possit
1123 2581 1229 2607 esse.
1289 2568 1436 2621 Itaque
1468 2568 1524 2608 ait
1554 2567 1825 2607 vehementer
1855 2580 1991 2607 errare
2024 2580 2110 2614 eos,

336 2627 408 2682 qui
446 2628 583 2670 dicant
612 2630 907 2670 abAcademia
938 2643 1087 2670 sensus
1119 2630 1245 2683 eripi,
1277 2644 1300 2670 a
1333 2630 1487 2684 quibus
1519 2643 1747 2683 numquam
1770 2629 1926 2670 dictum
1957 2629 2010 2669 sit
2040 2634 2112 2669 aut

424 2822 453 2852 4.
480 2821 587 2861 capiet
612 2831 681 2854 orn.
707 2822 735 2852 V
762 2840 796 2844 —
824 2825 881 2853 aut
905 2822 1025 2862 agendi
1049 2825 1106 2852 aut
1131 2831 1193 2852 non
1220 2831 1273 2862 (19.
1301 2821 1442 2852 Durand
1469 2822 1502 2852 ln
1528 2830 1599 2852 cur.
1620 2829 1692 2852 sec,
1715 2839 1747 2842 —
1775 2823 1847 2852 erat
1870 2822 1896 2852 A
1917 2839 1951 2842 —
1978 2821 2006 2852 2.
2026 2829 2110 2860 pro-

334 2872 388 2903 bat
412 2871 452 2904 A¹
480 2889 514 2895 —
542 2873 573 2904 3.
601 2875 753 2903 concreta
777 2873 968 2903 Manutius:
1001 2875 1203 2912 congregata
1229 2873 1274 2907 C,
1301 2874 1458 2912 eonyreta
1484 2872 1507 2902 E
1534 2888 1568 2893 -
1604 2872 1635 2902 5.
1660 2870 1715 2911 sic]
1740 2871 1780 2902 sit
1803 2871 1866 2902 AB
1895 2888 1928 2892 —-
1956 2879 2060 2909 neque
2083 2874 2108 2903 A

333 2930 411 2961 sup.
439 2920 496 2953 lin.
519 2938 553 2943 —
583 2921 612 2951 6.
641 2921 726 2952 enim
750 2923 775 2952 A
802 2930 878 2961 sup.
907 2920 985 2957 lin.;
1011 2924 1056 2952 est
1078 2922 1161 2952 enim
1181 2922 1281 2952 Beier
1308 2921 1351 2952 ad
1370 2922 1440 2952 Cic.
1460 2920 1502 2952 (le
1529 2920 1586 2952 off.
1607 2922 1637 2957 Ι,
1663 2930 1696 2961 p.
1717 2921 1777 2952 457
1803 2923 1921 2952 contra
1945 2922 2106 2958 Nonium,

333 2971 391 3011 qui
416 2979 449 3011 p.
477 2970 516 3002 99
542 2970 643 3001 affert
665 2979 731 3000 non
755 2971 839 3001 enim
856 2988 904 2994 -—
922 2971 1051 3002 dolatus
1078 2988 1111 2992 —
1151 2975 1209 3002 aut
1234 2980 1249 3002 e
1273 2971 1390 3002 robore
1414 2970 1561 3002 Nonius:
1598 2974 1656 3002 aut
1679 2970 1772 3001 ebore
1797 2971 1820 3002 C
1849 2988 1883 2992 -—
1911 2972 1941 3002 7.
1967 2971 2109 3002 sensibus

333 3029 402 3052 om.
430 3020 469 3050 V¹
497 3037 530 3042 —-
563 3020 594 3052 8.
620 3020 714 3051 habet
739 3020 860 3052 Lamb.
888 3039 931 3043 ——
963 3022 1014 3052 10.
1041 3021 1180 3051 asistere
1206 3022 1230 3051 A
1245 3020 1285 3049 W
1312 3038 1346 3042 —-
1386 3020 1436 3050 42.
1463 3020 1619 3050 uideatur
1642 3018 1680 3051 Αι
1708 3037 1742 3042 -
1774 3019 1825 3051 43.
1853 3021 1984 3051 modum
2007 3021 2044 3051 B¹
2069 3037 2104 3042 —-

329 3070 386 3104 47.
411 3073 514 3109 potest
538 3071 564 3101 A
582 3078 656 3111 sup.
679 3069 751 3107 lin.,
779 3079 847 3102 om.
868 3071 907 3109 V,
934 3072 1010 3102 fort.
1030 3073 1138 3108 recte,
1166 3070 1194 3101 si
1219 3069 1373 3100 scribas:
1399 3069 1520 3109 falsum
1541 3070 1581 3099 sit
1604 3086 1638 3090 —
1668 3070 1719 3101 48.
1739 3070 1785 3100 nil
1808 3070 1831 3101 B
1853 3087 1887 3092 —
1916 3070 1967 3101 49.
1993 3070 2108 3109 inquid

332 3119 361 3150 V
380 3137 414 3142 —
434 3119 487 3150 22.
507 3128 545 3150 ea
565 3120 609 3151 C:
636 3128 706 3151 om.
727 3120 751 3150 O
772 3138 806 3143 —
834 3121 885 3152 ²23.
904 3121 962 3151 hoc
981 3121 1115 3152 Christ:
1143 3121 1222 3151 haec
1241 3121 1263 3151 C
1281 3122 1304 3151 O
1330 3138 1364 3142 —
1396 3119 1450 3151 ⁶24.
1470 3123 1515 3150 esc
1538 3120 1561 3150 B
1580 3120 1612 3150 in
1638 3128 1706 3151 ras.
1728 3137 1762 3142 —
1790 3120 1844 3152 26.
1862 3121 1902 3151 sit
1925 3120 1989 3163 Al}
2015 3128 2104 3151 corr.

333 3170 368 3200 in
391 3168 436 3199 sic
462 3184 496 3190 —
524 3169 576 3199 27.
603 3177 713 3200 cernes
736 3169 775 3199 V¹
803 3187 836 3191 —
864 3171 916 3201 ⁶29.
943 3179 1060 3210 acc-epe
1083 3170 1122 3200 V¹
1152 3188 1183 3192 —
1220 3169 1271 3200 30.
1295 3173 1430 3208 poetam
1454 3171 1490 3200 ut
1514 3169 1737 3202 manifestum
1762 3170 1936 3211 glossema
1963 3168 2108 3201 inclusi-

335 3227 414 3250 mus
441 3233 476 3239 —
503 3218 617 3249 iisdem
641 3219 665 3249 O
694 3236 725 3241 -
755 3218 807 3249 3¹.
833 3220 904 3261 Mt]
932 3219 974 3251 τῆ.
1001 3221 1026 3251 A
1056 3237 1087 3242 —
1118 3219 1170 3250 32.
1196 3219 1223 3250 is
1246 3221 1271 3250 A
1301 3238 1334 3242 —-
1364 3220 1416 3250 33.
1443 3228 1553 3250 rerum
1578 3228 1646 3250 orn.
1667 3220 1691 3251 O
1717 3229 1905 3261 operarum
1931 3228 2049 3252 errore
2069 3236 2102 3240 —

337 3268 390 3300 35.
417 3268 712 3300 dissimilitudinem
735 3268 781 3306 V;
808 3269 1036 3301 sinzililudines
1060 3269 1277 3302 Passeratius
1301 3288 1343 3292 —
1368 3269 1420 3301 39.
1447 3270 1545 3301 sensis
1568 3267 1624 3301 V¹.
