2249 3624
282 162 365 206 790
955 160 1026 202 DE
1057 160 1125 200 RE
1156 159 1383 201 PUBLICA

283 287 392 317 vero
439 274 534 329 quis
576 274 621 314 te
661 271 803 327 possit
845 281 947 312 esse
985 264 1252 311 florentior?
1299 270 1375 310 aut
1416 268 1471 311 de
1511 270 1707 312 consiliis
1743 270 1789 311 in
1825 271 2051 324 posterum

284 342 595 400 providendis,
638 354 732 384 cum
765 343 811 381 tu
843 339 1014 382 duobus
1045 338 1173 380 huius
1202 340 1324 382 urbis
1355 340 1602 382 terroribus
1633 340 1829 395 depulsis
1856 341 1900 381 in
1925 352 2050 382 omne

284 417 458 469 tempus
488 405 812 468 prospexeris?

514 610 852 712 Fragmenta
890 607 1101 712 reliqua
1147 607 1269 685 libri
1306 607 1344 685 I.
1387 608 1454 685 do
1493 635 1554 684 re
1592 607 1831 713 publica.

396 786 434 829 4.
464 789 675 829 Praeterea
705 792 761 827 est
790 786 980 840 quaedam
1003 785 1165 839 publica
1195 785 1314 825 etiam
1344 785 1592 825 eruditorum
1622 785 1803 831 reiectio‚·
1834 786 1965 826 utitur
1984 786 2056 827 illa

251 859 317 899 δεῖ
346 854 401 895 M.
426 853 598 897 Tullius,
639 857 759 891 extra
787 863 940 890 omnem
971 850 1105 903 iuqeni
1133 849 1260 889 aleam
1283 848 1464 901 positus,
1504 852 1562 895 et,
1604 847 1706 900 quod
1736 849 1948 901 miremur,
1979 862 2056 903 per

282 916 515 957 advocatum
545 915 787 968 defenditur:
1385 962 1481 988 nec
1525 947 1859 989 doctissimis
1878 964 1887 972 ·

510 1015 744 1057 Manium
785 1014 1025 1055 Persium
1068 1013 1198 1054 haec
1241 1011 1424 1065 legere
1467 1011 1625 1059 nolo,
1673 1011 1882 1052 Iunium
1924 1011 2056 1053 Con-

1538 1087 1651 1127 gum
1692 1073 1829 1114 volo.

234 1158 269 1188 to
288 1142 401 1194 Quod
430 1142 465 1182 si
495 1142 567 1182 hoc
588 1142 783 1189 Lucilius,
817 1142 885 1194 qui
907 1141 1069 1193 primus
1099 1139 1273 1179 condidit
1302 1139 1386 1178 stili
1415 1151 1569 1183 nasum,
1602 1137 1806 1176 dicendum
1837 1137 1913 1177 sibi
1937 1144 2057 1190 puta-

282 1207 361 1253 vit,
404 1206 440 1245 si
471 1205 605 1245 Cicero
635 1205 916 1250 mutuandum,
951 1203 1193 1255 praesertim
1223 1215 1310 1241 cum
1341 1202 1386 1241 de
1416 1214 1458 1241 re
1480 1201 1643 1254 publica
1672 1200 1877 1247 scriberet,
1909 1208 2056 1254 quanto

283 1283 356 1309 nos
376 1269 580 1308 causatius
601 1268 648 1307 ab
668 1268 801 1320 aliquo
823 1267 950 1306 'iudice
969 1266 1237 1305 detendimus?
1267 1263 1479 1317 (Plinius
1507 1271 1589 1304 nat.
1609 1264 1700 1303 hist.
1727 1262 1860 1303 Praef.
1883 1262 1911 1317 §
1928 1262 1954 1303 7
1978 1264 2056 1319 sq.)

397 1328 436 1371 Ξ).
469 1331 603 1371 Cicero
634 1331 678 1370 de
708 1344 750 1370 re
775 1330 882 1382 publ.
905 1330 944 1368 I:
978 1329 1057 1375 Sic‚
1091 1328 1289 1382 quoniam
1321 1327 1443 1381 plura
1473 1325 1678 1367 beneficia
1710 1327 1896 1366 continet
1923 1327 2059 1380 patria

287 1399 327 1435 et
367 1400 428 1435 est
466 1393 683 1447 antiquior
723 1406 874 1446 parens
916 1405 1039 1445 quam
1078 1391 1114 1430 is
1155 1390 1225 1443 qui
1257 1390 1435 1438 creavit,
1478 1390 1612 1430 maior
1643 1388 1681 1429 ei
1711 1388 1900 1442 profecto
1933 1402 2058 1444 quam

236 1472 271 1501 ⁴5
287 1457 450 1511 parenti
483 1456 660 1496 debetur
689 1456 834 1510 gratia.
882 1454 1093 1505 (Nonius
1131 1468 1169 1494 v.
1202 1455 1390 1506 antiquus
1420 1467 1460 1506 p.
1478 1451 1587 1506 4⁵26.)

399 1517 437 1560 3.
484 1521 619 1561 Cicero
654 1520 698 1560 de
728 1533 770 1559 re
795 1519 904 1572 publ.
936 1518 1066 1558 tial:
1111 1531 1188 1557 nec
1228 1522 1389 1557 tantum
1429 1517 1640 1568 Karthago
1676 1515 1893 1556 habuisset
1932 1528 2060 1570 opum

287 1589 504 1625 sescentos
539 1582 627 1624 fere
668 1596 801 1623 annos
841 1582 931 1622 sine
969 1580 1159 1621 consiliis
1198 1584 1238 1620 et
1278 1578 1515 1633 disciplina.
1576 1578 1832 1632 (Nonius
1867 1578 1939 1619 lib.
1962 1579 2060 1627 XII,

286 1644 513 1702 pag.5262

400 1707 438 1750 4.
470 1709 525 1750 Μ.
549 1709 702 1748 Tullius
731 1709 775 1748 de
805 1721 848 1748 re
872 1708 981 1760 publ.
1014 1706 1078 1746 lib.
1102 1707 1140 1746 l.-
1174 1718 1426 1758 cognoscere
1458 1718 1523 1745 me
1554 1702 1745 1751 hercule,
1776 1703 1928 1756 inquit,
1960 1717 2060 1745 con-

236 1786 273 1817 90
289 1771 554 1814 suetudinem
589 1773 711 1812 istam
748 1777 788 1813 et
818 1771 1003 1812 studium
1035 1782 1358 1822 sermonemque
1379 1791 1432 1798 --
1492 1766 1722 1821 (Nonius
1763 1780 1799 1807 v.
1831 1779 2060 1820 coqnoscere

288 1848 380 1890 pag.
402 1832 511 1889 276.)

403 1896 421 1906 υ

401 1908 439 1938 Ο.
481 1899 570 1938 Non
599 1911 696 1951 erqo
722 1898 933 1937 utilitatem
963 1910 1014 1936 ex
1043 1896 1316 1949 philosophia,
1357 1895 1422 1935 sed
1452 1894 1745 1934 oblectationem
1767 1898 1926 1945 petunt,
1959 1893 2062 1946 quod

288 1962 442 2016 quidem
474 1963 608 2001 Cicero
646 1968 808 2001 testatus
847 1966 915 1999 est.
982 1959 1201 2007 Profecto,
1239 1958 1391 2011 inquit,
1435 1957 1570 1997 omnis
1607 1956 1783 1996 istorum
1816 1955 2059 2009 disputatio,

290 2037 543 2080 quamquam
575 2024 810 2064 uberrimos
841 2023 978 2062 fontes
1011 2023 1177 2062 virtutis
1209 2027 1250 2062 et
1281 2020 1483 2060 scientiae
1515 2019 1715 2065 continet,
1746 2023 1886 2058 tamen
1908 2017 2062 2059 collata

238 2100 381 2130 25cum
429 2100 573 2127 eorum
620 2087 719 2127 actis
765 2086 1048 2139 perfectisque
1091 2085 1215 2124 rebus
1260 2096 1408 2123 vereor
1446 2095 1499 2122 ne
1541 2094 1626 2121 non
1668 2086 1830 2120 tantum
1870 2079 2062 2121 videatur

288 2151 479 2192 attulisse
511 2150 667 2202 negotii
697 2148 938 2189 hominibus
971 2153 1170 2202 quantam
1204 2145 1542 2186 oblectationem.
1585 2141 1898 2197 (Lactantius
1929 2144 2060 2184 Instit.

288 2214 365 2254 div.
397 2214 475 2261 ΙΙΙ,
500 2210 579 2265 16.)

401 2274 439 2316 6.
475 2276 648 2315 «Acocat
677 2274 724 2313 ab
753 2274 826 2314 illa
855 2286 935 2314 re.»
985 2275 1065 2314 Cic.
1096 2273 1141 2313 de
1172 2285 1214 2312 re
1238 2271 1347 2324 publ.
1378 2271 1445 2311 lib.
1465 2271 1508 2310 I:
1549 2283 1573 2310 a
1603 2282 1688 2324 qua
1716 2269 1787 2310 isti
1817 2268 2060 2310 avocabant.

291 2338 592 2394 (Arusianus
624 2337 840 2378 Messius
877 2352 916 2392 p.
940 2334 1022 2377 ⁶216
1053 2334 1190 2390 Lind.)

289 2486 358 2516 tum
381 2490 459 2513 vero
484 2480 556 2520 quis
579 2483 609 2512 te
628 2480 730 2520 possit
753 2487 818 2511 esse
840 2479 1036 2521 florentior?
1082 2479 1311 2520 Apertissime
1337 2476 1554 2519 significatur
1583 2485 1677 2509 nunc
1701 2476 1846 2518 quidem
1868 2474 1966 2509 illum
1988 2476 2063 2508 sta-

288 2536 363 2566 tum
388 2542 457 2565 non
482 2540 599 2564 esse.»
637 2531 815 2572 Madvig.
852 2549 895 2554 —-
929 2539 1012 2563 ’rosc
1039 2529 1098 2563 C¹:
1124 2538 1189 2561 TUM
1215 2527 1301 2561 C20.

377 2615 407 2647 3.
434 2621 636 2645 Tempust-:sss
663 2612 706 2647 C;
743 2616 869 2651 tempus
891 2612 919 2643 ei
949 2611 973 2643 O
1000 2620 1082 2643 cum
1108 2610 1346 2642 Steinackero.

377 2670 411 2703 4.
442 2669 553 2702 Abest
583 2670 649 2700 hoc
679 2668 913 2708 fragmentum
944 2667 987 2698 ab
1019 2667 1116 2699 editt.
1143 2665 1325 2702 Tullianis;
1363 2665 1567 2697 addendum
1600 2672 1678 2695 esse
1703 2663 1840 2695 monuit
1864 2663 1901 2695 C.
1921 2663 2062 2695 L.Roth

290 2722 324 2753 in
349 2723 387 2753 N.
415 2729 505 2753 mus.
534 2720 632 2751 rhen.
658 2719 745 2757 VIII,
773 2718 847 2749 613.
877 2735 912 2739 -
945 2718 975 2749 8.
1002 2717 1165 2758 Aternium]
1191 2716 1376 2754 manniam,
1404 2724 1526 2753 omum,
1551 2714 1680 2745 iunium
1705 2712 1799 2744 lectt.
1826 2714 1942 2744 variae
1968 2713 2062 2754 apud

291 2770 474 2810 Silligium:
501 2771 652 2802 Manium
675 2778 740 2800 non
763 2776 844 2799 curo
867 2768 984 2808 legere.
1003 2768 1134 2798 Iunium
1152 2767 1298 2806 Congum
1321 2766 1392 2796 volo
1416 2764 1506 2796 coni.
1527 2763 1634 2797 Roth;
1660 2780 1741 2787 ---
1757 2771 1815 2794 nec
1839 2763 2063 2795 doctissimum

291 2822 452 2851 omnium:
467 2822 480 2860 Η
495 2820 639 2851 Persium
662 2828 728 2849 non
751 2827 831 2849 curo
854 2818 960 2858 legere
983 2817 1074 2855 hacc,
1099 2817 1231 2847 Iunium
1255 2815 1400 2856 Conqum
1424 2815 1497 2845 colo
1528 2814 1552 2845 1.
1570 2813 1705 2845 Becker
1735 2813 1768 2844 in
1792 2812 1943 2844 Zeitschr.
1968 2813 1991 2853 f.
2011 2814 2062 2846 die

290 2870 598 2901 Altcrlhumsioiss.»
625 2868 721 2907 4854,
747 2877 780 2909 p.
799 2868 871 2900 ⁴28.
900 2884 935 2889 —
976 2867 1026 2897 ⁴3.
1052 2867 1098 2897 sic
1122 2865 1247 2897 codd:
1275 2866 1329 2896 sed
1353 2864 1434 2895 edd.
1454 2864 1525 2895 Cic.
1561 2880 1595 2884 —
1632 2863 1735 2902 plura
1760 2862 1960 2893 Mercerus:
1982 2863 2062 2902 pla-

291 2921 381 2951 rima
405 2919 508 2950 codd.
536 2936 570 2941 —
612 2918 662 2950 44.
690 2919 716 2950 is
740 2918 796 2958 qui
819 2917 946 2949 creavit
970 2916 1087 2947 lunius
1114 2924 1154 2946 ex
1180 2913 1257 2944 cod.
1285 2922 1366 2945 suo:
1394 2914 1422 2944 si
1446 2913 1501 2953 qui
1525 2913 1690 2943 creauerit
1714 2911 1817 2943 codd.
1845 2910 1933 2950 rell.,
1960 2921 2063 2951 quam

295 2969 344 3012 [si]
371 2969 425 3008 qui
448 2968 634 3010 creao[er]it
663 2969 688 3000 O
730 2986 763 2991 —-
804 2968 856 2999 20.
882 2967 1042 2999 sermonis
1073 2964 1175 2996 codd.
1204 2963 1359 2994 Vaticani
1401 2979 1436 2985 —
1478 2962 1530 2993 ⁶22.
1556 2961 1619 2993 Alii
1645 2961 1739 2992 haud
1764 2961 1836 2992 scio
1861 2969 1905 2992 an
1930 2963 2060 2994 rectius

294 3017 410 3051 locum
436 3028 475 3049 ex
495 3020 673 3051 Ciceronis
692 3019 874 3050 Hortensio
901 3017 1045 3058 petitum
1071 3017 1238 3053 statuunt,
1256 3013 1380 3045 Nobbe
1406 3013 1448 3044 ad
1466 3011 1525 3044 lib.
1545 3013 1586 3043 lll
1613 3012 1655 3043 de
1674 3020 1710 3042 re
1730 3010 1824 3051 publ.
1851 3011 1958 3043 refert
1981 3014 2061 3044 ante

295 3079 324 3102 c.
345 3069 363 3101 4
388 3068 561 3100 collocans
590 3085 622 3091 —
651 3069 703 3101 ⁵24.
729 3070 870 3099 continet
894 3067 972 3099 cod.
995 3066 1225 3097 Einmeranus
1251 3067 1353 3099 (nunc
1379 3066 1510 3096 Monac.
1532 3065 1603 3094 Lat.
1623 3062 1760 3098 44619):
1789 3063 1954 3093 contineat
1978 3063 2058 3095 edd.

295 3118 422 3159 (Codex
449 3120 585 3154 noster,
620 3119 676 3158 qui
703 3127 770 3149 non
797 3117 904 3149 habet>
929 3117 991 3147 nisi
1018 3115 1142 3146 librum
1170 3115 1329 3151 tertium,
1363 3116 1415 3145 est
1439 3121 1533 3145 saec.
1554 3113 1595 3144 Xl
1622 3114 1656 3143 et
1680 3112 1832 3152 optimae
1860 3113 1974 3143 notae.
2022 3114 2060 3145 ln

295 3177 336 3199 eo
368 3169 421 3198 est
452 3167 539 3197 haec
569 3168 797 3208 subscriptio:
840 3169 874 3198 L.
901 3167 996 3198 coelii
1024 3173 1177 3196 mamam
1200 3172 1244 3195 DE
1266 3172 1364 3196 FALSA
1393 3163 1597 3203 philosophia
1621 3162 1717 3193 Liber
1743 3162 1809 3192 .III.
1837 3162 1994 3202 explicit.)
2023 3180 2057 3185 -

294 3219 347 3249 25.
374 3225 486 3247 eorum
511 3217 639 3248 lininiz
673 3218 791 3247 horum
815 3216 895 3248 edd.
937 3234 970 3237 —
1009 3215 1061 3246 26.
1089 3214 1234 3245 attulisse
1251 3231 1298 3236 -—
1316 3214 1562 3245 oblectationem
1588 3213 1719 3243 Enim:
1758 3211 1903 3241 attulisse
1925 3211 2060 3251 negotiis

294 3267 461 3298 hominum
493 3267 644 3297 utilitatis
674 3271 834 3305 quantum
868 3266 1114 3297 oblectationem
1145 3264 1314 3304 quandam
1345 3264 1403 3295 otii
1439 3263 1518 3294 edd.
1547 3271 1588 3293 ex
1621 3261 1723 3293 codd.
1757 3260 1984 3302 interpolatis.
2020 3278 2056 3285 -

294 3316 348 3350 28.
374 3315 452 3349 libri
476 3320 557 3348 nota
579 3317 595 3348 Ι
617 3318 766 3350 accessit
790 3326 808 3349 e
834 3317 914 3349 cod,
941 3315 1108 3348 Gudiano.
1135 3331 1170 3338 —
1205 3313 1392 3346 avocabant
1417 3312 1525 3346 Gud.:
1553 3314 1698 3344 auocant
1721 3309 1825 3343 codd.
1850 3309 1924 3342 rell.
