<?xml version="1.0" encoding="UTF-8"?>
<!DOCTYPE html PUBLIC "-//W3C//DTD XHTML 1.0 Transitional//EN"
    "http://www.w3.org/TR/xhtml1/DTD/xhtml1-transitional.dtd">
<html xmlns="http://www.w3.org/1999/xhtml" xml:lang="en" lang="en">
 <head>
  <title>
</title>
<meta http-equiv="Content-Type" content="text/html;charset=utf-8" />
  <meta name='ocr-system' content='tesseract 3.04.00' />
  <meta name='ocr-capabilities' content='ocr_page ocr_carea ocr_par ocr_line ocrx_word'/>
</head>
<body>
  <div class='ocr_page' id='page_1' title='image "./operaquaesupersu04ciceuoft_0960.png"; bbox 0 0 2249 3624; ppageno 0'>
   <div class='ocr_carea' id='block_1_1' title="bbox 296 195 1345 238">
    <p class='ocr_par' dir='ltr' id='par_1_1' title="bbox 296 195 1345 238">
     <span class='ocr_line' id='line_1_1' title="bbox 296 195 1345 238; baseline -0.001 -1"><span class='ocrx_word' id='word_1_1' title='bbox 296 196 378 238; x_wconf 74' lang='lat'>882</span> <span class='ocrx_word' id='word_1_2' title='bbox 1016 195 1087 236; x_wconf 90' lang='lat' dir='ltr'>DE</span> <span class='ocrx_word' id='word_1_3' title='bbox 1119 196 1345 237; x_wconf 88' lang='lat' dir='ltr'>LEGIBUS</span> 
     </span>
    </p>
   </div>
   <div class='ocr_carea' id='block_1_2' title="bbox 243 302 2064 2169">
    <p class='ocr_par' dir='ltr' id='par_1_2' title="bbox 243 302 2064 2169">
     <span class='ocr_line' id='line_1_2' title="bbox 296 302 2061 358; baseline 0 -13"><span class='ocrx_word' id='word_1_4' title='bbox 296 317 402 358; x_wconf 89' lang='lat' dir='ltr'>quae</span> <span class='ocrx_word' id='word_1_5' title='bbox 441 317 526 344; x_wconf 90' lang='lat' dir='ltr'>non</span> <span class='ocrx_word' id='word_1_6' title='bbox 565 302 696 356; x_wconf 86' lang='lat' dir='ltr'>magis</span> <span class='ocrx_word' id='word_1_7' title='bbox 733 302 837 355; x_wconf 85' lang='lat' dir='ltr'>legis</span> <span class='ocrx_word' id='word_1_8' title='bbox 869 314 1022 341; x_wconf 89' lang='lat' dir='ltr'>nomen</span> <span class='ocrx_word' id='word_1_9' title='bbox 1053 302 1295 355; x_wconf 86' lang='lat' dir='ltr'>adtingunt,</span> <span class='ocrx_word' id='word_1_10' title='bbox 1336 315 1459 356; x_wconf 89' lang='lat' dir='ltr'>quam</span> <span class='ocrx_word' id='word_1_11' title='bbox 1492 302 1525 342; x_wconf 92' lang='lat' dir='ltr'>si</span> <span class='ocrx_word' id='word_1_12' title='bbox 1559 302 1739 343; x_wconf 90' lang='lat' dir='ltr'>latrones</span> <span class='ocrx_word' id='word_1_13' title='bbox 1771 303 1931 358; x_wconf 89' lang='lat' dir='ltr'>aliquas</span> <span class='ocrx_word' id='word_1_14' title='bbox 1963 318 2061 345; x_wconf 93' lang='lat' dir='ltr'>con-</span> 
     </span>
     <span class='ocr_line' id='line_1_3' title="bbox 298 365 2063 421; baseline 0 -13"><span class='ocrx_word' id='word_1_15' title='bbox 298 381 415 408; x_wconf 92' lang='lat' dir='ltr'>sessu</span> <span class='ocrx_word' id='word_1_16' title='bbox 458 380 534 407; x_wconf 91' lang='lat' dir='ltr'>suo</span> <span class='ocrx_word' id='word_1_17' title='bbox 576 365 805 405; x_wconf 79' lang='lat' dir='ltr'><strong>sanxerint.</strong></span> <span class='ocrx_word' id='word_1_18' title='bbox 868 365 972 403; x_wconf 89' lang='lat' dir='ltr'>Nam</span> <span class='ocrx_word' id='word_1_19' title='bbox 1014 377 1152 417; x_wconf 90' lang='lat' dir='ltr'>neque</span> <span class='ocrx_word' id='word_1_20' title='bbox 1185 365 1441 404; x_wconf 90' lang='lat' dir='ltr'>medicorum</span> <span class='ocrx_word' id='word_1_21' title='bbox 1473 370 1695 419; x_wconf 90' lang='lat' dir='ltr'>praecepta</span> <span class='ocrx_word' id='word_1_22' title='bbox 1726 365 1809 405; x_wconf 89' lang='lat' dir='ltr'>dici</span> <span class='ocrx_word' id='word_1_23' title='bbox 1840 380 1936 407; x_wconf 91' lang='lat' dir='ltr'>vere</span> <span class='ocrx_word' id='word_1_24' title='bbox 1966 381 2063 421; x_wconf 89' lang='lat' dir='ltr'>pos-</span> 
     </span>
     <span class='ocr_line' id='line_1_4' title="bbox 297 426 2062 482; baseline 0 -13"><span class='ocrx_word' id='word_1_25' title='bbox 297 435 407 477; x_wconf 88' lang='lat' dir='ltr'>sunt,</span> <span class='ocrx_word' id='word_1_26' title='bbox 441 430 474 469; x_wconf 91' lang='lat' dir='ltr'>si</span> <span class='ocrx_word' id='word_1_27' title='bbox 508 441 614 482; x_wconf 91' lang='lat' dir='ltr'>quae</span> <span class='ocrx_word' id='word_1_28' title='bbox 647 427 769 467; x_wconf 90' lang='lat' dir='ltr'>inscii</span> <span class='ocrx_word' id='word_1_29' title='bbox 800 426 1054 479; x_wconf 88' lang='lat' dir='ltr'>inperitique</span> <span class='ocrx_word' id='word_1_30' title='bbox 1086 439 1161 479; x_wconf 91' lang='lat' dir='ltr'>pro</span> <span class='ocrx_word' id='word_1_31' title='bbox 1193 427 1445 467; x_wconf 87' lang='lat' dir='ltr'>salutaribus</span> <span class='ocrx_word' id='word_1_32' title='bbox 1477 427 1692 467; x_wconf 89' lang='lat' dir='ltr'>mortifera</span> <span class='ocrx_word' id='word_1_33' title='bbox 1714 429 2062 481; x_wconf 87' lang='lat' dir='ltr'>conscripserunt,</span> 
     </span>
     <span class='ocr_line' id='line_1_5' title="bbox 296 488 2062 544; baseline 0 -13"><span class='ocrx_word' id='word_1_34' title='bbox 296 505 437 544; x_wconf 89' lang='lat' dir='ltr'>neque</span> <span class='ocrx_word' id='word_1_35' title='bbox 468 491 510 530; x_wconf 90' lang='lat' dir='ltr'>in</span> <span class='ocrx_word' id='word_1_36' title='bbox 543 490 697 544; x_wconf 87' lang='lat' dir='ltr'>populo</span> <span class='ocrx_word' id='word_1_37' title='bbox 728 490 811 536; x_wconf 89' lang='lat' dir='ltr'>lex,</span> <span class='ocrx_word' id='word_1_38' title='bbox 842 488 871 539; x_wconf 72' lang='grc' dir='ltr'>-Ι-</span> <span class='ocrx_word' id='word_1_39' title='bbox 894 488 1146 528; x_wconf 86' lang='lat' dir='ltr'>cuicuimodi</span> <span class='ocrx_word' id='word_1_40' title='bbox 1176 488 1304 529; x_wconf 87' lang='lat' dir='ltr'>fuerit</span> <span class='ocrx_word' id='word_1_41' title='bbox 1334 489 1419 536; x_wconf 88' lang='lat' dir='ltr'>illa,</span> <span class='ocrx_word' id='word_1_42' title='bbox 1451 490 1575 529; x_wconf 89' lang='lat' dir='ltr'>etiam</span> <span class='ocrx_word' id='word_1_43' title='bbox 1608 490 1643 529; x_wconf 89' lang='lat' dir='ltr'>si</span> <span class='ocrx_word' id='word_1_44' title='bbox 1674 490 1954 543; x_wconf 88' lang='lat' dir='ltr'>perniciosum</span> <span class='ocrx_word' id='word_1_45' title='bbox 1985 491 2062 531; x_wconf 89' lang='lat' dir='ltr'>ali—</span> 
     </span>
     <span class='ocr_line' id='line_1_6' title="bbox 265 550 2063 608; baseline 0 -15"><span class='ocrx_word' id='word_1_46' title='bbox 265 554 400 608; x_wconf 70' lang='lat' dir='ltr'>squid</span> <span class='ocrx_word' id='word_1_47' title='bbox 432 553 614 607; x_wconf 89' lang='lat' dir='ltr'>populus</span> <span class='ocrx_word' id='word_1_48' title='bbox 647 551 868 604; x_wconf 91' lang='lat' dir='ltr'>acceperit.</span> <span class='ocrx_word' id='word_1_49' title='bbox 914 551 1023 603; x_wconf 84' lang='lat' dir='ltr'>Ergo</span> <span class='ocrx_word' id='word_1_50' title='bbox 1056 556 1119 590; x_wconf 87' lang='lat' dir='ltr'>est</span> <span class='ocrx_word' id='word_1_51' title='bbox 1148 550 1217 590; x_wconf 83' lang='lat' dir='ltr'>lex</span> <span class='ocrx_word' id='word_1_52' title='bbox 1249 551 1453 591; x_wconf 89' lang='lat' dir='ltr'>iustorum</span> <span class='ocrx_word' id='word_1_53' title='bbox 1475 552 1815 604; x_wconf 87' lang='lat' dir='ltr'>iniustorumque</span> <span class='ocrx_word' id='word_1_54' title='bbox 1838 552 2063 601; x_wconf 89' lang='lat' dir='ltr'>distinctio,</span> 
     </span>
     <span class='ocr_line' id='line_1_7' title="bbox 297 613 2064 668; baseline -0.001 -13"><span class='ocrx_word' id='word_1_55' title='bbox 297 615 348 655; x_wconf 90' lang='lat' dir='ltr'>ad</span> <span class='ocrx_word' id='word_1_56' title='bbox 380 615 493 655; x_wconf 90' lang='lat' dir='ltr'>illam</span> <span class='ocrx_word' id='word_1_57' title='bbox 526 615 858 667; x_wconf 79' lang='lat' dir='ltr'>antiquissimam</span> <span class='ocrx_word' id='word_1_58' title='bbox 899 619 940 652; x_wconf 90' lang='lat' dir='ltr'>et</span> <span class='ocrx_word' id='word_1_59' title='bbox 976 626 1114 652; x_wconf 90' lang='lat' dir='ltr'>rerum</span> <span class='ocrx_word' id='word_1_60' title='bbox 1146 613 1332 653; x_wconf 91' lang='lat' dir='ltr'>omnium</span> <span class='ocrx_word' id='word_1_61' title='bbox 1364 614 1597 666; x_wconf 88' lang='lat' dir='ltr'>principem</span> <span class='ocrx_word' id='word_1_62' title='bbox 1630 625 1829 668; x_wconf 85' lang='lat' dir='ltr'>expressa</span> <span class='ocrx_word' id='word_1_63' title='bbox 1860 620 2064 663; x_wconf 90' lang='lat' dir='ltr'>naturam,</span> 
     </span>
     <span class='ocr_line' id='line_1_8' title="bbox 297 674 2064 731; baseline -0.001 -13"><span class='ocrx_word' id='word_1_64' title='bbox 297 678 348 718; x_wconf 91' lang='lat' dir='ltr'>ad</span> <span class='ocrx_word' id='word_1_65' title='bbox 383 691 504 731; x_wconf 89' lang='lat' dir='ltr'>quam</span> <span class='ocrx_word' id='word_1_66' title='bbox 536 677 649 730; x_wconf 78' lang='lat' dir='ltr'>leges</span> <span class='ocrx_word' id='word_1_67' title='bbox 680 677 897 716; x_wconf 90' lang='lat' dir='ltr'>hominum</span> <span class='ocrx_word' id='word_1_68' title='bbox 930 675 1186 728; x_wconf 87' lang='lat' dir='ltr'>diriguntur,</span> <span class='ocrx_word' id='word_1_69' title='bbox 1228 688 1336 729; x_wconf 91' lang='lat' dir='ltr'>quae</span> <span class='ocrx_word' id='word_1_70' title='bbox 1375 675 1583 729; x_wconf 91' lang='lat' dir='ltr'>supplicio</span> <span class='ocrx_word' id='word_1_71' title='bbox 1623 675 1824 730; x_wconf 89' lang='lat' dir='ltr'>inprobos</span> <span class='ocrx_word' id='word_1_72' title='bbox 1854 674 2064 725; x_wconf 85' lang='lat' dir='ltr'>adficiunt,</span> 
     </span>
     <span class='ocr_line' id='line_1_9' title="bbox 298 739 984 780; baseline -0.003 -1"><span class='ocrx_word' id='word_1_73' title='bbox 298 740 529 780; x_wconf 87' lang='lat' dir='ltr'>defendunt</span> <span class='ocrx_word' id='word_1_74' title='bbox 559 753 605 779; x_wconf 89' lang='lat' dir='ltr'>ac</span> <span class='ocrx_word' id='word_1_75' title='bbox 638 745 807 779; x_wconf 84' lang='lat' dir='ltr'>tuentur</span> <span class='ocrx_word' id='word_1_76' title='bbox 837 739 984 778; x_wconf 91' lang='lat' dir='ltr'>bonos.</span> 
     </span>
     <span class='ocr_line' id='line_1_10' title="bbox 411 800 2060 854; baseline 0 -12"><span class='ocrx_word' id='word_1_77' title='bbox 411 804 476 842; x_wconf 86' lang='lat' dir='ltr'>Vl.</span> <span class='ocrx_word' id='word_1_78' title='bbox 525 802 571 852; x_wconf 84' lang='lat' dir='ltr'>Q.</span> <span class='ocrx_word' id='word_1_79' title='bbox 612 802 831 841; x_wconf 81' lang='lat' dir='ltr'>Praeclare</span> <span class='ocrx_word' id='word_1_80' title='bbox 863 801 1088 853; x_wconf 84' lang='lat' dir='ltr'>intellegO,</span> <span class='ocrx_word' id='word_1_81' title='bbox 1129 813 1207 840; x_wconf 91' lang='lat' dir='ltr'>nec</span> <span class='ocrx_word' id='word_1_82' title='bbox 1237 814 1335 840; x_wconf 90' lang='lat' dir='ltr'>vero</span> <span class='ocrx_word' id='word_1_83' title='bbox 1367 801 1448 841; x_wconf 89' lang='lat' dir='ltr'>iam</span> <span class='ocrx_word' id='word_1_84' title='bbox 1481 801 1606 841; x_wconf 87' lang='lat' dir='ltr'>aliam</span> <span class='ocrx_word' id='word_1_85' title='bbox 1640 814 1731 841; x_wconf 90' lang='lat' dir='ltr'>esse</span> <span class='ocrx_word' id='word_1_86' title='bbox 1766 800 1893 841; x_wconf 90' lang='lat' dir='ltr'>ullam</span> <span class='ocrx_word' id='word_1_87' title='bbox 1925 801 2060 854; x_wconf 82' lang='lat' dir='ltr'>legem</span> 
     </span>
     <span class='ocr_line' id='line_1_11' title="bbox 247 859 2064 918; baseline 0.001 -16"><span class='ocrx_word' id='word_1_88' title='bbox 247 874 282 904; x_wconf 77' lang='lat' dir='ltr'>io</span> <span class='ocrx_word' id='word_1_89' title='bbox 297 870 396 918; x_wconf 88' lang='lat' dir='ltr'>puto</span> <span class='ocrx_word' id='word_1_90' title='bbox 428 878 512 903; x_wconf 91' lang='lat' dir='ltr'>non</span> <span class='ocrx_word' id='word_1_91' title='bbox 544 864 668 904; x_wconf 91' lang='lat' dir='ltr'>modo</span> <span class='ocrx_word' id='word_1_92' title='bbox 701 863 954 909; x_wconf 91' lang='lat' dir='ltr'>habendam,</span> <span class='ocrx_word' id='word_1_93' title='bbox 991 863 1063 902; x_wconf 90' lang='lat' dir='ltr'>sed</span> <span class='ocrx_word' id='word_1_94' title='bbox 1095 876 1148 902; x_wconf 91' lang='lat' dir='ltr'>ne</span> <span class='ocrx_word' id='word_1_95' title='bbox 1179 863 1472 916; x_wconf 85' lang='lat' dir='ltr'>appellandam</span> <span class='ocrx_word' id='word_1_96' title='bbox 1504 863 1688 916; x_wconf 93' lang='lat' dir='ltr'>quidem.</span> <span class='ocrx_word' id='word_1_97' title='bbox 1749 859 1814 903; x_wconf 71' lang='grc'>44.</span> <span class='ocrx_word' id='word_1_98' title='bbox 1847 864 1901 903; x_wconf 90' lang='grc' dir='ltr'>Μ.</span> <span class='ocrx_word' id='word_1_99' title='bbox 1934 864 2064 916; x_wconf 86' lang='lat' dir='ltr'>Igitur</span> 
     </span>
     <span class='ocr_line' id='line_1_12' title="bbox 296 924 2064 979; baseline -0.001 -12"><span class='ocrx_word' id='word_1_100' title='bbox 296 933 341 968; x_wconf 93' lang='lat' dir='ltr'>tu</span> <span class='ocrx_word' id='word_1_101' title='bbox 371 928 500 967; x_wconf 87' lang='lat' dir='ltr'>Titias</span> <span class='ocrx_word' id='word_1_102' title='bbox 533 932 571 966; x_wconf 91' lang='lat' dir='ltr'>et</span> <span class='ocrx_word' id='word_1_103' title='bbox 602 926 800 979; x_wconf 78' lang='lat' dir='ltr'>Apuleias</span> <span class='ocrx_word' id='word_1_104' title='bbox 839 925 953 977; x_wconf 85' lang='lat' dir='ltr'>leges</span> <span class='ocrx_word' id='word_1_105' title='bbox 991 924 1127 963; x_wconf 91' lang='lat' dir='ltr'>nullas</span> <span class='ocrx_word' id='word_1_106' title='bbox 1159 927 1306 978; x_wconf 74' lang='lat' dir='ltr'>putas?</span> <span class='ocrx_word' id='word_1_107' title='bbox 1379 925 1425 974; x_wconf 86' lang='lat' dir='ltr'>Q.</span> <span class='ocrx_word' id='word_1_108' title='bbox 1467 926 1556 977; x_wconf 85' lang='lat' dir='ltr'>Ego</span> <span class='ocrx_word' id='word_1_109' title='bbox 1589 938 1687 965; x_wconf 92' lang='lat' dir='ltr'>vero</span> <span class='ocrx_word' id='word_1_110' title='bbox 1718 938 1771 965; x_wconf 91' lang='lat' dir='ltr'>ne</span> <span class='ocrx_word' id='word_1_111' title='bbox 1802 925 1942 965; x_wconf 85' lang='lat' dir='ltr'>Livias</span> <span class='ocrx_word' id='word_1_112' title='bbox 1974 926 2064 979; x_wconf 89' lang='lat' dir='ltr'>qui-</span> 
     </span>
     <span class='ocr_line' id='line_1_13' title="bbox 297 987 2061 1042; baseline -0.001 -12"><span class='ocrx_word' id='word_1_113' title='bbox 297 990 404 1030; x_wconf 91' lang='lat' dir='ltr'>dem.</span> <span class='ocrx_word' id='word_1_114' title='bbox 464 990 517 1029; x_wconf 87' lang='lat' dir='ltr'>M.</span> <span class='ocrx_word' id='word_1_115' title='bbox 554 990 605 1028; x_wconf 88' lang='lat' dir='ltr'>Et</span> <span class='ocrx_word' id='word_1_116' title='bbox 635 994 769 1035; x_wconf 86' lang='lat' dir='ltr'>recte,</span> <span class='ocrx_word' id='word_1_117' title='bbox 802 1001 908 1040; x_wconf 89' lang='lat' dir='ltr'>quae</span> <span class='ocrx_word' id='word_1_118' title='bbox 941 987 1184 1040; x_wconf 84' lang='lat' dir='ltr'>praesertim</span> <span class='ocrx_word' id='word_1_119' title='bbox 1217 1000 1301 1026; x_wconf 91' lang='lat' dir='ltr'>uno</span> <span class='ocrx_word' id='word_1_120' title='bbox 1334 987 1539 1027; x_wconf 87' lang='lat' dir='ltr'>versiculo</span> <span class='ocrx_word' id='word_1_121' title='bbox 1571 993 1740 1027; x_wconf 90' lang='lat' dir='ltr'>senatus</span> <span class='ocrx_word' id='word_1_122' title='bbox 1771 993 1925 1042; x_wconf 84' lang='lat' dir='ltr'>puncto</span> <span class='ocrx_word' id='word_1_123' title='bbox 1958 993 2061 1029; x_wconf 89' lang='lat' dir='ltr'>tem-</span> 
     </span>
     <span class='ocr_line' id='line_1_14' title="bbox 294 1049 2062 1107; baseline -0.001 -14"><span class='ocrx_word' id='word_1_124' title='bbox 294 1053 409 1107; x_wconf 92' lang='lat' dir='ltr'>poris</span> <span class='ocrx_word' id='word_1_125' title='bbox 448 1051 634 1092; x_wconf 87' lang='lat' dir='ltr'>sublatae</span> <span class='ocrx_word' id='word_1_126' title='bbox 674 1052 782 1090; x_wconf 88' lang='lat' dir='ltr'>sint:</span> <span class='ocrx_word' id='word_1_127' title='bbox 831 1050 898 1090; x_wconf 86' lang='lat' dir='ltr'>lex</span> <span class='ocrx_word' id='word_1_128' title='bbox 936 1055 1075 1090; x_wconf 88' lang='lat' dir='ltr'>autem</span> <span class='ocrx_word' id='word_1_129' title='bbox 1114 1049 1208 1096; x_wconf 91' lang='lat' dir='ltr'>illa,</span> <span class='ocrx_word' id='word_1_130' title='bbox 1258 1049 1376 1089; x_wconf 89' lang='lat' dir='ltr'>cuius</span> <span class='ocrx_word' id='word_1_131' title='bbox 1409 1049 1490 1089; x_wconf 91' lang='lat' dir='ltr'>vim</span> <span class='ocrx_word' id='word_1_132' title='bbox 1524 1049 1751 1102; x_wconf 85' lang='lat' dir='ltr'>explicavi,</span> <span class='ocrx_word' id='word_1_133' title='bbox 1797 1063 1936 1104; x_wconf 89' lang='lat' dir='ltr'>neque</span> <span class='ocrx_word' id='word_1_134' title='bbox 1968 1051 2062 1091; x_wconf 90' lang='lat' dir='ltr'>tolli</span> 
     </span>
     <span class='ocr_line' id='line_1_15' title="bbox 297 1111 2062 1167; baseline -0.002 -11"><span class='ocrx_word' id='word_1_135' title='bbox 297 1129 435 1167; x_wconf 90' lang='lat' dir='ltr'>neque</span> <span class='ocrx_word' id='word_1_136' title='bbox 466 1114 655 1166; x_wconf 80' lang='lat' dir='ltr'>abrogari</span> <span class='ocrx_word' id='word_1_137' title='bbox 688 1118 838 1166; x_wconf 86' lang='lat' dir='ltr'>potest.</span> <span class='ocrx_word' id='word_1_138' title='bbox 904 1112 950 1162; x_wconf 86' lang='lat' dir='ltr'>Q.</span> <span class='ocrx_word' id='word_1_139' title='bbox 990 1113 1070 1151; x_wconf 91' lang='lat' dir='ltr'>Eas</span> <span class='ocrx_word' id='word_1_140' title='bbox 1111 1117 1155 1151; x_wconf 87' lang='lat' dir='ltr'>tu</span> <span class='ocrx_word' id='word_1_141' title='bbox 1196 1112 1323 1164; x_wconf 85' lang='lat' dir='ltr'>igitur</span> <span class='ocrx_word' id='word_1_142' title='bbox 1352 1111 1466 1164; x_wconf 85' lang='lat' dir='ltr'>leges</span> <span class='ocrx_word' id='word_1_143' title='bbox 1497 1112 1660 1165; x_wconf 85' lang='lat' dir='ltr'>rogabis</span> <span class='ocrx_word' id='word_1_144' title='bbox 1692 1111 1911 1160; x_wconf 87' lang='lat' dir='ltr'>videlicet,</span> <span class='ocrx_word' id='word_1_145' title='bbox 1954 1126 2062 1167; x_wconf 88' lang='lat' dir='ltr'>quae</span> 
     </span>
     <span class='ocr_line' id='line_1_16' title="bbox 246 1173 2064 1231; baseline 0.001 -16"><span class='ocrx_word' id='word_1_146' title='bbox 246 1186 524 1231; x_wconf 74' lang='lat' dir='ltr'>i5numquam</span> <span class='ocrx_word' id='word_1_147' title='bbox 566 1176 834 1229; x_wconf 84' lang='lat' dir='ltr'>abrogentur.</span> <span class='ocrx_word' id='word_1_148' title='bbox 900 1176 955 1214; x_wconf 88' lang='lat' dir='ltr'>M.</span> <span class='ocrx_word' id='word_1_149' title='bbox 1000 1175 1143 1221; x_wconf 86' lang='lat' dir='ltr'>Certe,</span> <span class='ocrx_word' id='word_1_150' title='bbox 1191 1174 1224 1213; x_wconf 91' lang='lat' dir='ltr'>si</span> <span class='ocrx_word' id='word_1_151' title='bbox 1264 1173 1388 1213; x_wconf 92' lang='lat' dir='ltr'>modo</span> <span class='ocrx_word' id='word_1_152' title='bbox 1434 1180 1629 1227; x_wconf 83' lang='lat' dir='ltr'>acceptae</span> <span class='ocrx_word' id='word_1_153' title='bbox 1679 1188 1702 1214; x_wconf 91' lang='lat' dir='ltr'>a</span> <span class='ocrx_word' id='word_1_154' title='bbox 1742 1175 1905 1215; x_wconf 92' lang='lat' dir='ltr'>duobus</span> <span class='ocrx_word' id='word_1_155' title='bbox 1946 1175 2064 1216; x_wconf 90' lang='lat' dir='ltr'>vobis</span> 
     </span>
     <span class='ocr_line' id='line_1_17' title="bbox 295 1236 2063 1290; baseline -0.002 -9"><span class='ocrx_word' id='word_1_156' title='bbox 295 1246 429 1281; x_wconf 91' lang='lat' dir='ltr'>erunt.</span> <span class='ocrx_word' id='word_1_157' title='bbox 491 1238 593 1285; x_wconf 87' lang='lat' dir='ltr'>Sed,</span> <span class='ocrx_word' id='word_1_158' title='bbox 624 1244 669 1278; x_wconf 96' lang='lat' dir='ltr'>ut</span> <span class='ocrx_word' id='word_1_159' title='bbox 702 1239 761 1278; x_wconf 92' lang='lat' dir='ltr'>vir</span> <span class='ocrx_word' id='word_1_160' title='bbox 793 1237 1060 1278; x_wconf 84' lang='lat' dir='ltr'>doctissimus</span> <span class='ocrx_word' id='word_1_161' title='bbox 1092 1236 1190 1276; x_wconf 85' lang='lat' dir='ltr'>fecit</span> <span class='ocrx_word' id='word_1_162' title='bbox 1220 1236 1337 1276; x_wconf 89' lang='lat' dir='ltr'>Plato</span> <span class='ocrx_word' id='word_1_163' title='bbox 1369 1241 1496 1290; x_wconf 90' lang='lat' dir='ltr'>atque</span> <span class='ocrx_word' id='word_1_164' title='bbox 1528 1236 1640 1276; x_wconf 91' lang='lat' dir='ltr'>idem</span> <span class='ocrx_word' id='word_1_165' title='bbox 1671 1237 1939 1290; x_wconf 86' lang='lat' dir='ltr'>gravissimus</span> <span class='ocrx_word' id='word_1_166' title='bbox 1969 1237 2063 1290; x_wconf 90' lang='lat' dir='ltr'>phi-</span> 
     </span>
     <span class='ocr_line' id='line_1_18' title="bbox 294 1296 2061 1356; baseline -0.001 -13"><span class='ocrx_word' id='word_1_167' title='bbox 294 1302 567 1356; x_wconf 90' lang='lat' dir='ltr'>losophorum</span> <span class='ocrx_word' id='word_1_168' title='bbox 606 1302 814 1348; x_wconf 91' lang='lat' dir='ltr'>omnium,</span> <span class='ocrx_word' id='word_1_169' title='bbox 858 1300 929 1354; x_wconf 91' lang='lat' dir='ltr'>qui</span> <span class='ocrx_word' id='word_1_170' title='bbox 972 1300 1168 1352; x_wconf 82' lang='lat' dir='ltr'>princeps</span> <span class='ocrx_word' id='word_1_171' title='bbox 1211 1298 1263 1338; x_wconf 93' lang='lat' dir='ltr'>de</span> <span class='ocrx_word' id='word_1_172' title='bbox 1303 1312 1348 1338; x_wconf 89' lang='lat' dir='ltr'>re</span> <span class='ocrx_word' id='word_1_173' title='bbox 1388 1296 1557 1351; x_wconf 89' lang='lat' dir='ltr'>publica</span> <span class='ocrx_word' id='word_1_174' title='bbox 1588 1299 1836 1353; x_wconf 86' lang='lat' dir='ltr'>conscripsit</span> <span class='ocrx_word' id='word_1_175' title='bbox 1865 1300 2061 1354; x_wconf 92' lang='lat' dir='ltr'>idemque</span> 
     </span>
     <span class='ocr_line' id='line_1_19' title="bbox 295 1360 2063 1418; baseline -0.002 -12"><span class='ocrx_word' id='word_1_176' title='bbox 295 1365 518 1418; x_wconf 88' lang='lat' dir='ltr'>separatim</span> <span class='ocrx_word' id='word_1_177' title='bbox 550 1364 600 1403; x_wconf 92' lang='lat' dir='ltr'>de</span> <span class='ocrx_word' id='word_1_178' title='bbox 632 1364 792 1415; x_wconf 84' lang='lat' dir='ltr'>legibus</span> <span class='ocrx_word' id='word_1_179' title='bbox 825 1364 935 1410; x_wconf 91' lang='lat' dir='ltr'>eius,</span> <span class='ocrx_word' id='word_1_180' title='bbox 979 1363 1091 1401; x_wconf 91' lang='lat' dir='ltr'>idem</span> <span class='ocrx_word' id='word_1_181' title='bbox 1122 1361 1224 1401; x_wconf 91' lang='lat' dir='ltr'>mihi</span> <span class='ocrx_word' id='word_1_182' title='bbox 1256 1360 1381 1401; x_wconf 88' lang='lat' dir='ltr'>credo</span> <span class='ocrx_word' id='word_1_183' title='bbox 1413 1374 1505 1401; x_wconf 90' lang='lat' dir='ltr'>esse</span> <span class='ocrx_word' id='word_1_184' title='bbox 1537 1361 1800 1410; x_wconf 87' lang='lat' dir='ltr'>faciundum,</span> <span class='ocrx_word' id='word_1_185' title='bbox 1841 1368 1909 1410; x_wconf 92' lang='lat' dir='ltr'>ut,</span> <span class='ocrx_word' id='word_1_186' title='bbox 1948 1363 2063 1416; x_wconf 87' lang='lat' dir='ltr'>prius</span> 
     </span>
     <span class='ocr_line' id='line_1_20' title="bbox 295 1420 2059 1482; baseline -0.002 -15"><span class='ocrx_word' id='word_1_187' title='bbox 295 1441 420 1482; x_wconf 91' lang='lat' dir='ltr'>quam</span> <span class='ocrx_word' id='word_1_188' title='bbox 459 1428 590 1480; x_wconf 88' lang='lat' dir='ltr'>ipsam</span> <span class='ocrx_word' id='word_1_189' title='bbox 631 1426 765 1479; x_wconf 85' lang='lat' dir='ltr'>legem</span> <span class='ocrx_word' id='word_1_190' title='bbox 805 1426 1001 1472; x_wconf 87' lang='lat' dir='ltr'>recitem,</span> <span class='ocrx_word' id='word_1_191' title='bbox 1047 1424 1098 1463; x_wconf 92' lang='lat' dir='ltr'>de</span> <span class='ocrx_word' id='word_1_192' title='bbox 1132 1424 1222 1464; x_wconf 92' lang='lat' dir='ltr'>eius</span> <span class='ocrx_word' id='word_1_193' title='bbox 1255 1420 1391 1477; x_wconf 82' lang='lat' dir='ltr'>[legis]</span> <span class='ocrx_word' id='word_1_194' title='bbox 1427 1423 1550 1463; x_wconf 89' lang='lat' dir='ltr'>laude</span> <span class='ocrx_word' id='word_1_195' title='bbox 1583 1423 1734 1466; x_wconf 88' lang='lat' dir='ltr'>dicam.</span> <span class='ocrx_word' id='word_1_196' title='bbox 1794 1425 1914 1473; x_wconf 84' lang='lat' dir='ltr'>Quod</span> <span class='ocrx_word' id='word_1_197' title='bbox 1947 1425 2059 1465; x_wconf 90' lang='lat' dir='ltr'>idem</span> 
     </span>
     <span class='ocr_line' id='line_1_21' title="bbox 243 1484 2061 1539; baseline -0.002 -10"><span class='ocrx_word' id='word_1_198' title='bbox 243 1499 280 1529; x_wconf 74' lang='lat'>20</span> <span class='ocrx_word' id='word_1_199' title='bbox 294 1490 418 1530; x_wconf 88' lang='lat' dir='ltr'>etiam</span> <span class='ocrx_word' id='word_1_200' title='bbox 441 1490 664 1529; x_wconf 91' lang='lat' dir='ltr'>Zaleucum</span> <span class='ocrx_word' id='word_1_201' title='bbox 686 1494 727 1528; x_wconf 94' lang='lat' dir='ltr'>et</span> <span class='ocrx_word' id='word_1_202' title='bbox 750 1487 1012 1528; x_wconf 90' lang='lat' dir='ltr'>Charondam</span> <span class='ocrx_word' id='word_1_203' title='bbox 1043 1486 1192 1526; x_wconf 89' lang='lat' dir='ltr'>fecisse</span> <span class='ocrx_word' id='word_1_204' title='bbox 1223 1485 1361 1532; x_wconf 81' lang='lat' dir='ltr'>video,</span> <span class='ocrx_word' id='word_1_205' title='bbox 1394 1499 1522 1539; x_wconf 92' lang='lat' dir='ltr'>quom</span> <span class='ocrx_word' id='word_1_206' title='bbox 1546 1486 1718 1539; x_wconf 90' lang='lat' dir='ltr'>quidem</span> <span class='ocrx_word' id='word_1_207' title='bbox 1741 1484 1800 1527; x_wconf 92' lang='lat' dir='ltr'>illi</span> <span class='ocrx_word' id='word_1_208' title='bbox 1823 1501 1908 1527; x_wconf 92' lang='lat' dir='ltr'>non</span> <span class='ocrx_word' id='word_1_209' title='bbox 1935 1487 2061 1528; x_wconf 89' lang='lat' dir='ltr'>studii</span> 
     </span>
     <span class='ocr_line' id='line_1_22' title="bbox 294 1548 2061 1603; baseline -0.003 -11"><span class='ocrx_word' id='word_1_210' title='bbox 294 1558 334 1593; x_wconf 92' lang='lat' dir='ltr'>et</span> <span class='ocrx_word' id='word_1_211' title='bbox 365 1551 666 1598; x_wconf 90' lang='lat' dir='ltr'>delectationis,</span> <span class='ocrx_word' id='word_1_212' title='bbox 699 1551 772 1591; x_wconf 92' lang='lat' dir='ltr'>sed</span> <span class='ocrx_word' id='word_1_213' title='bbox 803 1551 863 1590; x_wconf 93' lang='lat' dir='ltr'>rei</span> <span class='ocrx_word' id='word_1_214' title='bbox 896 1550 1087 1603; x_wconf 90' lang='lat' dir='ltr'>publicae</span> <span class='ocrx_word' id='word_1_215' title='bbox 1121 1562 1246 1589; x_wconf 88' lang='lat' dir='ltr'>causa</span> <span class='ocrx_word' id='word_1_216' title='bbox 1276 1548 1390 1601; x_wconf 85' lang='lat' dir='ltr'>leges</span> <span class='ocrx_word' id='word_1_217' title='bbox 1423 1548 1660 1588; x_wconf 86' lang='lat' dir='ltr'>civitatibus</span> <span class='ocrx_word' id='word_1_218' title='bbox 1682 1549 1769 1588; x_wconf 81' lang='lat' dir='ltr'>suis</span> <span class='ocrx_word' id='word_1_219' title='bbox 1793 1550 2061 1602; x_wconf 87' lang='lat' dir='ltr'>scripserunt.</span> 
     </span>
     <span class='ocr_line' id='line_1_23' title="bbox 294 1610 2061 1665; baseline -0.002 -12"><span class='ocrx_word' id='word_1_220' title='bbox 294 1614 410 1663; x_wconf 91' lang='lat' dir='ltr'>Quos</span> <span class='ocrx_word' id='word_1_221' title='bbox 443 1613 622 1653; x_wconf 84' lang='lat' dir='ltr'>imitatus</span> <span class='ocrx_word' id='word_1_222' title='bbox 646 1614 759 1653; x_wconf 88' lang='lat' dir='ltr'>Plato</span> <span class='ocrx_word' id='word_1_223' title='bbox 794 1612 986 1652; x_wconf 90' lang='lat' dir='ltr'>videlicet</span> <span class='ocrx_word' id='word_1_224' title='bbox 1017 1612 1097 1651; x_wconf 91' lang='lat' dir='ltr'>hoc</span> <span class='ocrx_word' id='word_1_225' title='bbox 1129 1624 1298 1665; x_wconf 88' lang='lat' dir='ltr'>quoque</span> <span class='ocrx_word' id='word_1_226' title='bbox 1330 1610 1433 1663; x_wconf 86' lang='lat' dir='ltr'>legis</span> <span class='ocrx_word' id='word_1_227' title='bbox 1466 1611 1630 1664; x_wconf 84' lang='lat' dir='ltr'>putavit</span> <span class='ocrx_word' id='word_1_228' title='bbox 1661 1624 1773 1659; x_wconf 91' lang='lat' dir='ltr'>esse,</span> <span class='ocrx_word' id='word_1_229' title='bbox 1805 1610 2061 1664; x_wconf 88' lang='lat' dir='ltr'>persuadere</span> 
     </span>
     <span class='ocr_line' id='line_1_24' title="bbox 293 1670 2059 1729; baseline -0.003 -12"><span class='ocrx_word' id='word_1_230' title='bbox 293 1675 477 1729; x_wconf 90' lang='lat' dir='ltr'>aliquid,</span> <span class='ocrx_word' id='word_1_231' title='bbox 509 1688 593 1714; x_wconf 93' lang='lat' dir='ltr'>non</span> <span class='ocrx_word' id='word_1_232' title='bbox 624 1676 765 1716; x_wconf 89' lang='lat' dir='ltr'>omnia</span> <span class='ocrx_word' id='word_1_233' title='bbox 795 1675 833 1714; x_wconf 88' lang='lat' dir='ltr'>vi</span> <span class='ocrx_word' id='word_1_234' title='bbox 867 1688 912 1715; x_wconf 89' lang='lat' dir='ltr'>ac</span> <span class='ocrx_word' id='word_1_235' title='bbox 944 1674 1065 1715; x_wconf 89' lang='lat' dir='ltr'>minis</span> <span class='ocrx_word' id='word_1_236' title='bbox 1098 1687 1262 1727; x_wconf 86' lang='lat' dir='ltr'>cogere.</span> <span class='ocrx_word' id='word_1_237' title='bbox 1324 1670 1388 1711; x_wconf 67' lang='lat'>45.</span> <span class='ocrx_word' id='word_1_238' title='bbox 1427 1672 1474 1722; x_wconf 85' lang='lat' dir='ltr'>Q.</span> <span class='ocrx_word' id='word_1_239' title='bbox 1507 1672 1646 1721; x_wconf 72' lang='lat' dir='ltr'>Quid?</span> <span class='ocrx_word' id='word_1_240' title='bbox 1688 1673 1802 1727; x_wconf 92' lang='lat' dir='ltr'>quod</span> <span class='ocrx_word' id='word_1_241' title='bbox 1834 1672 2059 1712; x_wconf 90' lang='lat' dir='ltr'>Zaleucum</span> 
     </span>
     <span class='ocr_line' id='line_1_25' title="bbox 293 1733 2061 1791; baseline -0.003 -12"><span class='ocrx_word' id='word_1_242' title='bbox 293 1740 419 1780; x_wconf 92' lang='lat' dir='ltr'>istum</span> <span class='ocrx_word' id='word_1_243' title='bbox 453 1744 577 1791; x_wconf 85' lang='lat' dir='ltr'>negat</span> <span class='ocrx_word' id='word_1_244' title='bbox 605 1738 738 1777; x_wconf 90' lang='lat' dir='ltr'>ullum</span> <span class='ocrx_word' id='word_1_245' title='bbox 768 1737 899 1776; x_wconf 85' lang='lat' dir='ltr'>fuisse</span> <span class='ocrx_word' id='word_1_246' title='bbox 930 1737 1157 1776; x_wconf 71' lang='lat' dir='ltr'>Timaeus?</span> <span class='ocrx_word' id='word_1_247' title='bbox 1227 1736 1282 1776; x_wconf 91' lang='lat' dir='ltr'>M.</span> <span class='ocrx_word' id='word_1_248' title='bbox 1323 1736 1376 1774; x_wconf 87' lang='lat' dir='ltr'>At</span> <span class='ocrx_word' id='word_1_249' title='bbox 1406 1735 1744 1788; x_wconf 87' lang='lat' dir='ltr'>Theophrastus,</span> <span class='ocrx_word' id='word_1_250' title='bbox 1777 1740 1922 1775; x_wconf 90' lang='lat' dir='ltr'>auctor</span> <span class='ocrx_word' id='word_1_251' title='bbox 1951 1733 2061 1774; x_wconf 89' lang='lat' dir='ltr'>haud</span> 
     </span>
     <span class='ocr_line' id='line_1_26' title="bbox 243 1798 2062 1853; baseline -0.003 -12"><span class='ocrx_word' id='word_1_252' title='bbox 243 1810 279 1841; x_wconf 73' lang='lat'>25</span> <span class='ocrx_word' id='word_1_253' title='bbox 295 1803 480 1843; x_wconf 91' lang='lat' dir='ltr'>deterior</span> <span class='ocrx_word' id='word_1_254' title='bbox 511 1814 601 1840; x_wconf 90' lang='lat' dir='ltr'>mea</span> <span class='ocrx_word' id='word_1_255' title='bbox 634 1800 801 1853; x_wconf 92' lang='lat' dir='ltr'>quidem</span> <span class='ocrx_word' id='word_1_256' title='bbox 833 1799 1062 1846; x_wconf 86' lang='lat' dir='ltr'>sententia,</span> <span class='ocrx_word' id='word_1_257' title='bbox 1097 1821 1152 1826; x_wconf 89' lang='lat'><strong>—</strong></span> <span class='ocrx_word' id='word_1_258' title='bbox 1183 1798 1401 1838; x_wconf 90' lang='lat' dir='ltr'>meliorem</span> <span class='ocrx_word' id='word_1_259' title='bbox 1432 1798 1551 1838; x_wconf 84' lang='lat' dir='ltr'>multi</span> <span class='ocrx_word' id='word_1_260' title='bbox 1584 1798 1798 1837; x_wconf 91' lang='lat' dir='ltr'>nominant</span> <span class='ocrx_word' id='word_1_261' title='bbox 1829 1811 1908 1837; x_wconf 90' lang='lat'>-:</span> <span class='ocrx_word' id='word_1_262' title='bbox 1952 1810 2062 1838; x_wconf 88' lang='lat' dir='ltr'>com-</span> 
     </span>
     <span class='ocr_line' id='line_1_27' title="bbox 294 1859 2063 1915; baseline -0.003 -10"><span class='ocrx_word' id='word_1_263' title='bbox 294 1868 526 1905; x_wconf 90' lang='lat' dir='ltr'>memorant</span> <span class='ocrx_word' id='word_1_264' title='bbox 566 1876 663 1902; x_wconf 91' lang='lat' dir='ltr'>vero</span> <span class='ocrx_word' id='word_1_265' title='bbox 703 1862 832 1915; x_wconf 89' lang='lat' dir='ltr'>ipsius</span> <span class='ocrx_word' id='word_1_266' title='bbox 865 1861 997 1907; x_wconf 89' lang='lat' dir='ltr'>cives,</span> <span class='ocrx_word' id='word_1_267' title='bbox 1038 1862 1169 1900; x_wconf 87' lang='lat' dir='ltr'>nostri</span> <span class='ocrx_word' id='word_1_268' title='bbox 1201 1860 1398 1907; x_wconf 90' lang='lat' dir='ltr'>clientes,</span> <span class='ocrx_word' id='word_1_269' title='bbox 1439 1860 1573 1899; x_wconf 88' lang='lat' dir='ltr'>Locri.</span> <span class='ocrx_word' id='word_1_270' title='bbox 1634 1860 1715 1899; x_wconf 91' lang='lat' dir='ltr'>Sed</span> <span class='ocrx_word' id='word_1_271' title='bbox 1747 1860 1835 1900; x_wconf 91' lang='lat' dir='ltr'>sive</span> <span class='ocrx_word' id='word_1_272' title='bbox 1863 1859 1944 1900; x_wconf 87' lang='lat' dir='ltr'>fuit</span> <span class='ocrx_word' id='word_1_273' title='bbox 1974 1859 2063 1899; x_wconf 88' lang='lat' dir='ltr'>sive</span> 
     </span>
     <span class='ocr_line' id='line_1_28' title="bbox 294 1921 1612 1976; baseline -0.005 -8"><span class='ocrx_word' id='word_1_274' title='bbox 294 1941 377 1968; x_wconf 91' lang='lat' dir='ltr'>non</span> <span class='ocrx_word' id='word_1_275' title='bbox 408 1926 510 1973; x_wconf 87' lang='lat' dir='ltr'>fuit,</span> <span class='ocrx_word' id='word_1_276' title='bbox 541 1925 645 1964; x_wconf 88' lang='lat' dir='ltr'>nihil</span> <span class='ocrx_word' id='word_1_277' title='bbox 677 1924 729 1964; x_wconf 91' lang='lat' dir='ltr'>ad</span> <span class='ocrx_word' id='word_1_278' title='bbox 760 1937 872 1964; x_wconf 90' lang='lat' dir='ltr'>rem:</span> <span class='ocrx_word' id='word_1_279' title='bbox 916 1923 1131 1976; x_wconf 88' lang='lat' dir='ltr'>loquimur</span> <span class='ocrx_word' id='word_1_280' title='bbox 1162 1922 1277 1976; x_wconf 94' lang='lat' dir='ltr'>quod</span> <span class='ocrx_word' id='word_1_281' title='bbox 1309 1921 1507 1962; x_wconf 89' lang='lat' dir='ltr'>traditum</span> <span class='ocrx_word' id='word_1_282' title='bbox 1539 1927 1612 1961; x_wconf 88' lang='lat' dir='ltr'>est.</span> 
     </span>
     <span class='ocr_line' id='line_1_29' title="bbox 407 1983 2062 2040; baseline -0.004 -11"><span class='ocrx_word' id='word_1_283' title='bbox 407 1990 495 2030; x_wconf 91' lang='lat' dir='ltr'>VII.</span> <span class='ocrx_word' id='word_1_284' title='bbox 546 1988 606 2028; x_wconf 91' lang='lat' dir='ltr'>Sit</span> <span class='ocrx_word' id='word_1_285' title='bbox 645 1987 770 2040; x_wconf 85' lang='lat' dir='ltr'>igitur</span> <span class='ocrx_word' id='word_1_286' title='bbox 809 1986 889 2026; x_wconf 90' lang='lat' dir='ltr'>hoc</span> <span class='ocrx_word' id='word_1_287' title='bbox 929 1987 1010 2025; x_wconf 91' lang='lat' dir='ltr'>iam</span> <span class='ocrx_word' id='word_1_288' title='bbox 1048 1998 1071 2025; x_wconf 89' lang='lat' dir='ltr'>a</span> <span class='ocrx_word' id='word_1_289' title='bbox 1111 1985 1319 2038; x_wconf 87' lang='lat' dir='ltr'>principio</span> <span class='ocrx_word' id='word_1_290' title='bbox 1351 1997 1600 2037; x_wconf 89' lang='lat' dir='ltr'>persuasum</span> <span class='ocrx_word' id='word_1_291' title='bbox 1633 1984 1822 2031; x_wconf 92' lang='lat' dir='ltr'>civibus,</span> <span class='ocrx_word' id='word_1_292' title='bbox 1870 1983 2062 2024; x_wconf 90' lang='lat' dir='ltr'>dominos</span> 
     </span>
     <span class='ocr_line' id='line_1_30' title="bbox 296 2048 2063 2100; baseline -0.005 -7"><span class='ocrx_word' id='word_1_293' title='bbox 296 2066 387 2093; x_wconf 88' lang='lat' dir='ltr'>esse</span> <span class='ocrx_word' id='word_1_294' title='bbox 420 2051 606 2092; x_wconf 91' lang='lat' dir='ltr'>omnium</span> <span class='ocrx_word' id='word_1_295' title='bbox 637 2063 776 2089; x_wconf 90' lang='lat' dir='ltr'>rerum</span> <span class='ocrx_word' id='word_1_296' title='bbox 807 2062 853 2088; x_wconf 90' lang='lat' dir='ltr'>ac</span> <span class='ocrx_word' id='word_1_297' title='bbox 884 2048 1169 2088; x_wconf 88' lang='lat' dir='ltr'>moderatores</span> <span class='ocrx_word' id='word_1_298' title='bbox 1201 2048 1303 2087; x_wconf 92' lang='lat' dir='ltr'>deos</span> <span class='ocrx_word' id='word_1_299' title='bbox 1337 2060 1494 2100; x_wconf 89' lang='lat' dir='ltr'>eaque,</span> <span class='ocrx_word' id='word_1_300' title='bbox 1528 2059 1636 2100; x_wconf 90' lang='lat' dir='ltr'>quae</span> <span class='ocrx_word' id='word_1_301' title='bbox 1668 2050 1887 2099; x_wconf 85' lang='lat' dir='ltr'>gerantur,</span> <span class='ocrx_word' id='word_1_302' title='bbox 1919 2058 2063 2085; x_wconf 91' lang='lat' dir='ltr'>eorum</span> 
     </span>
     <span class='ocr_line' id='line_1_31' title="bbox 243 2107 2064 2169; baseline -0.003 -17"><span class='ocrx_word' id='word_1_303' title='bbox 243 2123 281 2154; x_wconf 87' lang='lat'>30</span> <span class='ocrx_word' id='word_1_304' title='bbox 297 2114 384 2169; x_wconf 88' lang='lat' dir='ltr'>geri</span> <span class='ocrx_word' id='word_1_305' title='bbox 420 2111 492 2169; x_wconf 89' lang='lat' dir='ltr'>[vi]</span> <span class='ocrx_word' id='word_1_306' title='bbox 526 2113 692 2153; x_wconf 91' lang='lat' dir='ltr'>dicione</span> <span class='ocrx_word' id='word_1_307' title='bbox 729 2125 775 2152; x_wconf 90' lang='lat' dir='ltr'>ac</span> <span class='ocrx_word' id='word_1_308' title='bbox 814 2111 1013 2158; x_wconf 90' lang='lat' dir='ltr'>numine,</span> <span class='ocrx_word' id='word_1_309' title='bbox 1057 2109 1315 2163; x_wconf 88' lang='lat' dir='ltr'>eosdemque</span> <span class='ocrx_word' id='word_1_310' title='bbox 1359 2110 1514 2162; x_wconf 91' lang='lat' dir='ltr'>optime</span> <span class='ocrx_word' id='word_1_311' title='bbox 1560 2108 1610 2148; x_wconf 90' lang='lat' dir='ltr'>de</span> <span class='ocrx_word' id='word_1_312' title='bbox 1655 2120 1807 2162; x_wconf 87' lang='lat' dir='ltr'>genere</span> <span class='ocrx_word' id='word_1_313' title='bbox 1845 2107 2064 2148; x_wconf 88' lang='lat' dir='ltr'>hominum</span> 
     </span>
    </p>
   </div>
   <div class='ocr_carea' id='block_1_3' title="bbox 293 2224 2070 3352">
    <p class='ocr_par' dir='ltr' id='par_1_3' title="bbox 293 2224 2070 3352">
     <span class='ocr_line' id='line_1_32' title="bbox 384 2224 2064 2272; baseline -0.004 -9"><span class='ocrx_word' id='word_1_314' title='bbox 384 2233 414 2264; x_wconf 73' lang='lat'>4.</span> <span class='ocrx_word' id='word_1_315' title='bbox 441 2232 525 2272; x_wconf 63' lang='lat' dir='ltr'>leges</span> <span class='ocrx_word' id='word_1_316' title='bbox 548 2228 587 2262; x_wconf 81' lang='grc' dir='ltr'>Β2</span> <span class='ocrx_word' id='word_1_317' title='bbox 624 2247 658 2252; x_wconf 85' lang='grc'><strong>-</strong></span> <span class='ocrx_word' id='word_1_318' title='bbox 698 2228 825 2269; x_wconf 79' lang='lat' dir='ltr'>nomen]</span> <span class='ocrx_word' id='word_1_319' title='bbox 850 2236 915 2259; x_wconf 80' lang='lat' dir='ltr'>non</span> <span class='ocrx_word' id='word_1_320' title='bbox 941 2228 965 2260; x_wconf 93' lang='lat' dir='ltr'>C</span> <span class='ocrx_word' id='word_1_321' title='bbox 1001 2245 1043 2250; x_wconf 97' lang='lat'><strong>—</strong></span> <span class='ocrx_word' id='word_1_322' title='bbox 1080 2228 1174 2266; x_wconf 77' lang='lat' dir='ltr'>quasi</span> <span class='ocrx_word' id='word_1_323' title='bbox 1199 2228 1226 2259; x_wconf 92' lang='lat' dir='ltr'><strong>H</strong></span> <span class='ocrx_word' id='word_1_324' title='bbox 1264 2245 1297 2249; x_wconf 84' lang='lat'>—</span> <span class='ocrx_word' id='word_1_325' title='bbox 1335 2227 1483 2257; x_wconf 81' lang='lat' dir='ltr'>latrones</span> <span class='ocrx_word' id='word_1_326' title='bbox 1514 2226 1619 2257; x_wconf 88' lang='lat' dir='ltr'>homo</span> <span class='ocrx_word' id='word_1_327' title='bbox 1652 2225 1797 2266; x_wconf 85' lang='lat' dir='ltr'>quidam</span> <span class='ocrx_word' id='word_1_328' title='bbox 1821 2224 1947 2257; x_wconf 85' lang='lat' dir='ltr'>doctus</span> <span class='ocrx_word' id='word_1_329' title='bbox 1971 2225 2064 2266; x_wconf 86' lang='lat' dir='ltr'>apud</span> 
     </span>
     <span class='ocr_line' id='line_1_33' title="bbox 296 2274 2066 2321; baseline -0.005 -7"><span class='ocrx_word' id='word_1_330' title='bbox 296 2281 498 2314; x_wconf 88' lang='lat' dir='ltr'>Turnebum</span> <span class='ocrx_word' id='word_1_331' title='bbox 524 2283 558 2312; x_wconf 89' lang='lat' dir='ltr'>et</span> <span class='ocrx_word' id='word_1_332' title='bbox 583 2280 733 2321; x_wconf 86' lang='lat' dir='ltr'>Lipsius:</span> <span class='ocrx_word' id='word_1_333' title='bbox 760 2279 880 2309; x_wconf 71' lang='lat' dir='ltr'>latores</span> <span class='ocrx_word' id='word_1_334' title='bbox 905 2279 928 2309; x_wconf 97' lang='lat' dir='ltr'>C</span> <span class='ocrx_word' id='word_1_335' title='bbox 968 2296 1002 2300; x_wconf 83' lang='lat'>—-</span> <span class='ocrx_word' id='word_1_336' title='bbox 1041 2278 1173 2316; x_wconf 77' lang='lat' dir='ltr'>aliquas</span> <span class='ocrx_word' id='word_1_337' title='bbox 1197 2278 1243 2309; x_wconf 88' lang='lat' dir='ltr'>C:</span> <span class='ocrx_word' id='word_1_338' title='bbox 1270 2278 1388 2316; x_wconf 75' lang='lat' dir='ltr'>aliqua</span> <span class='ocrx_word' id='word_1_339' title='bbox 1412 2277 1437 2308; x_wconf 94' lang='lat' dir='ltr'>O</span> <span class='ocrx_word' id='word_1_340' title='bbox 1462 2276 1519 2316; x_wconf 87' lang='lat' dir='ltr'>(de</span> <span class='ocrx_word' id='word_1_341' title='bbox 1545 2277 1567 2307; x_wconf 88' lang='lat' dir='ltr'>B</span> <span class='ocrx_word' id='word_1_342' title='bbox 1584 2276 1610 2307; x_wconf 90' lang='lat' dir='ltr'><strong>H</strong></span> <span class='ocrx_word' id='word_1_343' title='bbox 1636 2276 1726 2307; x_wconf 86' lang='lat' dir='ltr'>Bake</span> <span class='ocrx_word' id='word_1_344' title='bbox 1752 2274 1889 2314; x_wconf 81' lang='lat' dir='ltr'>erravit)</span> <span class='ocrx_word' id='word_1_345' title='bbox 1916 2290 1951 2296; x_wconf 93' lang='lat'>—</span> <span class='ocrx_word' id='word_1_346' title='bbox 1985 2283 2066 2306; x_wconf 79' lang='lat' dir='ltr'>con-</span> 
     </span>
     <span class='ocr_line' id='line_1_34' title="bbox 296 2324 2067 2372; baseline -0.003 -9"><span class='ocrx_word' id='word_1_347' title='bbox 296 2340 385 2363; x_wconf 80' lang='lat' dir='ltr'>sessu</span> <span class='ocrx_word' id='word_1_348' title='bbox 409 2332 560 2372; x_wconf 85' lang='lat' dir='ltr'>Lipsius:</span> <span class='ocrx_word' id='word_1_349' title='bbox 588 2338 739 2361; x_wconf 79' lang='lat' dir='ltr'>concessu</span> <span class='ocrx_word' id='word_1_350' title='bbox 764 2330 965 2367; x_wconf 47' lang='lat' dir='ltr'>(conffcessu</span> <span class='ocrx_word' id='word_1_351' title='bbox 980 2328 1017 2367; x_wconf 83' lang='lat' dir='ltr'>A)</span> <span class='ocrx_word' id='word_1_352' title='bbox 1045 2328 1087 2360; x_wconf 84' lang='lat' dir='ltr'>C:</span> <span class='ocrx_word' id='word_1_353' title='bbox 1115 2328 1190 2368; x_wconf 87' lang='lat' dir='ltr'>ipse</span> <span class='ocrx_word' id='word_1_354' title='bbox 1216 2326 1334 2358; x_wconf 85' lang='lat' dir='ltr'>malim</span> <span class='ocrx_word' id='word_1_355' title='bbox 1359 2336 1526 2365; x_wconf 72' lang='lat' dir='ltr'>consensu,</span> <span class='ocrx_word' id='word_1_356' title='bbox 1552 2329 1590 2358; x_wconf 84' lang='lat' dir='ltr'>ut</span> <span class='ocrx_word' id='word_1_357' title='bbox 1614 2326 1760 2359; x_wconf 85' lang='lat' dir='ltr'>doctum</span> <span class='ocrx_word' id='word_1_358' title='bbox 1783 2324 1960 2366; x_wconf 88' lang='lat' dir='ltr'>quendam</span> <span class='ocrx_word' id='word_1_359' title='bbox 1985 2333 2067 2357; x_wconf 93' lang='lat' dir='ltr'>con—</span> 
     </span>
     <span class='ocr_line' id='line_1_35' title="bbox 297 2374 2062 2416; baseline -0.005 -3"><span class='ocrx_word' id='word_1_360' title='bbox 297 2382 421 2413; x_wconf 89' lang='lat' dir='ltr'>iecisse</span> <span class='ocrx_word' id='word_1_361' title='bbox 438 2380 622 2412; x_wconf 88' lang='lat' dir='ltr'>Turnebus</span> <span class='ocrx_word' id='word_1_362' title='bbox 647 2378 799 2410; x_wconf 87' lang='lat' dir='ltr'>tradidit.</span> <span class='ocrx_word' id='word_1_363' title='bbox 830 2396 864 2400; x_wconf 90' lang='lat'><em>-</em></span> <span class='ocrx_word' id='word_1_364' title='bbox 890 2378 921 2409; x_wconf 86' lang='lat'>2.</span> <span class='ocrx_word' id='word_1_365' title='bbox 941 2377 1136 2408; x_wconf 72' lang='lat' dir='ltr'>sancaeerint</span> <span class='ocrx_word' id='word_1_366' title='bbox 1159 2377 1195 2414; x_wconf 83' lang='lat' dir='ltr'>B,</span> <span class='ocrx_word' id='word_1_367' title='bbox 1222 2381 1408 2409; x_wconf 73' lang='lat' dir='ltr'>sanaeerunt</span> <span class='ocrx_word' id='word_1_368' title='bbox 1430 2377 1459 2409; x_wconf 90' lang='lat' dir='ltr'><strong>H</strong></span> <span class='ocrx_word' id='word_1_369' title='bbox 1484 2393 1520 2399; x_wconf 87' lang='lat'>-</span> <span class='ocrx_word' id='word_1_370' title='bbox 1542 2380 1678 2416; x_wconf 77' lang='lat' dir='ltr'>possunt</span> <span class='ocrx_word' id='word_1_371' title='bbox 1695 2375 1867 2407; x_wconf 89' lang='lat' dir='ltr'>Sturmius</span> <span class='ocrx_word' id='word_1_372' title='bbox 1886 2375 1931 2414; x_wconf 91' lang='lat' dir='ltr'>(in</span> <span class='ocrx_word' id='word_1_373' title='bbox 1949 2374 2062 2414; x_wconf 87' lang='lat' dir='ltr'>ed.1):</span> 
     </span>
     <span class='ocr_line' id='line_1_36' title="bbox 293 2424 2065 2470; baseline -0.003 -8"><span class='ocrx_word' id='word_1_374' title='bbox 293 2431 419 2470; x_wconf 75' lang='lat' dir='ltr'>possint</span> <span class='ocrx_word' id='word_1_375' title='bbox 444 2431 467 2462; x_wconf 88' lang='lat' dir='ltr'>C</span> <span class='ocrx_word' id='word_1_376' title='bbox 483 2431 508 2461; x_wconf 93' lang='lat' dir='ltr'>O</span> <span class='ocrx_word' id='word_1_377' title='bbox 548 2447 580 2452; x_wconf 87' lang='lat'>-</span> <span class='ocrx_word' id='word_1_378' title='bbox 621 2429 651 2460; x_wconf 90' lang='lat'>3.</span> <span class='ocrx_word' id='word_1_379' title='bbox 677 2428 927 2467; x_wconf 75' lang='lat' dir='ltr'>conscripserint</span> <span class='ocrx_word' id='word_1_380' title='bbox 952 2428 976 2458; x_wconf 97' lang='lat' dir='ltr'>O</span> <span class='ocrx_word' id='word_1_381' title='bbox 1004 2445 1038 2449; x_wconf 88' lang='lat'>-</span> <span class='ocrx_word' id='word_1_382' title='bbox 1077 2426 1108 2458; x_wconf 76' lang='lat'>4.</span> <span class='ocrx_word' id='word_1_383' title='bbox 1134 2427 1169 2456; x_wconf 80' lang='lat' dir='ltr'>in</span> <span class='ocrx_word' id='word_1_384' title='bbox 1190 2427 1218 2458; x_wconf 88' lang='lat' dir='ltr'>A</span> <span class='ocrx_word' id='word_1_385' title='bbox 1243 2435 1320 2467; x_wconf 88' lang='lat' dir='ltr'>sup.</span> <span class='ocrx_word' id='word_1_386' title='bbox 1347 2425 1405 2458; x_wconf 90' lang='lat' dir='ltr'>lin.</span> <span class='ocrx_word' id='word_1_387' title='bbox 1435 2444 1469 2449; x_wconf 91' lang='lat'>—</span> <span class='ocrx_word' id='word_1_388' title='bbox 1497 2426 1698 2465; x_wconf 79' lang='lat' dir='ltr'>cuiquimodi</span> <span class='ocrx_word' id='word_1_389' title='bbox 1721 2424 1824 2462; x_wconf 89' lang='lat' dir='ltr'>A¹B¹,</span> <span class='ocrx_word' id='word_1_390' title='bbox 1849 2424 1904 2455; x_wconf 81' lang='lat' dir='ltr'>cui</span> <span class='ocrx_word' id='word_1_391' title='bbox 1925 2424 2014 2455; x_wconf 87' lang='lat' dir='ltr'>modi</span> <span class='ocrx_word' id='word_1_392' title='bbox 2039 2424 2065 2456; x_wconf 90' lang='lat' dir='ltr'><strong>H</strong></span> 
     </span>
     <span class='ocr_line' id='line_1_37' title="bbox 301 2471 2065 2520; baseline -0.004 -8"><span class='ocrx_word' id='word_1_393' title='bbox 301 2498 335 2502; x_wconf 88' lang='lat'><strong>—</strong></span> <span class='ocrx_word' id='word_1_394' title='bbox 353 2480 478 2520; x_wconf 72' lang='lat' dir='ltr'>fuerint</span> <span class='ocrx_word' id='word_1_395' title='bbox 494 2475 635 2513; x_wconf 82' lang='lat' dir='ltr'><strong>A¹B¹H:</strong></span> <span class='ocrx_word' id='word_1_396' title='bbox 660 2479 713 2509; x_wconf 80' lang='lat' dir='ltr'>cui</span> <span class='ocrx_word' id='word_1_397' title='bbox 737 2478 816 2517; x_wconf 82' lang='lat' dir='ltr'>quid</span> <span class='ocrx_word' id='word_1_398' title='bbox 838 2477 919 2508; x_wconf 79' lang='lat' dir='ltr'>mali</span> <span class='ocrx_word' id='word_1_399' title='bbox 942 2476 1043 2516; x_wconf 74' lang='lat' dir='ltr'>fuerit</span> <span class='ocrx_word' id='word_1_400' title='bbox 1066 2476 1136 2507; x_wconf 82' lang='lat' dir='ltr'>ulla</span> <span class='ocrx_word' id='word_1_401' title='bbox 1152 2479 1197 2507; x_wconf 76' lang='lat' dir='ltr'>esc</span> <span class='ocrx_word' id='word_1_402' title='bbox 1222 2475 1306 2508; x_wconf 84' lang='lat' dir='ltr'>dett.</span> <span class='ocrx_word' id='word_1_403' title='bbox 1326 2475 1475 2517; x_wconf 81' lang='lat' dir='ltr'>aliqu0t3</span> <span class='ocrx_word' id='word_1_404' title='bbox 1503 2477 1624 2507; x_wconf 84' lang='lat' dir='ltr'>vitium</span> <span class='ocrx_word' id='word_1_405' title='bbox 1649 2475 1759 2507; x_wconf 82' lang='lat' dir='ltr'>latere</span> <span class='ocrx_word' id='word_1_406' title='bbox 1784 2473 1890 2505; x_wconf 86' lang='lat' dir='ltr'>etiam</span> <span class='ocrx_word' id='word_1_407' title='bbox 1914 2471 2065 2505; x_wconf 89' lang='lat' dir='ltr'>lectione</span> 
     </span>
     <span class='ocr_line' id='line_1_38' title="bbox 295 2523 2062 2570; baseline -0.003 -9"><span class='ocrx_word' id='word_1_408' title='bbox 295 2530 419 2570; x_wconf 73' lang='lat' dir='ltr'>fuerint</span> <span class='ocrx_word' id='word_1_409' title='bbox 443 2528 587 2560; x_wconf 84' lang='lat' dir='ltr'>indicari</span> <span class='ocrx_word' id='word_1_410' title='bbox 611 2527 749 2558; x_wconf 85' lang='lat' dir='ltr'>videtur</span> <span class='ocrx_word' id='word_1_411' title='bbox 785 2544 820 2549; x_wconf 90' lang='lat'>—</span> <span class='ocrx_word' id='word_1_412' title='bbox 857 2526 888 2557; x_wconf 90' lang='grc'>6.</span> <span class='ocrx_word' id='word_1_413' title='bbox 913 2529 942 2557; x_wconf 76' lang='lat' dir='ltr'>cc</span> <span class='ocrx_word' id='word_1_414' title='bbox 966 2533 1125 2564; x_wconf 77' lang='lat' dir='ltr'>expressa</span> <span class='ocrx_word' id='word_1_415' title='bbox 1148 2524 1227 2557; x_wconf 86' lang='lat' dir='ltr'><strong>B¹H</strong></span> <span class='ocrx_word' id='word_1_416' title='bbox 1267 2543 1300 2548; x_wconf 89' lang='lat'>—</span> <span class='ocrx_word' id='word_1_417' title='bbox 1335 2530 1462 2557; x_wconf 72' lang='lat' dir='ltr'>natura</span> <span class='ocrx_word' id='word_1_418' title='bbox 1486 2527 1513 2557; x_wconf 90' lang='lat' dir='ltr'><em>H</em></span> <span class='ocrx_word' id='word_1_419' title='bbox 1547 2542 1581 2548; x_wconf 97' lang='lat'>—</span> <span class='ocrx_word' id='word_1_420' title='bbox 1619 2526 1650 2557; x_wconf 87' lang='lat'>7.</span> <span class='ocrx_word' id='word_1_421' title='bbox 1675 2523 1833 2564; x_wconf 73' lang='lat' dir='ltr'>subplicio</span> <span class='ocrx_word' id='word_1_422' title='bbox 1857 2524 1897 2554; x_wconf 89' lang='lat' dir='ltr'>A¹</span> <span class='ocrx_word' id='word_1_423' title='bbox 1935 2540 1970 2545; x_wconf 96' lang='lat'><strong>—</strong></span> <span class='ocrx_word' id='word_1_424' title='bbox 2010 2523 2062 2554; x_wconf 80' lang='grc' dir='ltr'>Μ.</span> 
     </span>
     <span class='ocr_line' id='line_1_39' title="bbox 298 2572 2063 2617; baseline -0.005 -7"><span class='ocrx_word' id='word_1_425' title='bbox 298 2583 333 2610; x_wconf 75' lang='lat' dir='ltr'>tu</span> <span class='ocrx_word' id='word_1_426' title='bbox 351 2579 449 2610; x_wconf 81' lang='lat' dir='ltr'>Titias</span> <span class='ocrx_word' id='word_1_427' title='bbox 473 2580 510 2609; x_wconf 84' lang='grc' dir='ltr'>Α.</span> <span class='ocrx_word' id='word_1_428' title='bbox 528 2577 740 2617; x_wconf 80' lang='lat' dir='ltr'>Augustinus</span> <span class='ocrx_word' id='word_1_429' title='bbox 766 2577 800 2607; x_wconf 85' lang='lat' dir='ltr'>et</span> <span class='ocrx_word' id='word_1_430' title='bbox 823 2575 1010 2606; x_wconf 84' lang='lat' dir='ltr'>Manutius:</span> <span class='ocrx_word' id='word_1_431' title='bbox 1053 2575 1155 2605; x_wconf 75' lang='lat' dir='ltr'>tutias</span> <span class='ocrx_word' id='word_1_432' title='bbox 1180 2574 1204 2605; x_wconf 95' lang='lat' dir='ltr'>C</span> <span class='ocrx_word' id='word_1_433' title='bbox 1243 2591 1277 2596; x_wconf 90' lang='lat'><strong>—</strong></span> <span class='ocrx_word' id='word_1_434' title='bbox 1316 2575 1466 2615; x_wconf 79' lang='lat' dir='ltr'>apulejas</span> <span class='ocrx_word' id='word_1_435' title='bbox 1487 2575 1531 2615; x_wconf 84' lang='lat' dir='ltr'>(ej</span> <span class='ocrx_word' id='word_1_436' title='bbox 1554 2575 1588 2606; x_wconf 90' lang='lat' dir='ltr'>in</span> <span class='ocrx_word' id='word_1_437' title='bbox 1614 2575 1699 2613; x_wconf 35' lang='lat' dir='ltr'>ras.)</span> <span class='ocrx_word' id='word_1_438' title='bbox 1723 2576 1762 2611; x_wconf 87' lang='lat' dir='ltr'>A,</span> <span class='ocrx_word' id='word_1_439' title='bbox 1799 2572 1950 2611; x_wconf 78' lang='lat' dir='ltr'>apuletas</span> <span class='ocrx_word' id='word_1_440' title='bbox 1973 2572 2001 2603; x_wconf 91' lang='lat' dir='ltr'><strong>H</strong></span> <span class='ocrx_word' id='word_1_441' title='bbox 2028 2588 2063 2595; x_wconf 89' lang='lat'>—</span> 
     </span>
     <span class='ocr_line' id='line_1_40' title="bbox 297 2620 2066 2667; baseline -0.004 -8"><span class='ocrx_word' id='word_1_442' title='bbox 297 2628 414 2659; x_wconf 79' lang='lat' dir='ltr'>leiuias</span> <span class='ocrx_word' id='word_1_443' title='bbox 438 2629 462 2659; x_wconf 94' lang='lat' dir='ltr'>C</span> <span class='ocrx_word' id='word_1_444' title='bbox 501 2645 535 2650; x_wconf 88' lang='lat'><em>-</em></span> <span class='ocrx_word' id='word_1_445' title='bbox 573 2627 624 2659; x_wconf 74' lang='lat'>44.</span> <span class='ocrx_word' id='word_1_446' title='bbox 651 2627 787 2667; x_wconf 69' lang='lat' dir='ltr'>royauzs</span> <span class='ocrx_word' id='word_1_447' title='bbox 810 2624 860 2663; x_wconf 58' lang='grc' dir='ltr'>Αἱ,</span> <span class='ocrx_word' id='word_1_448' title='bbox 886 2633 988 2664; x_wconf 66' lang='lat' dir='ltr'>rogas</span> <span class='ocrx_word' id='word_1_449' title='bbox 1011 2624 1048 2660; x_wconf 77' lang='grc' dir='ltr'>Β,</span> <span class='ocrx_word' id='word_1_450' title='bbox 1082 2624 1217 2656; x_wconf 74' lang='lat' dir='ltr'>uocabis</span> <span class='ocrx_word' id='word_1_451' title='bbox 1241 2625 1268 2656; x_wconf 89' lang='lat' dir='ltr'>H</span> <span class='ocrx_word' id='word_1_452' title='bbox 1305 2642 1346 2647; x_wconf 95' lang='lat'>—</span> <span class='ocrx_word' id='word_1_453' title='bbox 1381 2625 1433 2656; x_wconf 71' lang='lat'>45.</span> <span class='ocrx_word' id='word_1_454' title='bbox 1460 2627 1546 2656; x_wconf 75' lang='lat' dir='ltr'>certe</span> <span class='ocrx_word' id='word_1_455' title='bbox 1569 2625 1615 2662; x_wconf 88' lang='lat' dir='ltr'>A,</span> <span class='ocrx_word' id='word_1_456' title='bbox 1649 2623 1713 2656; x_wconf 88' lang='lat' dir='ltr'>sed</span> <span class='ocrx_word' id='word_1_457' title='bbox 1738 2631 1754 2654; x_wconf 89' lang='lat' dir='ltr'>e</span> <span class='ocrx_word' id='word_1_458' title='bbox 1777 2620 1899 2652; x_wconf 76' lang='lat' dir='ltr'>ultima</span> <span class='ocrx_word' id='word_1_459' title='bbox 1923 2621 1956 2653; x_wconf 93' lang='lat' dir='ltr'>in</span> <span class='ocrx_word' id='word_1_460' title='bbox 1981 2629 2066 2659; x_wconf 67' lang='lat' dir='ltr'>ras,</span> 
     </span>
     <span class='ocr_line' id='line_1_41' title="bbox 297 2670 2070 2715; baseline -0.003 -7"><span class='ocrx_word' id='word_1_461' title='bbox 297 2678 394 2708; x_wconf 74' lang='lat' dir='ltr'>cercis</span> <span class='ocrx_word' id='word_1_462' title='bbox 417 2678 444 2708; x_wconf 90' lang='lat' dir='ltr'>H</span> <span class='ocrx_word' id='word_1_463' title='bbox 471 2694 503 2699; x_wconf 82' lang='lat'>—-</span> <span class='ocrx_word' id='word_1_464' title='bbox 532 2679 667 2715; x_wconf 73' lang='lat' dir='ltr'>accepia</span> <span class='ocrx_word' id='word_1_465' title='bbox 690 2684 729 2706; x_wconf 83' lang='lat' dir='ltr'>ea</span> <span class='ocrx_word' id='word_1_466' title='bbox 752 2675 780 2705; x_wconf 90' lang='lat' dir='ltr'><strong>H</strong></span> <span class='ocrx_word' id='word_1_467' title='bbox 809 2691 842 2695; x_wconf 90' lang='lat'>—</span> <span class='ocrx_word' id='word_1_468' title='bbox 868 2673 959 2704; x_wconf 77' lang='lat' dir='ltr'>vobis</span> <span class='ocrx_word' id='word_1_469' title='bbox 982 2673 1106 2704; x_wconf 80' lang='lat' dir='ltr'>duobus</span> <span class='ocrx_word' id='word_1_470' title='bbox 1129 2674 1154 2704; x_wconf 93' lang='lat' dir='ltr'>O</span> <span class='ocrx_word' id='word_1_471' title='bbox 1183 2691 1216 2696; x_wconf 96' lang='grc'>-</span> <span class='ocrx_word' id='word_1_472' title='bbox 1257 2674 1308 2705; x_wconf 73' lang='lat'>⁴6.</span> <span class='ocrx_word' id='word_1_473' title='bbox 1334 2674 1435 2715; x_wconf 70' lang='lat' dir='ltr'>yram*</span> <span class='ocrx_word' id='word_1_474' title='bbox 1459 2675 1492 2705; x_wconf 92' lang='lat' dir='ltr'>in</span> <span class='ocrx_word' id='word_1_475' title='bbox 1515 2674 1734 2714; x_wconf 51' lang='lat' dir='ltr'>§mitissimus</span> <span class='ocrx_word' id='word_1_476' title='bbox 1757 2672 1782 2702; x_wconf 90' lang='grc' dir='ltr'>Α</span> <span class='ocrx_word' id='word_1_477' title='bbox 1808 2671 1842 2702; x_wconf 92' lang='lat' dir='ltr'>in</span> <span class='ocrx_word' id='word_1_478' title='bbox 1865 2680 1934 2703; x_wconf 87' lang='lat' dir='ltr'>ras.</span> <span class='ocrx_word' id='word_1_479' title='bbox 1961 2670 2070 2702; x_wconf 85' lang='lat' dir='ltr'>habet</span> 
     </span>
     <span class='ocr_line' id='line_1_42' title="bbox 301 2720 2067 2763; baseline -0.003 -7"><span class='ocrx_word' id='word_1_480' title='bbox 301 2743 336 2748; x_wconf 97' lang='lat'><strong>—</strong></span> <span class='ocrx_word' id='word_1_481' title='bbox 366 2727 416 2757; x_wconf 78' lang='grc' dir='ltr'>Π.</span> <span class='ocrx_word' id='word_1_482' title='bbox 443 2726 588 2757; x_wconf 82' lang='lat' dir='ltr'>omnium</span> <span class='ocrx_word' id='word_1_483' title='bbox 612 2734 680 2757; x_wconf 85' lang='lat' dir='ltr'>om.</span> <span class='ocrx_word' id='word_1_484' title='bbox 702 2726 729 2756; x_wconf 91' lang='lat' dir='ltr'><strong>H</strong></span> <span class='ocrx_word' id='word_1_485' title='bbox 757 2741 791 2746; x_wconf 87' lang='lat'>—-</span> <span class='ocrx_word' id='word_1_486' title='bbox 826 2724 882 2763; x_wconf 79' lang='lat' dir='ltr'>qui</span> <span class='ocrx_word' id='word_1_487' title='bbox 904 2724 965 2755; x_wconf 87' lang='lat' dir='ltr'>AB</span> <span class='ocrx_word' id='word_1_488' title='bbox 992 2732 1081 2754; x_wconf 86' lang='lat' dir='ltr'>corr.</span> <span class='ocrx_word' id='word_1_489' title='bbox 1109 2724 1142 2754; x_wconf 89' lang='lat' dir='ltr'>in</span> <span class='ocrx_word' id='word_1_490' title='bbox 1168 2732 1229 2762; x_wconf 78' lang='lat' dir='ltr'>que</span> <span class='ocrx_word' id='word_1_491' title='bbox 1266 2740 1300 2746; x_wconf 89' lang='lat'>-</span> <span class='ocrx_word' id='word_1_492' title='bbox 1340 2724 1392 2755; x_wconf 71' lang='lat'>48.</span> <span class='ocrx_word' id='word_1_493' title='bbox 1419 2723 1504 2754; x_wconf 88' lang='lat' dir='ltr'>idem</span> <span class='ocrx_word' id='word_1_494' title='bbox 1528 2723 1669 2763; x_wconf 83' lang='lat' dir='ltr'>scripsi:</span> <span class='ocrx_word' id='word_1_495' title='bbox 1695 2723 1728 2753; x_wconf 87' lang='lat' dir='ltr'>id</span> <span class='ocrx_word' id='word_1_496' title='bbox 1752 2723 1798 2754; x_wconf 88' lang='lat' dir='ltr'>C:</span> <span class='ocrx_word' id='word_1_497' title='bbox 1822 2721 1871 2752; x_wconf 82' lang='lat' dir='ltr'>ila</span> <span class='ocrx_word' id='word_1_498' title='bbox 1895 2720 2067 2760; x_wconf 82' lang='lat' dir='ltr'>Davisius,</span> 
     </span>
     <span class='ocr_line' id='line_1_43' title="bbox 299 2772 2068 2813; baseline -0.003 -6"><span class='ocrx_word' id='word_1_499' title='bbox 299 2776 375 2807; x_wconf 79' lang='lat' dir='ltr'>item</span> <span class='ocrx_word' id='word_1_500' title='bbox 405 2775 525 2807; x_wconf 88' lang='lat' dir='ltr'>Lamb.</span> <span class='ocrx_word' id='word_1_501' title='bbox 553 2777 587 2807; x_wconf 85' lang='lat' dir='ltr'>ct</span> <span class='ocrx_word' id='word_1_502' title='bbox 612 2776 763 2810; x_wconf 80' lang='lat' dir='ltr'>Ernesti;</span> <span class='ocrx_word' id='word_1_503' title='bbox 803 2773 892 2805; x_wconf 85' lang='lat' dir='ltr'>conf.</span> <span class='ocrx_word' id='word_1_504' title='bbox 920 2773 964 2805; x_wconf 87' lang='lat' dir='ltr'>de</span> <span class='ocrx_word' id='word_1_505' title='bbox 989 2772 1110 2805; x_wconf 78' lang='lat' dir='ltr'>officiis</span> <span class='ocrx_word' id='word_1_506' title='bbox 1142 2773 1174 2811; x_wconf 83' lang='lat'>1,</span> <span class='ocrx_word' id='word_1_507' title='bbox 1202 2773 1220 2813; x_wconf 70' lang='lat' dir='ltr'>S</span> <span class='ocrx_word' id='word_1_508' title='bbox 1240 2774 1275 2804; x_wconf 75' lang='lat' dir='ltr'>i:</span> <span class='ocrx_word' id='word_1_509' title='bbox 1321 2774 1359 2804; x_wconf 69' lang='lat' dir='ltr'>Ul</span> <span class='ocrx_word' id='word_1_510' title='bbox 1381 2773 1448 2812; x_wconf 83' lang='lat' dir='ltr'>ipse</span> <span class='ocrx_word' id='word_1_511' title='bbox 1472 2773 1515 2804; x_wconf 83' lang='lat' dir='ltr'>ad</span> <span class='ocrx_word' id='word_1_512' title='bbox 1539 2781 1648 2804; x_wconf 85' lang='lat' dir='ltr'>meam</span> <span class='ocrx_word' id='word_1_513' title='bbox 1670 2772 1848 2806; x_wconf 78' lang='lat' dir='ltr'>utilitatem</span> <span class='ocrx_word' id='word_1_514' title='bbox 1869 2779 1994 2811; x_wconf 82' lang='lat' dir='ltr'>semper</span> <span class='ocrx_word' id='word_1_515' title='bbox 2013 2786 2031 2792; x_wconf 95' lang='lat'>-</span> <span class='ocrx_word' id='word_1_516' title='bbox 2050 2786 2068 2792; x_wconf 96' lang='lat'><em>—</em></span> 
     </span>
     <span class='ocr_line' id='line_1_44' title="bbox 300 2819 2066 2863; baseline -0.003 -7"><span class='ocrx_word' id='word_1_517' title='bbox 300 2826 460 2856; x_wconf 63' lang='lat' dir='ltr'>coniunxi</span> <span class='ocrx_word' id='word_1_518' title='bbox 475 2842 522 2847; x_wconf 95' lang='lat'>--</span> <span class='ocrx_word' id='word_1_519' title='bbox 539 2850 549 2863; x_wconf 87' lang='lat'>,</span> <span class='ocrx_word' id='word_1_520' title='bbox 575 2825 660 2856; x_wconf 80' lang='lat' dir='ltr'>idem</span> <span class='ocrx_word' id='word_1_521' title='bbox 683 2825 739 2856; x_wconf 81' lang='lat' dir='ltr'>tibi</span> <span class='ocrx_word' id='word_1_522' title='bbox 763 2832 873 2855; x_wconf 82' lang='lat' dir='ltr'>censeo</span> <span class='ocrx_word' id='word_1_523' title='bbox 897 2823 1101 2863; x_wconf 81' lang='lat' dir='ltr'>faciundum.</span> <span class='ocrx_word' id='word_1_524' title='bbox 1133 2838 1166 2844; x_wconf 94' lang='lat'><em>—</em></span> <span class='ocrx_word' id='word_1_525' title='bbox 1202 2823 1391 2863; x_wconf 80' lang='lat' dir='ltr'>faciendum</span> <span class='ocrx_word' id='word_1_526' title='bbox 1415 2823 1442 2854; x_wconf 95' lang='lat' dir='ltr'><strong>H</strong></span> <span class='ocrx_word' id='word_1_527' title='bbox 1457 2823 1482 2853; x_wconf 92' lang='lat' dir='ltr'>O</span> <span class='ocrx_word' id='word_1_528' title='bbox 1514 2840 1543 2844; x_wconf 90' lang='lat'>—</span> <span class='ocrx_word' id='word_1_529' title='bbox 1585 2821 1637 2853; x_wconf 77' lang='lat'>49.</span> <span class='ocrx_word' id='word_1_530' title='bbox 1664 2822 1702 2853; x_wconf 82' lang='lat' dir='ltr'>de</span> <span class='ocrx_word' id='word_1_531' title='bbox 1725 2822 1793 2853; x_wconf 85' lang='lat' dir='ltr'>eius</span> <span class='ocrx_word' id='word_1_532' title='bbox 1815 2822 1883 2861; x_wconf 68' lang='lat' dir='ltr'>lege</span> <span class='ocrx_word' id='word_1_533' title='bbox 1905 2820 2003 2851; x_wconf 84' lang='lat' dir='ltr'>laude</span> <span class='ocrx_word' id='word_1_534' title='bbox 2026 2819 2066 2858; x_wconf 84' lang='lat' dir='ltr'>H,</span> 
     </span>
     <span class='ocr_line' id='line_1_45' title="bbox 301 2869 2064 2915; baseline -0.003 -10"><span class='ocrx_word' id='word_1_535' title='bbox 301 2875 363 2906; x_wconf 86' lang='lat' dir='ltr'>sed</span> <span class='ocrx_word' id='word_1_536' title='bbox 387 2875 454 2915; x_wconf 69' lang='lat' dir='ltr'>leye</span> <span class='ocrx_word' id='word_1_537' title='bbox 478 2875 565 2906; x_wconf 88' lang='lat' dir='ltr'>linea</span> <span class='ocrx_word' id='word_1_538' title='bbox 593 2878 793 2905; x_wconf 83' lang='lat' dir='ltr'>transversa</span> <span class='ocrx_word' id='word_1_539' title='bbox 818 2872 991 2906; x_wconf 79' lang='lat' dir='ltr'>deletuin;</span> <span class='ocrx_word' id='word_1_540' title='bbox 1021 2880 1084 2903; x_wconf 92' lang='lat' dir='ltr'>nos</span> <span class='ocrx_word' id='word_1_541' title='bbox 1101 2872 1180 2912; x_wconf 68' lang='grc' dir='ltr'><strong><em>ἱερᾶς</em></strong></span> <span class='ocrx_word' id='word_1_542' title='bbox 1204 2871 1407 2903; x_wconf 86' lang='lat' dir='ltr'>inclusimus</span> <span class='ocrx_word' id='word_1_543' title='bbox 1436 2889 1467 2894; x_wconf 96' lang='lat'>—</span> <span class='ocrx_word' id='word_1_544' title='bbox 1497 2872 1550 2902; x_wconf 89' lang='lat'>20.</span> <span class='ocrx_word' id='word_1_545' title='bbox 1569 2872 1671 2902; x_wconf 68' lang='lat' dir='ltr'>etiam</span> <span class='ocrx_word' id='word_1_546' title='bbox 1689 2871 1730 2901; x_wconf 90' lang='lat' dir='ltr'>B:</span> <span class='ocrx_word' id='word_1_547' title='bbox 1757 2874 1787 2902; x_wconf 77' lang='lat' dir='ltr'>et</span> <span class='ocrx_word' id='word_1_548' title='bbox 1809 2870 1884 2907; x_wconf 85' lang='grc' dir='ltr'>ΑΟ,</span> <span class='ocrx_word' id='word_1_549' title='bbox 1911 2872 1957 2901; x_wconf 79' lang='lat' dir='ltr'>est</span> <span class='ocrx_word' id='word_1_550' title='bbox 1981 2869 2007 2900; x_wconf 89' lang='lat' dir='ltr'><strong>H</strong></span> <span class='ocrx_word' id='word_1_551' title='bbox 2029 2886 2064 2891; x_wconf 96' lang='lat'><em>-</em></span> 
     </span>
     <span class='ocr_line' id='line_1_46' title="bbox 301 2920 2068 2964; baseline -0.003 -10"><span class='ocrx_word' id='word_1_552' title='bbox 301 2924 539 2955; x_wconf 81' lang='lat' dir='ltr'>charonnidam</span> <span class='ocrx_word' id='word_1_553' title='bbox 566 2923 682 2963; x_wconf 82' lang='lat' dir='ltr'>(altera</span> <span class='ocrx_word' id='word_1_554' title='bbox 708 2934 727 2954; x_wconf 78' lang='lat' dir='ltr'>n</span> <span class='ocrx_word' id='word_1_555' title='bbox 753 2922 928 2964; x_wconf 82' lang='lat' dir='ltr'>punctata)</span> <span class='ocrx_word' id='word_1_556' title='bbox 953 2924 1000 2959; x_wconf 75' lang='lat' dir='ltr'>A,</span> <span class='ocrx_word' id='word_1_557' title='bbox 1027 2922 1268 2953; x_wconf 68' lang='lat' dir='ltr'>carr-omnidam</span> <span class='ocrx_word' id='word_1_558' title='bbox 1292 2923 1315 2952; x_wconf 91' lang='lat' dir='ltr'>B</span> <span class='ocrx_word' id='word_1_559' title='bbox 1342 2930 1432 2952; x_wconf 83' lang='lat' dir='ltr'>corr.</span> <span class='ocrx_word' id='word_1_560' title='bbox 1459 2929 1501 2952; x_wconf 84' lang='lat' dir='ltr'>ex</span> <span class='ocrx_word' id='word_1_561' title='bbox 1525 2921 1751 2960; x_wconf 81' lang='lat' dir='ltr'>carporudam</span> <span class='ocrx_word' id='word_1_562' title='bbox 1784 2938 1826 2943; x_wconf 89' lang='lat'>——</span> <span class='ocrx_word' id='word_1_563' title='bbox 1860 2927 1935 2950; x_wconf 84' lang='lat' dir='ltr'>cum</span> <span class='ocrx_word' id='word_1_564' title='bbox 1959 2920 2068 2959; x_wconf 83' lang='lat' dir='ltr'>(quom</span> 
     </span>
     <span class='ocr_line' id='line_1_47' title="bbox 302 2968 2065 3013; baseline -0.003 -8"><span class='ocrx_word' id='word_1_565' title='bbox 302 2975 375 3013; x_wconf 83' lang='lat' dir='ltr'>AB)</span> <span class='ocrx_word' id='word_1_566' title='bbox 400 2976 441 3005; x_wconf 83' lang='lat' dir='ltr'>C:</span> <span class='ocrx_word' id='word_1_567' title='bbox 479 2983 682 3013; x_wconf 80' lang='lat' dir='ltr'>quamquam</span> <span class='ocrx_word' id='word_1_568' title='bbox 706 2975 730 3004; x_wconf 96' lang='lat' dir='ltr'>O</span> <span class='ocrx_word' id='word_1_569' title='bbox 770 2992 802 2995; x_wconf 88' lang='lat'><strong>—</strong></span> <span class='ocrx_word' id='word_1_570' title='bbox 841 2972 977 3011; x_wconf 75' lang='lat' dir='ltr'>quidam</span> <span class='ocrx_word' id='word_1_571' title='bbox 1008 2969 1045 3001; x_wconf 85' lang='lat' dir='ltr'>B¹</span> <span class='ocrx_word' id='word_1_572' title='bbox 1060 2971 1086 3001; x_wconf 89' lang='lat' dir='ltr'><strong>H</strong></span> <span class='ocrx_word' id='word_1_573' title='bbox 1125 2988 1158 2993; x_wconf 91' lang='lat'>—</span> <span class='ocrx_word' id='word_1_574' title='bbox 1199 2972 1252 3002; x_wconf 56' lang='lat'>21¹.</span> <span class='ocrx_word' id='word_1_575' title='bbox 1280 2971 1499 3002; x_wconf 73' lang='lat' dir='ltr'>dilectationes</span> <span class='ocrx_word' id='word_1_576' title='bbox 1529 2969 1568 3001; x_wconf 74' lang='grc' dir='ltr'>Α1</span> <span class='ocrx_word' id='word_1_577' title='bbox 1605 2986 1638 2992; x_wconf 91' lang='grc'>-</span> <span class='ocrx_word' id='word_1_578' title='bbox 1677 2970 1938 3008; x_wconf 78' lang='lat' dir='ltr'>conscripserunt</span> <span class='ocrx_word' id='word_1_579' title='bbox 1965 2968 1991 3000; x_wconf 94' lang='lat' dir='ltr'>O</span> <span class='ocrx_word' id='word_1_580' title='bbox 2029 2984 2065 2990; x_wconf 87' lang='lat'>-</span> 
     </span>
     <span class='ocr_line' id='line_1_48' title="bbox 302 3017 2067 3063; baseline -0.003 -10"><span class='ocrx_word' id='word_1_581' title='bbox 302 3023 353 3053; x_wconf 84' lang='lat'>22.</span> <span class='ocrx_word' id='word_1_582' title='bbox 381 3023 460 3063; x_wconf 61' lang='lat' dir='ltr'>legis</span> <span class='ocrx_word' id='word_1_583' title='bbox 478 3025 613 3062; x_wconf 64' lang='lat' dir='ltr'>putauit</span> <span class='ocrx_word' id='word_1_584' title='bbox 635 3032 699 3054; x_wconf 84' lang='lat' dir='ltr'>esse</span> <span class='ocrx_word' id='word_1_585' title='bbox 721 3032 780 3062; x_wconf 81' lang='lat' dir='ltr'>per</span> <span class='ocrx_word' id='word_1_586' title='bbox 804 3025 838 3053; x_wconf 84' lang='lat' dir='ltr'>et</span> <span class='ocrx_word' id='word_1_587' title='bbox 862 3031 894 3052; x_wconf 84' lang='lat' dir='ltr'>V.</span> <span class='ocrx_word' id='word_1_588' title='bbox 916 3020 954 3052; x_wconf 79' lang='lat'>24</span> <span class='ocrx_word' id='word_1_589' title='bbox 977 3021 1077 3060; x_wconf 83' lang='lat' dir='ltr'>fuisse</span> <span class='ocrx_word' id='word_1_590' title='bbox 1092 3021 1230 3063; x_wconf 70' lang='lat' dir='ltr'>thimeus</span> <span class='ocrx_word' id='word_1_591' title='bbox 1254 3022 1279 3051; x_wconf 85' lang='lat' dir='ltr'><strong>A</strong></span> <span class='ocrx_word' id='word_1_592' title='bbox 1304 3021 1335 3051; x_wconf 89' lang='lat' dir='ltr'>in</span> <span class='ocrx_word' id='word_1_593' title='bbox 1362 3029 1428 3048; x_wconf 79' lang='lat' dir='ltr'>ras.</span> <span class='ocrx_word' id='word_1_594' title='bbox 1456 3019 1562 3048; x_wconf 84' lang='lat' dir='ltr'>habet</span> <span class='ocrx_word' id='word_1_595' title='bbox 1586 3026 1633 3049; x_wconf 88' lang='lat' dir='ltr'>m.</span> <span class='ocrx_word' id='word_1_596' title='bbox 1653 3018 1683 3049; x_wconf 86' lang='lat'>2.</span> <span class='ocrx_word' id='word_1_597' title='bbox 1721 3035 1762 3040; x_wconf 89' lang='lat'>—-</span> <span class='ocrx_word' id='word_1_598' title='bbox 1797 3017 1851 3049; x_wconf 75' lang='lat'>24.</span> <span class='ocrx_word' id='word_1_599' title='bbox 1875 3017 2015 3048; x_wconf 81' lang='lat' dir='ltr'>imaeius</span> <span class='ocrx_word' id='word_1_600' title='bbox 2039 3017 2067 3048; x_wconf 88' lang='lat' dir='ltr'><strong>H</strong></span> 
     </span>
     <span class='ocr_line' id='line_1_49' title="bbox 307 3063 2068 3111; baseline -0.003 -9"><span class='ocrx_word' id='word_1_601' title='bbox 307 3089 339 3094; x_wconf 87' lang='lat'>—-</span> <span class='ocrx_word' id='word_1_602' title='bbox 359 3074 398 3102; x_wconf 73' lang='lat' dir='ltr'>At</span> <span class='ocrx_word' id='word_1_603' title='bbox 418 3073 650 3111; x_wconf 72' lang='lat' dir='ltr'>Theophrastus</span> <span class='ocrx_word' id='word_1_604' title='bbox 674 3073 758 3111; x_wconf 75' lang='lat' dir='ltr'>(scii.</span> <span class='ocrx_word' id='word_1_605' title='bbox 779 3072 883 3103; x_wconf 76' lang='lat' dir='ltr'>fuisse</span> <span class='ocrx_word' id='word_1_606' title='bbox 903 3070 1075 3108; x_wconf 77' lang='lat' dir='ltr'>adfirmat.)</span> <span class='ocrx_word' id='word_1_607' title='bbox 1102 3070 1143 3100; x_wconf 85' lang='lat' dir='ltr'>C:</span> <span class='ocrx_word' id='word_1_608' title='bbox 1174 3068 1271 3097; x_wconf 86' lang='lat' dir='ltr'>multi</span> <span class='ocrx_word' id='word_1_609' title='bbox 1297 3066 1413 3097; x_wconf 89' lang='lat' dir='ltr'>locum</span> <span class='ocrx_word' id='word_1_610' title='bbox 1439 3075 1501 3107; x_wconf 87' lang='lat' dir='ltr'>pro</span> <span class='ocrx_word' id='word_1_611' title='bbox 1526 3068 1691 3106; x_wconf 83' lang='lat' dir='ltr'>corrupto</span> <span class='ocrx_word' id='word_1_612' title='bbox 1709 3065 1901 3105; x_wconf 79' lang='lat' dir='ltr'>habebant,</span> <span class='ocrx_word' id='word_1_613' title='bbox 1919 3075 1951 3096; x_wconf 92' lang='lat' dir='ltr'>v.</span> <span class='ocrx_word' id='word_1_614' title='bbox 1973 3063 2068 3097; x_wconf 86' lang='lat' dir='ltr'>Feld-</span> 
     </span>
     <span class='ocr_line' id='line_1_50' title="bbox 304 3114 2064 3162; baseline -0.001 -14"><span class='ocrx_word' id='word_1_615' title='bbox 304 3120 451 3160; x_wconf 72' lang='lat' dir='ltr'>huegelii</span> <span class='ocrx_word' id='word_1_616' title='bbox 477 3124 665 3153; x_wconf 61' lang='lat' dir='ltr'>comment,</span> <span class='ocrx_word' id='word_1_617' title='bbox 694 3131 769 3162; x_wconf 45' lang='lat' dir='ltr'>pag·</span> <span class='ocrx_word' id='word_1_618' title='bbox 787 3120 859 3152; x_wconf 74' lang='grc'>445,</span> <span class='ocrx_word' id='word_1_619' title='bbox 890 3138 923 3142; x_wconf 77' lang='grc'>-</span> <span class='ocrx_word' id='word_1_620' title='bbox 961 3122 1020 3146; x_wconf 78' lang='lat' dir='ltr'>auc</span> <span class='ocrx_word' id='word_1_621' title='bbox 1045 3116 1081 3151; x_wconf 82' lang='lat' dir='ltr'>C,</span> <span class='ocrx_word' id='word_1_622' title='bbox 1108 3114 1170 3146; x_wconf 83' lang='lat' dir='ltr'>scd</span> <span class='ocrx_word' id='word_1_623' title='bbox 1198 3116 1229 3145; x_wconf 90' lang='lat' dir='ltr'>in</span> <span class='ocrx_word' id='word_1_624' title='bbox 1255 3116 1315 3146; x_wconf 75' lang='grc' dir='ltr'>ΑΒ</span> <span class='ocrx_word' id='word_1_625' title='bbox 1340 3116 1428 3146; x_wconf 84' lang='lat' dir='ltr'>haud</span> <span class='ocrx_word' id='word_1_626' title='bbox 1452 3125 1543 3147; x_wconf 89' lang='lat' dir='ltr'>corr.</span> <span class='ocrx_word' id='word_1_627' title='bbox 1585 3133 1618 3138; x_wconf 93' lang='lat'>—-</span> <span class='ocrx_word' id='word_1_628' title='bbox 1657 3115 1710 3146; x_wconf 87' lang='lat'>26.</span> <span class='ocrx_word' id='word_1_629' title='bbox 1736 3115 1843 3155; x_wconf 83' lang='lat' dir='ltr'>Locri]</span> <span class='ocrx_word' id='word_1_630' title='bbox 1867 3115 1951 3146; x_wconf 80' lang='lat' dir='ltr'>lucri</span> <span class='ocrx_word' id='word_1_631' title='bbox 1976 3115 2000 3146; x_wconf 95' lang='lat' dir='ltr'>C</span> <span class='ocrx_word' id='word_1_632' title='bbox 2028 3131 2064 3136; x_wconf 86' lang='lat'>—-</span> 
     </span>
     <span class='ocr_line' id='line_1_51' title="bbox 302 3164 2063 3210; baseline -0.002 -11"><span class='ocrx_word' id='word_1_633' title='bbox 302 3172 356 3202; x_wconf 62' lang='grc' dir='ltr'>Ξῖ,</span> <span class='ocrx_word' id='word_1_634' title='bbox 384 3180 446 3210; x_wconf 81' lang='lat' dir='ltr'>quo</span> <span class='ocrx_word' id='word_1_635' title='bbox 471 3172 529 3202; x_wconf 82' lang='grc' dir='ltr'>ΑΒ</span> <span class='ocrx_word' id='word_1_636' title='bbox 558 3189 591 3193; x_wconf 94' lang='grc'><strong>-</strong></span> <span class='ocrx_word' id='word_1_637' title='bbox 630 3173 681 3203; x_wconf 66' lang='lat'>28,</span> <span class='ocrx_word' id='word_1_638' title='bbox 708 3173 735 3202; x_wconf 59' lang='lat' dir='ltr'>si</span> <span class='ocrx_word' id='word_1_639' title='bbox 758 3172 862 3207; x_wconf 59' lang='lat' dir='ltr'>igitur</span> <span class='ocrx_word' id='word_1_640' title='bbox 893 3168 917 3198; x_wconf 91' lang='lat' dir='ltr'>C</span> <span class='ocrx_word' id='word_1_641' title='bbox 958 3183 992 3188; x_wconf 98' lang='lat'><strong>—</strong></span> <span class='ocrx_word' id='word_1_642' title='bbox 1030 3166 1098 3196; x_wconf 85' lang='lat' dir='ltr'>iam</span> <span class='ocrx_word' id='word_1_643' title='bbox 1123 3173 1192 3195; x_wconf 88' lang='lat' dir='ltr'>om.</span> <span class='ocrx_word' id='word_1_644' title='bbox 1219 3165 1244 3195; x_wconf 94' lang='lat' dir='ltr'>O</span> <span class='ocrx_word' id='word_1_645' title='bbox 1283 3182 1317 3186; x_wconf 92' lang='lat'>—</span> <span class='ocrx_word' id='word_1_646' title='bbox 1356 3165 1409 3196; x_wconf 84' lang='lat'>29.</span> <span class='ocrx_word' id='word_1_647' title='bbox 1434 3168 1597 3206; x_wconf 69' lang='lat' dir='ltr'>yet-antur</span> <span class='ocrx_word' id='word_1_648' title='bbox 1619 3165 1659 3201; x_wconf 86' lang='grc' dir='ltr'>Α,</span> <span class='ocrx_word' id='word_1_649' title='bbox 1685 3164 1748 3195; x_wconf 86' lang='lat' dir='ltr'>sed</span> <span class='ocrx_word' id='word_1_650' title='bbox 1772 3168 1894 3195; x_wconf 77' lang='lat' dir='ltr'>rantur</span> <span class='ocrx_word' id='word_1_651' title='bbox 1917 3164 1949 3194; x_wconf 94' lang='lat' dir='ltr'>in</span> <span class='ocrx_word' id='word_1_652' title='bbox 1975 3171 2063 3199; x_wconf 78' lang='lat' dir='ltr'>ras.;</span> 
     </span>
     <span class='ocr_line' id='line_1_52' title="bbox 302 3212 2062 3261; baseline -0.005 -10"><span class='ocrx_word' id='word_1_653' title='bbox 302 3226 505 3261; x_wconf 71' lang='lat' dir='ltr'>qeneranlur</span> <span class='ocrx_word' id='word_1_654' title='bbox 529 3221 588 3251; x_wconf 79' lang='lat'><em>1311</em></span> <span class='ocrx_word' id='word_1_655' title='bbox 635 3234 660 3238; x_wconf 91' lang='lat'>-</span> <span class='ocrx_word' id='word_1_656' title='bbox 700 3217 834 3247; x_wconf 79' lang='lat' dir='ltr'>deorum</span> <span class='ocrx_word' id='word_1_657' title='bbox 859 3216 949 3247; x_wconf 84' lang='lat' dir='ltr'>Bake</span> <span class='ocrx_word' id='word_1_658' title='bbox 988 3233 1021 3237; x_wconf 98' lang='lat'><strong>—</strong></span> <span class='ocrx_word' id='word_1_659' title='bbox 1060 3215 1110 3245; x_wconf 85' lang='lat'>30.</span> <span class='ocrx_word' id='word_1_660' title='bbox 1137 3214 1241 3254; x_wconf 69' lang='lat' dir='ltr'>yet-i*</span> <span class='ocrx_word' id='word_1_661' title='bbox 1263 3214 1289 3244; x_wconf 88' lang='lat' dir='ltr'><strong>A</strong></span> <span class='ocrx_word' id='word_1_662' title='bbox 1316 3215 1365 3253; x_wconf 80' lang='lat' dir='ltr'>(ri</span> <span class='ocrx_word' id='word_1_663' title='bbox 1390 3216 1423 3246; x_wconf 90' lang='lat' dir='ltr'>in</span> <span class='ocrx_word' id='word_1_664' title='bbox 1447 3216 1527 3253; x_wconf 88' lang='lat' dir='ltr'>ras.)</span> <span class='ocrx_word' id='word_1_665' title='bbox 1569 3232 1602 3236; x_wconf 94' lang='lat'><em>—</em></span> <span class='ocrx_word' id='word_1_666' title='bbox 1643 3214 1691 3252; x_wconf 85' lang='lat' dir='ltr'>vi,</span> <span class='ocrx_word' id='word_1_667' title='bbox 1711 3214 1837 3245; x_wconf 83' lang='lat' dir='ltr'>dicione</span> <span class='ocrx_word' id='word_1_668' title='bbox 1859 3212 2062 3245; x_wconf 87' lang='lat' dir='ltr'>Turnebus:</span> 
     </span>
     <span class='ocr_line' id='line_1_53' title="bbox 301 3260 2064 3303; baseline -0.003 -6"><span class='ocrx_word' id='word_1_669' title='bbox 301 3270 465 3300; x_wconf 64' lang='lat' dir='ltr'>vidiciono.</span> <span class='ocrx_word' id='word_1_670' title='bbox 488 3268 537 3301; x_wconf 70' lang='lat' dir='ltr'>A1,</span> <span class='ocrx_word' id='word_1_671' title='bbox 564 3265 726 3296; x_wconf 83' lang='lat' dir='ltr'>iudicione</span> <span class='ocrx_word' id='word_1_672' title='bbox 751 3266 787 3295; x_wconf 75' lang='lat'>13¹</span> <span class='ocrx_word' id='word_1_673' title='bbox 803 3266 840 3302; x_wconf 86' lang='grc' dir='ltr'>Η,</span> <span class='ocrx_word' id='word_1_674' title='bbox 867 3265 988 3295; x_wconf 77' lang='lat' dir='ltr'>iudicio</span> <span class='ocrx_word' id='word_1_675' title='bbox 1011 3264 1152 3301; x_wconf 78' lang='lat' dir='ltr'>A2B203</span> <span class='ocrx_word' id='word_1_676' title='bbox 1179 3272 1218 3294; x_wconf 87' lang='lat' dir='ltr'>ac</span> <span class='ocrx_word' id='word_1_677' title='bbox 1242 3262 1380 3295; x_wconf 84' lang='lat' dir='ltr'>inclusit</span> <span class='ocrx_word' id='word_1_678' title='bbox 1405 3261 1633 3303; x_wconf 81' lang='lat' dir='ltr'>Feldhuegel;</span> <span class='ocrx_word' id='word_1_679' title='bbox 1661 3261 1762 3294; x_wconf 89' lang='lat' dir='ltr'>nobis</span> <span class='ocrx_word' id='word_1_680' title='bbox 1786 3262 1900 3303; x_wconf 81' lang='lat' dir='ltr'>potius</span> <span class='ocrx_word' id='word_1_681' title='bbox 1922 3262 1955 3293; x_wconf 84' lang='lat' dir='ltr'>vi</span> <span class='ocrx_word' id='word_1_682' title='bbox 1978 3260 2064 3301; x_wconf 83' lang='lat' dir='ltr'>glos-</span> 
     </span>
     <span class='ocr_line' id='line_1_54' title="bbox 304 3314 1060 3352; baseline -0.001 -6"><span class='ocrx_word' id='word_1_683' title='bbox 304 3323 400 3346; x_wconf 80' lang='lat' dir='ltr'>sema</span> <span class='ocrx_word' id='word_1_684' title='bbox 426 3314 564 3345; x_wconf 85' lang='lat' dir='ltr'>videtur</span> <span class='ocrx_word' id='word_1_685' title='bbox 585 3329 629 3337; x_wconf 92' lang='lat'>—</span> <span class='ocrx_word' id='word_1_686' title='bbox 651 3315 780 3344; x_wconf 76' lang='lat' dir='ltr'>nomine</span> <span class='ocrx_word' id='word_1_687' title='bbox 803 3315 855 3352; x_wconf 72' lang='grc' dir='ltr'>Αἱ,</span> <span class='ocrx_word' id='word_1_688' title='bbox 880 3323 996 3345; x_wconf 79' lang='lat' dir='ltr'>nomen</span> <span class='ocrx_word' id='word_1_689' title='bbox 1020 3314 1060 3345; x_wconf 82' lang='grc' dir='ltr'>Η.</span> 
     </span>
    </p>
   </div>
  </div>
 </body>
</html>
