2249 3624
230 183 314 226 630
1008 181 1232 221 LAELIUS

232 293 430 335 amicitia.
502 290 570 331 64.
623 291 770 342 Itaque
821 301 943 328 verae
989 287 1196 327 amicitiae
1243 286 1490 327 difficillime
1534 287 1801 340 reperiuntur
1844 290 1889 330 in
1935 291 2000 340 iis,

234 357 306 410 qui
336 356 380 395 in
413 354 640 395 bonoribus
671 364 802 404 reque
834 350 1002 403 publica
1032 355 1265 389 versantur.
1317 350 1392 390 Ubi
1415 350 1525 389 enim
1547 351 1672 390 istum
1694 350 1909 400 invenias,
1931 355 2002 407 qui

231 419 437 459 honorem
469 416 591 456 amici
623 418 848 467 anteponat
879 414 985 452 suo?
1047 412 1191 460 Quid?
1233 411 1335 452 baec
1365 418 1411 452 ut
1442 413 1649 460 omittam,
1688 427 1812 466 quam
1845 427 2003 468 graves,

234 495 359 536 quam
397 477 588 520 difficiles
626 476 840 530 plerisque
873 474 1069 514 videntur
1099 474 1383 514 calamitatum
1415 475 1661 515 societates!
1703 476 1753 515 ad
1786 490 1889 530 quas
1919 491 2004 519 non

201 550 297 584 sest
326 543 449 583 facile
480 542 652 581 inventu
684 538 754 592 qui
787 537 1056 577 descendant.
1119 536 1382 591 Quamquam
1413 538 1575 577 Ennius
1606 543 1743 578 recte:

401 604 611 646 Amicus
655 605 834 642 certus
878 600 929 639 in
971 613 1021 639 re
1064 601 1266 639 incerta
1309 600 1568 647 cernitur,

232 675 370 709 tamen
400 669 504 708 haec
535 665 617 704 duo
648 663 831 704 levitatis
863 667 904 702 et
934 662 1187 702 infirmitatis
1219 662 1446 715 plerosque
1479 663 1756 711 convincunt,
1794 669 1868 704 aut
1898 664 1932 704 si
1962 666 2004 706 in

232 731 354 772 bonis
392 730 517 770 rebus
555 730 827 767 contemnunt
864 730 936 765 aut
972 725 1016 764 in
1053 725 1172 764 malis
1206 726 1418 765 deserunt.
1481 725 1563 773 Qui
1595 726 1725 778 igitur
1755 732 1930 781 utraque
1961 728 2005 769 in

232 808 277 834 re
315 806 505 846 gravem,
546 794 825 835 constantem,
867 787 1059 827 stabilem
1102 801 1145 827 se
1185 788 1228 827 in
1269 788 1453 827 amicitia
1491 788 1765 841 praestiterit,
1804 789 1917 829 hunc
1955 804 2007 831 ex

183 856 414 897 iomaxime
464 867 560 894 raro
611 865 765 907 genere
815 851 1036 890 hominum
1086 850 1274 890 iudicare
1325 849 1527 889 debemus
1577 855 1617 889 et
1667 863 1800 903 paene
1847 851 2005 893 divino.

231 918 383 958 XVIII.
436 916 503 957 65.
553 917 882 956 Firmamentum
931 919 1071 952 autem
1118 911 1356 952 stabilitatis
1402 912 1747 965 constantiaeque
1796 919 1859 954 est
1903 915 2006 964 eius,

233 993 359 1034 quam
390 980 433 1019 in
464 979 650 1020 amicitia
680 977 933 1031 quaerimus,
963 975 1081 1015 fides.
1120 975 1234 1014 Nihil
1267 980 1329 1014 est
1360 974 1471 1014 enim
1502 975 1669 1023 stabile,
1695 976 1807 1029 quod
1830 977 2006 1019 infidum

233 1048 309 1083 est.
369 1042 611 1096 Simplicem
643 1046 860 1095 praeterea
892 1045 932 1078 et
963 1051 1229 1078 communem
1270 1043 1309 1076 et
1341 1039 1696 1086 consentientem,
1736 1038 1779 1078 id
1811 1045 1895 1087 est,
1935 1041 2006 1094 qui

232 1106 358 1146 rebus
388 1104 522 1144 isdem
554 1109 789 1150 moveatur,
831 1102 929 1153 eligi
960 1115 1035 1154 par
1066 1106 1146 1147 est,
1186 1113 1293 1153 quae
1326 1100 1468 1140 omnia
1500 1101 1714 1153 pertinent
1744 1102 1795 1141 ad
1828 1101 2006 1144 fidelita-

183 1174 330 1209 1¹5tem.
388 1169 536 1221 Neque
567 1167 679 1207 enim
709 1165 838 1205 fidum
872 1169 1009 1219 potest
1039 1176 1132 1203 esse
1171 1163 1394 1215 multiplex
1430 1163 1647 1215 ingenium
1686 1169 1727 1203 et
1757 1170 2006 1214 tortuosum,

231 1243 373 1284 neque
405 1243 529 1278 vero,
572 1230 647 1283 qui
687 1242 771 1268 non
811 1227 970 1267 eisdem
1010 1227 1138 1265 rebus
1177 1231 1369 1265 movetur
1399 1231 1632 1279 naturaque
1664 1228 1895 1275 consentit,
1938 1234 2008 1270 aut

170 1331 179 1338 ,
232 1292 339 1334 fidus
378 1298 449 1333 aut
486 1293 649 1333 stabilis
683 1298 817 1344 potest
848 1304 954 1330 esse.
1013 1288 1263 1328 Addendum
1297 1288 1446 1327 eodem
1479 1294 1562 1335 est,
1605 1294 1649 1329 ut
1679 1303 1731 1329 ne
1763 1290 2007 1331 criminibus

232 1362 305 1398 aut
344 1355 574 1396 inferendis
616 1355 848 1394 delectetur
885 1358 953 1392 aut
990 1352 1131 1391 credat
1169 1351 1341 1398 oblatis,
1383 1364 1491 1403 quae
1532 1352 1743 1404 pertinent
1781 1354 1920 1393 omnia
1955 1353 2007 1393 ad

234 1433 348 1467 eam,
380 1432 505 1472 quam
537 1418 618 1458 iam
651 1416 808 1456 dudum
839 1421 996 1461 tracto,
1029 1414 1322 1454 constantiam.
1385 1414 1446 1453 Ita
1477 1412 1521 1453 fit
1552 1427 1695 1454 verum
1727 1415 1854 1462 illud,
1893 1416 2007 1468 quod

182 1482 354 1523 20initio
386 1481 496 1530 dixi,
538 1480 764 1521 amicitiam
796 1479 876 1518 nisi
908 1478 1015 1517 inter
1044 1478 1178 1517 bonos
1211 1490 1303 1516 esse
1340 1490 1423 1516 non
1455 1490 1595 1529 posse.
1657 1478 1733 1517 Est
1763 1478 1875 1517 enim
1906 1478 2007 1519 boni

233 1545 325 1593 viri,
357 1559 482 1599 quem
515 1543 695 1584 eundem
727 1542 960 1594 sapientem
989 1540 1086 1579 licet
1118 1539 1268 1586 dicere,
1300 1539 1404 1579 haec
1437 1539 1520 1578 duo
1554 1545 1698 1579 tenere
1730 1540 1773 1580 in
1805 1541 2003 1581 amicitia:

233 1609 438 1662 primum,
476 1621 528 1647 ne
571 1605 671 1659 quid
712 1603 852 1644 fictum
895 1603 950 1642 sit
987 1616 1093 1642 neve
1135 1603 1403 1649 simulatum;
1445 1607 1584 1655 aperte
1626 1603 1736 1642 enim
1768 1603 1834 1643 vel
1866 1603 2006 1644 odisse

233 1671 365 1724 magis
396 1670 567 1723 ingenui
598 1674 661 1708 est
691 1681 815 1721 qnam
849 1666 986 1705 fronte
1019 1664 1228 1705 occultare
1260 1666 1530 1704 sententiam:
1570 1665 1724 1705 deinde
1755 1678 1840 1704 non
1872 1665 2007 1706 solum

233 1734 284 1774 ab
327 1733 473 1786 aliquo
515 1732 675 1772 adlatas
714 1728 1027 1770 criminationes
1066 1728 1295 1780 repellere,
1340 1728 1412 1767 sed
1450 1740 1501 1766 ne
1540 1728 1678 1780 ipsum
1712 1727 1883 1782 quidem
1915 1741 2006 1768 esse

185 1796 516 1850 25suspiciosum
563 1792 751 1848 [semper
797 1792 958 1845 aliquid
1005 1790 1312 1830 existimantem
1354 1790 1404 1830 ab
1446 1790 1581 1830 arnico
1628 1804 1720 1830 esse
1762 1787 2008 1844 violatum].

236 1857 302 1898 66.
334 1856 516 1898 Accedat
544 1857 626 1896 huc
659 1856 839 1896 suavitas
862 1854 1068 1909 quaedam
1092 1858 1255 1906 oportet
1277 1866 1516 1892 sermonum
1539 1858 1666 1906 atque
1691 1867 1875 1900 morum,
1896 1850 2027 1893 haud'

235 1934 446 1975 quaquam
488 1920 700 1960 mediocre
733 1919 1045 1958 condimentum
1078 1916 1301 1955 amicitiae.
1363 1916 1546 1957 Tristitia
1577 1923 1716 1955 autem
1749 1922 1790 1956 et
1820 1917 1863 1956 in
1895 1916 2009 1956 omni

234 1996 279 2023 re
311 1983 512 2023 severitas
554 1982 681 2021 habet
720 1981 793 2020 illa
833 1980 1004 2034 quidem
1046 1978 1312 2031 gravitatem,
1355 1978 1427 2018 sed
1460 1979 1643 2018 amicitia
1673 1979 1888 2019 remissior
1918 1991 2009 2019 esse

237 2043 363 2086 debet
409 2051 450 2085 et
495 2044 668 2085 liberior
711 2049 751 2083 et
797 2042 961 2082 dulcior
1006 2048 1047 2082 et
1091 2041 1143 2081 ad
1191 2054 1359 2080 omnem
1406 2043 1641 2081 comitatem
1682 2041 2009 2095 facilitatemque

184 2118 222 2149 30
236 2109 473 2163 proclivior.

348 2172 463 2211 XIX.
508 2168 574 2210 67.
615 2169 770 2209 Existit
809 2174 947 2207 autem
991 2169 1071 2207 hoc
1112 2168 1203 2207 loco
1245 2165 1454 2220 quaedam
1498 2165 1689 2219 quaestio
1731 2163 2010 2214 subdifficilis,

235 2247 335 2274 num
368 2233 535 2287 quando
566 2231 689 2272 amici
720 2232 830 2278 novi,
863 2231 978 2283 digni
1011 2230 1216 2276 amicitia,
1258 2229 1468 2268 veteribus
1502 2230 1585 2268 sint
1617 2229 1922 2281 anteponendi,
1966 2233 2011 2269 ut

237 2297 358 2349 equis
394 2296 546 2336 vetulis
586 2300 753 2334 teneros
791 2299 1048 2346 anteponere
1081 2292 1278 2332 solemus.
1362 2291 1540 2343 Indigna
1565 2290 1745 2330 bomine
1783 2290 2007 2330 dubitatio!

236 2360 330 2399 Non
372 2359 483 2398 enim
524 2358 678 2396 debent
720 2370 811 2396 esse
852 2356 1153 2402 amicitiarum,
1202 2355 1311 2394 sicut
1360 2354 1537 2393 aliarum
1586 2367 1726 2393 rerum
1776 2354 2010 2393 satietates:

190 2421 463 2461 35veterrima
495 2433 710 2473 quaeque,
742 2425 787 2458 ut
819 2433 865 2458 ea
898 2419 1006 2465 vina,
1040 2431 1148 2471 quae
1182 2421 1430 2456 vetustatem
1463 2416 1615 2462 ferunt,
1648 2429 1740 2455 esse
1773 2416 1895 2456 debet
1918 2429 2012 2456 sua-

238 2483 432 2532 vissima,
471 2495 702 2535 verumque
743 2482 848 2521 illud
889 2487 971 2528 est,
1011 2481 1125 2534 quod
1166 2479 1335 2527 dicitur,
1378 2478 1530 2518 multos
1563 2479 1726 2519 modios
1757 2478 1856 2518 salis
1888 2477 2012 2518 simul

329 2677 359 2708 ⁴.
380 2676 414 2707 in
438 2676 486 2706 his
509 2675 637 2707 BGSV
657 2692 692 2698 —
719 2676 750 2706 Ξ.
769 2675 818 2706 rei
839 2674 990 2713 publicae
1014 2674 1041 2704 D
1072 2691 1103 2697 -
1132 2673 1219 2703 enim
1235 2673 1356 2703 iustum
1381 2673 1404 2703 B
1433 2689 1468 2694 —
1497 2672 1527 2703 3.
1548 2672 1648 2702 antici
1674 2680 1744 2703 om.
1764 2672 1788 2702 B
1815 2688 1851 2693 —
1879 2671 2014 2702 amitam

241 2728 267 2758 G
296 2742 328 2748 —
356 2728 387 2758 5.
407 2727 602 2757 descendant
628 2725 812 2757 BEGSV:
840 2725 1011 2755 descendat
1037 2724 1063 2754 D
1086 2723 1150 2758 ‘UO
1179 2738 1214 2743 —
1242 2723 1272 2753 8.
1300 2723 1333 2752 in
1356 2731 1393 2753 re
1416 2726 1558 2761 utraque
1585 2722 1609 2752 D
1638 2738 1671 2743 —-
1701 2722 1731 2752 9.
1758 2730 1791 2752 se
1814 2721 1969 2751 amicicia
1992 2719 2012 2750 S

243 2793 279 2798 ——
306 2776 358 2815 eac]
377 2780 406 2806 et
430 2775 496 2807 135¹
510 2777 546 2814 V,
582 2777 615 2807 in
640 2777 665 2806 G
690 2784 732 2806 ea:
757 2776 832 2815 post
858 2775 1006 2804 massime
1031 2781 1207 2812 suprascr.
1237 2774 1289 2802 est
1328 2790 1361 2794 —
1402 2772 1452 2802 40.
1473 2772 1557 2802 hcm.
1578 2780 1695 2810 genere
1719 2771 1744 2801 Ο
1774 2788 1807 2792 —
1838 2769 1913 2800 bene
1931 2769 1957 2799 V
1978 2786 2010 2791 -—

241 2826 293 2856 Μ.
312 2826 474 2856 stabilitas
498 2825 536 2855 G¹
564 2845 597 2848 —
633 2825 902 2863 constantiaeque
927 2824 994 2853 eius
1010 2840 1058 2845 --
1075 2824 1153 2862 sistes
1178 2826 1220 2852 est
1246 2822 1270 2851 O
1297 2838 1330 2843 —-
1363 2821 1411 2851 42.
1432 2824 1477 2851 est
1501 2820 1585 2851 enim
1609 2822 1692 2851 stab.
1720 2821 1836 2851 DEG:
1864 2820 1948 2850 enim
1971 2821 2015 2849 est

240 2875 322 2906 stab.
350 2876 451 2912 BSV‚
478 2876 563 2906 cnim
585 2876 667 2906 stab.
695 2879 739 2905 est
763 2875 787 2905 O
817 2891 851 2896 —
878 2874 1015 2912 infidum
1039 2876 1082 2903 est
1108 2873 1150 2901 C:
1177 2875 1222 2901 est
1247 2880 1317 2901 oni.
1339 2872 1363 2900 Ο
1392 2888 1425 2892 -
1457 2871 1507 2901 sil).
1534 2871 1567 2901 id
1592 2875 1634 2900 cst
1659 2870 1802 2901 BDGS:
1830 2870 1914 2899 idem
1940 2868 2011 2905 Ev,

243 2933 312 2956 om.
334 2925 358 2955 O
398 2943 428 2948 —
473 2926 529 2964 qut
554 2926 583 2955 ἱη
611 2926 636 2956 Ι)
665 2942 699 2946 -
734 2924 785 2955 44.
813 2924 913 2953 isdem
938 2920 1030 2952 ‹3¹V:
1065 2922 1187 2951 hisdem
1214 2918 1368 2955 BHG-¹5,
1403 2921 1521 2950 eis-stem
1548 2920 1604 2950 Eo
1634 2937 1668 2942 —-
1703 2920 1753 2950 [15.
1780 2923 1809 2949 et
1832 2922 2014 2950 tortuosum

242 2975 410 3014 inycnium
433 2975 524 3006 BSV
546 2993 579 2997 -
609 2975 658 3005 47.
679 2974 789 3005 eodem
814 2981 884 3003 om.
902 2973 924 3002 Β
946 2989 977 2992 -
1010 2971 1059 3001 18,
1077 2972 1239 3009 pertinent
1256 2971 1367 3000 omma
1386 2970 1407 2999 13
1424 2971 1447 3000 t)
1460 2970 1481 2999 Ε
1493 2972 1515 2999 (3
1528 2969 1570 2998 V:
1598 2970 1710 2999 omnia
1722 2970 1887 3008 pertinent
1904 2968 1959 2999 SO
1975 2983 2010 2990 -

243 3024 296 3055 20.
315 3024 349 3054 ni
368 3024 392 3053 V
411 3042 453 3046 —
477 3025 529 3055 24.
549 3025 655 3054 dicere
677 3024 749 3054 licet
773 3023 829 3054 ΒΞ
844 3023 867 3051 V
888 3039 921 3042 -—
950 3022 1003 3053 ¹²22.
1021 3022 1166 3059 primum
1191 3029 1260 3051 oni.
1279 3021 1299 3049 S
1320 3037 1352 3040 —
1385 3020 1433 3050 253.
1454 3020 1632 3058 inqenaum
1650 3020 1670 3050 S
1686 3019 1722 3056 V,
1750 3019 1917 3058 ingenium
1934 3018 1957 3048 B
1971 3033 2013 3039 —

244 3072 297 3104 24.
316 3073 527 3111 suspiciosum
543 3082 608 3103 esse
625 3073 648 3103 1⁴:
668 3090 702 3094 —
731 3073 784 3103 ¹25.
803 3080 982 3109 semper-n
996 3079 1061 3100 esse
1083 3070 1242 3099 violatum
1268 3078 1350 3100 cuni
1372 3069 1574 3099 ltnlinkcnio
1594 3071 1627 3099 et
1646 3069 1767 3099 Beiero
1786 3070 1822 3098 ut
1839 3067 2012 3107 glossema

245 3121 467 3155 inclusimus:
494 3132 525 3152 V.
543 3122 797 3153 Svlincitlewini
817 3120 933 3152 l’lnlol.
956 3119 994 3158 V,
1010 3119 1071 3149 7:¹54
1094 3136 1124 3140 —-
1148 3119 1186 3148 2’6
1218 3119 1471 3157 hautquaquam
1494 3118 1557 3153 135,
1578 3117 1687 3148 oan
1708 3136 1741 3140 —
1768 3118 1821 3149 <¹28,
1840 3119 1898 3148 illa
1921 3116 2013 3147 habet

247 3173 378 3212 quidem
401 3172 421 3202 S
449 3189 483 3194 —
511 3172 562 3202 33.
583 3171 743 3201 dubitatio
767 3172 895 3201 homine
922 3170 944 3201 1⁴]
969 3168 1064 3200 solus
1091 3177 1131 3198 ex
1159 3168 1245 3198 mois
1274 3186 1305 3189 m
1336 3168 1387 3199 34..
1415 3168 1527 3198 ‹tvtmnt
1551 3176 1616 3198 esse
1640 3168 1865 3198 amicitiarum
1890 3166 2008 3197 DEG:

247 3221 476 3252 amicitiarum
494 3221 603 3250 debent
620 3230 684 3251 csse
709 3222 752 3254 O:
780 3220 868 3250 debet
891 3228 955 3250 esse
979 3219 1203 3249 anm-istarum
1219 3219 1416 3248 —-satietas
1442 3218 1530 3248 BSV
1559 3235 1592 3239 -—
1620 3217 1669 3248 35.
1691 3218 1910 3248 uetustitatem
1934 3215 1954 3245 S
1974 3230 2007 3235 —

247 3279 313 3302 esse
337 3270 425 3301 debet
456 3270 592 3309 Madvig
617 3279 696 3300 cuin
723 3271 868 3301 Beiero:
905 3278 971 3300 esse
995 3268 1105 3299 debent
1129 3276 1193 3297 csse
1217 3268 1253 3306 S,
1289 3268 1399 3298 debent
1424 3276 1489 3298 esse
1514 3268 1556 3306 E,
1594 3275 1659 3299 esse
1682 3267 1794 3298 debent
1817 3263 2007 3301 BDGVO;

249 3329 282 3352 v.
308 3319 467 3360 Madvigii
492 3320 617 3360 Opusc.
645 3320 686 3359 11,
705 3320 767 3351 282
792 3329 844 3360 sq.
874 3337 909 3342 —
944 3320 996 3350 36.
1022 3322 1068 3351 est
1089 3318 1171 3350 illud
1194 3318 1217 3348 Β
1243 3335 1285 3340 —-
1309 3318 1405 3348 simut
1429 3326 1498 3349 oni.
1518 3318 1551 3348 S.
