2249 3624
628 143 714 183 Lm.
745 142 795 182 11.
838 141 932 182 cn.
964 141 1097 180 xxu.
1136 138 1194 193 §§
1228 138 1422 180 68—74.
1843 133 1915 176 117

170 258 375 299 licentiam
406 257 638 311 pollicetur.
698 256 771 295 His
802 256 908 295 enim
940 255 1063 294 rebus
1095 253 1291 293 detractis
1325 259 1443 304 negat
1476 266 1519 292 se
1551 251 1734 305 reperire
1761 251 1802 289 in
1826 264 1918 290 aso-

171 328 303 375 torum
343 321 426 360 vita
462 320 573 373 quod
613 318 843 372 reprendat.
911 314 976 356 71.
1016 318 1105 355 Νοη
1147 316 1271 368 igitur
1311 316 1484 368 potestis
1525 314 1738 367 voluptate
1780 314 1918 352 omnia

171 384 392 436 dirigentes
422 389 491 420 aut
523 382 625 421 tueri
658 387 726 420 aut
759 381 936 420 retinere
959 380 1164 418 virtutem.
1214 379 1316 416 Nam
1350 391 1424 416 nec
1455 377 1514 416 vir
1542 376 1677 416 bonus
1708 388 1754 414 ac
1786 375 1919 413 iustus

171 446 312 486 haberi
343 444 484 490 debet,
516 444 609 496 qui,
642 457 692 482 ne
725 443 874 481 malum
907 442 1076 487 habeat,
1108 441 1286 480 abstinet
1317 453 1360 478 se
1382 440 1432 478 ab
1461 439 1633 479 iniuria:
1667 438 1773 478 nosti
1796 436 1919 476 credo

171 508 296 548 illud:
1935 507 1952 535 ⁵

616 569 743 606 Nemo
777 567 867 619 pius
899 570 977 607 cst.
1012 566 1081 617 qui
1114 564 1308 615 pietatem
1339 587 1358 593 -
1378 586 1395 592 —
1415 586 1431 592 -

171 646 266 674 cave
305 638 423 685 putes
454 632 677 684 quicquam
722 642 810 667 csse
843 629 992 667 verius·
1046 628 1126 665 Ne(-
1158 628 1290 673 enim,
1336 626 1433 665 dum
1469 626 1634 672 metuit,
1676 627 1807 666 iustus
1838 630 1920 665 est:

170 700 207 734 et
238 698 366 739 certe,
397 693 429 732 si
463 698 645 731 metuere
677 690 903 736 destiterit,
937 702 1019 728 non
1052 689 1152 727 erit:
1186 702 1268 727 non
1302 695 1457 728 metuet
1488 693 1637 735 autem,
1670 690 1756 729 sive
1787 688 1922 728 celare

169 755 350 808 potuerit
378 754 465 793 sive
497 753 645 806 opibus
679 753 854 804 magnis,
889 750 1091 804 quicquid
1124 750 1288 798 fecerit,
1330 752 1539 804 optinere,
1572 756 1767 804 certeque
1800 749 1924 789 malet

169 816 396 857 existimari
427 816 559 855 bonus
591 815 672 861 vir,
705 819 746 852 ut
781 826 862 852 non
894 814 964 859 sit,
997 825 1119 864 quain
1152 826 1262 858 esse,
1295 817 1441 852 utnon
1467 818 1647 866 putetur.
1699 814 1778 859 Ita,
1811 811 1974 866 quodto

169 880 197 930 ἦ·
219 878 490 918 certissimum
523 882 606 923 est,
638 890 710 930 pro
733 888 827 914 vera
860 881 1055 927 certaque
1087 875 1240 913 iustitia
1269 875 1574 914 simulationem
1600 875 1718 914 nobis
1742 874 1924 914 iustitiae

168 940 327 981 traditis
364 940 692 992 praecipitisque
733 936 912 991 quodam
946 936 1068 975 modo
1107 942 1152 975 ut
1192 942 1372 977 nostram
1403 938 1593 976 stabilem
1625 937 1922 976 conscientiam

169 1008 502 1048 contemnamus,
543 1001 717 1041 aliorum
760 1004 962 1038 errantem
994 998 1232 1050 opinionem
1265 1012 1531 1052 aucupemur.
1593 997 1658 1038 72.
1692 999 1810 1047 Quae
1843 999 1922 1038 dici

168 1065 313 1106 eadem
352 1065 402 1104 de
444 1064 592 1103 ceteris
623 1062 840 1102 virtutibus
883 1065 1081 1114 possunt,
1124 1074 1298 1113 quarum
1331 1061 1515 1099 omnium
1548 1060 1820 1101 fundamenta
1852 1074 1925 1100 vos

169 1130 210 1168 in
242 1127 457 1180 voluptate
487 1131 696 1179 tamquam
730 1125 771 1163 in
803 1136 910 1176 aqua
942 1123 1110 1176 ponitis.
1163 1123 1271 1171 Quid
1296 1123 1436 1162 enim?
1467 1122 1672 1162 fortemne
1703 1136 1924 1176 possumus
1944 1132 1976 1159 ¹5

169 1191 304 1230 dicere
346 1188 522 1228 eundem
558 1188 673 1227 illum
706 1188 993 1240 Torquatum?
1025 1207 1078 1214 —
1109 1185 1291 1225 delector
1321 1185 1455 1232 enim,
1488 1198 1740 1238 quamquam
1773 1192 1811 1224 te
1843 1199 1924 1224 non

169 1267 357 1308 possum,
389 1256 434 1291 ut
464 1251 543 1297 ais,
576 1263 864 1303 corrumpere,
897 1248 1098 1294 delector,
1131 1248 1321 1301 inquam,
1355 1254 1393 1287 et
1424 1247 1582 1287 familia
1613 1252 1750 1286 vestra
1782 1252 1822 1287 et
1852 1261 1926 1287 no-

169 1316 290 1354 mine.
336 1314 387 1353 Et
415 1312 584 1353 hercule
616 1313 715 1352 mihi
749 1313 809 1351 vir
832 1311 1011 1364 optimus
1042 1311 1259 1364 nostrique
1291 1310 1623 1357 amantissimus,
1664 1310 1795 1348 Aulus
1827 1311 1927 1349 Tor-

170 1383 341 1431 quatus,
383 1381 571 1415 versatur
609 1381 703 1414 ante
734 1374 898 1420 oculos,
939 1373 1058 1412 cuius
1090 1378 1290 1426 quantum
1323 1372 1504 1411 studium
1535 1377 1575 1411 et
1607 1384 1731 1425 quam
1763 1371 1926 1424 insigne

167 1439 291 1479 fuerit
322 1451 418 1491 erga
449 1450 513 1476 me
544 1437 803 1489 temporibus
834 1436 936 1482 illis,
969 1449 1075 1489 quae
1108 1440 1203 1474 nota
1235 1440 1330 1474 sunt
1361 1434 1576 1481 omnibus,
1617 1434 1724 1473 scire
1756 1447 1926 1474 necesse
1942 1445 1977 1472 20

168 1507 227 1542 est
258 1506 480 1554 utrumque
510 1504 714 1539 vestrum:
747 1511 855 1552 quae
887 1498 985 1538 mihi
1017 1498 1114 1551 ipsi,
1147 1498 1218 1551 qui
1247 1498 1342 1537 volo
1367 1502 1406 1536 et
1429 1510 1520 1536 esse
1543 1502 1582 1536 et
1604 1496 1748 1536 haberi
1772 1502 1927 1550 gratus,

168 1569 281 1616 grata
311 1575 394 1602 non
426 1567 585 1609 essent,
618 1561 697 1600 nisi
730 1575 822 1601 eum
855 1561 1133 1614 perspicerem
1166 1573 1257 1599 mea
1289 1573 1412 1599 causa
1444 1559 1545 1599 mihi
1575 1560 1755 1600 amicum
1784 1560 1927 1607 fuisse,

172 1640 253 1666 non
286 1638 380 1671 sua,
411 1624 490 1663 nisi
522 1624 599 1663 hoc
630 1624 732 1663 dicis
765 1637 855 1669 sua,
897 1622 1010 1676 quod
1042 1623 1214 1662 interest
1244 1622 1428 1661 omnium
1459 1626 1570 1661 recte
1600 1621 1751 1662 facere.
1812 1623 1854 1662 Si
1885 1622 1926 1662 id

169 1688 294 1734 dicis,
326 1687 524 1734 vicimus;
565 1686 607 1726 id
640 1687 749 1726 enim
781 1686 992 1731 volumus,
1033 1685 1074 1723 id
1107 1685 1414 1731 contendimus,
1451 1688 1496 1723 ut
1527 1681 1651 1724 officii
1679 1684 1842 1725 fructus
1874 1684 1928 1725 sit

169 1753 304 1803 ipsum
337 1746 529 1790 officium.
590 1747 656 1787 73.
689 1750 775 1788 IIoc.
808 1748 877 1787 ille
909 1753 1003 1787 tuus
1033 1760 1117 1786 non
1148 1747 1236 1787 vult
1266 1747 1542 1800 omnibusque
1575 1760 1627 1786 ex
1657 1747 1783 1787 rebus
1810 1747 1975 1787 volu-25

169 1819 321 1866 ptatem
362 1812 480 1865 quasi
520 1811 750 1850 mercedem
793 1810 942 1863 exigit:
983 1809 1055 1848 sed
1096 1809 1147 1848 ad
1186 1809 1303 1848 illum
1345 1809 1485 1849 redeo.
1519 1833 1573 1839 —
1614 1809 1657 1848 Si
1698 1809 1927 1862 voluptatis

170 1886 293 1913 causa
325 1886 417 1912 cum
449 1873 566 1912 Gallo
599 1874 708 1926 apud
741 1874 939 1912 Anienem
973 1871 1227 1923 depugnavit
1257 1876 1502 1924 provocatus
1527 1876 1568 1911 et
1589 1885 1640 1911 ex
1663 1872 1751 1911 eius
1781 1870 1927 1924 spoliis

172 1936 248 1975 sibi
282 1942 319 1974 et
351 1940 540 1987 torquem
574 1941 613 1974 et
646 1948 874 1987 cognomen
911 1934 1047 1973 induit
1078 1934 1204 1973 ullam
1236 1934 1358 1974 aliam
1390 1934 1441 1973 ob
1473 1947 1662 1982 causam,
1702 1933 1782 1974 nisi
1814 1932 1925 1986 quod

171 2001 207 2038 ei
239 1997 337 2037 talia
366 1996 473 2036 facta
504 1998 627 2049 digna
658 1998 744 2037 viro
777 1998 1038 2043 videbantur,
1071 1996 1216 2036 fortem
1250 2010 1334 2036 non
1365 2002 1482 2049 puto.
1524 1998 1610 2037 Iam
1641 1997 1674 2036 si
1705 1997 1861 2049 pudor,
1894 1997 1927 2036 si

172 2059 395 2105 modestia,
437 2060 469 2098 si
512 2060 732 2112 pudicitia,
774 2061 807 2099 si
850 2073 932 2099 uno
974 2060 1099 2099 verbo
1136 2061 1409 2113 temperantia
1441 2072 1598 2112 poenae
1631 2064 1701 2098 aut
1731 2058 1976 2098 infamiaeso

172 2127 282 2162 metu
322 2121 643 2168 coercebuntur,
682 2136 765 2161 non
798 2122 1014 2162 sanctitate
1045 2135 1119 2161 sua
1151 2136 1193 2161 se
1224 2122 1471 2169 tuebuntur,
1513 2122 1627 2175 quod
1659 2122 1927 2170 adulterium,

171 2183 283 2237 quod
316 2188 523 2234 stuprum,
556 2197 661 2236 quae
693 2184 821 2223 libido
852 2197 935 2223 non
968 2198 1011 2223 se
1043 2184 1244 2236 proripiet
1275 2197 1321 2223 ac
1354 2185 1529 2236 proiciet
1559 2190 1631 2224 aut
1651 2184 1927 2224 occultatione

171 2245 385 2300 proposita
415 2251 485 2284 aut
515 2246 760 2298 impunitate
791 2251 861 2285 aut
882 2247 1079 2286 licentia?
1127 2244 1193 2285 74.
1217 2246 1359 2294 Quid?
1391 2247 1514 2294 illud,
1547 2248 1770 2301 Torquate,
1803 2247 1927 2300 quale

171 2307 334 2347 tandem
357 2306 530 2354 videtur,
562 2313 602 2347 te
634 2308 712 2347 isto
748 2308 930 2355 nomine,
962 2309 1143 2361 ingenio,
1175 2309 1319 2361 gloria,
1353 2323 1459 2362 quae
1481 2309 1594 2356 facis,
1627 2322 1733 2362 quae
1756 2309 1927 2361 cogitas,

171 2382 278 2423 quae
309 2369 527 2408 contendis
560 2384 642 2423 quo
673 2370 846 2418 referas,
878 2371 996 2410 cuius
1027 2371 1086 2410 rei
1120 2384 1245 2411 causa
1270 2370 1470 2424 perlicere
1493 2384 1601 2424 quae
1623 2371 1786 2410 conaris
1808 2370 1927 2417 velis,
1940 2380 1976 2409 35

172 2431 271 2485 quid
304 2431 502 2484 optimum
534 2432 715 2486 denique
747 2433 788 2472 in
821 2434 904 2472 vita
933 2433 1108 2481 iudices,
1139 2447 1224 2473 non
1255 2434 1408 2473 audere
1441 2433 1483 2472 in
1515 2438 1722 2472 conventu
1754 2432 1925 2472 dicere?

171 2492 281 2541 Quid
321 2492 429 2532 enim
472 2494 620 2533 mereri
653 2495 777 2542 velis,
815 2496 894 2535 iam
927 2509 1020 2535 cum
1051 2496 1337 2548 magistratum
1368 2495 1512 2535 inieris
1544 2500 1583 2534 et
1612 2495 1655 2533 in
1687 2494 1925 2534 contionem

171 2554 409 2594 ascenderis
440 2577 493 2584 —
526 2562 588 2595 est
630 2557 739 2596 enim
780 2558 852 2598 tibi
895 2558 1163 2605 edicendum,
1208 2572 1316 2611 quae
1351 2559 1406 2597 sis
1439 2557 1731 2597 observaturus
1762 2556 1805 2595 in
1834 2556 1925 2595 iure

171 2616 368 2664 dicendo,
402 2622 443 2656 et
470 2616 646 2658 fortasse
678 2620 822 2664 etiam,
854 2619 888 2659 si
919 2620 993 2659 tihi
1025 2620 1102 2660 erit
1131 2621 1284 2667 visum,
1316 2619 1476 2672 aliquid
1508 2619 1559 2658 de
1590 2618 1818 2658 maioribus
1845 2618 1925 2657 tuis

255 2807 286 2838 3.
312 2807 378 2848 nec]
403 2807 465 2837 nisi
487 2808 511 2838 B
531 2807 610 2845 (non
627 2808 661 2846 E)
683 2826 718 2832 —-
747 2809 776 2839 6.
800 2810 921 2848 pie-lale
945 2811 969 2841 E
991 2829 1023 2833 -
1052 2811 1082 2841 7.
1106 2814 1200 2850 putes
1224 2811 1400 2850 quicquam
1425 2810 1504 2840 AB:
1532 2808 1713 2847 quidquam
1734 2812 1827 2848 putes
1843 2809 1868 2839 Ο
1890 2826 1918 2829 -

170 2857 200 2888 8.
227 2856 391 2896 destiterit]
422 2857 541 2887 desistit
568 2861 613 2892 Α;
646 2858 793 2891 destitere
816 2861 838 2890 Β
867 2877 901 2881 -
936 2860 965 2890 t).
992 2861 1110 2898 poteri!
1134 2862 1176 2891 A:
1208 2860 1353 2899 poluerit
1377 2860 1400 2889 B
1417 2859 1485 2889 Mo
1516 2875 1549 2879 —
1585 2858 1739 2898 quicquid
1767 2859 1923 2890 ABDE.

172 2908 267 2937 Errat
284 2905 472 2946 Madvigius
489 2905 678 2937 adnotans:
707 2909 903 2947 «quicquam
921 2917 1079 2940 ornnes.»
1102 2927 1134 2930 —
1154 2909 1263 2948 malet]
1280 2908 1389 2938 malle!
1407 2908 1556 2941 ABDE;
1582 2907 1679 2938 malle
1697 2908 1720 2937 C
1742 2925 1776 2929 -
1796 2908 1848 2939 40.
1868 2906 1925 2938 bo-

171 2964 230 2985 nus
252 2955 307 2984 uir·
328 2955 410 2985 AD:
435 2955 489 2985 uir
512 2955 612 2987 bonus
640 2957 662 2987 B
677 2958 708 2988 M
737 2975 770 2979 --
804 2960 815 2988 ⁴
831 2960 855 2988 t.
882 2959 1107 2998 certissimum]
1132 2959 1357 2997 turpissimum
1381 2957 1442 2987 Th.
1469 2956 1661 2992 Bentleius;
1688 2957 1927 2996 perniciosissi—

170 3012 258 3034 mum
284 3004 456 3040 Bremius;
487 3006 763 3043 perversissimum
794 3007 942 3038 klotzius
970 3026 1003 3030 —
1038 3009 1088 3038 2¹5.
1113 3009 1230 3047 fot-lem
1254 3017 1315 3037 non
1337 3017 1371 3045 p,
1392 3007 1415 3037 1-:
1443 3024 1475 3028 —
1511 3007 1562 3038 47.
1585 3006 1730 3046 possum]
1756 3014 1928 3044 possumus

171 3054 193 3084 B
213 3070 247 3074 —-
275 3053 326 3083 ⁴8.
353 3054 454 3084 nostri
478 3055 503 3093 0
528 3055 596 3093 (sic)
622 3065 687 3087 am.
715 3058 739 3088 E
767 3076 800 3080 —
834 3058 930 3088 aulus
953 3058 996 3088 B:
1023 3058 1132 3088 aulius
1155 3060 1199 3093 λς
1226 3058 1261 3087 Α.
1289 3057 1358 3087 ΜΟ
1384 3074 1418 3079 -
1454 3056 1505 3087 49.
1531 3059 1560 3087 el
1585 3064 1685 3095 quam
1710 3056 1789 3093 (tam
1813 3055 1848 3092 B)
1873 3055 1926 3085 in-

169 3103 258 3141 siyne
284 3102 384 3141 fuerit
410 3103 492 3134 AB:
523 3105 621 3143 fuerit
648 3109 677 3136 el
707 3110 774 3137 lam
799 3107 923 3147 insiyne
944 3108 1043 3145 suerit
1067 3108 1110 3138 li:
1142 3107 1240 3145 fucrit
1264 3109 1293 3136 e!
1316 3114 1416 3144 quam
1439 3106 1564 3145 insigne
1587 3106 1618 3136 M
1633 3105 1658 3135 Ο
1687 3122 1721 3127 —
1752 3106 1805 3136 ⁶25.
1830 3105 1925 3136 volu-

168 3155 289 3190 ptatem
319 3160 387 3184 om.
417 3153 441 3183 B
475 3171 508 3175 —
542 3155 594 3186 27.
620 3156 688 3186 eius
711 3166 781 3187 om.
814 3157 851 3187 Αἱ
881 3174 915 3178 -
950 3157 1001 3187 28.
1034 3157 1135 3187 ullam
1163 3156 1218 3186 etl.
1250 3156 1381 3186 Veneta
1406 3164 1437 3186 a.
1464 3155 1565 3187 ⁴480:
1598 3155 1724 3185 nullam
1756 3154 1858 3186 codd.
1888 3172 1921 3177 -—

171 3201 223 3232 ³29.
243 3202 353 3240 pudor
383 3203 408 3233 A
424 3203 465 3234 B:
496 3205 605 3243 pudor
627 3209 671 3236 est
697 3207 719 3236 E
748 3223 781 3227 —
815 3206 867 3236 30,
891 3215 1016 3244 poenae
1039 3214 1107 3236 om.
1134 3206 1157 3236 B
1185 3222 1218 3225 —-
1255 3204 1308 3235 33.
1334 3214 1374 3235 ac
1396 3204 1528 3235 licentia
1554 3204 1741 3236 Lambinus
1767 3222 1800 3226 —
1830 3204 1924 3244 Quid]

172 3250 256 3289 quod
272 3251 296 3282 B
314 3269 347 3273 —
366 3250 418 3283 35.
437 3253 510 3294 quo]
529 3263 612 3294 quae
627 3256 651 3286 B
671 3256 750 3295 (uon
768 3256 802 3294 E)
823 3273 857 3277 —
877 3256 929 3287 36.
949 3255 1037 3295 quid]
1056 3255 1140 3294 quod
1157 3253 1249 3286 ABE
1270 3271 1303 3275 —-
1324 3253 1376 3285 37.
1394 3262 1519 3286 merere
1534 3255 1558 3285 B
1579 3270 1614 3276 —
1635 3254 1873 3286 contencionem
1886 3253 1922 3284 B.
