2249 3624
305 172 359 216 46
835 181 1262 223 AcAnEMICORUM
1290 180 1529 222 PRIORUM

303 296 412 333 trare
443 293 485 333 in
518 294 692 342 caelum,
723 298 871 333 terram
903 293 1058 333 intrare
1088 292 1243 345 possit:
1279 305 1454 345 corpora
1474 296 1616 332 nostra
1637 305 1721 332 non
1743 293 1956 343 novimus3
1987 296 2060 349 qui

305 354 388 395 sint
427 356 528 396 situs
564 357 766 409 partium,
804 367 927 408 quam
965 354 1047 393 vim
1087 367 1278 407 quaeque
1308 367 1403 407 pars
1433 354 1585 393 habeat
1612 355 1865 406 ignoramus.
1912 357 2059 410 Itaque

301 417 450 457 medici
481 418 591 471 ipsa,
624 431 802 471 quorum
834 417 1031 455 intererat
1062 428 1109 454 ea
1130 429 1277 462 nosse,
1310 420 1585 468 aperuerunt,
1615 421 1660 455 ut
1680 416 1932 458 viderentur.
1974 420 2059 459 Nec

301 492 349 519 eo
382 484 521 519 tamen
551 479 668 519 aiunt
699 477 887 531 empirici
918 477 1083 516 notiora
1113 490 1204 517 esse
1235 477 1326 524 illa,
1370 478 1469 531 quia
1499 478 1630 530 possit
1661 475 1748 518 fieri
1780 483 1826 519 ut
1855 480 2059 532 patefacta

267 546 340 581 5et
372 541 534 582 detecta
565 545 787 580 mutentur.
831 539 912 578 Sed
943 539 1097 592 ecquid
1127 553 1204 579 nos
1236 540 1382 580 eodem
1405 540 1528 580 modo
1554 554 1692 580 rerum
1719 546 1887 581 naturas
1918 555 2059 595 perse-

298 616 412 650 care,
452 603 633 655 aperire,
675 600 861 640 dividere
892 613 1136 653 possumus,
1178 606 1224 641 ut
1253 601 1488 650 videamus,
1526 608 1635 642 terra
1666 603 1889 656 penitusne
1922 602 2059 644 defixa

298 665 352 705 sit
382 670 422 705 et
453 664 571 717 quasi
601 663 811 703 radicibus
843 663 930 702 suis
960 663 1132 703 haereat
1161 677 1213 703 an
1244 665 1381 704 media
1402 665 1614 718 pendeat?
1676 662 1768 704 4⁶23.
1790 666 1980 706 Habitari
2002 667 2060 706 ait

297 726 578 779 Xenophanes
609 726 652 765 in
682 725 781 765 luna
813 738 993 779 eamque
1025 739 1116 765 6556
1147 730 1296 767 terram
1330 727 1553 767 multarum
1585 728 1749 768 urbium
1783 733 1822 767 et
1844 729 2058 768 montium.

296 789 488 828 Portenta
526 787 741 834 videntur,
783 787 856 826 sed
894 791 1034 827 tamen
1064 801 1141 827 nec
1181 788 1274 834 ille,
1321 789 1391 842 qui
1424 790 1549 837 dixit,
1591 790 1726 830 iurare
1756 795 1900 843 posset
1928 790 1983 830 ita
2014 804 2058 830 se

246 861 282 891 4ο
296 864 383 890 rem
413 849 587 897 habere,
618 862 756 903 neque
789 863 865 902 ego
897 862 981 890 non
1014 850 1083 889 ita.
1129 851 1214 889 Vos
1247 851 1372 891 etiam
1400 851 1538 891 dicitis
1566 865 1658 891 esse
1683 866 1705 891 e
1731 853 1903 905 regione
1924 852 2057 900 nobis,

295 913 337 951 in
374 912 577 951 contraria
615 917 730 965 parte
771 917 927 960 terrae,
967 912 1041 966 qui
1071 912 1255 952 adversis
1288 913 1473 965 vestigiis
1505 918 1615 953 stent
1645 919 1787 954 contra
1817 918 1958 954 nostra
1986 928 2058 954 ve-

296 974 437 1027 stigia,
469 987 574 1027 quos
606 970 841 1023 ἀντίποδας
870 975 1053 1014 vocatis:
1085 988 1159 1014 cur
1188 974 1288 1014 mihi
1321 975 1451 1027 magis
1473 976 1748 1023 suscensetis,
1782 975 1850 1029 qui
1872 975 1951 1015 ista
1972 990 2057 1016 non

293 1050 512 1090 aspernor,
545 1050 667 1090 quam
691 1037 768 1083 eis,
801 1037 893 1090 qui,
926 1051 1020 1077 cum
1040 1037 1234 1084 audiunt,
1267 1038 1459 1090 desipere
1481 1051 1555 1077 vos
1578 1038 1858 1078 arbitrantur?
1889 1039 2055 1079 Hicetas

293 1099 560 1153 Syracusius,
591 1104 637 1138 ut
667 1099 725 1138 ait
754 1099 1088 1151 Theophrastus,
1120 1099 1305 1146 caelum,
1337 1100 1482 1147 solem,
1513 1100 1674 1148 lunam,
1708 1100 1872 1147 stellas,
1903 1114 2056 1153 supera

244 1170 278 1198 »¹5
292 1161 475 1214 denique
507 1161 647 1201 omnia
677 1166 784 1201 stare
816 1167 979 1209 censet,
1012 1174 1150 1214 neque
1181 1166 1346 1214 praeter
1375 1166 1525 1201 terram
1556 1175 1643 1202 rem
1673 1162 1799 1202 ullam
1832 1163 1874 1202 in
1897 1162 2054 1202 mundo

292 1224 474 1264 moveri:
516 1237 623 1277 quae
664 1237 756 1262 cum
795 1224 952 1263 circum
990 1236 1111 1263 axem
1144 1237 1187 1263 se
1220 1237 1380 1264 summa
1411 1224 1623 1264 celeritate
1655 1229 1871 1264 convertat
1901 1229 1942 1264 et
1971 1230 2055 1264 tor-

292 1292 437 1339 queat,
482 1287 627 1326 eadem
672 1284 779 1325 effici
825 1287 987 1334 omnia,
1030 1300 1158 1340 quae,
1205 1286 1239 1325 si
1285 1291 1420 1326 stante
1459 1291 1569 1326 terra
1609 1287 1771 1326 caelum
1803 1293 2053 1328 moveretur.

290 1348 429 1401 Atque
469 1348 548 1387 hoc
586 1348 710 1388 etiam
748 1348 964 1388 Platonem
1001 1348 1042 1387 in
1086 1349 1256 1388 Timaeo
1300 1348 1437 1388 dicere
1469 1348 1638 1402 quidam
1670 1349 1940 1396 arbitrantur,
1981 1350 2054 1389 sed

290 1410 417 1462 paulo
438 1410 669 1450 obscurius.
717 1410 827 1458 Quid
853 1416 912 1458 tu,
936 1411 1144 1463 Epicure?
1175 1411 1363 1463 loquere.
1406 1412 1531 1450 Putas
1553 1410 1685 1450 solem
1707 1424 1799 1450 esse
1820 1411 2054 1451 tantulum?

239 1482 342 1511 20—
378 1472 580 1525 «Egone?
619 1486 672 1512 ne
702 1473 765 1513 bis
798 1473 969 1527 quidem
1008 1478 1206 1513 tantum.»
1260 1473 1312 1512 Et
1341 1486 1415 1513 vos
1447 1472 1497 1512 ab
1529 1472 1601 1512 illo
1634 1472 1873 1512 inridemini
1905 1478 1946 1512 et
1974 1473 2054 1526 ipsi

289 1534 406 1574 illum
437 1535 620 1575 vicissim
653 1535 833 1575 eluditis.
880 1536 1005 1575 Liber
1035 1535 1161 1587 igitur
1182 1548 1204 1574 a
1225 1535 1295 1574 tali
1318 1535 1521 1574 inrisione
1544 1535 1756 1581 Socrates,
1790 1535 1896 1575 liber
1915 1536 2053 1576 Aristo

291 1596 441 1645 Chius,
473 1598 544 1650 qui
575 1597 681 1637 nihil
712 1598 885 1638 istorum
918 1598 1013 1637 sciri
1046 1602 1163 1651 putat
1192 1610 1329 1650 posse.
1389 1594 1482 1636 4⁵24.
1515 1597 1596 1637 Sed
1629 1596 1755 1636 redeo
1786 1597 1837 1636 ad
1870 1599 2052 1638 animum

289 1664 330 1699 et
361 1673 523 1713 corpus.
584 1660 746 1700 Satisne
789 1660 956 1699 tandem
998 1673 1046 1699 ea
1075 1664 1176 1698 nota
1207 1665 1303 1698 sunt
1333 1660 1472 1706 nobis,
1510 1672 1618 1712 quae
1650 1672 1872 1698 nervorum
1905 1665 2053 1699 natura

289 1723 359 1769 sit,
394 1737 502 1776 quae
533 1725 758 1763 venarum?
790 1728 1059 1769 tenemusne,
1093 1721 1196 1774 quid
1229 1722 1283 1760 sit
1309 1722 1503 1761 animus?
1534 1721 1710 1760 ubisit?
1743 1721 1924 1774 denique
1945 1722 2052 1761 sitne

237 1793 274 1821 25
288 1798 361 1833 an,
392 1791 438 1825 ut
467 1784 722 1825 Dicaearcho
752 1785 887 1824 visum
920 1788 1002 1831 est,
1033 1798 1086 1824 ne
1119 1784 1171 1823 sit
1200 1784 1370 1836 quidem
1402 1784 1543 1823 ullus?
1576 1784 1619 1823 Si
1642 1788 1725 1831 est,
1756 1783 1884 1822 trisne
1912 1790 2051 1837 partes

287 1846 460 1895 habeat,
491 1853 537 1887 ut
566 1846 726 1887 Platoni
758 1847 936 1899 placuit,
968 1847 1165 1893 rationis,
1201 1847 1306 1892 irae,
1339 1846 1597 1898 cupiditatiS,
1630 1858 1681 1884 an
1714 1845 1892 1898 simplex
1922 1860 2051 1887 unus-

287 1923 369 1963 que
401 1910 487 1949 sit‘?
520 1910 553 1949 si
586 1909 788 1962 simplex,
819 1914 959 1948 utrum
991 1909 1043 1949 sit
1072 1910 1180 1962 ignis
1213 1922 1263 1948 an
1297 1909 1435 1948 anima
1465 1921 1518 1948 an
1550 1908 1750 1961 sanguis?
1782 1921 1858 1955 an,
1889 1914 1935 1948 ut
1965 1909 2050 1948 Xe-

285 1977 491 2019 nocrates,
513 1985 710 2011 numerus
735 1971 849 2011 nullo
871 1973 1076 2025 corpore?
1098 1993 1150 1999 —
1173 1971 1287 2025 quod
1309 1971 1497 2023 intellegi
1520 1970 1642 2023 quale
1665 1970 1717 2010 sit
1740 1970 1809 2010 vix
1834 1975 1976 2022 potest
1996 1992 2050 2000 —

286 2039 346 2082 et,
391 2034 596 2087 quidquid
646 2039 728 2081 est,
773 2033 947 2073 mortale
987 2034 1040 2073 sit
1069 2047 1122 2073 an
1153 2035 1397 2073 aeternum?
1442 2046 1537 2073 nam
1568 2037 1786 2085 utramque
1817 2032 1860 2071 in
1891 2038 2049 2087 partem

234 2103 270 2133 30
284 2096 414 2136 multa
452 2097 660 2136 dicuntur.
718 2096 878 2135 Horum
917 2095 1077 2149 aliquid
1108 2100 1247 2135 vestro
1279 2096 1458 2148 sapienti
1490 2100 1646 2134 certum
1678 2093 1863 2141 videtur,
1909 2100 2049 2135 nostro

282 2172 335 2199 ne
375 2158 477 2212 quid
515 2158 696 2198 maxime
736 2156 905 2211 quidem
950 2157 1165 2210 probabile
1205 2158 1258 2197 sit
1296 2157 1499 2197 occurrit:
1544 2157 1602 2197 ita
1632 2156 1800 2196 suntin
1831 2155 2046 2209 plerisque

283 2220 582 2261 contrariarum
611 2219 819 2259 rationum
850 2219 966 2272 paria
997 2224 1221 2259 momenta.

367 2350 398 2381 3.
423 2350 497 2389 ipsa
519 2349 662 2389 scripsi:
690 2347 753 2387 ipsi
777 2347 880 2380 codd.
907 2349 942 2378 et
965 2348 990 2379 O
1016 2365 1050 2369 —-
1078 2350 1151 2378 utut
1174 2348 1219 2385 B,
1249 2350 1284 2377 ut
1308 2356 1346 2378 ea
1369 2347 1514 2377 viderent
1537 2346 1674 2385 Lamb.‚
1701 2350 1736 2377 ut
1758 2347 1904 2378 viderent
1925 2348 2047 2379 Manu—

281 2402 348 2432 tius
373 2418 410 2423 —
437 2399 468 2432 4.
494 2403 604 2431 tamen
627 2399 783 2433 taiuntst*
807 2399 831 2429 B
859 2415 894 2420 —
928 2397 1094 2437 empiricis
1116 2400 1157 2429 Α2
1169 2398 1208 2428 Β2
1232 2414 1267 2419 --
1300 2398 1331 2428 5.
1359 2396 1482 2427 detecta
1506 2405 1540 2426 r:
1574 2396 1697 2427 deiecta
1726 2397 1828 2427 ABE
1844 2398 1869 2427 G
1885 2405 1906 2427 v
1932 2415 1966 2419 —
1993 2399 2047 2429 sed

279 2451 358 2481 haec
382 2450 461 2490 quid
483 2449 547 2481 AB
570 2467 613 2472 —
646 2449 676 2479 6.
704 2452 737 2476 :d
765 2448 934 2478 videamus
963 2451 1055 2478 terra
1083 2447 1278 2487 paenitus-ne
1312 2447 1423 2486 (16]9ὶιάΥ
1446 2446 1486 2476 sit
1509 2448 1535 2476 A
1564 2446 1595 2476 in
1623 2454 1731 2486 marg.
1758 2455 1805 2478 m.
1831 2447 1850 2478 2
1875 2447 1982 2479 habet
2009 2466 2043 2470 —-

281 2499 312 2530 7.
338 2499 402 2530 sint
425 2499 462 2530 B²
489 2517 523 2521 —
556 2498 587 2530 9.
613 2507 717 2537 neque
740 2497 793 2528 me
816 2498 881 2528 Go
908 2514 943 2519 —
976 2496 1028 2527 40.
1054 2505 1111 2528 nec
1138 2496 1209 2536 (sic)
1240 2505 1298 2535 690
1315 2512 1363 2517 --
1380 2494 1519 2535 vestiffl'a
1548 2494 1656 2526 habet
1686 2496 1815 2527 Nonius
1843 2505 1876 2536 p.
1905 2497 1978 2528 402.
2007 2515 2042 2520 -

278 2558 343 2580 non
368 2549 431 2587 ita,
464 2557 522 2580 vos
544 2549 644 2580 etiam
668 2548 775 2578 dicitis
797 2547 945 2578 Nonius:
976 2555 1042 2577 non
1072 2547 1158 2577 enim
1187 2546 1288 2577 etiam
1311 2545 1417 2575 dicitis
1440 2546 1466 2575 A
1481 2544 1525 2581 B;
1556 2553 1622 2575 non
1644 2545 1730 2576 enim
1754 2546 1859 2576 dicitis
1882 2546 1982 2577 etiam
2005 2547 2042 2585 E,

277 2607 383 2630 nonne
406 2598 505 2629 eciam
528 2597 635 2629 dicitis
660 2598 701 2635 G,
727 2606 793 2627 non
815 2596 874 2627 ila.
900 2596 1019 2627 Dicitis
1041 2596 1140 2627 eliam
1156 2596 1180 2626 Ο
1204 2614 1235 2617 -
1265 2596 1316 2626 Μ.
1342 2595 1376 2625 in-
1400 2594 1574 2625 contraria
1597 2595 1746 2626 Nonius:
1774 2604 1790 2626 e
1812 2599 1917 2627 contr.
1936 2595 2039 2627 codd.

278 2648 312 2678 et
336 2648 381 2686 03
412 2656 429 2679 e
457 2651 562 2679 contr.
588 2650 687 2686 parte
717 2649 827 2678 terrae
855 2644 1029 2685 glossema
1059 2644 1245 2676 videbatur
1270 2643 1437 2675 Lambino
1463 2661 1497 2665 —
1532 2644 1659 2685 contra]
1685 2645 1728 2675 ad
1752 2644 1854 2677 codd.
1881 2646 1981 2677 Nonii
2006 2663 2040 2667 —

278 2696 330 2728 43.
357 2705 459 2737 quam
481 2705 534 2728 eos
556 2697 620 2728 AB
637 2698 663 2727 G
689 2696 740 2735 (eo
765 2696 797 2726 in
822 2696 847 2726 B
873 2704 914 2726 ex
940 2694 1045 2733 corr.)
1072 2711 1107 2716 -
1142 2695 1274 2726 Nicelas
1297 2693 1319 2724 b
1350 2694 1383 2724 in
1408 2701 1516 2732 marg.
1549 2711 1584 2716 —
1616 2693 1878 2731 masmae-osius
1901 2694 1977 2726 A¹B
2006 2713 2040 2718 —-

277 2746 519 2786 theophrastum
549 2747 587 2777 Β1
619 2764 653 2769 -
684 2754 805 2785 supera
828 2746 852 2775 A
887 2745 920 2775 in
949 2752 1018 2775 ras.
1045 2752 1092 2774 m.
1118 2743 1137 2773 2
1172 2761 1206 2765 —
1241 2744 1293 2774 45.
1319 2746 1408 2774 stare
1431 2742 1543 2773 omnia
1567 2743 1592 2773 G
1623 2760 1657 2764 -
1691 2743 1743 2774 46.
1771 2752 1855 2782 quae
1878 2743 1950 2775 Er:
1977 2752 2042 2783 qua

276 2797 359 2835 AB,
386 2797 472 2835 quod
497 2797 522 2827 G
550 2814 584 2818 —
613 2797 664 2827 47.
692 2805 777 2835 quae
800 2796 827 2826 si
850 2797 955 2825 stante
978 2793 1168 2825 Manutius:
1196 2793 1292 2833 quasi
1314 2787 1545 2823 stante'codd.
1572 2810 1602 2815 —
1633 2792 1685 2823 49.
1713 2802 1776 2824 esse
1798 2793 1897 2825 solem
1921 2795 1944 2824 G
1960 2794 1985 2824 O
2005 2811 2038 2816 —

275 2847 328 2878 20.
355 2846 477 2886 egone?
501 2854 540 2876 ne
563 2845 610 2875 bis
632 2844 842 2876 Lambinus:
869 2852 968 2884 egone
989 2842 1081 2873 uobis
1105 2843 1169 2873 ΑΒ
1186 2843 1227 2879 E,
1254 2850 1353 2882 cqone
1375 2850 1433 2872 nos
1450 2842 1493 2877 G;
1518 2842 1590 2881 qu
1613 2850 1653 2872 ne
1676 2841 1723 2872 bis
1746 2842 1789 2873 O:
1817 2842 1860 2875 cf.
1881 2842 1994 2874 Madv.
2014 2843 2039 2881 I,

276 2896 338 2927 485
362 2903 441 2935 sqq.
479 2895 588 2925 «Cum
612 2895 861 2934 interrogatum
887 2895 997 2930 esset,
1024 2901 1108 2924 num
1133 2891 1304 2923 tantulum
1330 2892 1440 2932 (quasi
1460 2890 1622 2931 pedalem
1641 2892 1694 2929 26,
1721 2891 1808 2931 382)
1834 2890 1945 2923 solem
1964 2900 2040 2923 esse

274 2946 430 2986 putaret,
457 2944 626 2985 Epicurus
652 2952 720 2974 non
745 2944 904 2983 praecise
930 2942 1049 2974 definit
1075 2943 1218 2981 (tantum
1245 2942 1338 2972 enim
1364 2950 1442 2972 6556
1468 2940 1652 2979 censebat,
1680 2943 1830 2981 quantus
1849 2941 2039 2981 videretur,

274 2993 329 3025 vel
361 2992 464 3034 paulo
495 2994 554 3024 aut
584 2992 753 3023 maiorem
783 2994 841 3023 aut
868 2992 1070 3031 minorem,)
1103 2991 1167 3022 sed
1191 2990 1291 3022 latius
1317 2990 1593 3029 circumscribit,
1623 2999 1664 3022 ne
1687 2990 1734 3021 bis
1757 2991 1888 3031 quidem
1911 2994 2038 3022 tantum

274 3051 354 3081 esse,
381 3042 445 3073 scd
470 3042 559 3073 inter
582 3040 745 3081 pedalem
775 3040 1051 3079 magnitudinem
1080 3041 1115 3071 et
1143 3039 1342 3080 bipedalem
1369 3039 1423 3078 (de
1449 3040 1518 3070 Fin.
1545 3041 1576 3078 Ι,
1603 3040 1638 3078 6,
1664 3041 1751 3080 20).»
1787 3058 1822 3063 -
1855 3043 1885 3071 et
1913 3040 2036 3072 ABE:

273 3093 328 3123 sed
351 3092 394 3129 G,
420 3092 475 3122 sed
497 3094 527 3122 et
550 3092 574 3122 Ο
600 3108 635 3112 -
669 3091 721 3122 24.
749 3091 952 3122 aristhochus
975 3091 1013 3122 A¹
1041 3108 1075 3113 —-
1106 3089 1159 3121 ⁶24.
1187 3090 1318 3120 animus
1344 3090 1385 3120 sit
1408 3089 1432 3120 O
1460 3106 1495 3110 —
1528 3090 1581 3121 25.
1609 3098 1654 3120 an
1678 3089 1818 3121 Lamb.:
1851 3093 1910 3121 auc
1933 3089 2035 3122 codd.

278 3159 312 3163 -
332 3141 503 3172 dicearcho
527 3141 553 3171 A
582 3159 617 3164 -
643 3141 696 3172 27.
722 3141 749 3171 si
772 3141 910 3179 simplex
933 3143 959 3172 A
975 3141 999 3172 Β
1014 3140 1039 3171 Ε
1054 3149 1088 3170 r:
1116 3143 1145 3171 et
1168 3140 1196 3170 si
1217 3148 1303 3170 unus
1326 3143 1354 3170 ec
1378 3139 1516 3178 simplex
1538 3139 1579 3170 sit
1595 3140 1621 3170 G
1639 3140 1709 3170 etv
1737 3141 1811 3179 (sed
1828 3150 1848 3171 v
1866 3141 1940 3172 sine
1965 3141 2035 3180 sit);

272 3191 300 3221 si
321 3200 407 3222 unus
430 3194 458 3221 et
480 3190 619 3229 simplet·
643 3191 667 3221 O
695 3208 729 3212 —
756 3190 932 3221 Xenocrati
962 3189 1107 3226 Lamo,
1135 3190 1169 3220 at
1192 3198 1224 3219 v.
1252 3198 1285 3229 p.
1312 3188 1366 3227 49,
1392 3190 1432 3220 22
1457 3198 1534 3229 sqq.
1557 3206 1589 3212 —-
1618 3189 1671 3221 28.
1696 3199 1852 3222 numerus
1871 3190 2033 3231 Bentley:

272 3248 362 3271 mens
386 3238 488 3271 codd.
511 3257 545 3261 -
571 3239 717 3279 intellege
740 3240 779 3269 A¹
799 3256 834 3262 —-
858 3240 911 3270 29.
938 3240 1093 3279 quicquid
1118 3241 1142 3270 A
1157 3240 1180 3270 B
1202 3256 1235 3260 —
1262 3241 1439 3278 ueramque
1462 3239 1495 3270 in
1515 3242 1648 3278 partem
1667 3238 1736 3271 Pal.
1758 3241 1770 3271 4
1803 3241 1838 3271 et
1854 3239 2035 3271 Cantabr.:

272 3292 415 3330 utraque
435 3288 471 3320 in
493 3288 540 3329 (in
562 3291 629 3319 utr.
656 3289 692 3328 G)
713 3291 810 3327 parte
833 3288 896 3319 AB
911 3289 935 3319 E
950 3289 976 3319 G
1000 3305 1035 3310 —-
1062 3288 1115 3319 3⁴.
1141 3288 1175 3320 in
1200 3296 1290 3319 corr.
1317 3297 1361 3320 ex
1384 3288 1461 3320 exin
1487 3289 1523 3319 B.
