2249 3624
283 139 363 181 490
667 139 737 178 DE
767 137 974 177 FINIBUS
1004 135 1267 177 BONORUM
1295 136 1364 176 ET
1395 134 1661 176 MALORUM

283 265 375 292 cum
405 252 462 292 ita
491 250 578 291 nati
607 249 790 303 factique
823 249 976 296 simus,
1007 252 1052 288 ut
1083 253 1124 288 et
1153 247 1304 300 agendi
1335 247 1494 300 aliquid
1528 252 1569 287 et
1594 245 1797 298 diligendi
1819 245 1981 298 aliquos
2004 250 2045 285 et

283 313 544 353 liberalitatis
575 316 615 352 et
644 311 889 351 referendae
920 311 1077 364 gratiae
1109 310 1314 363 principia
1352 310 1395 349 in
1427 309 1546 350 nobis
1581 308 1890 348 contineremus
1921 312 2045 360 atque

282 377 333 417 ad
366 375 600 421 scientiam,
631 374 922 427 prudentiam,
953 372 1242 412 fortitudinem
1274 378 1393 426 aptos
1425 373 1586 411 animos
1618 371 1866 410 haberemus
1897 382 1920 408 a
1950 382 2047 408 con-

282 439 503 490 trariisque
533 437 655 476 rebus
687 436 870 483 alienos,
901 449 985 476 non
1017 435 1106 474 sine
1138 447 1263 474 causa
1294 448 1383 482 eas,
1415 447 1517 487 quas
1550 433 1658 480 dixi,
1689 434 1732 472 in
1758 432 1898 485 pueris
1920 431 2048 471 virtu-

252 507 370 540 5tum
392 499 527 554 ,quasi
567 497 767 538 scintillas
805 498 1015 544 videmus,
1059 511 1080 536 e
1120 497 1269 550 quibus
1301 497 1471 536 accendi
1503 495 1740 550 philosophi
1771 495 1878 534 ratio
1911 493 2047 540 debet,

282 568 328 602 ut
358 575 447 602 eam
479 560 598 614 quasi
629 560 753 600 deum
785 560 934 599 ducem
975 560 1235 613 subsequens
1270 559 1320 598 ad
1354 566 1527 598 naturae
1558 558 1774 611 perveniat
1805 562 2048 597 extremum.

282 627 406 671 Nam,
436 630 483 664 ut
513 636 638 676 saepe
668 623 749 662 iam
773 622 876 669 dixi,
910 623 953 662 in
975 622 1140 661 infirma
1161 626 1296 661 aetate
1318 621 1609 674 imbecillaque
1632 625 1770 679 mente
1792 620 1854 659 vis
1877 624 2049 658 naturae

283 687 402 739 quasi
433 699 507 738 per
531 685 751 737 caliginem
774 685 979 724 cernitur:
1012 698 1104 724 cum
1127 689 1265 723 autem
1289 683 1560 736 progrediens
1584 680 1852 722 confirmatur
1872 682 2046 728 animus,

282 749 470 801 agnoscit
508 747 578 786 ille
616 747 784 800 quidem
821 752 996 786 naturae
1035 748 1140 794 vim,
1184 746 1256 786 sed
1288 747 1365 793 ita,
1408 751 1451 785 ut
1482 744 1677 797 progredi
1710 745 1842 797 possit
1872 743 2050 796 longiuS,

234 820 269 847 10
282 824 356 864 per
386 824 429 850 se
462 810 516 849 sit
546 814 707 848 tantum
738 809 944 848 inchoata.

394 873 503 912 XVI.
535 868 600 910 44.
632 870 874 910 Intrandum
907 876 970 911 est
1000 870 1126 923 igitur
1154 872 1196 910 in
1227 883 1365 910 rerum
1398 874 1587 909 naturam
1619 873 1659 908 et
1690 868 1854 921 penitus
1878 866 1977 920 quid
2002 880 2051 906 ea

282 935 463 989 postulet
502 933 828 987 pervidendum:
870 934 991 973 aliter
1030 934 1141 972 enim
1182 939 1345 973 nosmet
1385 933 1499 984 ipsos
1543 944 1667 970 nosse
1699 944 1783 970 non
1814 943 2050 982 possumus.

283 997 406 1045 Quod
437 1001 704 1049 praeceptum
736 995 833 1049 quia
857 995 990 1034 maius
1014 1002 1121 1043 erat,
1153 1009 1276 1048 quam
1308 1000 1354 1034 ut
1373 994 1424 1033 ab
1445 993 1615 1033 homine
1637 993 1863 1038 videretur,
1894 991 2051 1030 idcirco

283 1059 535 1111 assignatum
582 1063 645 1097 est
690 1057 782 1097 deo.
844 1058 963 1096 Iubet
1000 1058 1127 1110 igitur
1165 1071 1241 1097 nos
1282 1057 1453 1110 Pythius
1494 1056 1643 1109 Apollo
1682 1068 1857 1094 noscere
1890 1058 2054 1093 nosmet

234 1123 409 1175 45ipsos.
473 1120 666 1173 Cognitio
704 1125 843 1160 autem
885 1120 988 1160 haec
1021 1126 1084 1160 est
1113 1133 1195 1159 una
1226 1119 1385 1166 nostri,
1429 1124 1475 1158 ut
1506 1119 1588 1158 vim
1622 1117 1807 1170 corporis
1839 1115 2052 1168 animique

283 1184 468 1224 norimus
500 1196 805 1235 sequamurque
838 1196 928 1222 eam
961 1183 1111 1229 vitam,
1143 1194 1248 1234 quae
1280 1182 1329 1221 iis
1363 1180 1612 1234 perfruatur.
1673 1179 1884 1227 Quoniam
1914 1183 2053 1218 autem

281 1247 316 1286 is
347 1245 475 1285 animi
506 1245 716 1298 appetitus
747 1258 771 1284 a
801 1245 1002 1298 principio
1023 1243 1123 1291 fuit,
1156 1249 1201 1284 ut
1223 1257 1295 1290 ea,
1328 1256 1435 1296 quae
1459 1242 1570 1289 dixi,
1603 1255 1726 1294 quam
1750 1240 2055 1294 perfectissima

283 1314 430 1348 natura
458 1307 730 1354 haberemus,
763 1304 1044 1346 confitendum
1077 1311 1160 1353 est,
1197 1319 1286 1345 cum
1320 1306 1360 1345 id
1394 1305 1534 1357 adepti
1567 1305 1720 1351 simus,
1753 1303 1863 1358 quod
1894 1302 2055 1356 appeti-

284 1377 370 1411 tum
402 1370 476 1417 sit,
506 1370 548 1409 in
581 1383 630 1409 eo
662 1369 781 1423 quasi
812 1369 854 1408 in
882 1368 1030 1408 ultimo
1053 1368 1280 1407 consistere
1304 1372 1496 1407 naturam
1518 1371 1642 1420 atque
1665 1367 1706 1406 id
1732 1379 1824 1405 esse
1847 1378 2053 1406 summum

233 1434 459 1474 eobonum:
499 1431 612 1484 quod
654 1437 765 1471 certe
801 1431 1045 1470 universum
1084 1443 1159 1470 sua
1199 1435 1347 1482 sponte
1389 1430 1525 1482 ipsum
1560 1429 1702 1481 expeti
1733 1433 1774 1468 et
1809 1433 1980 1482 propter
2010 1440 2054 1467 se

284 1508 454 1536 necesse
486 1499 566 1541 est,
598 1494 797 1547 quoniam
834 1497 929 1532 ante
961 1491 1293 1532 demonstratum
1326 1498 1388 1532 est
1419 1492 1545 1532 etiam
1576 1491 1763 1544 singulas
1796 1491 1885 1530 eius
1916 1494 2054 1542 partes

283 1571 374 1598 esse
412 1570 487 1610 per
522 1569 566 1596 se
597 1554 869 1608 expetendas.
929 1551 995 1593 45.
1026 1554 1074 1593 In
1107 1554 1402 1594 enumerandis
1434 1560 1574 1594 autem
1607 1554 1795 1606 corporis
1827 1552 2054 1592 commodis

284 1622 317 1662 si
348 1616 442 1674 quis
484 1619 819 1674 praetermissam
858 1630 881 1656 a
921 1616 1042 1656 nobis
1074 1616 1332 1669 voluptatem
1364 1617 1546 1670 putabit,
1588 1617 1630 1656 in
1663 1616 1778 1656 aliud
1810 1621 1974 1669 tempus
2007 1628 2055 1655 ea

284 1683 476 1737 quaestio
509 1682 736 1721 differatur.
797 1680 939 1719 Utrum
971 1679 1082 1718 enim
1115 1679 1167 1717 sit
1197 1678 1394 1731 voluptas
1425 1679 1468 1718 in
1501 1679 1552 1718 iis
1582 1679 1727 1725 rebus,
1768 1691 1870 1731 quas
1901 1678 2054 1731 primas

234 1759 270 1787 25
283 1745 514 1787 secundum
546 1748 737 1784 naturam
770 1755 861 1782 esse
893 1741 1098 1788 diximus,
1137 1753 1269 1779 necne
1302 1741 1373 1787 sit,
1410 1741 1460 1780 ad
1492 1740 1557 1787 id,
1590 1740 1704 1793 quod
1736 1740 1919 1792 agimus,
1951 1739 2055 1779 nihil

281 1809 469 1848 interest.
530 1807 572 1846 Si
613 1806 746 1852 enim,
788 1809 835 1844 ut
874 1803 977 1843 mihi
1017 1802 1189 1855 quidem
1219 1802 1404 1849 videtur,
1447 1815 1533 1841 non
1565 1802 1707 1855 explet
1736 1802 1846 1842 bona
1879 1807 2053 1842 naturae

283 1870 491 1923 voluptas,
522 1869 611 1908 iure
642 1866 934 1920 praetermissa
965 1870 1048 1905 est:
1089 1864 1153 1904 sin
1185 1868 1326 1903 autem
1357 1869 1419 1903 est
1448 1864 1489 1903 in
1523 1877 1590 1911 ea,
1631 1864 1745 1917 quod
1779 1863 1949 1916 quidam
1979 1877 2052 1904 vo—

283 1935 390 1980 lunt,
422 1931 527 1971 nihil
556 1930 733 1983 impedit
761 1929 869 1969 hanc
899 1933 1084 1967 nostram
1116 1926 1539 1978 comprehensionem
1571 1926 1722 1965 summi
1760 1926 1873 1965 boni.
1937 1926 2055 1973 Quae

284 1996 393 2036 enim
423 1994 651 2034 constituta
682 1997 778 2032 sunt
807 1991 939 2044 prima
971 1995 1163 2036 naturae,
1198 1988 1250 2028 ad
1283 2001 1332 2027 ea
1363 1988 1397 2027 si
1419 1988 1613 2042 voluptas
1646 1989 1892 2037 accesserit,
1924 2002 2053 2029 unum

234 2068 269 2097 30
283 2057 455 2111 aliquod
486 2055 706 2095 accesserit
735 2052 1000 2093 commodum
1022 2052 1228 2104 corporis,
1260 2064 1402 2103 neque
1424 2063 1515 2090 eam
1538 2050 1877 2091 constitutionem
1902 2050 2056 2091 summi

284 2120 405 2167 boni,
438 2130 546 2172 quae
578 2122 640 2157 est
670 2117 908 2170 proposita,
940 2113 1178 2154 mutaverit.

397 2181 525 2220 XVII.
557 2177 623 2218 46.
664 2180 716 2219 Et
755 2178 891 2218 adhuc
933 2176 1105 2231 quidem
1146 2176 1201 2216 ita
1240 2175 1361 2215 nobis
1402 2188 1623 2228 progressa
1661 2175 1766 2214 ratio
1809 2182 1892 2224 est,
1933 2181 1979 2216 ut
2010 2189 2057 2215 ea

286 2244 507 2284 duceretur
537 2241 671 2282 omnis
703 2255 726 2280 a
756 2241 889 2294 prima
920 2237 1279 2280 commendatione
1305 2242 1490 2278 naturae.
1537 2239 1656 2277 Nunc
1677 2242 1815 2277 autem
1837 2238 1950 2278 aliud
1974 2237 2055 2277 iam

285 2304 604 2359 argumentandi
643 2316 870 2356 sequamur
910 2316 1063 2355 genus,
1102 2306 1148 2340 ut
1178 2314 1263 2340 non
1295 2300 1432 2340 solum
1465 2300 1562 2353 quia
1592 2313 1668 2339 nos
1701 2299 1944 2353 diligamus,
1983 2298 2057 2338 sed

234 2381 271 2408 35
287 2369 383 2421 quia
415 2367 618 2419 cuiusque
649 2366 778 2418 partis
810 2370 982 2404 naturae
1015 2369 1054 2404 et
1085 2365 1128 2404 in
1160 2377 1334 2417 corpore
1368 2369 1407 2403 et
1437 2364 1479 2402 in
1511 2364 1652 2403 animo
1683 2376 1758 2403 sua
1780 2375 1974 2415 quaeque
1994 2361 2056 2401 vis

286 2431 361 2477 sit,
401 2429 557 2469 idcirco
596 2429 637 2468 in
678 2428 741 2467 his
773 2427 895 2467 rebus
928 2440 1088 2467 summe
1120 2432 1264 2466 nostra
1293 2430 1444 2479 sponte
1476 2438 1730 2465 moveamur.
1789 2426 1926 2476 Atque
1957 2427 2004 2463 ut
2034 2436 2057 2462 a

285 2505 460 2545 corpore
493 2491 650 2538 ordiar,
683 2490 854 2531 videsne
886 2495 953 2537 ut,
986 2490 1019 2529 si
1053 2502 1161 2543 quae
1193 2489 1237 2528 in
1268 2488 1465 2528 membris
1498 2500 1625 2540 prava
1655 2492 1726 2528 aut
1748 2486 1965 2527 debilitata
1985 2490 2057 2525 aut

370 2709 401 2739 5.
426 2707 582 2738 scintillas
605 2707 629 2738 B
644 2708 687 2737 G:
714 2706 911 2737 scintillulas
933 2705 1004 2736 ΜΟ
1024 2722 1059 2727 —-
1085 2705 1117 2736 7.
1142 2705 1258 2745 infima
1281 2705 1318 2735 B.
1346 2704 1397 2735 Cf.
1424 2713 1457 2744 p.
1478 2703 1552 2741 492,
1572 2703 1625 2734 36.
1645 2720 1681 2724 —
1701 2703 1732 2734 9.
1758 2702 1812 2734 ille
1836 2703 1965 2740 quidem
1982 2703 2056 2734 Ma·-

285 2759 418 2790 nutius:
447 2757 525 2796 quid
540 2757 592 2788 ille
616 2757 639 2787 B
653 2756 697 2793 E;
725 2756 855 2794 quidem
877 2755 931 2786 ille
955 2755 1062 2785 ceteri
1081 2754 1184 2785 codd.
1202 2771 1237 2776 —
1266 2758 1396 2785 tantum
1412 2753 1550 2792 Madvig
1576 2753 1620 2791 (in
1638 2753 1902 2792 commentario)
1922 2755 1956 2784 et
1971 2753 2057 2784 We—

283 2808 453 2847 senberg:
480 2810 585 2837 tamen
612 2806 714 2837 codd.
735 2808 770 2837 et
786 2806 851 2838 MO
870 2805 1008 2845 (longius
1029 2812 1088 2843 per
1111 2812 1159 2841 se,
1185 2804 1306 2835 virtute
1329 2803 1483 2835 inchoata
1506 2802 1632 2834 Bakius
1651 2801 1728 2834 coll.
1750 2803 1820 2834 Cic.
1841 2802 1884 2833 de
1904 2804 2008 2842 Legg.
2027 2803 2053 2840 Ι,

283 2858 301 2897 g
326 2857 392 2896 Ξῖ.)
421 2874 455 2879 —-
484 2857 535 2887 Μ.
561 2856 663 2895 igitur
686 2858 731 2886 est
754 2855 778 2886 B
806 2871 840 2875 —
869 2854 920 2885 42.
943 2853 1185 2893 prouidendum
1208 2854 1232 2884 B
1254 2870 1288 2875 —
1318 2852 1369 2885 44.
1396 2852 1465 2893 deo]
1492 2853 1530 2884 de
1552 2861 1588 2884 eo
1612 2852 1636 2882 B
1652 2852 1675 2883 E
1703 2869 1738 2874 -
1767 2853 1818 2884 45.
1845 2861 1915 2883 una
1937 2852 2054 2889 nostri,

282 2911 318 2938 uc
345 2907 411 2937 vim
441 2905 588 2944 corporis
619 2904 829 2944 Madvigius:
866 2912 935 2934 una
965 2903 1069 2933 nostri
1099 2906 1135 2932 ul
1158 2903 1306 2941 corporis
1330 2903 1371 2934 B:
1408 2910 1496 2940 una,
1521 2904 1557 2932 ut
1578 2901 1645 2932 vim
1667 2902 1772 2932 nostri
1796 2902 1943 2941 corporis
1966 2901 1991 2932 O
2017 2917 2054 2923 —

284 2957 335 2988 46.
362 2964 447 2994 quac
470 2955 646 2985 Bremius:
673 2962 757 2993 quae
779 2953 874 2984 rebus
898 2952 999 2984 codd.
1027 2953 1060 2982 et
1085 2952 1128 2985 02
1155 2960 1240 2990 quae
1265 2951 1381 2992 [rebus]
1408 2953 1440 2983 M
1466 2968 1501 2973 -
1528 2951 1568 2982 iis
1592 2951 1803 2991 Madvigius:
1830 2952 1888 2991 hys
1911 2952 1955 2988 B;
1980 2950 2058 2990 ipsis

284 3007 309 3037 O
337 3022 370 3027 —
395 3004 589 3045 perficiatur
613 3002 636 3033 C
665 3020 699 3024 —
727 3003 779 3034 47.
805 3002 842 3043 is]
867 3003 924 3041 Itys
948 3002 1011 3033 BE
1039 3019 1073 3023 —
1101 3001 1153 3032 49.
1181 3002 1276 3040 quasi
1300 3002 1334 3031 in
1358 3002 1381 3031 Β
1398 3002 1445 3031 G:
1477 3001 1574 3040 quasi
1600 3002 1680 3039 (om.
1707 3000 1754 3039 in)
1780 3002 1804 3032 O
1831 3019 1865 3024 —
1894 3002 1948 3032 2¹.
1974 3009 2057 3040 quo-

283 3056 375 3086 niam
397 3057 473 3085 ante
495 3053 526 3083 d.
553 3055 597 3083 est
620 3060 689 3083 0111.
718 3052 740 3082 E
766 3054 849 3091 (non
873 3053 908 3091 B)
939 3069 972 3073 —
1005 3051 1059 3083 23.
1085 3060 1125 3082 ea
1149 3051 1191 3082 B:
1220 3060 1290 3082 0111.
1318 3052 1342 3082 O
1370 3069 1402 3073 —
1442 3052 1495 3082 25.
1523 3051 1619 3091 quod]
1647 3052 1725 3090 quid
1749 3052 1811 3082 BE
1840 3068 1874 3072 —
1901 3050 1954 3081 26.
1981 3050 2057 3088 qui-

284 3105 366 3146 dem]
393 3104 471 3144 quid
494 3104 518 3134 B
539 3118 572 3124 —
599 3102 652 3133 Ξῖ.
679 3102 760 3142 iure]
786 3103 820 3133 in
845 3111 879 3133 re
903 3103 926 3132 B
944 3102 968 3133 E
989 3120 1023 3124 —
1049 3102 1135 3142 -1-sin
1161 3102 1185 3131 Ο
1205 3118 1239 3122 —-
1267 3104 1377 3132 autem
1401 3102 1443 3131 B:
1471 3109 1541 3132 om.
1562 3101 1586 3131 Ο
1607 3118 1641 3122 -
1669 3100 1815 3141 quidam]
1843 3099 1971 3139 quidem
1996 3098 2056 3129 BF.

286 3173 321 3177 —
349 3155 401 3186 28.
426 3154 510 3184 hanc
541 3155 689 3183 nostram
722 3152 743 3181 B
761 3152 803 3182 E:
840 3154 989 3182 nostram
1018 3151 1103 3181 hanc
1132 3151 1204 3182 Mo
1240 3168 1275 3173 —
1314 3151 1367 3182 29.
1393 3159 1496 3181 unum
1520 3151 1655 3190 aliquod
1677 3150 1848 3182 accesserit
1871 3156 1942 3179 om.
1968 3148 1992 3178 B
2019 3164 2053 3168 -—

286 3204 338 3235 30.
365 3202 492 3242 aliquid
523 3202 547 3233 E
583 3219 616 3224 ——
651 3201 702 3232 32.
729 3202 776 3232 ica
804 3202 895 3232 nobis
923 3211 957 3241 p.
983 3211 1013 3232 r.
1039 3201 1130 3232 nobis
1152 3204 1197 3232 est
1221 3201 1244 3231 B
1274 3218 1308 3222 --
1347 3200 1399 3232 34.
1427 3200 1607 3240 diligamur
1630 3200 1694 3231 BE
1723 3217 1757 3222 ——-
1784 3199 1838 3231 36.
1863 3205 1988 3229 summe
2011 3197 2054 3229 M.

287 3253 433 3284 Brutus:
458 3260 588 3283 summa
612 3250 714 3282 codd.
737 3267 771 3272 -
799 3251 850 3282 37.
877 3251 1000 3283 ordear
1023 3251 1046 3283 B
1062 3251 1086 3283 E
1114 3267 1148 3272 —
1174 3253 1211 3281 ut
1234 3258 1303 3281 om.
1323 3250 1346 3281 B
1361 3250 1386 3281 G
1415 3265 1447 3271 -—
1478 3257 1563 3289 quae
1587 3249 1628 3281 B:
1656 3257 1724 3290 qua
1746 3249 1771 3281 Ο
1791 3265 1826 3272 -
1853 3247 1962 3279 debita
1985 3247 2022 3278 B.
