2249 3624
261 147 343 190 676
980 147 1050 187 DE
1083 146 1306 187 OFFICIIS

258 255 460 310 gitatione
497 254 549 295 ad
587 266 651 293 res
683 265 807 307 quam
838 258 1030 306 optumas
1061 258 1248 301 utamur,
1288 254 1518 308 appetitum
1548 254 1701 295 rationi
1731 254 2022 298 oboedientem

258 319 547 373 praebeamus.

372 379 583 420 XXXVII.
614 379 667 418 Et
697 378 895 431 quoniam
927 391 1077 430 magna
1107 380 1169 418 vis
1200 379 1400 419 orationis
1433 385 1497 420 est
1526 393 1661 434 eaque
1692 379 1865 434 duplex,
1895 381 2025 422 altera

259 442 564 489 contentionis,
595 441 726 481 altera
756 441 984 488 sermonis,
1026 441 1240 482 contentio
1272 441 1650 495 disceptationibus
1679 443 1889 483 tribuatur
1916 443 2024 484 iudi-

226 507 440 552 5ciorum‚
485 504 751 551 contionum,
794 508 983 551 senatus,
1024 517 1160 544 sermo
1199 504 1243 544 in
1281 504 1472 552 circulis,
1514 504 1895 558 disputationibus,
1925 518 2024 545 con-

258 566 540 622 gressionibus
570 566 840 607 familiarium
871 571 1072 614 versetur,
1104 571 1306 620 sequatur
1337 567 1460 607 etiam
1491 567 1693 607 convivia.
1737 566 2024 608 Contentionis

256 635 480 684 praecepta
509 629 724 670 rhetorum
757 633 867 676 sunt,
899 628 1015 668 nulla
1046 629 1273 669 sermonis:
1307 643 1559 683 quamquam
1590 629 1703 669 haud
1735 630 1822 670 scio
1853 642 1907 670 an
1929 642 2026 682 pos-

257 694 341 733 sint
377 692 482 732 haec
523 705 692 745 quoque
734 704 839 731 esse.
910 690 992 731 Sed
1035 691 1282 731 discentium
1324 691 1473 732 studiis
1513 692 1787 732 inveniuntur
1824 691 2026 744 magistri,

255 755 355 796 huic
399 759 535 795 autem
583 755 656 808 qui
702 753 899 794 studeant
946 759 1044 800 sunt
1084 754 1214 801 nulli,
1261 753 1475 794 rhetorum
1516 752 1638 794 turba
1677 753 1831 794 referta
1862 753 2024 793 omnia:

205 830 510 872 loquamquam
551 830 659 870 quae
700 817 923 856 verborum
960 817 1349 870 sententiarumque
1387 822 1610 870 praecepta
1640 822 1755 864 sunt,
1797 815 1942 857 eadem
1974 816 2026 856 ad

255 893 490 920 sermonem
523 879 806 932 pertinebunt.
870 875 964 918 ¹133.
1007 879 1090 919 Sed
1123 893 1215 919 cum
1249 880 1450 919 orationis
1481 879 1662 920 indicem
1693 891 1840 919 vocem
1871 876 2027 919 habea-

255 957 369 990 mus,
408 943 450 983 in
482 955 584 982 voce
615 948 755 983 autem
788 942 869 982 duo
903 955 1151 995 sequamur,
1193 948 1238 981 ut
1268 942 1379 981 clara
1411 942 1484 989 sit,
1526 947 1573 981 ut
1603 942 1767 989 suavis,
1799 947 2025 994 utrumque

255 1005 429 1045 omnino
461 1017 484 1045 a
514 1010 662 1044 natura
692 1004 923 1058 petundum
956 1009 1031 1052 est,
1062 1018 1205 1044 verum
1238 1004 1415 1044 alterum
1448 1005 1692 1045 exercitatio
1719 1004 1900 1057 augebit,
1922 1004 2026 1044 alte-

254 1081 346 1108 rum
377 1067 554 1108 imitatio
585 1081 730 1120 presse
762 1066 1024 1120 loquentium
1058 1072 1098 1106 et
1128 1067 1292 1106 leniter.
1352 1066 1466 1106 Nihil
1497 1066 1577 1107 fuit
1606 1066 1649 1106 in
1673 1066 1843 1115 Catulis,
1874 1072 1922 1106 ut
1951 1079 2024 1107 eos

201 1143 239 1172 45
254 1130 467 1184 exquisito
498 1129 655 1170 iudicio
689 1136 856 1183 putares
893 1128 954 1168 uti
984 1129 1236 1169 litterarum:
1280 1142 1535 1182 quamquam
1567 1134 1685 1170 erant
1714 1129 1908 1177 litterati,
1950 1129 2024 1169 sed

255 1199 295 1234 et
324 1193 422 1242 alii3
455 1192 484 1232 ii
515 1198 654 1232 autem
686 1192 844 1245 optime
875 1191 935 1231 uti
965 1190 1109 1244 lingua
1139 1191 1287 1231 Latina
1318 1192 1584 1245 putabantur.
1645 1192 1782 1232 Sonus
1813 1196 1901 1231 erat
1931 1191 2024 1232 dul-

254 1255 331 1303 cis,
373 1255 536 1296 litterae
573 1269 710 1309 neque
751 1267 975 1307 expressae
1006 1267 1146 1307 neque
1178 1267 1429 1307 oppressae,
1470 1268 1523 1295 ne
1554 1260 1624 1295 aut
1654 1254 1880 1294 obscurum
1912 1258 2025 1294 esset

253 1324 325 1358 aut
355 1317 568 1371 putidum,
610 1319 700 1358 sine
742 1317 1012 1357 contentione
1054 1330 1137 1356 vox
1179 1329 1255 1357 nec
1285 1317 1489 1370 languens
1521 1331 1600 1357 nec
1630 1329 1792 1357 canora.
1850 1315 2025 1356 Uberior

253 1380 387 1421 oratio
419 1381 464 1421 L.
488 1380 734 1426 Crassinec
764 1380 902 1420 minus
933 1379 1090 1426 faceta,
1132 1380 1205 1419 sed
1236 1379 1343 1419 bene
1373 1380 1578 1434 loquendi
1609 1377 1660 1420 de
1693 1378 1850 1420 Catulis
1880 1377 2023 1431 opinio

201 1455 238 1485 20
253 1457 336 1484 non
367 1445 515 1485 minor.
576 1443 669 1483 Sale
701 1456 800 1483 vero
834 1448 874 1482 et
904 1441 1066 1482 facetiis
1100 1441 1269 1489 Caesar,
1303 1441 1438 1482 Catuli
1468 1442 1597 1496 patris
1628 1441 1773 1489 frater,
1804 1440 1907 1481 vicit
1936 1453 2024 1480 om-

251 1519 341 1554 nes,
373 1512 419 1546 ut
448 1507 491 1546 in
523 1506 596 1546 illo
632 1507 723 1559 ipso
755 1504 914 1546 forensi
946 1518 1098 1558 genere
1130 1503 1294 1544 dicendi
1318 1505 1608 1545 contentiones
1630 1503 1809 1544 aliorum
1831 1515 2022 1543 sermone

251 1568 450 1608 vinceret.
511 1570 557 1608 ln
598 1568 794 1608 omnibus
834 1567 963 1621 igitur
1002 1567 1068 1607 his
1100 1567 1399 1608 elaborandum
1432 1572 1519 1614 est,
1561 1566 1596 1606 si
1626 1567 1669 1606 in
1699 1565 1814 1606 omni
1844 1578 1889 1604 re
1920 1565 2022 1617 quid

251 1631 397 1670 deceat
427 1631 701 1684 exquirimus.
761 1627 855 1670 434.
897 1629 957 1669 Sit
989 1643 1086 1682 ergo
1118 1629 1187 1670 hic
1218 1642 1375 1677 serm0‚
1418 1630 1460 1669 in
1493 1642 1575 1683 quo
1608 1628 1809 1669 Socratici
1838 1627 2021 1667 maxime

252 1693 484 1740 excellunt,
516 1693 623 1733 lenis
655 1694 910 1746 minimeque
941 1692 1154 1745 pertinax,
1185 1693 1285 1732 insit
1314 1693 1357 1732 in
1389 1706 1437 1732 eo
1469 1692 1599 1744 lepos.
1657 1692 1744 1731 Nec
1775 1703 1886 1738 vero,
1917 1694 2021 1729 tam-

200 1766 238 1797 25
252 1769 378 1809 quam
417 1757 460 1795 in
500 1756 811 1809 possessionem
843 1767 961 1794 suam
993 1754 1177 1801 venerit,
1218 1752 1415 1794 excludat
1444 1754 1571 1801 alios,
1613 1754 1687 1794 sed
1719 1766 1811 1793 cum
1842 1751 2019 1805 reliquis

251 1818 295 1857 in
333 1819 458 1859 rebus
498 1824 585 1858 tum
625 1818 667 1857 in
707 1831 900 1858 sermone
940 1816 1151 1856 communi
1194 1816 1525 1856 vicissitudinem
1556 1829 1641 1856 non
1670 1815 1858 1869 iniquam
1888 1819 2018 1868 putet.

250 1881 310 1920 Ac
341 1881 479 1921 videat
517 1881 558 1920 in
600 1881 769 1934 primis,
811 1880 963 1933 quibus
1004 1878 1055 1918 de
1085 1879 1210 1919 rebus
1241 1879 1463 1932 loquatur:
1506 1880 1539 1919 si
1571 1879 1715 1926 seriis,
1756 1876 2017 1918 severitatem

252 1942 469 1990 adhibeat,
501 1943 535 1983 si
566 1944 741 1990 iocosis,
773 1943 974 1995 leporem.
1034 1942 1081 1981 In
1113 1941 1343 1994 primisque
1375 1940 1592 1995 provideat
1623 1954 1674 1981 ne
1706 1953 1842 1981 sermo
1872 1940 2019 1980 vitium

251 2004 422 2058 aliquod
463 2005 620 2045 indicet
662 2007 801 2046 inesse
844 2005 887 2044 in
926 2004 1132 2045 moribus:
1175 2005 1287 2057 quod
1329 2018 1521 2045 maxume
1561 2010 1648 2044 tum
1690 2003 1797 2044 solet
1835 2002 2018 2050 evenire,

201 2079 238 2109 30
254 2080 347 2107 cum
379 2067 566 2107 studiose
600 2068 650 2107 de
684 2066 928 2107 absentibus
960 2067 1206 2107 detrahendi
1239 2079 1363 2106 causa
1394 2073 1465 2106 aut
1497 2080 1571 2119 per
1600 2065 1822 2106 ridiculum
1854 2070 1926 2105 aut
1955 2078 2019 2105 se-

251 2143 370 2177 vere,
402 2129 606 2169 maledice
638 2129 1028 2182 contumelioseque
1060 2128 1224 2168 dicitur.
1286 2126 1380 2168 435.
1419 2129 1637 2169 Habentur
1666 2133 1805 2168 autem
1837 2128 2019 2181 plerum-

252 2205 336 2245 que
367 2204 578 2231 sermones
610 2197 681 2231 aut
712 2192 763 2231 de
795 2191 1039 2231 domesticis
1071 2191 1253 2243 negotiis
1284 2197 1355 2231 aut
1377 2192 1427 2231 de
1448 2205 1492 2231 re
1513 2191 1683 2244 publica
1702 2194 1774 2230 aut
1794 2190 1846 2229 de
1867 2190 2019 2230 artium

253 2253 402 2294 studiis
434 2259 559 2306 atque
591 2253 793 2294 doctrina.
853 2253 999 2293 Danda
1030 2252 1155 2306 igitur
1186 2266 1315 2306 opera
1347 2260 1410 2293 est
1439 2259 1497 2300 ut,
1529 2254 1654 2293 etiam
1687 2252 1720 2292 si
1752 2252 1945 2292 aberrare
1965 2251 2018 2292 ad

253 2315 337 2355 alia
366 2316 575 2369 coeperit,
615 2316 667 2356 ad
698 2316 801 2356 haec
831 2321 1052 2356 revocetur
1083 2316 1238 2363 oratio,
1271 2315 1344 2355 sed
1377 2320 1605 2369 utcumque
1635 2315 1838 2362 aderunt3
1878 2327 2017 2367 neque

203 2388 240 2418 35
253 2379 363 2419 enim
388 2392 532 2418 omnes
561 2378 694 2418 isdem
723 2378 775 2418 de
806 2379 931 2418 rebus
960 2391 1038 2418 uec
1065 2379 1178 2418 omni
1210 2384 1399 2431 tempore
1423 2391 1501 2417 nec
1529 2377 1721 2418 similiter
1747 2376 2017 2416 delectamur.

252 2440 681 2482 Animadvertendum
720 2446 784 2481 est
813 2441 958 2488 etiam,
991 2446 1199 2494 quatenus
1230 2453 1366 2480 sermo
1399 2440 1722 2480 delectationem
1752 2439 1924 2487 habeat,
1963 2444 2016 2487 et,

256 2509 302 2544 ut
331 2503 559 2556 incipiendi
589 2504 696 2543 ratio
728 2503 865 2551 fuerit,
896 2503 954 2542 ita
985 2503 1038 2543 sit
1068 2502 1289 2542 desinendi
1319 2502 1482 2542 modus.
1542 2502 1775 2541 XXXVIII.
1807 2498 1900 2540 436.
1933 2499 2015 2541 Sed

256 2580 338 2620 quo
370 2566 493 2606 modo
532 2566 574 2605 in
612 2565 724 2605 omni
763 2565 847 2605 vita
885 2565 1118 2606 rectissime
1156 2565 1414 2618 praecipitur
1444 2570 1489 2605 ut
1518 2563 1854 2618 perturbationes
1883 2561 2017 2616 fugia-

343 2728 373 2758 ’1.
398 2736 450 2758 res
473 2735 554 2766 quas
578 2734 596 2757 e
624 2743 658 2748 -
696 2725 892 2757 obedientem
916 2724 1040 2755 rationi
1064 2733 1082 2756 c
1117 2742 1151 2747 —
1190 2725 1330 2756 rationis
1353 2725 1381 2756 H
1419 2742 1454 2746 —
1493 2724 1712 2756 oboedientem
1734 2724 1798 2755 AB
1814 2722 1893 2755 Hb:
1920 2722 2019 2755 obae-

255 2775 392 2807 dientem
415 2785 451 2814 a,
479 2777 675 2808 obedientem
700 2783 745 2807 co
783 2792 815 2797 —
856 2775 887 2806 6.
913 2778 1095 2814 sequantur
1119 2784 1156 2808 a;
1189 2778 1411 2814 persequatur
1434 2782 1453 2805 c
1488 2791 1530 2797 —
1566 2774 1597 2804 7.
1622 2774 1703 2805 haut
1725 2773 1779 2805 Ba
1815 2789 1850 2794 —
1887 2772 1918 2803 9.
1944 2774 2019 2803 sunt

257 2833 328 2857 om.
347 2833 365 2856 c
398 2843 432 2848 —
470 2825 581 2857 ἧιιαίιὶ
604 2835 625 2858 a
652 2844 686 2848 —
712 2826 835 2865 referta
857 2828 931 2855 sunt
956 2825 1067 2856 omnia
1091 2832 1109 2855 c
1147 2842 1182 2847 —
1222 2826 1272 2856 40.
1300 2833 1385 2864 quae
1408 2822 1497 2856 Aflc:
1525 2823 1681 2862 quoniam
1705 2824 1780 2864 (per
1796 2821 2017 2862 compendia)

256 2876 374 2907 A¹BH
390 2877 441 2907 ab
479 2893 513 2899 -
552 2876 604 2906 112.
631 2876 695 2907 duo
717 2884 837 2916 genero
863 2883 1041 2913 sequamur
1065 2881 1083 2904 c
1125 2891 1158 2896 -
1203 2873 1254 2905 43.
1279 2874 1452 2913 petendum
1476 2875 1601 2905 Aaco
1641 2890 1675 2895 -
1718 2871 1770 2904 44.
1795 2871 1904 2902 Nichil
1926 2871 2019 2902 aliud

255 2923 319 2963 fuit
342 2931 406 2963 opz
434 2927 519 2963 quod
540 2926 601 2964 fuit
625 2935 646 2957 a
679 2943 712 2948 -
754 2925 805 2956 ⁴6.
832 2925 876 2954 hii
900 2924 1005 2955 ΑΒΗ
1019 2924 1052 2962 b,
1078 2924 1124 2962 hij
1148 2931 1177 2963 o,
1204 2924 1236 2954 Ιιι
1260 2931 1308 2955 ao
1349 2940 1383 2945 —
1422 2924 1475 2955 ⁹2⁴.
1502 2924 1536 2954 in
1560 2923 1615 2954 illo
1637 2923 1707 2962 ipso
1730 2921 1880 2953 BHao:
1906 2922 1942 2952 in
1963 2920 2019 2952 <tto

256 2974 324 3012 ipse
354 2974 428 3011 Ab3
464 2975 500 3005 in
521 2975 591 3014 ipso
614 2976 668 3006 itto
700 2983 718 3006 o
760 2993 794 2997 -
836 2975 888 3005 95.
916 2974 1068 3005 uenerint
1099 2981 1117 3003 c
1156 2991 1198 2995 ——-
1235 2982 1309 3004 cum
1332 2973 1451 3011 reliqui
1474 2973 1537 3004 sint
1558 2972 1684 3003 robusti
1706 2972 1740 3002 in
1762 2978 1909 3002 sermone
1932 2977 1954 3001 a
1979 2984 2015 2992 --

257 3023 311 3054 26.
336 3026 405 3053 tum
427 3025 527 3054 etiarn
549 3026 583 3055 in
611 3032 629 3055 c
672 3042 707 3047 ——
747 3024 799 3055 29.
825 3025 927 3055 inesse
951 3023 1132 3054 minoribus
1163 3031 1203 3054 0:
1236 3023 1336 3054 inesse
1358 3022 1504 3054 moribus
1533 3023 1558 3053 B
1600 3040 1635 3044 —
1677 3021 1730 3052 32.
1757 3022 1817 3051 aut
1838 3019 2020 3051 domesticis

260 3073 341 3112 (om.
361 3073 408 3110 de)
434 3081 451 3103 e
489 3090 523 3095 —
562 3073 614 3104 33.
639 3074 754 3114 ἐρίων]
772 3083 850 3105 uero
875 3072 912 3104 B¹
947 3088 980 3094 —
1019 3075 1056 3103 ut
1078 3073 1104 3102 si
1127 3073 1226 3103 etiam
1251 3073 1409 3104 aberrare
1433 3080 1450 3103 c
1483 3089 1517 3093 —
1557 3071 1608 3102 35.
1635 3078 1744 3102 omnes
1767 3077 1805 3100 o:
1832 3077 1900 3101 om.
1917 3068 2017 3100 ABH

258 3120 309 3153 ab
335 3138 377 3143 -—
400 3122 500 3152 isdem
523 3123 625 3154 Aah:
651 3124 773 3155 hisdem
797 3124 820 3154 B
836 3124 886 3160 113
911 3123 1030 3154 eisdem
1054 3130 1072 3152 c
1087 3130 1105 3153 ο
1134 3139 1165 3143 -
1201 3123 1404 3153 delectamur
1427 3123 1505 3153 Car.
1524 3119 1674 3152 Scheibe
1699 3120 1732 3150 in
1756 3119 1864 3150 Iahnii
1881 3117 2014 3150 Annali.

258 3169 376 3211 philol.
403 3169 520 3202 vol.81l
548 3181 578 3211 p.
596 3172 669 3204 374,
704 3189 738 3194 -—
773 3173 810 3204 de
833 3173 865 3203 in
892 3171 1008 3203 multis
1033 3171 1135 3203 codd.
1162 3175 1243 3210 (non
1268 3172 1302 3202 in
1327 3171 1425 3210 meis)
1452 3171 1622 3202 omissum
1645 3168 1698 3200 alii
1720 3167 1953 3201 secluserunt.
1975 3183 2011 3189 ·-

260 3221 314 3252 36.
340 3224 385 3252 est
407 3229 581 3260 superscr.
601 3222 633 3252 in
657 3222 677 3253 b
706 3238 739 3244 —
781 3223 938 3261 quatinus
960 3223 982 3252 Α
1000 3222 1023 3253 Β
1066 3239 1101 3243 --
1142 3220 1194 3251 37.
1220 3222 1335 3252 modus
1357 3221 1521 3252 desinendi
1545 3228 1563 3251 c
1585 3235 1629 3243 —
1651 3218 1829 3251 destinandi
1852 3226 1890 3255 ο,;
1916 3216 2015 3247 desti-

260 3271 363 3301 nandi
385 3270 439 3302 Ab
468 3288 500 3293 —-
527 3270 579 3302 38.
606 3279 668 3310 quo
690 3272 786 3302 modo
809 3274 836 3303 Α
850 3272 873 3302 Β
887 3272 915 3303 H
929 3272 964 3303 b:
994 3272 1151 3311 quoniam
1174 3271 1250 3312 (per
1267 3271 1529 3312 compendium)
1554 3278 1595 3308 ας
1620 3277 1716 3309 quem
1737 3268 1782 3301 ad
1802 3268 1935 3300 modum
1958 3272 1989 3297 ο.

2240 142 2249 238 av-v-
2240 111 2246 133 -·
2240 88 2241 91 „
