2249 3624
339 158 420 199 302
675 160 966 201 TUSCULAN.
987 161 1263 202 DISPUTAT.
1293 162 1381 201 Lm.
1404 161 1473 201 111.
1505 159 1564 214 §5
1596 159 1775 201 83—84.

340 280 511 321 corpore
543 265 722 306 curando
755 265 950 306 minimae
982 266 1106 307 etiam
1138 267 1259 320 parti,
1291 267 1325 306 si
1358 266 1588 313 condoluit,
1619 266 1852 314 medentur,
1885 267 1945 307 sic
1967 267 2104 320 philo-

338 330 487 382 sophia
519 343 611 369 cum
642 328 881 368 universam
911 329 1214 382 aegritudinem
1247 328 1427 376 sustulit,
1459 329 1620 368 sustulit
1640 329 1778 376 etiam,
1810 329 1844 368 si
1874 330 1967 383 quis
1989 343 2105 369 error

338 393 531 432 alicunde
562 391 715 438 extitit,
755 390 790 430 si
821 398 1046 444 paupertas
1078 391 1325 439 momordit,
1357 391 1392 430 si
1423 390 1654 443 ignominia
1694 391 1896 444 pupugit,
1938 392 1973 431 si
2005 391 2105 445 quid

336 457 601 497 tenebrarum
633 452 796 493 obfudit
824 453 1018 494 exsilium
1049 460 1119 494 aut
1150 467 1308 501 eorum,
1341 466 1449 506 quae
1478 453 1602 493 modo
1625 452 1734 501 dixi,
1767 453 1800 493 si
1825 454 1927 507 quid
1949 453 2106 501 extitit3

304 520 414 560 5etsi
447 517 702 570 singularum
731 529 871 555 rerum
902 522 998 555 sunt
1027 517 1220 569 propriae
1253 514 1581 562 consolationes,
1614 515 1665 554 de
1699 515 1853 568 quibus
1885 515 2032 555 audies
2063 521 2108 555 tu

338 580 522 634 quidem,
545 593 638 619 cum
659 577 788 618 voles.
830 578 910 617 Sed
933 578 985 618 ad
1007 578 1186 618 eundem
1207 577 1363 617 fontem
1385 576 1679 616 revertendum
1703 582 1779 625 est,
1803 577 2108 631 aegritudinem

336 656 501 683 omnem
532 640 679 695 procul
709 640 853 680 abesse
884 653 909 680 a
939 641 1144 693 sapiente,
1177 639 1290 693 quod
1322 640 1457 679 inanis
1489 640 1562 687 sit,
1595 639 1709 693 quod
1731 639 1885 679 frustra
1908 640 2110 693 suscipia-

334 711 421 752 tur,
455 702 569 758 quod
599 716 683 742 non
714 708 861 742 natura
892 703 1128 749 exoriatur,
1161 703 1233 742 sed
1265 701 1443 749 iudicio,
1476 702 1549 742 sed
1580 702 1797 755 opinione,
1830 701 1903 742 sed
1927 702 2107 756 quadam

335 767 581 808 invitatione
612 765 665 805 ad
696 765 944 812 dolendum,
976 778 1069 805 cum
1091 765 1134 804 id
1156 764 1466 804 decreverimus
1488 764 1546 804 ita
1567 762 1658 804 fieri
1682 770 1890 817 oportere.
1931 762 1997 803 83.
2020 764 2110 803 Hoc

286 842 322 870 lo
337 830 545 876 detracto,
577 828 689 881 qnod
715 833 848 867 totum
871 833 932 867 est
953 827 1256 876 voluntarium,
1288 827 1503 880 aegritudo
1527 828 1606 868 erit
1627 827 1790 867 sublata
1812 827 1883 866 illa
1905 839 2108 874 maerens,

335 905 500 932 morsus
542 897 682 930 tamen
728 895 769 930 et
809 889 1190 930 contractiunculae
1232 890 1437 943 quaedam
1476 890 1603 929 animi
1634 889 1941 942 relinquentur.
1993 889 2109 928 Hanc

336 955 475 995 dicant
514 967 612 994 sane
654 952 905 1000 naturalem,
943 952 1042 992 dum
1083 952 1358 1005 aegritudinis
1399 966 1553 992 nomen
1583 952 1692 992 absit
1730 964 1876 1005 grave,
1918 955 2109 998 taetrum,

333 1016 567 1063 funestum,
600 1015 715 1069 quod
747 1029 839 1055 cum
871 1014 1075 1067 sapientia
1107 1028 1198 1054 esse
1229 1019 1377 1068 atque,
1409 1020 1454 1054 ut
1485 1015 1543 1054 ita
1575 1014 1730 1061 dicam,
1767 1013 1956 1053 habitare
1987 1013 2104 1052 nullo

335 1079 460 1119 modo
501 1078 648 1131 possit.
705 1078 757 1117 At
798 1090 905 1130 quae
947 1076 1095 1129 stirpes
1135 1082 1229 1116 sunt
1266 1077 1560 1130 aegritudinis,
1604 1089 1729 1130 quam
1761 1075 1940 1123 multae,
1986 1088 2110 1128 quam

286 1154 321 1183 ⁴5
335 1142 525 1182 amarae!
570 1154 679 1194 quae
718 1140 810 1193 ipso
849 1145 997 1179 trunco
1030 1152 1175 1179 everso
1207 1152 1353 1178 omnes
1386 1138 1607 1179 elidendae
1641 1144 1738 1178 sunt
1770 1143 1833 1185 et,
1870 1138 1906 1178 si
1938 1150 2109 1178 necesse

335 1205 432 1253 erit,
464 1204 638 1257 singulis
670 1201 1039 1255 disputationibus.
1087 1202 1286 1255 Superest
1317 1201 1428 1241 enim
1460 1201 1583 1242 nobis
1614 1200 1716 1248 hoc,
1750 1200 2005 1240 cuicuimodi
2034 1205 2109 1247 est,

335 1268 479 1308 otium.
527 1265 609 1306 Sed
640 1266 744 1305 ratio
777 1276 859 1303 una
889 1263 1071 1303 omnium
1106 1270 1168 1303 est
1198 1264 1528 1316 aegritudinum,
1562 1264 1682 1317 plura
1714 1263 1909 1309 nomina;
1942 1275 2036 1301 nam
2069 1266 2110 1301 et

333 1330 522 1370 invidere
562 1327 838 1381 aegritudinis
879 1332 941 1366 est
981 1332 1021 1365 et
1059 1326 1258 1365 aemulari
1300 1332 1339 1366 et
1375 1327 1610 1366 obtrectare
1642 1331 1682 1365 et
1713 1324 1900 1364 misereri
1932 1328 1973 1363 et
2003 1324 2111 1377 angi,

332 1393 498 1445 lugere,
530 1404 729 1437 maerere,
761 1402 961 1429 aerumna
982 1386 1122 1435 adfici,
1154 1389 1385 1435 lamentari,
1418 1388 1646 1435 sollicitari,
1669 1387 1825 1434 dolere,
1855 1386 1895 1425 in
1919 1385 2111 1424 molestia

283 1466 319 1495 20
334 1468 447 1502 esse,
479 1453 695 1499 adflictari,
727 1451 963 1504 desperare.
1011 1448 1078 1490 84.
1104 1451 1217 1489 Haec
1239 1451 1380 1490 omnia
1403 1450 1608 1490 definiunt
1631 1449 1782 1496 Stoici,
1817 1461 1948 1501 eaque
1970 1445 2108 1495 verba,

334 1531 441 1570 quae
474 1517 581 1562 dixi,
614 1514 870 1567 singularum
902 1527 1040 1552 rerum
1073 1519 1188 1560 sunt,
1221 1526 1323 1559 non,
1354 1517 1402 1552 ut
1432 1514 1646 1559 videntur,
1680 1511 1849 1551 easdem
1882 1523 1947 1549 res
1980 1510 2109 1562 signi-

334 1580 480 1627 ficant,
513 1579 585 1619 sed
617 1576 780 1629 aliquid
813 1576 1032 1623 differunt,
1065 1576 1175 1628 quod
1207 1576 1289 1615 alio
1326 1576 1419 1615 loco
1451 1575 1629 1615 fortasse
1660 1573 1943 1614 tractabimus.
1994 1571 2108 1610 Haec

334 1648 429 1682 sunt
460 1641 558 1680 illae
589 1638 715 1679 fibrae
748 1639 960 1690 stirpium,
1003 1651 1106 1690 quas
1138 1637 1257 1676 initio
1291 1637 1395 1684 dixi,
1437 1636 1752 1690 persequendae
1785 1641 1826 1674 et
1856 1646 2000 1672 omnes
2033 1632 2105 1672 eli-

334 1704 518 1750 dendae,
553 1717 604 1742 ne
636 1714 832 1755 uinquam
866 1700 950 1739 ulla
980 1700 1113 1752 possit
1144 1700 1336 1739 existere.
1385 1701 1579 1752 Magnum
1607 1712 1711 1751 opus
1734 1704 1776 1737 et
1796 1696 1978 1743 difficile,
2011 1695 2106 1749 quis

284 1768 484 1820 25negat?
518 1765 618 1818 quid
649 1770 788 1803 autem
819 1762 1077 1816 praeclarum
1110 1776 1191 1801 non
1223 1762 1333 1801 iden]
1366 1761 1571 1801 arduum?
1605 1761 1677 1800 sed
1709 1766 1848 1800 tamen
1879 1760 1921 1799 id
1944 1772 1987 1798 se
2010 1759 2109 1798 effe-

330 1835 485 1869 cturam
526 1826 792 1881 philosophia
831 1823 1072 1879 profitetur,
1120 1839 1196 1864 nos
1247 1824 1371 1865 niodo
1414 1824 1671 1863 curationem
1711 1823 1802 1862 eius
1840 1822 2108 1874 recipiamus.

329 1892 485 1931 Verum
515 1890 618 1929 haec
651 1888 821 1942 quidem
854 1889 1075 1927 hactenus:
1109 1894 1246 1927 cetera
1269 1887 1652 1940 quotienscumque
1677 1885 1828 1925 voletis
1850 1890 1891 1925 et
1911 1884 1991 1924 hoc
2014 1884 2108 1923 loco

330 1960 372 1995 et
402 1954 492 1994 aliis
523 1958 665 2007 parata
696 1951 816 1991 vobis
850 1955 982 1989 erunt.

417 2105 446 2135 l.
473 2103 608 2134 minime
633 2100 697 2131 GR
720 2106 753 2120 —·
782 2099 813 2128 Ξ.
841 2097 985 2132 sumum,
1011 2097 1140 2127 suslulit
1169 2097 1284 2136 etiam,
1310 2097 1338 2128 si
1362 2095 1490 2128 Keilius
1517 2097 1685 2134 (Quaestt.
1711 2094 1796 2126 Tull.
1826 2096 1928 2136 Spec.
1948 2104 1982 2136 p.
2003 2095 2107 2126 XVIII

328 2155 411 2196 sq.):
439 2153 584 2190 sustulit,
605 2155 725 2187 lamen,
750 2149 776 2179 si
794 2148 851 2179 CO
877 2166 909 2170 —
936 2148 1086 2178 alicunde
1106 2147 1302 2178 Ernestius:
1330 2147 1463 2177 aliunde
1487 2146 1510 2177 C
1527 2148 1562 2177 O.
1592 2146 1674 2178 «Ubi
1692 2145 1814 2176 Cicero
1834 2145 1935 2176 dicit:
1965 2145 2002 2174 ut
2028 2153 2106 2175 me-

328 2205 395 2237 dici
418 2206 450 2235 in
473 2206 539 2234 toto
557 2208 705 2241 corpore
723 2198 880 2229 curando
904 2197 1069 2228 minimae
1089 2197 1193 2227 eliani
1213 2197 1316 2235 parsi,
1343 2197 1370 2227 si
1389 2195 1621 2234 condoluerit,
1640 2195 1862 2231 medeantur,
1883 2194 1933 2226 sic
1950 2192 2107 2234 philoso-

326 2256 444 2297 phiam
471 2254 622 2284 unii-ersa
646 2247 863 2288 aegritudine
889 2246 1024 2278 sublata
1048 2250 1164 2277 tannen
1189 2246 1399 2285 singyularwn
1423 2245 1680 2285 aegritudinum
1699 2245 1745 2283 (ut
1764 2244 1992 2285 paupertatis,
2012 2244 2108 2283 igno-

327 2306 468 2342 miniae,
490 2301 592 2335 exilii,
612 2300 757 2332 aliarum
776 2306 892 2329 reruni
909 2298 1067 2338 proprias
1083 2295 1340 2327 consolationes
1359 2295 1497 2331 afferre,
1515 2304 1638 2326 omnes
1657 2294 1760 2334 vulgo
1779 2296 1828 2325 sic
1847 2294 1973 2325 edunt:
1993 2293 2107 2332 siquis

327 2365 423 2388 error
441 2355 471 2394 <i⁴
489 2363 517 2385 e.
539 2353 654 2393 opinio
672 2349 753 2381 mali
772 2349 979 2390 praesentis,
1001 2348 1033 2378 in
1053 2356 1120 2387 quo
1140 2347 1217 2386 angi
1235 2348 1398 2387 oportere
1417 2345 1585 2383 videatur)
1604 2344 1774 2375 aliunde
1799 2344 1907 2375 exsilit
1922 2344 1989 2375 cet.
2017 2342 2106 2381 Quid

328 2407 378 2436 est
404 2403 563 2435 aliunde?
588 2410 631 2432 an
655 2398 871 2438 intelligitur:
900 2401 998 2436 alque
1021 2398 1218 2427 universa
1245 2396 1446 2435 aegritudo?
1471 2396 1511 2425 At
1538 2394 1626 2424 haec
1644 2393 1787 2434 quidem
1806 2395 1948 2434 cogitari
1971 2395 2106 2425 tantum

327 2456 459 2495 potest:
496 2462 539 2484 ex
568 2454 657 2482 ceria
689 2449 835 2488 quadani
867 2456 904 2477 re
936 2456 1005 2477 non
1040 2447 1164 2477 existit.
1204 2445 1435 2476 Scribendum
1463 2445 1536 2476 est:
1570 2444 1596 2474 si
1621 2445 1693 2483 quis
1717 2451 1813 2474 error
1836 2443 2028 2474 alicunde
2053 2443 2106 2482 (ex

328 2503 442 2544 aliqua
467 2511 535 2533 una
559 2511 597 2533 re
621 2517 659 2531 =
684 2509 726 2532 ex
749 2499 886 2538 sinyulis
910 2498 1015 2536 rebus)
1039 2497 1163 2528 emilii.
1191 2495 1285 2536 quod
1311 2495 1481 2536 superiori
1508 2495 1663 2525 minimae
1686 2494 1786 2525 eliani
1804 2493 1947 2533 parti,
1977 2494 2005 2523 si
2027 2501 2106 2524 con—

327 2553 430 2584 doluit
453 2553 515 2583 rite
542 2550 744 2592 respondet.
772 2550 821 2579 De
842 2547 1004 2579 codicum
1024 2546 1227 2578 confusione
1247 2546 1288 2576 cf.
1309 2546 1333 2583 Ι,
1354 2544 1429 2575 53.»
1450 2544 1503 2575 W.
1527 2561 1560 2565 -—
1582 2542 1612 2573 3.
1637 2543 1767 2583 pupigyil
1792 2543 1877 2574 G¹R¹
1897 2559 1930 2563 —
1951 2541 1981 2573 4.
2003 2550 2106 2581 quae-

329 2612 389 2642 que
419 2603 515 2633 morlo
548 2601 571 2633 C
603 2617 638 2623 -
673 2601 704 2631 5.
731 2599 789 2630 elsi
813 2598 846 2638 (i.
875 2606 904 2628 e.
933 2596 1146 2636 quamquam)
1172 2595 1320 2626 Keilius:
1348 2598 1376 2626 et
1398 2594 1425 2624 si
1451 2593 1493 2630 C;
1522 2592 1563 2633 [et
1585 2593 1622 2634 si]
1649 2591 1819 2623 Lambino
1845 2594 1988 2623 auctore
2015 2592 2039 2623 O
2066 2608 2101 2614 -

329 2653 359 2683 9.
385 2652 442 2683 hoc
467 2652 612 2683 detracto
629 2650 921 2688 ——relinquentur
942 2647 1073 2679 Nonius
1099 2655 1132 2686 p.
1153 2646 1205 2676 92.
1229 2663 1263 2666 —
1292 2644 1341 2675 210.
1370 2642 1440 2683 illa]
1466 2643 1515 2673 ila
1539 2643 1576 2673 G¹
1597 2660 1631 2665 —-
1660 2642 1711 2673 ll.
1738 2641 2026 2673 contractiuncula
2049 2650 2104 2673 re-

328 2702 495 2741 linquetur
518 2699 676 2739 Bentley,
704 2700 728 2730 O
757 2716 791 2721 ——
819 2698 963 2737 quadam
989 2697 1067 2727 GR¹
1093 2712 1126 2716 —
1155 2694 1206 2726 44.
1231 2697 1334 2733 polest.
1358 2693 1449 2723 Bake
1474 2691 1495 2722 l.
1515 2691 1536 2722 l.
1564 2700 1596 2732 p.
1618 2692 1670 2723 97.
1700 2709 1734 2714 —-
1761 2692 1801 2723 At
1826 2700 1910 2730 quae
1932 2690 2099 2732 Bentley:

329 2755 426 2791 atque
451 2751 474 2782 C
503 2768 536 2772 —
567 2752 618 2781 115.
644 2749 812 2790 eligendae
837 2748 882 2784 C;
909 2746 1086 2777 eiiciendae
1110 2744 1285 2779 Klotzius;
1311 2744 1396 2773 item
1421 2751 1453 2772 v.
1472 2741 1512 2772 23
1540 2741 1615 2781 (nisi
1641 2741 1734 2781 quod
1759 2740 1804 2772 ibi
1830 2742 1997 2782 eligendae
2019 2741 2054 2772 in
2078 2742 2103 2772 R

329 2809 376 2832 m.
404 2800 601 2831 recentiore
634 2799 834 2830 correctum
866 2798 918 2827 est
947 2796 979 2826 in
1010 2794 1199 2833 elidendae).
1236 2792 1286 2824 Cf.
1313 2793 1340 2823 II
1367 2793 1384 2833 g
1409 2792 1461 2823 ⁵27.
1492 2808 1526 2814 -—
1562 2792 1613 2822 vlS.
1641 2795 1669 2822 et
1700 2794 1779 2823 ante
1811 2793 1890 2832 angi
1914 2800 1984 2823 om.
2013 2791 2037 2822 Ο
2063 2807 2099 2813 ——

330 2851 382 2881 49.
408 2850 581 2881 sollicitari
605 2858 674 2880 om.
698 2846 737 2879 G¹
763 2866 798 2870 —
825 2847 879 2878 ⁶20.
904 2845 1009 2877 slotici
1034 2845 1059 2875 G
1088 2861 1122 2866 -—-
1148 2844 1200 2874 2²2.
1226 2843 1313 2873 Haec
1339 2842 1382 2873 C:
1409 2841 1538 2872 Han.
1566 2840 1648 2871 Cf.1
1674 2840 1762 2881 3:22.
1790 2841 1829 2872 lv
1849 2841 1868 2881 ἓ
1886 2841 1938 2872 36.
1965 2840 1993 2871 V
2011 2840 2029 2881 ἓ
2047 2840 2100 2872 84.

330 2899 531 2931 Fleckeisen
556 2899 589 2930 in
613 2900 699 2930 Mus.
727 2897 837 2928 Rhen.
863 2896 902 2928 N.
930 2896 963 2926 S.
982 2894 1053 2932 Vll,
1072 2893 1134 2924 273
1153 2900 1231 2932 sqq.
1261 2909 1295 2914 —
1322 2890 1374 2922 24.
1401 2891 1471 2921 ulla
1494 2898 1655 2929 umquam
1678 2889 1703 2920 O
1731 2907 1765 2912 —
1791 2890 1846 2921 27.
1871 2890 1950 2922 haec
1973 2890 2102 2929 quidem

329 2951 373 2983 W
398 2949 486 2990 (coll.
513 2950 568 2987 111,
595 2949 625 2981 4.
652 2948 705 2980 42.
731 2948 786 2985 IV,
813 2947 843 2978 3.
870 2946 896 2985 Ι,
922 2945 975 2977 99.
1002 2943 1077 2975 449.
1103 2942 1144 2981 V,
1172 2942 1223 2973 ll.
1251 2940 1303 2972 39.
1338 2939 1444 2972 Acad.
1471 2941 1495 2979 I,
1522 2939 1575 2971 ⁵2l.
1609 2938 1705 2971 Offic.
1733 2940 1756 2979 1,
1785 2939 1836 2971 49.
1862 2940 1918 2979 ΙΙΙ,
1945 2939 1999 2972 47.
2025 2940 2098 2972 InV.

328 3000 369 3039 ΙΙ,
397 3000 487 3039 ll5):
517 2999 646 3037 quidem
668 2998 747 3030 haec
772 2998 796 3029 C
812 2997 857 3032 Ο.
