<?xml version="1.0" encoding="UTF-8"?>
<!DOCTYPE html PUBLIC "-//W3C//DTD XHTML 1.0 Transitional//EN"
    "http://www.w3.org/TR/xhtml1/DTD/xhtml1-transitional.dtd">
<html xmlns="http://www.w3.org/1999/xhtml" xml:lang="en" lang="en">
 <head>
  <title>
</title>
<meta http-equiv="Content-Type" content="text/html;charset=utf-8" />
  <meta name='ocr-system' content='tesseract 3.04.00' />
  <meta name='ocr-capabilities' content='ocr_page ocr_carea ocr_par ocr_line ocrx_word'/>
</head>
<body>
  <div class='ocr_page' id='page_1' title='image "./operaquaesupersu04ciceuoft_0207.png"; bbox 0 0 2249 3624; ppageno 0'>
   <div class='ocr_carea' id='block_1_1' title="bbox 580 158 1899 213">
    <p class='ocr_par' dir='ltr' id='par_1_1' title="bbox 580 158 1899 213">
     <span class='ocr_line' id='line_1_1' title="bbox 580 158 1899 213; baseline -0.002 -11"><span class='ocrx_word' id='word_1_1' title='bbox 580 163 665 202; x_wconf 77' lang='lat' dir='ltr'>Lm.</span> <span class='ocrx_word' id='word_1_2' title='bbox 697 163 744 201; x_wconf 92' lang='lat' dir='ltr'>V.</span> <span class='ocrx_word' id='word_1_3' title='bbox 783 161 878 201; x_wconf 75' lang='lat' dir='ltr'>CAP.</span> <span class='ocrx_word' id='word_1_4' title='bbox 914 162 1122 200; x_wconf 82' lang='lat' dir='ltr'>VI—VlI.</span> <span class='ocrx_word' id='word_1_5' title='bbox 1162 159 1221 213; x_wconf 81' lang='lat'>§§</span> <span class='ocrx_word' id='word_1_6' title='bbox 1255 158 1449 200; x_wconf 59' lang='lat' dir='ltr'>4:3-2’o,</span> <span class='ocrx_word' id='word_1_7' title='bbox 1828 158 1899 200; x_wconf 72' lang='lat'>484</span> 
     </span>
    </p>
   </div>
   <div class='ocr_carea' id='block_1_2' title="bbox 127 273 1958 2568">
    <p class='ocr_par' dir='ltr' id='par_1_2' title="bbox 127 273 1958 2568">
     <span class='ocr_line' id='line_1_2' title="bbox 141 273 1907 328; baseline -0.001 -12"><span class='ocrx_word' id='word_1_8' title='bbox 141 288 286 316; x_wconf 90' lang='lat' dir='ltr'>omnes</span> <span class='ocrx_word' id='word_1_9' title='bbox 316 275 381 322; x_wconf 88' lang='lat' dir='ltr'>id,</span> <span class='ocrx_word' id='word_1_10' title='bbox 413 277 455 314; x_wconf 89' lang='lat' dir='ltr'>in</span> <span class='ocrx_word' id='word_1_11' title='bbox 488 288 571 328; x_wconf 90' lang='lat' dir='ltr'>quo</span> <span class='ocrx_word' id='word_1_12' title='bbox 605 274 824 328; x_wconf 85' lang='lat' dir='ltr'>prudentia</span> <span class='ocrx_word' id='word_1_13' title='bbox 857 278 1090 313; x_wconf 75' lang='lat' dir='ltr'>versaretur</span> <span class='ocrx_word' id='word_1_14' title='bbox 1120 280 1159 313; x_wconf 91' lang='lat' dir='ltr'>et</span> <span class='ocrx_word' id='word_1_15' title='bbox 1190 273 1303 326; x_wconf 91' lang='lat' dir='ltr'>quod</span> <span class='ocrx_word' id='word_1_16' title='bbox 1332 275 1500 328; x_wconf 81' lang='lat' dir='ltr'>assequi</span> <span class='ocrx_word' id='word_1_17' title='bbox 1525 274 1673 319; x_wconf 87' lang='lat' dir='ltr'>vellet,</span> <span class='ocrx_word' id='word_1_18' title='bbox 1705 278 1845 327; x_wconf 85' lang='lat' dir='ltr'>aptum</span> <span class='ocrx_word' id='word_1_19' title='bbox 1868 281 1907 314; x_wconf 88' lang='lat' dir='ltr'>et</span> 
     </span>
     <span class='ocr_line' id='line_1_3' title="bbox 140 336 1907 390; baseline -0.002 -12"><span class='ocrx_word' id='word_1_20' title='bbox 140 338 497 378; x_wconf 86' lang='lat' dir='ltr'>accommodatum</span> <span class='ocrx_word' id='word_1_21' title='bbox 529 343 700 376; x_wconf 84' lang='lat' dir='ltr'>naturae</span> <span class='ocrx_word' id='word_1_22' title='bbox 732 350 823 375; x_wconf 79' lang='lat' dir='ltr'>csse</span> <span class='ocrx_word' id='word_1_23' title='bbox 855 342 1046 389; x_wconf 72' lang='lat' dir='ltr'>oportere</span> <span class='ocrx_word' id='word_1_24' title='bbox 1077 342 1116 374; x_wconf 79' lang='lat' dir='ltr'>ct</span> <span class='ocrx_word' id='word_1_25' title='bbox 1148 336 1252 381; x_wconf 76' lang='lat' dir='ltr'>tale,</span> <span class='ocrx_word' id='word_1_26' title='bbox 1289 341 1332 375; x_wconf 91' lang='lat' dir='ltr'>ut</span> <span class='ocrx_word' id='word_1_27' title='bbox 1364 337 1499 389; x_wconf 73' lang='lat' dir='ltr'>ipsun]</span> <span class='ocrx_word' id='word_1_28' title='bbox 1532 350 1606 390; x_wconf 87' lang='lat' dir='ltr'>per</span> <span class='ocrx_word' id='word_1_29' title='bbox 1636 350 1680 375; x_wconf 88' lang='lat' dir='ltr'>se</span> <span class='ocrx_word' id='word_1_30' title='bbox 1712 336 1907 376; x_wconf 86' lang='lat' dir='ltr'>invitaret</span> 
     </span>
     <span class='ocr_line' id='line_1_4' title="bbox 141 398 1905 453; baseline -0.001 -13"><span class='ocrx_word' id='word_1_31' title='bbox 141 406 181 440; x_wconf 92' lang='lat' dir='ltr'>et</span> <span class='ocrx_word' id='word_1_32' title='bbox 219 400 405 440; x_wconf 81' lang='lat' dir='ltr'>alliceret</span> <span class='ocrx_word' id='word_1_33' title='bbox 443 401 671 453; x_wconf 81' lang='lat' dir='ltr'>appetitum</span> <span class='ocrx_word' id='word_1_34' title='bbox 703 400 853 445; x_wconf 81' lang='lat' dir='ltr'>animi,</span> <span class='ocrx_word' id='word_1_35' title='bbox 892 412 1015 451; x_wconf 78' lang='lat' dir='ltr'>quein</span> <span class='ocrx_word' id='word_1_36' title='bbox 1048 398 1185 449; x_wconf 41' lang='grc' dir='ltr'>ὁρμήν</span> <span class='ocrx_word' id='word_1_37' title='bbox 1220 400 1365 437; x_wconf 76' lang='lat' dir='ltr'>Graeci</span> <span class='ocrx_word' id='word_1_38' title='bbox 1400 406 1560 438; x_wconf 73' lang='lat' dir='ltr'>vocant.</span> <span class='ocrx_word' id='word_1_39' title='bbox 1623 398 1734 446; x_wconf 86' lang='lat' dir='ltr'><strong>Quid</strong></span> <span class='ocrx_word' id='word_1_40' title='bbox 1766 404 1905 438; x_wconf 80' lang='lat' dir='ltr'>autem</span> 
     </span>
     <span class='ocr_line' id='line_1_5' title="bbox 140 461 1906 515; baseline -0.001 -14"><span class='ocrx_word' id='word_1_41' title='bbox 140 463 211 507; x_wconf 84' lang='lat' dir='ltr'>sit,</span> <span class='ocrx_word' id='word_1_42' title='bbox 245 461 359 515; x_wconf 91' lang='lat' dir='ltr'>quod</span> <span class='ocrx_word' id='word_1_43' title='bbox 391 462 446 501; x_wconf 84' lang='lat' dir='ltr'>ita</span> <span class='ocrx_word' id='word_1_44' title='bbox 476 467 642 501; x_wconf 79' lang='lat' dir='ltr'>moveat</span> <span class='ocrx_word' id='word_1_45' title='bbox 673 462 812 513; x_wconf 88' lang='lat' dir='ltr'>itaque</span> <span class='ocrx_word' id='word_1_46' title='bbox 845 474 867 499; x_wconf 89' lang='lat' dir='ltr'>a</span> <span class='ocrx_word' id='word_1_47' title='bbox 900 467 1045 499; x_wconf 88' lang='lat' dir='ltr'>natura</span> <span class='ocrx_word' id='word_1_48' title='bbox 1079 461 1117 499; x_wconf 92' lang='lat' dir='ltr'>in</span> <span class='ocrx_word' id='word_1_49' title='bbox 1152 461 1284 513; x_wconf 83' lang='lat' dir='ltr'>primo</span> <span class='ocrx_word' id='word_1_50' title='bbox 1308 466 1398 500; x_wconf 84' lang='lat' dir='ltr'>ortu</span> <span class='ocrx_word' id='word_1_51' title='bbox 1423 467 1662 514; x_wconf 85' lang='lat' dir='ltr'>appetatur,</span> <span class='ocrx_word' id='word_1_52' title='bbox 1698 475 1781 500; x_wconf 92' lang='lat' dir='ltr'>non</span> <span class='ocrx_word' id='word_1_53' title='bbox 1806 474 1906 500; x_wconf 90' lang='lat' dir='ltr'>con-</span> 
     </span>
     <span class='ocr_line' id='line_1_6' title="bbox 139 522 1939 577; baseline -0.001 -15"><span class='ocrx_word' id='word_1_54' title='bbox 139 530 237 569; x_wconf 83' lang='lat' dir='ltr'>stat,</span> <span class='ocrx_word' id='word_1_55' title='bbox 280 522 416 575; x_wconf 80' lang='lat' dir='ltr'>deque</span> <span class='ocrx_word' id='word_1_56' title='bbox 450 536 499 561; x_wconf 90' lang='lat' dir='ltr'>eo</span> <span class='ocrx_word' id='word_1_57' title='bbox 532 529 594 562; x_wconf 85' lang='lat' dir='ltr'>est</span> <span class='ocrx_word' id='word_1_58' title='bbox 627 523 733 561; x_wconf 85' lang='lat' dir='ltr'>inter</span> <span class='ocrx_word' id='word_1_59' title='bbox 765 522 1061 574; x_wconf 83' lang='lat' dir='ltr'>philosophos,</span> <span class='ocrx_word' id='word_1_60' title='bbox 1103 536 1195 561; x_wconf 82' lang='lat' dir='ltr'>cuni</span> <span class='ocrx_word' id='word_1_61' title='bbox 1228 537 1435 562; x_wconf 83' lang='lat' dir='ltr'>suinnunn</span> <span class='ocrx_word' id='word_1_62' title='bbox 1468 524 1621 563; x_wconf 81' lang='lat' dir='ltr'>honuni</span> <span class='ocrx_word' id='word_1_63' title='bbox 1655 523 1939 577; x_wconf 62' lang='lat' dir='ltr'>exquiritur,ss</span> 
     </span>
     <span class='ocr_line' id='line_1_7' title="bbox 139 584 1906 637; baseline 0.001 -14"><span class='ocrx_word' id='word_1_64' title='bbox 139 585 271 623; x_wconf 88' lang='lat' dir='ltr'>omnis</span> <span class='ocrx_word' id='word_1_65' title='bbox 304 585 523 624; x_wconf 85' lang='lat' dir='ltr'><strong>dissensio.</strong></span> <span class='ocrx_word' id='word_1_66' title='bbox 575 584 718 623; x_wconf 83' lang='lat' dir='ltr'>&#39;l&#39;otius</span> <span class='ocrx_word' id='word_1_67' title='bbox 751 585 862 622; x_wconf 81' lang='lat' dir='ltr'>enini</span> <span class='ocrx_word' id='word_1_68' title='bbox 896 585 1156 635; x_wconf 65' lang='lat' dir='ltr'>quaestionis</span> <span class='ocrx_word' id='word_1_69' title='bbox 1190 585 1301 631; x_wconf 75' lang='lat' dir='ltr'>eius,</span> <span class='ocrx_word' id='word_1_70' title='bbox 1334 598 1440 637; x_wconf 75' lang='lat' dir='ltr'>quae</span> <span class='ocrx_word' id='word_1_71' title='bbox 1473 586 1650 625; x_wconf 85' lang='lat' dir='ltr'>habetur</span> <span class='ocrx_word' id='word_1_72' title='bbox 1681 585 1732 624; x_wconf 89' lang='lat' dir='ltr'>de</span> <span class='ocrx_word' id='word_1_73' title='bbox 1755 584 1906 624; x_wconf 87' lang='lat' dir='ltr'>linibus</span> 
     </span>
     <span class='ocr_line' id='line_1_8' title="bbox 137 646 1903 700; baseline 0.001 -16"><span class='ocrx_word' id='word_1_74' title='bbox 137 647 340 684; x_wconf 87' lang='lat' dir='ltr'>bonorum</span> <span class='ocrx_word' id='word_1_75' title='bbox 380 652 421 684; x_wconf 80' lang='lat' dir='ltr'>et</span> <span class='ocrx_word' id='word_1_76' title='bbox 463 647 687 691; x_wconf 82' lang='lat' dir='ltr'>malorum,</span> <span class='ocrx_word' id='word_1_77' title='bbox 729 660 820 684; x_wconf 84' lang='lat' dir='ltr'>cuin</span> <span class='ocrx_word' id='word_1_78' title='bbox 865 647 1082 698; x_wconf 71' lang='lat' dir='ltr'>quaeritur</span> <span class='ocrx_word' id='word_1_79' title='bbox 1122 647 1160 684; x_wconf 94' lang='lat' dir='ltr'>in</span> <span class='ocrx_word' id='word_1_80' title='bbox 1195 646 1257 684; x_wconf 80' lang='lat' dir='ltr'>liis</span> <span class='ocrx_word' id='word_1_81' title='bbox 1290 646 1388 699; x_wconf 89' lang='lat' dir='ltr'>quid</span> <span class='ocrx_word' id='word_1_82' title='bbox 1422 648 1474 686; x_wconf 85' lang='lat' dir='ltr'>sit</span> <span class='ocrx_word' id='word_1_83' title='bbox 1506 654 1762 695; x_wconf 71' lang='lat' dir='ltr'>extremuni,</span> <span class='ocrx_word' id='word_1_84' title='bbox 1804 647 1903 700; x_wconf 88' lang='lat' dir='ltr'>quid</span> 
     </span>
     <span class='ocr_line' id='line_1_9' title="bbox 136 707 1907 760; baseline 0.002 -15"><span class='ocrx_word' id='word_1_85' title='bbox 136 707 346 754; x_wconf 87' lang='lat' dir='ltr'>ultimum,</span> <span class='ocrx_word' id='word_1_86' title='bbox 384 707 478 746; x_wconf 87' lang='lat' dir='ltr'>fons</span> <span class='ocrx_word' id='word_1_87' title='bbox 520 707 793 759; x_wconf 78' lang='lat' dir='ltr'>reperiendus</span> <span class='ocrx_word' id='word_1_88' title='bbox 827 713 906 753; x_wconf 82' lang='lat' dir='ltr'>cst,</span> <span class='ocrx_word' id='word_1_89' title='bbox 948 709 987 746; x_wconf 92' lang='lat' dir='ltr'>in</span> <span class='ocrx_word' id='word_1_90' title='bbox 1022 722 1106 760; x_wconf 90' lang='lat' dir='ltr'>qno</span> <span class='ocrx_word' id='word_1_91' title='bbox 1139 710 1217 746; x_wconf 75' lang='lat' dir='ltr'>sint</span> <span class='ocrx_word' id='word_1_92' title='bbox 1254 710 1384 760; x_wconf 82' lang='lat' dir='ltr'>prinia</span> <span class='ocrx_word' id='word_1_93' title='bbox 1418 710 1688 749; x_wconf 74' lang='lat' dir='ltr'>invitanienta</span> <span class='ocrx_word' id='word_1_94' title='bbox 1720 715 1907 756; x_wconf 78' lang='lat' dir='ltr'>naturae,</span> 
     </span>
     <span class='ocr_line' id='line_1_10' title="bbox 137 768 1907 824; baseline 0.002 -17"><span class='ocrx_word' id='word_1_95' title='bbox 137 780 219 821; x_wconf 93' lang='lat' dir='ltr'>quo</span> <span class='ocrx_word' id='word_1_96' title='bbox 259 768 428 808; x_wconf 89' lang='lat' dir='ltr'>invento</span> <span class='ocrx_word' id='word_1_97' title='bbox 462 770 597 808; x_wconf 87' lang='lat' dir='ltr'>omnis</span> <span class='ocrx_word' id='word_1_98' title='bbox 639 769 690 808; x_wconf 88' lang='lat' dir='ltr'>ab</span> <span class='ocrx_word' id='word_1_99' title='bbox 730 782 778 808; x_wconf 86' lang='lat' dir='ltr'>eo</span> <span class='ocrx_word' id='word_1_100' title='bbox 811 770 929 822; x_wconf 80' lang='lat' dir='ltr'>quasi</span> <span class='ocrx_word' id='word_1_101' title='bbox 970 771 1102 822; x_wconf 82' lang='lat' dir='ltr'>capite</span> <span class='ocrx_word' id='word_1_102' title='bbox 1134 770 1184 807; x_wconf 86' lang='lat' dir='ltr'>de</span> <span class='ocrx_word' id='word_1_103' title='bbox 1216 784 1377 809; x_wconf 81' lang='lat' dir='ltr'>suninio</span> <span class='ocrx_word' id='word_1_104' title='bbox 1409 771 1518 810; x_wconf 88' lang='lat' dir='ltr'>bono</span> <span class='ocrx_word' id='word_1_105' title='bbox 1552 778 1591 811; x_wconf 88' lang='lat' dir='ltr'>et</span> <span class='ocrx_word' id='word_1_106' title='bbox 1623 772 1731 811; x_wconf 84' lang='lat' dir='ltr'>malo</span> <span class='ocrx_word' id='word_1_107' title='bbox 1763 771 1907 824; x_wconf 88' lang='lat' dir='ltr'>dispu-</span> 
     </span>
     <span class='ocr_line' id='line_1_11' title="bbox 139 828 1956 870; baseline -0.001 0"><span class='ocrx_word' id='word_1_108' title='bbox 139 829 237 870; x_wconf 89' lang='lat' dir='ltr'>tatio</span> <span class='ocrx_word' id='word_1_109' title='bbox 270 828 446 869; x_wconf 81' lang='lat' dir='ltr'>ducitur.</span> <span class='ocrx_word' id='word_1_110' title='bbox 1922 842 1956 869; x_wconf 81' lang='lat' dir='ltr'>io</span> 
     </span>
     <span class='ocr_line' id='line_1_12' title="bbox 246 889 1907 948; baseline 0.004 -19"><span class='ocrx_word' id='word_1_111' title='bbox 246 891 332 930; x_wconf 87' lang='lat' dir='ltr'>VII.</span> <span class='ocrx_word' id='word_1_112' title='bbox 368 889 434 931; x_wconf 77' lang='lat' dir='ltr'>lS.</span> <span class='ocrx_word' id='word_1_113' title='bbox 467 892 704 946; x_wconf 78' lang='lat' dir='ltr'>Voluptatis</span> <span class='ocrx_word' id='word_1_114' title='bbox 737 893 807 932; x_wconf 90' lang='lat' dir='ltr'>alii</span> <span class='ocrx_word' id='word_1_115' title='bbox 840 893 1016 945; x_wconf 85' lang='lat' dir='ltr'>primuni</span> <span class='ocrx_word' id='word_1_116' title='bbox 1051 893 1281 945; x_wconf 85' lang='lat' dir='ltr'>appetitum</span> <span class='ocrx_word' id='word_1_117' title='bbox 1314 900 1462 946; x_wconf 89' lang='lat' dir='ltr'>putant</span> <span class='ocrx_word' id='word_1_118' title='bbox 1493 901 1533 935; x_wconf 90' lang='lat' dir='ltr'>et</span> <span class='ocrx_word' id='word_1_119' title='bbox 1564 896 1736 948; x_wconf 87' lang='lat' dir='ltr'>primani</span> <span class='ocrx_word' id='word_1_120' title='bbox 1760 896 1907 948; x_wconf 88' lang='lat' dir='ltr'>depul-</span> 
     </span>
     <span class='ocr_line' id='line_1_13' title="bbox 134 954 1907 1011; baseline 0.002 -17"><span class='ocrx_word' id='word_1_121' title='bbox 134 955 293 994; x_wconf 88' lang='lat' dir='ltr'>sionem</span> <span class='ocrx_word' id='word_1_122' title='bbox 333 954 515 995; x_wconf 87' lang='lat' dir='ltr'>doloris:</span> <span class='ocrx_word' id='word_1_123' title='bbox 557 956 805 994; x_wconf 78' lang='lat' dir='ltr'>vacuitatem</span> <span class='ocrx_word' id='word_1_124' title='bbox 837 954 994 993; x_wconf 84' lang='lat' dir='ltr'>doloris</span> <span class='ocrx_word' id='word_1_125' title='bbox 1035 954 1106 993; x_wconf 89' lang='lat' dir='ltr'>alii</span> <span class='ocrx_word' id='word_1_126' title='bbox 1138 962 1310 995; x_wconf 82' lang='lat' dir='ltr'>censent</span> <span class='ocrx_word' id='word_1_127' title='bbox 1342 957 1520 1008; x_wconf 85' lang='lat' dir='ltr'>primum</span> <span class='ocrx_word' id='word_1_128' title='bbox 1552 958 1721 998; x_wconf 88' lang='lat' dir='ltr'>ascitam</span> <span class='ocrx_word' id='word_1_129' title='bbox 1755 964 1795 997; x_wconf 91' lang='lat' dir='ltr'>et</span> <span class='ocrx_word' id='word_1_130' title='bbox 1825 959 1907 1011; x_wconf 91' lang='lat' dir='ltr'>pri-</span> 
     </span>
     <span class='ocr_line' id='line_1_14' title="bbox 135 1015 1904 1070; baseline 0.002 -14"><span class='ocrx_word' id='word_1_131' title='bbox 135 1030 244 1056; x_wconf 87' lang='lat' dir='ltr'>mum</span> <span class='ocrx_word' id='word_1_132' title='bbox 285 1015 540 1057; x_wconf 88' lang='lat' dir='ltr'>declinatum</span> <span class='ocrx_word' id='word_1_133' title='bbox 583 1017 791 1056; x_wconf 84' lang='lat' dir='ltr'>dolorem:</span> <span class='ocrx_word' id='word_1_134' title='bbox 835 1016 885 1055; x_wconf 87' lang='lat' dir='ltr'>ab</span> <span class='ocrx_word' id='word_1_135' title='bbox 925 1017 974 1055; x_wconf 90' lang='lat' dir='ltr'>iis</span> <span class='ocrx_word' id='word_1_136' title='bbox 1016 1016 1107 1062; x_wconf 90' lang='lat' dir='ltr'>alii,</span> <span class='ocrx_word' id='word_1_137' title='bbox 1150 1030 1256 1069; x_wconf 89' lang='lat' dir='ltr'>quae</span> <span class='ocrx_word' id='word_1_138' title='bbox 1291 1019 1421 1070; x_wconf 83' lang='lat' dir='ltr'>prima</span> <span class='ocrx_word' id='word_1_139' title='bbox 1453 1020 1683 1059; x_wconf 88' lang='lat' dir='ltr'>secundum</span> <span class='ocrx_word' id='word_1_140' title='bbox 1718 1027 1904 1060; x_wconf 85' lang='lat' dir='ltr'>naturam</span> 
     </span>
     <span class='ocr_line' id='line_1_15' title="bbox 135 1078 1907 1132; baseline 0.002 -15"><span class='ocrx_word' id='word_1_141' title='bbox 135 1078 370 1125; x_wconf 83' lang='lat' dir='ltr'>nominant,</span> <span class='ocrx_word' id='word_1_142' title='bbox 412 1078 755 1132; x_wconf 82' lang='lat' dir='ltr'>proficiscuntur,</span> <span class='ocrx_word' id='word_1_143' title='bbox 797 1079 839 1117; x_wconf 92' lang='lat' dir='ltr'>in</span> <span class='ocrx_word' id='word_1_144' title='bbox 881 1078 1034 1131; x_wconf 90' lang='lat' dir='ltr'>quibus</span> <span class='ocrx_word' id='word_1_145' title='bbox 1075 1085 1295 1119; x_wconf 84' lang='lat' dir='ltr'>numerant</span> <span class='ocrx_word' id='word_1_146' title='bbox 1326 1080 1653 1121; x_wconf 79' lang='lat' dir='ltr'>incolumitatem</span> <span class='ocrx_word' id='word_1_147' title='bbox 1686 1096 1907 1122; x_wconf 77' lang='lat' dir='ltr'>conserva-</span> 
     </span>
     <span class='ocr_line' id='line_1_16' title="bbox 133 1140 1956 1195; baseline 0.001 -15"><span class='ocrx_word' id='word_1_148' title='bbox 133 1142 377 1194; x_wconf 89' lang='lat' dir='ltr'>tionemque</span> <span class='ocrx_word' id='word_1_149' title='bbox 410 1142 597 1181; x_wconf 85' lang='lat' dir='ltr'>omnium</span> <span class='ocrx_word' id='word_1_150' title='bbox 641 1142 840 1194; x_wconf 83' lang='lat' dir='ltr'>partium,</span> <span class='ocrx_word' id='word_1_151' title='bbox 880 1140 1181 1186; x_wconf 72' lang='lat' dir='ltr'>valetudinem,</span> <span class='ocrx_word' id='word_1_152' title='bbox 1223 1155 1370 1181; x_wconf 78' lang='lat' dir='ltr'>sensus</span> <span class='ocrx_word' id='word_1_153' title='bbox 1403 1143 1611 1195; x_wconf 84' lang='lat' dir='ltr'>integros,</span> <span class='ocrx_word' id='word_1_154' title='bbox 1651 1144 1806 1184; x_wconf 89' lang='lat' dir='ltr'>doloris</span> <span class='ocrx_word' id='word_1_155' title='bbox 1839 1155 1956 1184; x_wconf 69' lang='grc' dir='ltr'>νει-45</span> 
     </span>
     <span class='ocr_line' id='line_1_17' title="bbox 135 1203 1906 1259; baseline 0.001 -16"><span class='ocrx_word' id='word_1_156' title='bbox 135 1204 350 1251; x_wconf 82' lang='lat' dir='ltr'>cuitateni,</span> <span class='ocrx_word' id='word_1_157' title='bbox 383 1205 502 1251; x_wconf 81' lang='lat' dir='ltr'>viris,</span> <span class='ocrx_word' id='word_1_158' title='bbox 534 1203 913 1257; x_wconf 80' lang='lat' dir='ltr'>pulchritudinem,</span> <span class='ocrx_word' id='word_1_159' title='bbox 945 1208 1081 1242; x_wconf 85' lang='lat' dir='ltr'>cetera</span> <span class='ocrx_word' id='word_1_160' title='bbox 1113 1204 1279 1255; x_wconf 75' lang='lat' dir='ltr'>generis</span> <span class='ocrx_word' id='word_1_161' title='bbox 1302 1205 1512 1253; x_wconf 87' lang='lat' dir='ltr'>eiusdem,</span> <span class='ocrx_word' id='word_1_162' title='bbox 1545 1219 1723 1259; x_wconf 90' lang='lat' dir='ltr'>quorum</span> <span class='ocrx_word' id='word_1_163' title='bbox 1754 1206 1906 1246; x_wconf 88' lang='lat' dir='ltr'>similia</span> 
     </span>
     <span class='ocr_line' id='line_1_18' title="bbox 134 1265 1906 1318; baseline 0.001 -12"><span class='ocrx_word' id='word_1_164' title='bbox 134 1270 231 1306; x_wconf 88' lang='lat' dir='ltr'>sunt</span> <span class='ocrx_word' id='word_1_165' title='bbox 271 1266 405 1318; x_wconf 84' lang='lat' dir='ltr'>prima</span> <span class='ocrx_word' id='word_1_166' title='bbox 442 1266 484 1305; x_wconf 90' lang='lat' dir='ltr'>in</span> <span class='ocrx_word' id='word_1_167' title='bbox 517 1266 665 1305; x_wconf 85' lang='lat' dir='ltr'>animis</span> <span class='ocrx_word' id='word_1_168' title='bbox 700 1266 819 1318; x_wconf 88' lang='lat' dir='ltr'>quasi</span> <span class='ocrx_word' id='word_1_169' title='bbox 852 1266 1050 1305; x_wconf 88' lang='lat' dir='ltr'>virtutum</span> <span class='ocrx_word' id='word_1_170' title='bbox 1084 1265 1254 1317; x_wconf 83' lang='lat' dir='ltr'>igniculi</span> <span class='ocrx_word' id='word_1_171' title='bbox 1287 1271 1327 1305; x_wconf 90' lang='lat' dir='ltr'>et</span> <span class='ocrx_word' id='word_1_172' title='bbox 1358 1267 1531 1306; x_wconf 83' lang='lat' dir='ltr'>semina.</span> <span class='ocrx_word' id='word_1_173' title='bbox 1583 1268 1647 1306; x_wconf 82' lang='lat' dir='ltr'>Ex</span> <span class='ocrx_word' id='word_1_174' title='bbox 1676 1267 1742 1306; x_wconf 90' lang='lat' dir='ltr'>his</span> <span class='ocrx_word' id='word_1_175' title='bbox 1776 1268 1906 1307; x_wconf 88' lang='lat' dir='ltr'>tribus</span> 
     </span>
     <span class='ocr_line' id='line_1_19' title="bbox 137 1328 1905 1383; baseline 0.002 -17"><span class='ocrx_word' id='word_1_176' title='bbox 137 1341 229 1367; x_wconf 90' lang='lat' dir='ltr'>cum</span> <span class='ocrx_word' id='word_1_177' title='bbox 260 1340 390 1367; x_wconf 90' lang='lat' dir='ltr'>unum</span> <span class='ocrx_word' id='word_1_178' title='bbox 423 1328 583 1381; x_wconf 87' lang='lat' dir='ltr'>aliquid</span> <span class='ocrx_word' id='word_1_179' title='bbox 616 1328 691 1373; x_wconf 85' lang='lat' dir='ltr'>sit,</span> <span class='ocrx_word' id='word_1_180' title='bbox 725 1342 808 1380; x_wconf 90' lang='lat' dir='ltr'>quo</span> <span class='ocrx_word' id='word_1_181' title='bbox 842 1328 1020 1381; x_wconf 83' lang='lat' dir='ltr'>primuni</span> <span class='ocrx_word' id='word_1_182' title='bbox 1053 1333 1200 1367; x_wconf 82' lang='lat' dir='ltr'>natura</span> <span class='ocrx_word' id='word_1_183' title='bbox 1225 1334 1444 1368; x_wconf 77' lang='lat' dir='ltr'>moveatur</span> <span class='ocrx_word' id='word_1_184' title='bbox 1464 1330 1529 1369; x_wconf 91' lang='lat' dir='ltr'>vel</span> <span class='ocrx_word' id='word_1_185' title='bbox 1550 1330 1602 1369; x_wconf 89' lang='lat' dir='ltr'>ad</span> <span class='ocrx_word' id='word_1_186' title='bbox 1623 1329 1905 1383; x_wconf 88' lang='lat' dir='ltr'>appetendum</span> 
     </span>
     <span class='ocr_line' id='line_1_20' title="bbox 138 1389 1907 1445; baseline 0.002 -16"><span class='ocrx_word' id='word_1_187' title='bbox 138 1390 201 1430; x_wconf 90' lang='lat' dir='ltr'>vel</span> <span class='ocrx_word' id='word_1_188' title='bbox 234 1390 285 1430; x_wconf 87' lang='lat' dir='ltr'>ad</span> <span class='ocrx_word' id='word_1_189' title='bbox 319 1390 631 1442; x_wconf 84' lang='lat' dir='ltr'>repellendum,</span> <span class='ocrx_word' id='word_1_190' title='bbox 663 1404 739 1429; x_wconf 88' lang='lat' dir='ltr'>nec</span> <span class='ocrx_word' id='word_1_191' title='bbox 772 1390 999 1443; x_wconf 87' lang='lat' dir='ltr'>quicquam</span> <span class='ocrx_word' id='word_1_192' title='bbox 1022 1389 1192 1429; x_wconf 83' lang='lat' dir='ltr'>omnino</span> <span class='ocrx_word' id='word_1_193' title='bbox 1225 1396 1388 1442; x_wconf 84' lang='lat' dir='ltr'>praeter</span> <span class='ocrx_word' id='word_1_194' title='bbox 1416 1391 1519 1431; x_wconf 85' lang='lat' dir='ltr'>haec</span> <span class='ocrx_word' id='word_1_195' title='bbox 1548 1392 1625 1431; x_wconf 85' lang='lat' dir='ltr'>tria</span> <span class='ocrx_word' id='word_1_196' title='bbox 1646 1392 1780 1445; x_wconf 82' lang='lat' dir='ltr'>possit</span> <span class='ocrx_word' id='word_1_197' title='bbox 1801 1406 1907 1440; x_wconf 84' lang='lat' dir='ltr'>esse,</span> 
     </span>
     <span class='ocr_line' id='line_1_21' title="bbox 134 1452 1958 1507; baseline 0.001 -14"><span class='ocrx_word' id='word_1_198' title='bbox 134 1466 307 1493; x_wconf 86' lang='lat' dir='ltr'>necesse</span> <span class='ocrx_word' id='word_1_199' title='bbox 339 1458 402 1492; x_wconf 90' lang='lat' dir='ltr'>est</span> <span class='ocrx_word' id='word_1_200' title='bbox 434 1453 604 1492; x_wconf 87' lang='lat' dir='ltr'>omnino</span> <span class='ocrx_word' id='word_1_201' title='bbox 638 1452 822 1492; x_wconf 86' lang='lat' dir='ltr'>officium</span> <span class='ocrx_word' id='word_1_202' title='bbox 854 1458 924 1492; x_wconf 85' lang='lat' dir='ltr'>ant</span> <span class='ocrx_word' id='word_1_203' title='bbox 953 1452 1142 1504; x_wconf 82' lang='lat' dir='ltr'>fugiendi</span> <span class='ocrx_word' id='word_1_204' title='bbox 1173 1458 1246 1492; x_wconf 85' lang='lat' dir='ltr'>aut</span> <span class='ocrx_word' id='word_1_205' title='bbox 1276 1453 1479 1506; x_wconf 87' lang='lat' dir='ltr'>sequendi</span> <span class='ocrx_word' id='word_1_206' title='bbox 1508 1454 1560 1494; x_wconf 87' lang='lat' dir='ltr'>ad</span> <span class='ocrx_word' id='word_1_207' title='bbox 1582 1467 1727 1494; x_wconf 88' lang='lat' dir='ltr'>eorum</span> <span class='ocrx_word' id='word_1_208' title='bbox 1749 1453 1906 1507; x_wconf 88' lang='lat' dir='ltr'>aliquid</span> <span class='ocrx_word' id='word_1_209' title='bbox 1922 1467 1958 1494; x_wconf 69' lang='lat'>90</span> 
     </span>
     <span class='ocr_line' id='line_1_22' title="bbox 134 1514 1907 1568; baseline 0.001 -13"><span class='ocrx_word' id='word_1_210' title='bbox 134 1515 298 1564; x_wconf 88' lang='lat' dir='ltr'>referri,</span> <span class='ocrx_word' id='word_1_211' title='bbox 344 1520 391 1555; x_wconf 93' lang='lat' dir='ltr'>ut</span> <span class='ocrx_word' id='word_1_212' title='bbox 432 1515 503 1554; x_wconf 88' lang='lat' dir='ltr'>illa</span> <span class='ocrx_word' id='word_1_213' title='bbox 546 1514 787 1568; x_wconf 81' lang='lat' dir='ltr'>prudentia,</span> <span class='ocrx_word' id='word_1_214' title='bbox 829 1527 955 1568; x_wconf 82' lang='lat' dir='ltr'>quam</span> <span class='ocrx_word' id='word_1_215' title='bbox 996 1519 1125 1553; x_wconf 82' lang='lat' dir='ltr'>arteni</span> <span class='ocrx_word' id='word_1_216' title='bbox 1167 1517 1274 1555; x_wconf 81' lang='lat' dir='ltr'>vitae</span> <span class='ocrx_word' id='word_1_217' title='bbox 1316 1529 1408 1555; x_wconf 84' lang='lat' dir='ltr'>esse</span> <span class='ocrx_word' id='word_1_218' title='bbox 1440 1516 1646 1564; x_wconf 85' lang='lat' dir='ltr'>diximus,</span> <span class='ocrx_word' id='word_1_219' title='bbox 1691 1516 1735 1556; x_wconf 93' lang='lat' dir='ltr'>in</span> <span class='ocrx_word' id='word_1_220' title='bbox 1765 1529 1907 1556; x_wconf 89' lang='lat' dir='ltr'>earum</span> 
     </span>
     <span class='ocr_line' id='line_1_23' title="bbox 134 1576 1907 1631; baseline 0 -13"><span class='ocrx_word' id='word_1_221' title='bbox 134 1579 261 1618; x_wconf 91' lang='lat' dir='ltr'>trium</span> <span class='ocrx_word' id='word_1_222' title='bbox 292 1591 434 1618; x_wconf 88' lang='lat' dir='ltr'>rerum</span> <span class='ocrx_word' id='word_1_223' title='bbox 466 1577 606 1631; x_wconf 82' lang='lat' dir='ltr'>aliqua</span> <span class='ocrx_word' id='word_1_224' title='bbox 638 1582 843 1625; x_wconf 80' lang='lat' dir='ltr'>versetur,</span> <span class='ocrx_word' id='word_1_225' title='bbox 876 1589 899 1615; x_wconf 84' lang='lat' dir='ltr'>a</span> <span class='ocrx_word' id='word_1_226' title='bbox 930 1590 1014 1629; x_wconf 88' lang='lat' dir='ltr'>qua</span> <span class='ocrx_word' id='word_1_227' title='bbox 1044 1577 1174 1617; x_wconf 89' lang='lat' dir='ltr'>totius</span> <span class='ocrx_word' id='word_1_228' title='bbox 1206 1578 1313 1618; x_wconf 87' lang='lat' dir='ltr'>vitae</span> <span class='ocrx_word' id='word_1_229' title='bbox 1336 1579 1459 1619; x_wconf 85' lang='lat' dir='ltr'>ducat</span> <span class='ocrx_word' id='word_1_230' title='bbox 1480 1580 1711 1620; x_wconf 81' lang='lat' dir='ltr'>exordium.</span> <span class='ocrx_word' id='word_1_231' title='bbox 1758 1576 1822 1619; x_wconf 72' lang='lat' dir='ltr'>l19.</span> <span class='ocrx_word' id='word_1_232' title='bbox 1844 1579 1907 1618; x_wconf 81' lang='lat' dir='ltr'>Ex</span> 
     </span>
     <span class='ocr_line' id='line_1_24' title="bbox 133 1638 1909 1693; baseline 0.001 -12"><span class='ocrx_word' id='word_1_233' title='bbox 133 1654 181 1681; x_wconf 90' lang='lat' dir='ltr'>eo</span> <span class='ocrx_word' id='word_1_234' title='bbox 221 1645 381 1688; x_wconf 86' lang='lat' dir='ltr'>autem,</span> <span class='ocrx_word' id='word_1_235' title='bbox 424 1639 537 1693; x_wconf 93' lang='lat' dir='ltr'>quod</span> <span class='ocrx_word' id='word_1_236' title='bbox 570 1638 763 1678; x_wconf 88' lang='lat' dir='ltr'>statuerit</span> <span class='ocrx_word' id='word_1_237' title='bbox 794 1652 903 1686; x_wconf 87' lang='lat' dir='ltr'>esse,</span> <span class='ocrx_word' id='word_1_238' title='bbox 944 1652 1027 1692; x_wconf 88' lang='lat' dir='ltr'>quo</span> <span class='ocrx_word' id='word_1_239' title='bbox 1065 1639 1246 1692; x_wconf 86' lang='lat' dir='ltr'>primum</span> <span class='ocrx_word' id='word_1_240' title='bbox 1277 1646 1426 1680; x_wconf 83' lang='lat' dir='ltr'>natura</span> <span class='ocrx_word' id='word_1_241' title='bbox 1456 1647 1695 1690; x_wconf 87' lang='lat' dir='ltr'>moveatur,</span> <span class='ocrx_word' id='word_1_242' title='bbox 1735 1643 1909 1682; x_wconf 83' lang='lat' dir='ltr'>exsistet</span> 
     </span>
     <span class='ocr_line' id='line_1_25' title="bbox 131 1701 1907 1756; baseline 0.001 -14"><span class='ocrx_word' id='word_1_243' title='bbox 131 1703 230 1742; x_wconf 86' lang='lat' dir='ltr'>recti</span> <span class='ocrx_word' id='word_1_244' title='bbox 278 1703 403 1742; x_wconf 87' lang='lat' dir='ltr'>etiam</span> <span class='ocrx_word' id='word_1_245' title='bbox 444 1702 549 1741; x_wconf 88' lang='lat' dir='ltr'>ratio</span> <span class='ocrx_word' id='word_1_246' title='bbox 590 1706 716 1754; x_wconf 85' lang='lat' dir='ltr'>atque</span> <span class='ocrx_word' id='word_1_247' title='bbox 754 1701 946 1748; x_wconf 86' lang='lat' dir='ltr'>honesti,</span> <span class='ocrx_word' id='word_1_248' title='bbox 990 1714 1099 1754; x_wconf 86' lang='lat' dir='ltr'>quae</span> <span class='ocrx_word' id='word_1_249' title='bbox 1139 1716 1232 1742; x_wconf 85' lang='lat' dir='ltr'>cum</span> <span class='ocrx_word' id='word_1_250' title='bbox 1269 1703 1413 1756; x_wconf 85' lang='lat' dir='ltr'>aliquo</span> <span class='ocrx_word' id='word_1_251' title='bbox 1454 1718 1536 1744; x_wconf 90' lang='lat' dir='ltr'>uno</span> <span class='ocrx_word' id='word_1_252' title='bbox 1568 1705 1792 1745; x_wconf 72' lang='lat' dir='ltr'>extribus</span> <span class='ocrx_word' id='word_1_253' title='bbox 1823 1705 1907 1745; x_wconf 91' lang='lat' dir='ltr'>illis</span> 
     </span>
     <span class='ocr_line' id='line_1_26' title="bbox 137 1763 1955 1820; baseline 0.002 -16"><span class='ocrx_word' id='word_1_254' title='bbox 137 1777 368 1817; x_wconf 87' lang='lat' dir='ltr'>congruere</span> <span class='ocrx_word' id='word_1_255' title='bbox 399 1764 558 1816; x_wconf 86' lang='lat' dir='ltr'>possit,</span> <span class='ocrx_word' id='word_1_256' title='bbox 589 1769 635 1803; x_wconf 92' lang='lat' dir='ltr'>ut</span> <span class='ocrx_word' id='word_1_257' title='bbox 665 1769 736 1803; x_wconf 83' lang='lat' dir='ltr'>aut</span> <span class='ocrx_word' id='word_1_258' title='bbox 766 1764 808 1803; x_wconf 93' lang='lat' dir='ltr'>id</span> <span class='ocrx_word' id='word_1_259' title='bbox 839 1763 1066 1804; x_wconf 85' lang='lat' dir='ltr'>honestum</span> <span class='ocrx_word' id='word_1_260' title='bbox 1093 1765 1165 1811; x_wconf 86' lang='lat' dir='ltr'>sit,</span> <span class='ocrx_word' id='word_1_261' title='bbox 1195 1764 1332 1804; x_wconf 84' lang='lat' dir='ltr'>facere</span> <span class='ocrx_word' id='word_1_262' title='bbox 1355 1767 1496 1806; x_wconf 86' lang='lat' dir='ltr'>omnia</span> <span class='ocrx_word' id='word_1_263' title='bbox 1518 1766 1743 1820; x_wconf 87' lang='lat' dir='ltr'>voluptatis</span> <span class='ocrx_word' id='word_1_264' title='bbox 1767 1779 1955 1815; x_wconf 77' lang='lat' dir='ltr'>causa,25</span> 
     </span>
     <span class='ocr_line' id='line_1_27' title="bbox 136 1827 1906 1883; baseline 0.002 -16"><span class='ocrx_word' id='word_1_265' title='bbox 136 1828 262 1867; x_wconf 86' lang='lat' dir='ltr'>etiam</span> <span class='ocrx_word' id='word_1_266' title='bbox 299 1827 333 1867; x_wconf 90' lang='lat' dir='ltr'>si</span> <span class='ocrx_word' id='word_1_267' title='bbox 372 1839 462 1866; x_wconf 88' lang='lat' dir='ltr'>eam</span> <span class='ocrx_word' id='word_1_268' title='bbox 504 1840 589 1866; x_wconf 86' lang='lat' dir='ltr'>non</span> <span class='ocrx_word' id='word_1_269' title='bbox 627 1839 909 1880; x_wconf 84' lang='lat' dir='ltr'>consequare,</span> <span class='ocrx_word' id='word_1_270' title='bbox 955 1831 1028 1865; x_wconf 83' lang='lat' dir='ltr'>aut</span> <span class='ocrx_word' id='word_1_271' title='bbox 1064 1839 1147 1866; x_wconf 90' lang='lat' dir='ltr'>non</span> <span class='ocrx_word' id='word_1_272' title='bbox 1190 1827 1382 1875; x_wconf 91' lang='lat' dir='ltr'>dolendi,</span> <span class='ocrx_word' id='word_1_273' title='bbox 1429 1828 1554 1868; x_wconf 85' lang='lat' dir='ltr'>etiam</span> <span class='ocrx_word' id='word_1_274' title='bbox 1598 1830 1632 1869; x_wconf 90' lang='lat' dir='ltr'>si</span> <span class='ocrx_word' id='word_1_275' title='bbox 1664 1829 1707 1869; x_wconf 93' lang='lat' dir='ltr'>id</span> <span class='ocrx_word' id='word_1_276' title='bbox 1737 1830 1906 1883; x_wconf 86' lang='lat' dir='ltr'>assequi</span> 
     </span>
     <span class='ocr_line' id='line_1_28' title="bbox 134 1889 1906 1944; baseline 0.001 -14"><span class='ocrx_word' id='word_1_277' title='bbox 134 1903 338 1944; x_wconf 85' lang='lat' dir='ltr'>nequeas,</span> <span class='ocrx_word' id='word_1_278' title='bbox 381 1895 452 1929; x_wconf 86' lang='lat' dir='ltr'>aut</span> <span class='ocrx_word' id='word_1_279' title='bbox 484 1903 650 1937; x_wconf 87' lang='lat' dir='ltr'>eorum,</span> <span class='ocrx_word' id='word_1_280' title='bbox 695 1904 803 1943; x_wconf 85' lang='lat' dir='ltr'>quae</span> <span class='ocrx_word' id='word_1_281' title='bbox 836 1889 1066 1930; x_wconf 86' lang='lat' dir='ltr'>secuudum</span> <span class='ocrx_word' id='word_1_282' title='bbox 1098 1894 1287 1929; x_wconf 84' lang='lat' dir='ltr'>naturam</span> <span class='ocrx_word' id='word_1_283' title='bbox 1319 1895 1436 1937; x_wconf 87' lang='lat' dir='ltr'>sunt,</span> <span class='ocrx_word' id='word_1_284' title='bbox 1467 1891 1750 1944; x_wconf 84' lang='lat' dir='ltr'>adipiscendi,</span> <span class='ocrx_word' id='word_1_285' title='bbox 1782 1893 1906 1932; x_wconf 84' lang='lat' dir='ltr'>etiam</span> 
     </span>
     <span class='ocr_line' id='line_1_29' title="bbox 130 1951 1908 2007; baseline 0.001 -14"><span class='ocrx_word' id='word_1_286' title='bbox 130 1953 164 1993; x_wconf 93' lang='lat' dir='ltr'>si</span> <span class='ocrx_word' id='word_1_287' title='bbox 197 1952 302 1992; x_wconf 90' lang='lat' dir='ltr'>nihil</span> <span class='ocrx_word' id='word_1_288' title='bbox 335 1964 611 2004; x_wconf 88' lang='lat' dir='ltr'>consequare.</span> <span class='ocrx_word' id='word_1_289' title='bbox 676 1953 732 1991; x_wconf 86' lang='lat' dir='ltr'>lta</span> <span class='ocrx_word' id='word_1_290' title='bbox 765 1951 807 1992; x_wconf 88' lang='lat' dir='ltr'>[it</span> <span class='ocrx_word' id='word_1_291' title='bbox 838 1957 900 2000; x_wconf 92' lang='lat' dir='ltr'>ut,</span> <span class='ocrx_word' id='word_1_292' title='bbox 933 1957 1089 2005; x_wconf 87' lang='lat' dir='ltr'>quanta</span> <span class='ocrx_word' id='word_1_293' title='bbox 1113 1951 1347 1992; x_wconf 82' lang='lat' dir='ltr'>differentia</span> <span class='ocrx_word' id='word_1_294' title='bbox 1378 1958 1440 1993; x_wconf 88' lang='lat' dir='ltr'>est</span> <span class='ocrx_word' id='word_1_295' title='bbox 1470 1954 1514 1992; x_wconf 91' lang='lat' dir='ltr'>in</span> <span class='ocrx_word' id='word_1_296' title='bbox 1544 1954 1764 2007; x_wconf 84' lang='lat' dir='ltr'>principiis</span> <span class='ocrx_word' id='word_1_297' title='bbox 1789 1960 1908 1995; x_wconf 86' lang='lat' dir='ltr'>natu-</span> 
     </span>
     <span class='ocr_line' id='line_1_30' title="bbox 132 2013 1904 2069; baseline 0.001 -15"><span class='ocrx_word' id='word_1_298' title='bbox 132 2015 315 2062; x_wconf 88' lang='lat' dir='ltr'>ralibus,</span> <span class='ocrx_word' id='word_1_299' title='bbox 362 2019 477 2054; x_wconf 80' lang='lat' dir='ltr'>tanta</span> <span class='ocrx_word' id='word_1_300' title='bbox 523 2015 575 2054; x_wconf 90' lang='lat' dir='ltr'>sit</span> <span class='ocrx_word' id='word_1_301' title='bbox 615 2016 655 2054; x_wconf 92' lang='lat' dir='ltr'>in</span> <span class='ocrx_word' id='word_1_302' title='bbox 698 2013 850 2055; x_wconf 82' lang='lat' dir='ltr'>linibus</span> <span class='ocrx_word' id='word_1_303' title='bbox 893 2016 1099 2054; x_wconf 87' lang='lat' dir='ltr'>bonorum</span> <span class='ocrx_word' id='word_1_304' title='bbox 1137 2015 1426 2069; x_wconf 82' lang='lat' dir='ltr'>malorumque</span> <span class='ocrx_word' id='word_1_305' title='bbox 1466 2016 1776 2057; x_wconf 90' lang='lat' dir='ltr'>dissimilitudo.</span> <span class='ocrx_word' id='word_1_306' title='bbox 1825 2016 1904 2056; x_wconf 91' lang='lat' dir='ltr'>Alii</span> 
     </span>
     <span class='ocr_line' id='line_1_31' title="bbox 129 2076 1958 2133; baseline 0.001 -16"><span class='ocrx_word' id='word_1_307' title='bbox 129 2090 294 2117; x_wconf 91' lang='lat' dir='ltr'>rursum</span> <span class='ocrx_word' id='word_1_308' title='bbox 336 2076 470 2116; x_wconf 88' lang='lat' dir='ltr'>isdem</span> <span class='ocrx_word' id='word_1_309' title='bbox 513 2091 536 2116; x_wconf 81' lang='lat' dir='ltr'>a</span> <span class='ocrx_word' id='word_1_310' title='bbox 586 2078 801 2131; x_wconf 89' lang='lat' dir='ltr'>principiis</span> <span class='ocrx_word' id='word_1_311' title='bbox 848 2091 971 2117; x_wconf 87' lang='lat' dir='ltr'>omne</span> <span class='ocrx_word' id='word_1_312' title='bbox 1011 2076 1192 2117; x_wconf 83' lang='lat' dir='ltr'>officium</span> <span class='ocrx_word' id='word_1_313' title='bbox 1231 2078 1412 2118; x_wconf 84' lang='lat' dir='ltr'>referent</span> <span class='ocrx_word' id='word_1_314' title='bbox 1451 2083 1523 2118; x_wconf 83' lang='lat' dir='ltr'>aut</span> <span class='ocrx_word' id='word_1_315' title='bbox 1561 2078 1612 2118; x_wconf 86' lang='lat' dir='ltr'>ad</span> <span class='ocrx_word' id='word_1_316' title='bbox 1650 2079 1905 2133; x_wconf 84' lang='lat' dir='ltr'>voluptatem</span> <span class='ocrx_word' id='word_1_317' title='bbox 1921 2091 1958 2119; x_wconf 86' lang='lat'>30</span> 
     </span>
     <span class='ocr_line' id='line_1_32' title="bbox 133 2139 1909 2192; baseline 0.001 -12"><span class='ocrx_word' id='word_1_318' title='bbox 133 2145 206 2180; x_wconf 86' lang='lat' dir='ltr'>aut</span> <span class='ocrx_word' id='word_1_319' title='bbox 250 2139 302 2179; x_wconf 84' lang='lat' dir='ltr'>ad</span> <span class='ocrx_word' id='word_1_320' title='bbox 348 2152 433 2179; x_wconf 89' lang='lat' dir='ltr'>non</span> <span class='ocrx_word' id='word_1_321' title='bbox 482 2140 707 2179; x_wconf 88' lang='lat' dir='ltr'>dolendum</span> <span class='ocrx_word' id='word_1_322' title='bbox 756 2145 827 2180; x_wconf 88' lang='lat' dir='ltr'>aut</span> <span class='ocrx_word' id='word_1_323' title='bbox 882 2140 932 2180; x_wconf 87' lang='lat' dir='ltr'>ad</span> <span class='ocrx_word' id='word_1_324' title='bbox 979 2140 1111 2192; x_wconf 83' lang='lat' dir='ltr'>prima</span> <span class='ocrx_word' id='word_1_325' title='bbox 1164 2140 1235 2179; x_wconf 85' lang='lat' dir='ltr'>illa</span> <span class='ocrx_word' id='word_1_326' title='bbox 1285 2142 1516 2180; x_wconf 88' lang='lat' dir='ltr'>secundum</span> <span class='ocrx_word' id='word_1_327' title='bbox 1565 2146 1754 2181; x_wconf 83' lang='lat' dir='ltr'>naturam</span> <span class='ocrx_word' id='word_1_328' title='bbox 1803 2142 1909 2181; x_wconf 89' lang='lat' dir='ltr'>ohti-</span> 
     </span>
     <span class='ocr_line' id='line_1_33' title="bbox 131 2200 1908 2256; baseline 0 -14"><span class='ocrx_word' id='word_1_329' title='bbox 131 2201 284 2242; x_wconf 88' lang='lat' dir='ltr'>nenda.</span> <span class='ocrx_word' id='word_1_330' title='bbox 345 2200 412 2241; x_wconf 75' lang='lat'><strong>⁶20.</strong></span> <span class='ocrx_word' id='word_1_331' title='bbox 445 2202 662 2256; x_wconf 80' lang='lat' dir='ltr'>Expositis</span> <span class='ocrx_word' id='word_1_332' title='bbox 694 2203 775 2242; x_wconf 85' lang='lat' dir='ltr'>iam</span> <span class='ocrx_word' id='word_1_333' title='bbox 808 2203 933 2255; x_wconf 84' lang='lat' dir='ltr'>igitur</span> <span class='ocrx_word' id='word_1_334' title='bbox 964 2217 1039 2243; x_wconf 82' lang='lat' dir='ltr'>sex</span> <span class='ocrx_word' id='word_1_335' title='bbox 1071 2202 1122 2242; x_wconf 93' lang='lat' dir='ltr'>de</span> <span class='ocrx_word' id='word_1_336' title='bbox 1160 2217 1322 2242; x_wconf 84' lang='lat' dir='ltr'>summo</span> <span class='ocrx_word' id='word_1_337' title='bbox 1359 2203 1472 2242; x_wconf 83' lang='lat' dir='ltr'>bono</span> <span class='ocrx_word' id='word_1_338' title='bbox 1513 2204 1752 2251; x_wconf 88' lang='lat' dir='ltr'>sententiis,</span> <span class='ocrx_word' id='word_1_339' title='bbox 1784 2206 1908 2243; x_wconf 89' lang='lat' dir='ltr'>trium</span> 
     </span>
     <span class='ocr_line' id='line_1_34' title="bbox 127 2264 1907 2318; baseline 0.001 -15"><span class='ocrx_word' id='word_1_340' title='bbox 127 2264 412 2318; x_wconf 83' lang='lat' dir='ltr'>proximarum</span> <span class='ocrx_word' id='word_1_341' title='bbox 451 2264 493 2304; x_wconf 89' lang='lat' dir='ltr'>hi</span> <span class='ocrx_word' id='word_1_342' title='bbox 535 2265 769 2318; x_wconf 86' lang='lat' dir='ltr'>principes:</span> <span class='ocrx_word' id='word_1_343' title='bbox 815 2265 1042 2317; x_wconf 77' lang='lat' dir='ltr'>voluptatis</span> <span class='ocrx_word' id='word_1_344' title='bbox 1074 2265 1335 2317; x_wconf 87' lang='lat' dir='ltr'>Aristippus,</span> <span class='ocrx_word' id='word_1_345' title='bbox 1379 2278 1461 2304; x_wconf 87' lang='lat' dir='ltr'>non</span> <span class='ocrx_word' id='word_1_346' title='bbox 1495 2265 1666 2304; x_wconf 91' lang='lat' dir='ltr'>dolendi</span> <span class='ocrx_word' id='word_1_347' title='bbox 1700 2266 1907 2318; x_wconf 86' lang='lat' dir='ltr'>Hierony-</span> 
     </span>
     <span class='ocr_line' id='line_1_35' title="bbox 129 2326 1906 2382; baseline 0.001 -17"><span class='ocrx_word' id='word_1_348' title='bbox 129 2341 238 2374; x_wconf 89' lang='lat' dir='ltr'>mus,</span> <span class='ocrx_word' id='word_1_349' title='bbox 280 2326 448 2366; x_wconf 84' lang='lat' dir='ltr'>fruendi</span> <span class='ocrx_word' id='word_1_350' title='bbox 490 2328 613 2368; x_wconf 85' lang='lat' dir='ltr'>rebus</span> <span class='ocrx_word' id='word_1_351' title='bbox 655 2329 724 2375; x_wconf 86' lang='lat' dir='ltr'>iis,</span> <span class='ocrx_word' id='word_1_352' title='bbox 763 2341 868 2381; x_wconf 84' lang='lat' dir='ltr'>quas</span> <span class='ocrx_word' id='word_1_353' title='bbox 912 2328 1064 2382; x_wconf 85' lang='lat' dir='ltr'>primas</span> <span class='ocrx_word' id='word_1_354' title='bbox 1097 2328 1327 2367; x_wconf 89' lang='lat' dir='ltr'>secundum</span> <span class='ocrx_word' id='word_1_355' title='bbox 1360 2333 1550 2366; x_wconf 82' lang='lat' dir='ltr'>naturam</span> <span class='ocrx_word' id='word_1_356' title='bbox 1583 2340 1675 2367; x_wconf 90' lang='lat' dir='ltr'>esse</span> <span class='ocrx_word' id='word_1_357' title='bbox 1707 2327 1906 2374; x_wconf 75' lang='lat' dir='ltr'>diximus,</span> 
     </span>
     <span class='ocr_line' id='line_1_36' title="bbox 130 2389 1957 2444; baseline 0.001 -14"><span class='ocrx_word' id='word_1_358' title='bbox 130 2389 364 2430; x_wconf 85' lang='lat' dir='ltr'>Carneades</span> <span class='ocrx_word' id='word_1_359' title='bbox 407 2403 492 2429; x_wconf 89' lang='lat' dir='ltr'>non</span> <span class='ocrx_word' id='word_1_360' title='bbox 534 2390 604 2429; x_wconf 92' lang='lat' dir='ltr'>ille</span> <span class='ocrx_word' id='word_1_361' title='bbox 647 2390 814 2444; x_wconf 88' lang='lat' dir='ltr'>quidem</span> <span class='ocrx_word' id='word_1_362' title='bbox 852 2395 1019 2437; x_wconf 87' lang='lat' dir='ltr'>auctor,</span> <span class='ocrx_word' id='word_1_363' title='bbox 1059 2390 1133 2429; x_wconf 90' lang='lat' dir='ltr'>sed</span> <span class='ocrx_word' id='word_1_364' title='bbox 1165 2389 1362 2428; x_wconf 80' lang='lat' dir='ltr'>defensor</span> <span class='ocrx_word' id='word_1_365' title='bbox 1394 2389 1628 2429; x_wconf 90' lang='lat' dir='ltr'>disserendi</span> <span class='ocrx_word' id='word_1_366' title='bbox 1661 2402 1785 2430; x_wconf 86' lang='lat' dir='ltr'>causa</span> <span class='ocrx_word' id='word_1_367' title='bbox 1815 2389 1906 2428; x_wconf 84' lang='lat' dir='ltr'>fuit.</span> <span class='ocrx_word' id='word_1_368' title='bbox 1921 2403 1957 2432; x_wconf 86' lang='lat'>35</span> 
     </span>
     <span class='ocr_line' id='line_1_37' title="bbox 130 2451 1909 2505; baseline -0.001 -13"><span class='ocrx_word' id='word_1_369' title='bbox 130 2453 376 2505; x_wconf 89' lang='lat' dir='ltr'>Superiores</span> <span class='ocrx_word' id='word_1_370' title='bbox 422 2458 504 2492; x_wconf 91' lang='lat' dir='ltr'>tres</span> <span class='ocrx_word' id='word_1_371' title='bbox 552 2459 669 2492; x_wconf 88' lang='lat' dir='ltr'>erant</span> <span class='ocrx_word' id='word_1_372' title='bbox 711 2466 818 2505; x_wconf 85' lang='lat' dir='ltr'>quae</span> <span class='ocrx_word' id='word_1_373' title='bbox 867 2465 958 2492; x_wconf 86' lang='lat' dir='ltr'>esse</span> <span class='ocrx_word' id='word_1_374' title='bbox 1005 2458 1198 2505; x_wconf 88' lang='lat' dir='ltr'>possent,</span> <span class='ocrx_word' id='word_1_375' title='bbox 1247 2465 1422 2504; x_wconf 87' lang='lat' dir='ltr'>quarum</span> <span class='ocrx_word' id='word_1_376' title='bbox 1474 2457 1536 2491; x_wconf 92' lang='lat' dir='ltr'>est</span> <span class='ocrx_word' id='word_1_377' title='bbox 1576 2465 1659 2491; x_wconf 82' lang='lat' dir='ltr'>una</span> <span class='ocrx_word' id='word_1_378' title='bbox 1703 2451 1792 2491; x_wconf 86' lang='lat' dir='ltr'>sola</span> <span class='ocrx_word' id='word_1_379' title='bbox 1837 2451 1909 2491; x_wconf 87' lang='lat' dir='ltr'>de-</span> 
     </span>
     <span class='ocr_line' id='line_1_38' title="bbox 127 2513 1907 2568; baseline 0 -14"><span class='ocrx_word' id='word_1_380' title='bbox 127 2515 270 2562; x_wconf 82' lang='lat' dir='ltr'>fensa,</span> <span class='ocrx_word' id='word_1_381' title='bbox 313 2527 446 2568; x_wconf 89' lang='lat' dir='ltr'>eaque</span> <span class='ocrx_word' id='word_1_382' title='bbox 484 2515 767 2555; x_wconf 85' lang='lat' dir='ltr'>vehementer.</span> <span class='ocrx_word' id='word_1_383' title='bbox 827 2516 929 2554; x_wconf 83' lang='lat' dir='ltr'>Nam</span> <span class='ocrx_word' id='word_1_384' title='bbox 976 2516 1197 2568; x_wconf 88' lang='lat' dir='ltr'>voluptatis</span> <span class='ocrx_word' id='word_1_385' title='bbox 1240 2527 1365 2554; x_wconf 83' lang='lat' dir='ltr'>causa</span> <span class='ocrx_word' id='word_1_386' title='bbox 1409 2514 1545 2554; x_wconf 85' lang='lat' dir='ltr'>facere</span> <span class='ocrx_word' id='word_1_387' title='bbox 1603 2513 1766 2560; x_wconf 90' lang='lat' dir='ltr'>omnia,</span> <span class='ocrx_word' id='word_1_388' title='bbox 1815 2527 1907 2554; x_wconf 89' lang='lat' dir='ltr'>cum</span> 
     </span>
    </p>
   </div>
   <div class='ocr_carea' id='block_1_3' title="bbox 130 2637 281 2644">
    <p class='ocr_par' dir='ltr' id='par_1_3' title="bbox 130 2637 281 2644">
     <span class='ocr_line' id='line_1_39' title="bbox 130 2637 281 2644; baseline 0 0"><span class='ocrx_word' id='word_1_389' title='bbox 130 2637 281 2644; x_wconf 72' lang='lat'>1——</span> 
     </span>
    </p>
   </div>
   <div class='ocr_carea' id='block_1_4' title="bbox 127 2730 1914 3318">
    <p class='ocr_par' dir='ltr' id='par_1_4' title="bbox 127 2730 1914 3318">
     <span class='ocr_line' id='line_1_40' title="bbox 213 2730 1910 2772; baseline 0 -10"><span class='ocrx_word' id='word_1_390' title='bbox 213 2733 244 2763; x_wconf 70' lang='lat'>⁵2.</span> <span class='ocrx_word' id='word_1_391' title='bbox 273 2731 437 2772; x_wconf 74' lang='lat' dir='ltr'>invitaret]</span> <span class='ocrx_word' id='word_1_392' title='bbox 470 2735 613 2763; x_wconf 70' lang='lat' dir='ltr'>mutaret</span> <span class='ocrx_word' id='word_1_393' title='bbox 636 2733 661 2763; x_wconf 80' lang='lat' dir='ltr'>E</span> <span class='ocrx_word' id='word_1_394' title='bbox 696 2750 729 2754; x_wconf 36' lang='grc' dir='ltr'><em>ν</em></span> <span class='ocrx_word' id='word_1_395' title='bbox 767 2736 796 2763; x_wconf 70' lang='lat' dir='ltr'>ct</span> <span class='ocrx_word' id='word_1_396' title='bbox 822 2740 893 2764; x_wconf 86' lang='lat' dir='ltr'>non</span> <span class='ocrx_word' id='word_1_397' title='bbox 923 2741 991 2763; x_wconf 84' lang='lat' dir='ltr'>oni.</span> <span class='ocrx_word' id='word_1_398' title='bbox 1020 2733 1044 2763; x_wconf 80' lang='grc' dir='ltr'>Ε</span> <span class='ocrx_word' id='word_1_399' title='bbox 1079 2750 1111 2754; x_wconf 77' lang='lat'>—-</span> <span class='ocrx_word' id='word_1_400' title='bbox 1146 2731 1176 2764; x_wconf 77' lang='lat'>4.</span> <span class='ocrx_word' id='word_1_401' title='bbox 1204 2731 1326 2772; x_wconf 74' lang='lat' dir='ltr'>itaque]</span> <span class='ocrx_word' id='word_1_402' title='bbox 1359 2734 1459 2770; x_wconf 73' lang='lat' dir='ltr'>alque</span> <span class='ocrx_word' id='word_1_403' title='bbox 1482 2732 1506 2761; x_wconf 76' lang='lat' dir='ltr'>B</span> <span class='ocrx_word' id='word_1_404' title='bbox 1534 2731 1615 2770; x_wconf 85' lang='lat' dir='ltr'>(non</span> <span class='ocrx_word' id='word_1_405' title='bbox 1639 2730 1675 2770; x_wconf 89' lang='lat' dir='ltr'>E)</span> <span class='ocrx_word' id='word_1_406' title='bbox 1703 2749 1737 2753; x_wconf 97' lang='lat'><strong>—</strong></span> <span class='ocrx_word' id='word_1_407' title='bbox 1773 2731 1803 2762; x_wconf 86' lang='lat'>7.</span> <span class='ocrx_word' id='word_1_408' title='bbox 1831 2732 1910 2770; x_wconf 84' lang='lat' dir='ltr'>quid</span> 
     </span>
     <span class='ocr_line' id='line_1_41' title="bbox 127 2780 1905 2822; baseline -0.001 -10"><span class='ocrx_word' id='word_1_409' title='bbox 127 2782 279 2813; x_wconf 76' lang='lat' dir='ltr'>ultimum</span> <span class='ocrx_word' id='word_1_410' title='bbox 304 2780 382 2812; x_wconf 85' lang='lat' dir='ltr'>cod.</span> <span class='ocrx_word' id='word_1_411' title='bbox 410 2782 604 2822; x_wconf 85' lang='lat' dir='ltr'>Spirensis:</span> <span class='ocrx_word' id='word_1_412' title='bbox 632 2786 661 2812; x_wconf 78' lang='lat' dir='ltr'>ec</span> <span class='ocrx_word' id='word_1_413' title='bbox 685 2783 764 2821; x_wconf 77' lang='lat' dir='ltr'>quid</span> <span class='ocrx_word' id='word_1_414' title='bbox 791 2783 946 2813; x_wconf 78' lang='lat' dir='ltr'>ultimum</span> <span class='ocrx_word' id='word_1_415' title='bbox 969 2784 1010 2820; x_wconf 84' lang='lat' dir='ltr'>B;</span> <span class='ocrx_word' id='word_1_416' title='bbox 1037 2786 1065 2814; x_wconf 78' lang='lat' dir='ltr'>el</span> <span class='ocrx_word' id='word_1_417' title='bbox 1090 2783 1239 2813; x_wconf 74' lang='lat' dir='ltr'>ultimum</span> <span class='ocrx_word' id='word_1_418' title='bbox 1266 2783 1374 2812; x_wconf 81' lang='lat' dir='ltr'>ceteri</span> <span class='ocrx_word' id='word_1_419' title='bbox 1392 2781 1494 2812; x_wconf 68' lang='lat' dir='ltr'>codd.</span> <span class='ocrx_word' id='word_1_420' title='bbox 1516 2798 1550 2802; x_wconf 89' lang='lat'>—</span> <span class='ocrx_word' id='word_1_421' title='bbox 1579 2781 1609 2812; x_wconf 82' lang='lat'>8.</span> <span class='ocrx_word' id='word_1_422' title='bbox 1635 2781 1709 2822; x_wconf 75' lang='lat' dir='ltr'>sint]</span> <span class='ocrx_word' id='word_1_423' title='bbox 1733 2785 1807 2812; x_wconf 80' lang='lat' dir='ltr'>smil</span> <span class='ocrx_word' id='word_1_424' title='bbox 1830 2782 1856 2812; x_wconf 81' lang='lat' dir='ltr'>E</span> <span class='ocrx_word' id='word_1_425' title='bbox 1873 2799 1905 2803; x_wconf 92' lang='lat'>—</span> 
     </span>
     <span class='ocr_line' id='line_1_42' title="bbox 130 2831 1912 2872; baseline 0 -10"><span class='ocrx_word' id='word_1_426' title='bbox 130 2832 160 2862; x_wconf 87' lang='lat'>9.</span> <span class='ocrx_word' id='word_1_427' title='bbox 189 2832 283 2872; x_wconf 82' lang='lat' dir='ltr'>quasi</span> <span class='ocrx_word' id='word_1_428' title='bbox 307 2840 377 2862; x_wconf 91' lang='lat' dir='ltr'>om.</span> <span class='ocrx_word' id='word_1_429' title='bbox 405 2832 429 2862; x_wconf 94' lang='lat' dir='ltr'>B</span> <span class='ocrx_word' id='word_1_430' title='bbox 459 2849 493 2853; x_wconf 94' lang='lat'>—</span> <span class='ocrx_word' id='word_1_431' title='bbox 524 2833 574 2863; x_wconf 71' lang='lat'>4³2.</span> <span class='ocrx_word' id='word_1_432' title='bbox 602 2833 802 2864; x_wconf 60' lang='lat' dir='ltr'>isac-ailaoem</span> <span class='ocrx_word' id='word_1_433' title='bbox 832 2833 954 2863; x_wconf 76' lang='lat' dir='ltr'>doloris</span> <span class='ocrx_word' id='word_1_434' title='bbox 978 2834 1023 2864; x_wconf 87' lang='lat' dir='ltr'>ss:</span> <span class='ocrx_word' id='word_1_435' title='bbox 1053 2842 1121 2864; x_wconf 78' lang='lat' dir='ltr'>oni.</span> <span class='ocrx_word' id='word_1_436' title='bbox 1142 2834 1166 2863; x_wconf 92' lang='lat' dir='ltr'>O</span> <span class='ocrx_word' id='word_1_437' title='bbox 1187 2849 1221 2854; x_wconf 93' lang='lat'><strong>—</strong></span> <span class='ocrx_word' id='word_1_438' title='bbox 1249 2832 1430 2862; x_wconf 68' lang='lat' dir='ltr'>oscitavit}</span> <span class='ocrx_word' id='word_1_439' title='bbox 1458 2833 1491 2861; x_wconf 81' lang='lat' dir='ltr'>ct</span> <span class='ocrx_word' id='word_1_440' title='bbox 1515 2831 1724 2871; x_wconf 75' lang='lat' dir='ltr'>Madvigius:</span> <span class='ocrx_word' id='word_1_441' title='bbox 1751 2834 1912 2862; x_wconf 81' lang='lat' dir='ltr'>assertum</span> 
     </span>
     <span class='ocr_line' id='line_1_43' title="bbox 129 2881 1907 2921; baseline -0.001 -9"><span class='ocrx_word' id='word_1_442' title='bbox 129 2881 213 2917; x_wconf 87' lang='lat' dir='ltr'>BC;</span> <span class='ocrx_word' id='word_1_443' title='bbox 247 2881 386 2912; x_wconf 74' lang='lat' dir='ltr'>ascitum</span> <span class='ocrx_word' id='word_1_444' title='bbox 419 2882 527 2912; x_wconf 86' lang='lat' dir='ltr'>ceteri</span> <span class='ocrx_word' id='word_1_445' title='bbox 561 2881 685 2919; x_wconf 83' lang='lat' dir='ltr'>‹·0dd.;</span> <span class='ocrx_word' id='word_1_446' title='bbox 723 2883 885 2921; x_wconf 77' lang='lat' dir='ltr'>asc-ilum,</span> <span class='ocrx_word' id='word_1_447' title='bbox 920 2891 983 2912; x_wconf 72' lang='lat' dir='ltr'>vuon</span> <span class='ocrx_word' id='word_1_448' title='bbox 1011 2882 1118 2913; x_wconf 71' lang='lat' dir='ltr'>doleo-e</span> <span class='ocrx_word' id='word_1_449' title='bbox 1142 2891 1221 2913; x_wconf 70' lang='lat' dir='ltr'>cnm</span> <span class='ocrx_word' id='word_1_450' title='bbox 1249 2883 1369 2913; x_wconf 64' lang='lat' dir='ltr'>sisino</span> <span class='ocrx_word' id='word_1_451' title='bbox 1394 2882 1419 2912; x_wconf 87' lang='lat' dir='ltr'><strong>O</strong></span> <span class='ocrx_word' id='word_1_452' title='bbox 1446 2899 1480 2904; x_wconf 65' lang='lat'>—-</span> <span class='ocrx_word' id='word_1_453' title='bbox 1515 2881 1567 2911; x_wconf 77' lang='lat'>43.</span> <span class='ocrx_word' id='word_1_454' title='bbox 1593 2882 1651 2920; x_wconf 80' lang='lat' dir='ltr'>hys</span> <span class='ocrx_word' id='word_1_455' title='bbox 1673 2882 1716 2918; x_wconf 84' lang='lat' dir='ltr'>B;</span> <span class='ocrx_word' id='word_1_456' title='bbox 1748 2881 1796 2911; x_wconf 82' lang='lat' dir='ltr'>his</span> <span class='ocrx_word' id='word_1_457' title='bbox 1820 2881 1845 2912; x_wconf 95' lang='lat' dir='ltr'>O</span> <span class='ocrx_word' id='word_1_458' title='bbox 1872 2898 1907 2903; x_wconf 92' lang='lat'>——</span> 
     </span>
     <span class='ocr_line' id='line_1_44' title="bbox 129 2929 1910 2970; baseline 0.001 -10"><span class='ocrx_word' id='word_1_459' title='bbox 129 2929 181 2961; x_wconf 73' lang='lat'>44.</span> <span class='ocrx_word' id='word_1_460' title='bbox 208 2933 360 2961; x_wconf 80' lang='lat' dir='ltr'>numerat</span> <span class='ocrx_word' id='word_1_461' title='bbox 385 2931 409 2961; x_wconf 90' lang='lat' dir='ltr'><strong>B</strong></span> <span class='ocrx_word' id='word_1_462' title='bbox 427 2931 451 2961; x_wconf 87' lang='lat' dir='ltr'>E</span> <span class='ocrx_word' id='word_1_463' title='bbox 481 2949 514 2953; x_wconf 92' lang='lat'><strong>—</strong></span> <span class='ocrx_word' id='word_1_464' title='bbox 543 2931 594 2962; x_wconf 79' lang='lat'>48.</span> <span class='ocrx_word' id='word_1_465' title='bbox 623 2932 751 2970; x_wconf 76' lang='lat' dir='ltr'>aliquid</span> <span class='ocrx_word' id='word_1_466' title='bbox 779 2930 1020 2969; x_wconf 63' lang='lat' dir='ltr'>Wesenberg.</span> <span class='ocrx_word' id='word_1_467' title='bbox 1049 2933 1183 2969; x_wconf 66' lang='lat' dir='ltr'>aliquod</span> <span class='ocrx_word' id='word_1_468' title='bbox 1209 2931 1311 2962; x_wconf 68' lang='lat' dir='ltr'>codd.</span> <span class='ocrx_word' id='word_1_469' title='bbox 1339 2935 1369 2961; x_wconf 65' lang='lat' dir='ltr'>et</span> <span class='ocrx_word' id='word_1_470' title='bbox 1398 2933 1422 2961; x_wconf 79' lang='lat' dir='ltr'>t)</span> <span class='ocrx_word' id='word_1_471' title='bbox 1451 2948 1483 2952; x_wconf 90' lang='lat'>—</span> <span class='ocrx_word' id='word_1_472' title='bbox 1507 2931 1621 2969; x_wconf 80' lang='lat' dir='ltr'>prima</span> <span class='ocrx_word' id='word_1_473' title='bbox 1644 2931 1669 2962; x_wconf 92' lang='lat' dir='ltr'>B</span> <span class='ocrx_word' id='word_1_474' title='bbox 1693 2949 1728 2953; x_wconf 97' lang='lat'><strong>—</strong></span> <span class='ocrx_word' id='word_1_475' title='bbox 1753 2931 1807 2962; x_wconf 79' lang='lat' dir='ltr'>uel</span> <span class='ocrx_word' id='word_1_476' title='bbox 1830 2931 1910 2970; x_wconf 90' lang='lat' dir='ltr'>(non</span> 
     </span>
     <span class='ocr_line' id='line_1_45' title="bbox 131 2980 1914 3021; baseline 0.001 -11"><span class='ocrx_word' id='word_1_477' title='bbox 131 2981 175 3018; x_wconf 74' lang='lat' dir='ltr'>ut)</span> <span class='ocrx_word' id='word_1_478' title='bbox 201 2981 421 3020; x_wconf 74' lang='lat' dir='ltr'>appetendum</span> <span class='ocrx_word' id='word_1_479' title='bbox 440 2982 522 3019; x_wconf 87' lang='lat' dir='ltr'>(om.</span> <span class='ocrx_word' id='word_1_480' title='bbox 543 2982 597 3019; x_wconf 76' lang='lat' dir='ltr'>ad)</span> <span class='ocrx_word' id='word_1_481' title='bbox 616 2982 640 3012; x_wconf 88' lang='lat' dir='ltr'>B</span> <span class='ocrx_word' id='word_1_482' title='bbox 656 2982 680 3012; x_wconf 82' lang='lat' dir='ltr'>E</span> <span class='ocrx_word' id='word_1_483' title='bbox 700 2999 734 3002; x_wconf 90' lang='lat'>—</span> <span class='ocrx_word' id='word_1_484' title='bbox 766 2982 816 3012; x_wconf 72' lang='grc'>49,</span> <span class='ocrx_word' id='word_1_485' title='bbox 841 2983 965 3021; x_wconf 76' lang='lat' dir='ltr'>possint</span> <span class='ocrx_word' id='word_1_486' title='bbox 990 2982 1014 3012; x_wconf 92' lang='grc' dir='ltr'>Β</span> <span class='ocrx_word' id='word_1_487' title='bbox 1036 2999 1068 3003; x_wconf 79' lang='lat'>-</span> <span class='ocrx_word' id='word_1_488' title='bbox 1098 2982 1150 3012; x_wconf 54' lang='lat'>⁹20.</span> <span class='ocrx_word' id='word_1_489' title='bbox 1171 2982 1224 3020; x_wconf 76' lang='lat' dir='ltr'>ud]</span> <span class='ocrx_word' id='word_1_490' title='bbox 1252 2984 1308 3011; x_wconf 71' lang='lat' dir='ltr'>aa!</span> <span class='ocrx_word' id='word_1_491' title='bbox 1326 2981 1349 3011; x_wconf 91' lang='lat' dir='ltr'>B</span> <span class='ocrx_word' id='word_1_492' title='bbox 1374 2998 1406 3001; x_wconf 88' lang='lat'>——-</span> <span class='ocrx_word' id='word_1_493' title='bbox 1434 2980 1570 3020; x_wconf 80' lang='lat' dir='ltr'>aliquod</span> <span class='ocrx_word' id='word_1_494' title='bbox 1593 2981 1695 3012; x_wconf 87' lang='lat' dir='ltr'>BEO</span> <span class='ocrx_word' id='word_1_495' title='bbox 1714 2997 1749 3002; x_wconf 89' lang='lat'>—</span> <span class='ocrx_word' id='word_1_496' title='bbox 1776 2981 1830 3012; x_wconf 74' lang='lat'>⁶21.</span> <span class='ocrx_word' id='word_1_497' title='bbox 1848 2989 1914 3012; x_wconf 82' lang='lat' dir='ltr'>esse</span> 
     </span>
     <span class='ocr_line' id='line_1_46' title="bbox 130 3030 1914 3070; baseline 0.001 -10"><span class='ocrx_word' id='word_1_498' title='bbox 130 3038 199 3061; x_wconf 89' lang='lat' dir='ltr'>om.</span> <span class='ocrx_word' id='word_1_499' title='bbox 226 3031 249 3060; x_wconf 81' lang='lat' dir='ltr'><strong>B</strong></span> <span class='ocrx_word' id='word_1_500' title='bbox 278 3048 313 3052; x_wconf 88' lang='lat'>—</span> <span class='ocrx_word' id='word_1_501' title='bbox 341 3030 524 3060; x_wconf 52' lang='lat' dir='ltr'>eluerimus</span> <span class='ocrx_word' id='word_1_502' title='bbox 548 3031 572 3061; x_wconf 84' lang='lat' dir='ltr'>B</span> <span class='ocrx_word' id='word_1_503' title='bbox 602 3048 634 3052; x_wconf 92' lang='lat'><strong>—</strong></span> <span class='ocrx_word' id='word_1_504' title='bbox 662 3032 721 3062; x_wconf 70' lang='lat'>25.</span> <span class='ocrx_word' id='word_1_505' title='bbox 748 3035 805 3062; x_wconf 78' lang='lat' dir='ltr'>au!</span> <span class='ocrx_word' id='word_1_506' title='bbox 829 3032 862 3061; x_wconf 79' lang='lat' dir='ltr'>id</span> <span class='ocrx_word' id='word_1_507' title='bbox 886 3032 929 3062; x_wconf 87' lang='lat' dir='ltr'>B:</span> <span class='ocrx_word' id='word_1_508' title='bbox 957 3040 1028 3062; x_wconf 78' lang='lat' dir='ltr'>oni.</span> <span class='ocrx_word' id='word_1_509' title='bbox 1056 3032 1080 3061; x_wconf 91' lang='lat' dir='ltr'>O</span> <span class='ocrx_word' id='word_1_510' title='bbox 1107 3049 1140 3053; x_wconf 47' lang='grc' dir='ltr'><strong>ψ</strong></span> <span class='ocrx_word' id='word_1_511' title='bbox 1168 3031 1343 3070; x_wconf 68' lang='lat' dir='ltr'>roluplaliS</span> <span class='ocrx_word' id='word_1_512' title='bbox 1367 3038 1448 3060; x_wconf 76' lang='lat' dir='ltr'>nos:</span> <span class='ocrx_word' id='word_1_513' title='bbox 1475 3033 1534 3060; x_wconf 81' lang='lat' dir='ltr'>aut</span> <span class='ocrx_word' id='word_1_514' title='bbox 1555 3030 1733 3070; x_wconf 74' lang='lat' dir='ltr'>voluptatis</span> <span class='ocrx_word' id='word_1_515' title='bbox 1755 3030 1858 3061; x_wconf 83' lang='lat' dir='ltr'>codd.</span> <span class='ocrx_word' id='word_1_516' title='bbox 1879 3034 1914 3063; x_wconf 81' lang='lat' dir='ltr'>et</span> 
     </span>
     <span class='ocr_line' id='line_1_47' title="bbox 132 3078 1911 3120; baseline 0.001 -11"><span class='ocrx_word' id='word_1_517' title='bbox 132 3079 173 3114; x_wconf 89' lang='grc' dir='ltr'>Ο;</span> <span class='ocrx_word' id='word_1_518' title='bbox 202 3078 283 3119; x_wconf 81' lang='lat' dir='ltr'>[aul]</span> <span class='ocrx_word' id='word_1_519' title='bbox 309 3079 489 3118; x_wconf 77' lang='lat' dir='ltr'>voluptatis</span> <span class='ocrx_word' id='word_1_520' title='bbox 512 3080 544 3109; x_wconf 80' lang='lat' dir='ltr'>M</span> <span class='ocrx_word' id='word_1_521' title='bbox 573 3097 603 3102; x_wconf 91' lang='lat'>—-</span> <span class='ocrx_word' id='word_1_522' title='bbox 634 3080 686 3110; x_wconf 74' lang='lat'>⁶26.</span> <span class='ocrx_word' id='word_1_523' title='bbox 715 3082 814 3111; x_wconf 78' lang='lat' dir='ltr'>etiam</span> <span class='ocrx_word' id='word_1_524' title='bbox 840 3081 867 3111; x_wconf 84' lang='lat' dir='ltr'>si</span> <span class='ocrx_word' id='word_1_525' title='bbox 891 3081 936 3120; x_wconf 81' lang='lat' dir='ltr'>id]</span> <span class='ocrx_word' id='word_1_526' title='bbox 961 3084 1019 3111; x_wconf 74' lang='lat' dir='ltr'>aut</span> <span class='ocrx_word' id='word_1_527' title='bbox 1043 3081 1069 3110; x_wconf 80' lang='lat' dir='ltr'>si</span> <span class='ocrx_word' id='word_1_528' title='bbox 1095 3081 1125 3110; x_wconf 74' lang='lat' dir='ltr'>id</span> <span class='ocrx_word' id='word_1_529' title='bbox 1150 3082 1173 3111; x_wconf 64' lang='lat'>12</span> <span class='ocrx_word' id='word_1_530' title='bbox 1203 3098 1233 3102; x_wconf 46' lang='lat' dir='ltr'>m</span> <span class='ocrx_word' id='word_1_531' title='bbox 1272 3081 1322 3110; x_wconf 65' lang='lat'>27.</span> <span class='ocrx_word' id='word_1_532' title='bbox 1350 3080 1449 3110; x_wconf 75' lang='lat' dir='ltr'>eliam</span> <span class='ocrx_word' id='word_1_533' title='bbox 1472 3080 1498 3109; x_wconf 82' lang='lat' dir='ltr'>si</span> <span class='ocrx_word' id='word_1_534' title='bbox 1521 3080 1602 3110; x_wconf 69' lang='lat' dir='ltr'>nihil</span> <span class='ocrx_word' id='word_1_535' title='bbox 1623 3089 1825 3119; x_wconf 78' lang='lat' dir='ltr'>consequare</span> <span class='ocrx_word' id='word_1_536' title='bbox 1849 3081 1871 3111; x_wconf 89' lang='lat' dir='ltr'>B</span> <span class='ocrx_word' id='word_1_537' title='bbox 1887 3080 1911 3111; x_wconf 82' lang='lat' dir='ltr'>E</span> 
     </span>
     <span class='ocr_line' id='line_1_48' title="bbox 130 3128 1911 3170; baseline 0.001 -12"><span class='ocrx_word' id='word_1_538' title='bbox 130 3128 206 3166; x_wconf 88' lang='lat' dir='ltr'>(sed</span> <span class='ocrx_word' id='word_1_539' title='bbox 232 3128 322 3160; x_wconf 84' lang='lat' dir='ltr'>male</span> <span class='ocrx_word' id='word_1_540' title='bbox 350 3128 475 3160; x_wconf 84' lang='lat' dir='ltr'>additis</span> <span class='ocrx_word' id='word_1_541' title='bbox 493 3128 612 3159; x_wconf 69' lang='lat' dir='ltr'>verbis</span> <span class='ocrx_word' id='word_1_542' title='bbox 637 3133 695 3159; x_wconf 69' lang='lat' dir='ltr'>aut</span> <span class='ocrx_word' id='word_1_543' title='bbox 719 3130 799 3160; x_wconf 74' lang='lat' dir='ltr'>nihil</span> <span class='ocrx_word' id='word_1_544' title='bbox 819 3131 980 3168; x_wconf 75' lang='lat' dir='ltr'>dolemli):</span> <span class='ocrx_word' id='word_1_545' title='bbox 1009 3138 1077 3160; x_wconf 80' lang='lat' dir='ltr'>oni.</span> <span class='ocrx_word' id='word_1_546' title='bbox 1101 3130 1209 3161; x_wconf 79' lang='lat' dir='ltr'>ceteri</span> <span class='ocrx_word' id='word_1_547' title='bbox 1229 3129 1350 3159; x_wconf 76' lang='lat' dir='ltr'>codd:</span> <span class='ocrx_word' id='word_1_548' title='bbox 1376 3130 1474 3159; x_wconf 75' lang='lat' dir='ltr'>etiam</span> <span class='ocrx_word' id='word_1_549' title='bbox 1491 3129 1517 3158; x_wconf 73' lang='lat' dir='ltr'>si</span> <span class='ocrx_word' id='word_1_550' title='bbox 1533 3139 1597 3160; x_wconf 82' lang='lat' dir='ltr'>mm</span> <span class='ocrx_word' id='word_1_551' title='bbox 1615 3131 1802 3170; x_wconf 79' lang='lat' dir='ltr'>adipiscare</span> <span class='ocrx_word' id='word_1_552' title='bbox 1820 3131 1911 3166; x_wconf 86' lang='lat' dir='ltr'>(cum</span> 
     </span>
     <span class='ocr_line' id='line_1_49' title="bbox 131 3177 1912 3219; baseline 0.001 -12"><span class='ocrx_word' id='word_1_553' title='bbox 131 3177 186 3208; x_wconf 91' lang='lat' dir='ltr'>ed.</span> <span class='ocrx_word' id='word_1_554' title='bbox 214 3187 246 3209; x_wconf 84' lang='lat' dir='ltr'>a.</span> <span class='ocrx_word' id='word_1_555' title='bbox 276 3178 375 3217; x_wconf 74' lang='lat'>4480)</span> <span class='ocrx_word' id='word_1_556' title='bbox 401 3179 426 3209; x_wconf 95' lang='lat' dir='ltr'>O</span> <span class='ocrx_word' id='word_1_557' title='bbox 449 3196 492 3200; x_wconf 92' lang='lat'>—-</span> <span class='ocrx_word' id='word_1_558' title='bbox 516 3178 568 3209; x_wconf 86' lang='lat'>30.</span> <span class='ocrx_word' id='word_1_559' title='bbox 595 3187 728 3209; x_wconf 60' lang='lat' dir='ltr'>rursum</span> <span class='ocrx_word' id='word_1_560' title='bbox 752 3179 795 3209; x_wconf 86' lang='lat' dir='ltr'>B:</span> <span class='ocrx_word' id='word_1_561' title='bbox 832 3188 948 3210; x_wconf 78' lang='lat' dir='ltr'>rursus</span> <span class='ocrx_word' id='word_1_562' title='bbox 971 3181 996 3211; x_wconf 94' lang='lat' dir='ltr'>O</span> <span class='ocrx_word' id='word_1_563' title='bbox 1025 3198 1058 3201; x_wconf 87' lang='lat'>——</span> <span class='ocrx_word' id='word_1_564' title='bbox 1091 3182 1230 3219; x_wconf 74' lang='lat' dir='ltr'>reserent</span> <span class='ocrx_word' id='word_1_565' title='bbox 1255 3180 1300 3210; x_wconf 77' lang='lat' dir='ltr'>B:</span> <span class='ocrx_word' id='word_1_566' title='bbox 1331 3180 1479 3218; x_wconf 73' lang='lat' dir='ltr'>referunt</span> <span class='ocrx_word' id='word_1_567' title='bbox 1503 3180 1528 3210; x_wconf 96' lang='grc' dir='ltr'>Ο</span> <span class='ocrx_word' id='word_1_568' title='bbox 1555 3197 1589 3201; x_wconf 93' lang='lat'>—-</span> <span class='ocrx_word' id='word_1_569' title='bbox 1617 3180 1670 3211; x_wconf 68' lang='lat'>31¹.</span> <span class='ocrx_word' id='word_1_570' title='bbox 1697 3180 1740 3209; x_wconf 83' lang='lat' dir='ltr'>ad</span> <span class='ocrx_word' id='word_1_571' title='bbox 1763 3188 1825 3209; x_wconf 73' lang='lat' dir='ltr'>non</span> <span class='ocrx_word' id='word_1_572' title='bbox 1852 3180 1912 3209; x_wconf 84' lang='lat' dir='ltr'>do—</span> 
     </span>
     <span class='ocr_line' id='line_1_50' title="bbox 132 3226 1907 3270; baseline 0.002 -14"><span class='ocrx_word' id='word_1_573' title='bbox 132 3226 272 3268; x_wconf 78' lang='lat' dir='ltr'>lendum]</span> <span class='ocrx_word' id='word_1_574' title='bbox 299 3237 365 3259; x_wconf 81' lang='lat' dir='ltr'>non</span> <span class='ocrx_word' id='word_1_575' title='bbox 389 3228 517 3259; x_wconf 80' lang='lat' dir='ltr'>dolendi</span> <span class='ocrx_word' id='word_1_576' title='bbox 543 3228 565 3258; x_wconf 88' lang='lat' dir='ltr'>B</span> <span class='ocrx_word' id='word_1_577' title='bbox 594 3245 627 3249; x_wconf 90' lang='lat'><em>—</em></span> <span class='ocrx_word' id='word_1_578' title='bbox 664 3228 716 3258; x_wconf 73' lang='lat'>32.</span> <span class='ocrx_word' id='word_1_579' title='bbox 743 3228 810 3259; x_wconf 74' lang='lat' dir='ltr'>iam</span> <span class='ocrx_word' id='word_1_580' title='bbox 834 3229 937 3269; x_wconf 65' lang='lat' dir='ltr'>igilur</span> <span class='ocrx_word' id='word_1_581' title='bbox 961 3230 1003 3260; x_wconf 86' lang='lat' dir='ltr'>B:</span> <span class='ocrx_word' id='word_1_582' title='bbox 1037 3230 1139 3270; x_wconf 68' lang='lat' dir='ltr'>iyitur</span> <span class='ocrx_word' id='word_1_583' title='bbox 1164 3230 1230 3259; x_wconf 82' lang='lat' dir='ltr'>iam</span> <span class='ocrx_word' id='word_1_584' title='bbox 1256 3228 1278 3259; x_wconf 88' lang='lat' dir='ltr'>E</span> <span class='ocrx_word' id='word_1_585' title='bbox 1305 3227 1359 3266; x_wconf 85' lang='lat' dir='ltr'>(de</span> <span class='ocrx_word' id='word_1_586' title='bbox 1385 3237 1454 3269; x_wconf 90' lang='lat' dir='ltr'>quo</span> <span class='ocrx_word' id='word_1_587' title='bbox 1478 3228 1670 3269; x_wconf 73' lang='lat' dir='ltr'>Madvigius</span> <span class='ocrx_word' id='word_1_588' title='bbox 1696 3228 1801 3260; x_wconf 81' lang='lat' dir='ltr'>salsus</span> <span class='ocrx_word' id='word_1_589' title='bbox 1826 3230 1907 3266; x_wconf 76' lang='lat' dir='ltr'>est);</span> 
     </span>
     <span class='ocr_line' id='line_1_51' title="bbox 131 3275 869 3318; baseline 0.005 -12"><span class='ocrx_word' id='word_1_590' title='bbox 131 3275 221 3316; x_wconf 83' lang='lat' dir='ltr'>[iam]</span> <span class='ocrx_word' id='word_1_591' title='bbox 247 3277 351 3318; x_wconf 67' lang='lat' dir='ltr'>igilur</span> <span class='ocrx_word' id='word_1_592' title='bbox 374 3278 405 3310; x_wconf 80' lang='lat' dir='ltr'><strong>M</strong></span> <span class='ocrx_word' id='word_1_593' title='bbox 435 3295 468 3300; x_wconf 91' lang='lat'>—</span> <span class='ocrx_word' id='word_1_594' title='bbox 496 3277 549 3310; x_wconf 86' lang='lat'>33.</span> <span class='ocrx_word' id='word_1_595' title='bbox 571 3279 769 3318; x_wconf 61' lang='lat' dir='ltr'>proximare</span> <span class='ocrx_word' id='word_1_596' title='bbox 794 3279 817 3310; x_wconf 89' lang='lat' dir='ltr'>B</span> <span class='ocrx_word' id='word_1_597' title='bbox 833 3279 869 3310; x_wconf 87' lang='lat' dir='ltr'>E.</span> 
     </span>
    </p>
   </div>
  </div>
 </body>
</html>
