2249 3624
272 117 354 159 542
932 120 1003 159 DE
1033 119 1388 160 DIVINATIONE

273 224 415 264 dixisti
446 226 488 265 in
519 225 645 265 labris
676 225 860 264 Platonis
892 225 1132 265 consedisse
1163 225 1305 279 pueri,
1337 239 1422 265 non
1455 230 1538 265 tam
1568 225 1775 266 mirabilia
1806 227 1888 267 sint
1917 241 2042 282 quam

271 289 462 328 coniecta
491 288 629 335 belle;
671 300 777 340 quae
816 292 954 326 tamen
992 287 1059 326 vel
1096 287 1187 340 ipsa
1217 287 1322 327 falsa
1354 301 1446 328 esse
1477 288 1543 327 vel
1576 301 1645 335 ea,
1689 302 1796 342 quae
1828 290 2044 342 praedicta

271 357 387 398 sunt,
428 351 600 390 fortuito
641 349 843 389 cecidisse
875 355 1113 401 potuerunt.
1172 352 1232 389 De
1264 350 1355 403 ipso
1388 351 1537 390 Roscio
1570 356 1707 404 potest
1737 351 1840 390 illud
1873 352 2044 404 quidem

271 426 363 454 esse
395 413 558 458 falsum,
591 417 637 450 ut
667 411 982 464 circumligatus
1014 411 1140 452 fuerit
1170 413 1312 464 angui,
1344 412 1421 452 sed
1455 418 1500 451 ut
1530 413 1571 451 in
1603 413 1722 452 cunis
1748 413 1877 453 fuerit
1897 415 2043 467 anguis

238 485 353 515 5non
385 482 466 515 tam
499 480 561 513 est
590 473 763 520 mirum,
802 474 845 512 in
878 474 1049 513 Solonio
1081 476 1354 527 praesertim,
1393 475 1465 514 ubi
1497 475 1548 514 ad
1579 475 1718 515 focum
1752 488 1908 529 angues
1939 490 2044 515 nun-

270 538 406 578 dinari
437 537 585 577 solent.
624 537 727 574 Nam
760 535 874 588 quod
907 536 1150 589 haruspices
1172 537 1502 589 responderunt,
1525 537 1631 576 nihil
1652 537 1723 577 illo
1745 538 1920 585 clarius,
1941 537 2044 578 nihil

268 601 453 640 nobilius
484 599 600 644 fore,
642 598 771 636 miror
810 598 912 637 deos
951 598 1200 638 immortalis
1238 599 1433 639 histrioni
1469 600 1610 639 futuro
1643 600 1873 640 claritatem
1907 605 2044 639 osten-

269 663 404 709 disse,
447 661 604 700 nullam
647 660 882 700 ostendisse
921 661 1132 700 Africano.
1194 660 1260 700 67.
1302 664 1439 715 Atque
1482 663 1607 702 etiam
1648 675 1671 701 a
1712 668 1752 702 te
1784 663 2046 702 Flaminiana

268 731 430 765 ostenta
461 723 635 763 collecta
665 729 779 762 sunt:
817 723 957 776 «quod
990 724 1079 777 ipse
1112 729 1153 763 et
1184 737 1317 776 equus
1340 726 1428 765 eius
1451 731 1625 778 repente
1648 725 1923 765 concideriinz
1957 738 2043 765 non

218 797 253 825 40
267 801 366 827 sane
399 786 587 825 mirabile
618 784 698 824 hoc
731 785 928 838 quidem;
963 786 1105 839 «quod
1138 787 1261 826 evelli
1293 787 1417 839 primi
1448 787 1601 826 hastati
1626 787 1792 839 signum
1814 800 1899 826 non
1921 793 2045 840 potu-

267 851 400 891 eritn:
446 847 592 889 timide
632 845 810 887 sortasse
843 846 1017 900 signifer
1048 849 1275 896 evellebat,
1318 850 1433 902 quod
1465 848 1641 889 fidenter
1672 849 1878 888 infixerat.
1938 850 2041 888 Nam

264 912 440 965 Dionysi
472 924 606 963 equus
639 910 740 964 quid
773 911 914 950 attulit
945 910 1233 950 admirationis
1267 911 1380 963 quod
1412 912 1583 951 emersit
1605 925 1626 951 e
1648 912 1820 950 flumine
1845 911 2044 965 quodque

264 975 410 1015 habuit
440 986 539 1027 apes
569 974 613 1013 in
644 973 771 1012 iuba?
813 973 887 1012 sed
921 974 1021 1026 quia
1052 973 1169 1013 brevi
1201 979 1391 1026 tempore
1423 986 1599 1026 regnare
1631 975 1790 1027 coepit,
1831 973 1945 1026 quod
1977 986 2046 1012 ac-

266 1038 426 1077 ciderat
456 1049 555 1076 casu
586 1035 669 1074 vim
701 1034 845 1074 habuit
876 1036 1044 1075 ostenti.
1085 1038 1138 1075 At
1160 1035 1503 1076 Lacedaemoniis
1526 1036 1568 1075 in
1593 1036 1784 1076 Herculis
1805 1035 1904 1075 fano
1927 1047 2043 1074 arma

217 1111 251 1139 »15
266 1105 496 1141 sonuerunt
535 1097 807 1150 eiusdemque
847 1098 914 1138 dei
947 1099 1100 1138 Thebis
1140 1098 1285 1137 valvae
1325 1098 1492 1138 clausae
1531 1098 1669 1138 subito
1701 1111 1745 1138 se
1777 1103 2045 1152 aperuerunt,

264 1176 401 1216 eaque
433 1167 564 1208 scuta,
596 1174 704 1214 quae
735 1160 902 1200 fuerant
932 1162 1110 1201 sublime
1142 1158 1237 1208 fixa,
1269 1167 1367 1200 sunt
1397 1160 1515 1200 humi
1537 1161 1720 1200 inventa.
1766 1161 1926 1201 Horum
1948 1174 2044 1200 cum

264 1224 355 1265 fieri
392 1224 496 1264 nihil
531 1223 715 1277 potuerit
745 1223 834 1263 sine
866 1224 1010 1276 aliquo
1043 1228 1181 1270 motu,
1224 1223 1326 1276 quid
1367 1230 1430 1264 est
1470 1236 1543 1263 cur
1582 1221 1784 1263 divinitus
1826 1236 1874 1263 ea
1904 1223 2044 1277 potius

265 1301 389 1343 quam
423 1301 520 1327 casu
551 1285 659 1325 facta
690 1299 783 1325 esse
814 1286 1034 1326 dicamus?

378 1350 554 1390 XXXII.
595 1346 662 1386 68.
705 1349 757 1387 At
795 1349 837 1388 in
877 1348 1084 1402 Lysandri
1125 1353 1287 1389 statuae
1329 1349 1466 1402 capite
1496 1348 1671 1402 Delphis
1711 1348 1849 1389 extitit
1889 1360 2045 1388 corona

212 1425 250 1455 20
265 1427 317 1453 ex
347 1414 506 1466 asperis
536 1411 677 1451 herbis
711 1416 751 1450 et
782 1411 953 1464 quidem
985 1411 1134 1451 subita.
1175 1412 1326 1451 Itane?
1359 1424 1505 1451 censes
1537 1417 1633 1451 ante
1666 1424 1867 1451 coronam
1889 1411 2043 1450 herbae

265 1476 455 1516 extitisse
499 1488 624 1528 quam
669 1479 917 1526 conceptum
950 1488 1042 1514 esse
1074 1478 1249 1515 semen?
1311 1475 1491 1515 Herbam
1523 1480 1663 1514 autem
1695 1487 1887 1527 asperam
1918 1472 2044 1513 credo

263 1540 403 1578 avium
436 1543 654 1589 congestu,
686 1549 770 1575 non
802 1536 987 1576 humano
1021 1543 1141 1586 satu3
1187 1538 1270 1577 iam
1303 1537 1511 1591 quidquid
1545 1538 1587 1577 in
1620 1537 1755 1590 capite
1788 1541 1868 1585 est,
1900 1536 1943 1575 id
1974 1548 2044 1575 co-

262 1614 390 1640 ronae
431 1600 566 1639 simile
608 1598 741 1638 videri
784 1604 935 1652 potest.
996 1601 1100 1639 Nam
1141 1601 1254 1653 quod
1295 1600 1445 1640 eodem
1486 1606 1679 1653 tempore
1718 1599 1860 1640 stellas
1892 1611 2041 1639 aureas

263 1662 442 1703 Castoris
476 1668 516 1701 et
548 1662 728 1701 Pollucis
760 1661 937 1713 Delphis
969 1663 1127 1714 positas
1160 1662 1367 1703 decidisse
1406 1675 1545 1716 neque
1588 1675 1658 1702 eas
1689 1675 1867 1715 usquam
1901 1674 2044 1715 reper-

212 1737 248 1766 ⁸25
263 1731 324 1766 tas
347 1739 437 1765 esse
460 1723 624 1770 dixisti,
656 1724 793 1764 furum
822 1723 862 1763 id
885 1725 1017 1777 magis
1040 1725 1196 1764 factum
1220 1739 1346 1778 quam
1370 1725 1543 1765 deorum
1566 1724 1745 1764 videtur.
1798 1722 1865 1767 69.
1890 1724 2043 1763 Simiae

260 1802 359 1828 vero
391 1787 648 1827 Dodonaeae
679 1787 992 1839 improbitatem
1024 1787 1212 1827 historiis
1245 1788 1414 1827 Graecis
1447 1788 1685 1827 mandatam
1717 1800 1809 1826 esse
1842 1785 2040 1826 demiror.

262 1850 375 1899 Quid
409 1851 545 1889 minus
578 1850 727 1889 mirum
761 1863 884 1903 quam
917 1850 1032 1889 illam
1064 1851 1509 1890 monstruosissumam
1541 1849 1716 1889 bestiam
1748 1862 1896 1888 urnam
1927 1861 2044 1889 ever-

259 1915 373 1961 tisse,
407 1920 539 1953 sortes
570 1912 886 1964 dissupavisse‘?
926 1913 979 1951 Et
1000 1918 1155 1964 negant
1176 1913 1361 1952 historici
1382 1912 1728 1952 Lacedaemoniis
1750 1912 1881 1952 ullum
1902 1917 2042 1952 osten-

260 1982 347 2016 tum
380 1976 460 2016 hoc
491 1976 651 2015 tristius
683 1975 903 2014 accidisse.
956 1977 1059 2014 Nam
1092 1975 1164 2014 illa
1194 1975 1410 2028 praedicta
1432 1975 1687 2021 Veientium,
1719 1974 1753 2014 si
1786 1974 1900 2014 lacus
1919 1973 2043 2014 Alba-

209 2051 246 2080 30
260 2053 339 2079 nus
371 2038 645 2078 redundasset
675 2037 796 2090 isque
828 2037 871 2076 in
904 2050 1016 2077 mare
1047 2035 1262 2084 fluxisset,
1292 2038 1463 2077 Romam
1486 2037 1737 2090 perituram
1769 2037 1803 2077 si
1825 2050 2041 2090 repressus

261 2108 390 2149 esset,
412 2101 689 2141 Veios....ita
720 2113 830 2152 aqua
850 2100 1008 2139 Albana
1041 2100 1221 2139 deducta
1252 2100 1303 2139 ad
1328 2099 1549 2139 utilitatem
1572 2100 1658 2151 agri
1682 2097 1933 2146 suburbani,
1956 2112 2042 2138 non

260 2165 313 2205 ad
344 2166 489 2205 arcem
512 2164 748 2216 urbemque
784 2162 1061 2202 retinendam.
1121 2164 1174 2201 At
1204 2163 1329 2215 paulo
1361 2168 1458 2215 post
1487 2161 1630 2201 audita
1661 2176 1742 2201 vox
1775 2167 1838 2201 est
1868 2174 2042 2201 monen-

260 2228 327 2275 tis,
358 2234 404 2267 ut
434 2225 706 2280 providerent
737 2239 788 2264 ne
820 2239 842 2264 a
866 2225 996 2265 Gallis
1022 2226 1153 2265 Roma
1175 2230 1415 2277 caperetur3
1449 2237 1501 2263 ex
1522 2237 1572 2263 eo
1596 2224 1673 2263 Aio
1696 2224 1904 2277 Loquenti
1927 2237 2041 2264 aram

259 2291 303 2330 in
334 2303 444 2330 nova
475 2289 541 2329 via
573 2293 870 2328 consecratam.
934 2287 1046 2335 Quid
1089 2289 1216 2339 ergo?
1270 2287 1373 2326 Aius
1404 2288 1484 2327 iste
1516 2287 1734 2339 Loquens,
1776 2300 1906 2340 quom
1945 2300 2039 2327 eum

210 2363 384 2393 35nemo
416 2356 557 2398 norat,
598 2357 638 2390 et
673 2350 811 2389 aiebat
850 2355 890 2389 et
928 2350 1180 2402 loquebatur
1216 2356 1257 2389 et
1298 2363 1350 2389 ex
1394 2363 1444 2389 eo
1477 2362 1629 2388 nomen
1660 2349 1845 2398 invenit3
1891 2355 2041 2403 postea

260 2429 385 2469 quam
418 2420 460 2454 et
490 2414 634 2454 sedem
665 2419 706 2452 et
736 2426 849 2452 aram
881 2418 922 2452 et
952 2426 1106 2452 nomen
1138 2413 1317 2457 invenit,
1349 2413 1592 2452 obmutuit?
1653 2412 1776 2460 Quod
1810 2412 1920 2452 idem
1953 2412 2038 2452 dici

259 2478 310 2518 de
341 2479 509 2517 Moneta
550 2481 713 2529 potest3
758 2489 782 2515 a
819 2488 923 2529 qua,
966 2481 1261 2529 praeterquam
1302 2475 1353 2514 de
1393 2488 1466 2515 sue
1506 2474 1655 2528 plena,
1697 2475 1798 2528 quid
1840 2488 2040 2529 umquam

259 2540 407 2580 moniti
439 2541 614 2579 sumus?

345 2708 377 2738 ⁶2.
403 2706 632 2738 coniectabilia
657 2706 699 2743 Β,
728 2706 791 2738 sed
817 2705 897 2736 bilia
922 2715 963 2736 ex
988 2714 1079 2737 corr.
1110 2723 1141 2728 ——
1182 2706 1214 2736 5.
1241 2705 1361 2736 selonio
1385 2707 1429 2742 A,
1457 2704 1519 2736 sed
1544 2713 1576 2736 se
1599 2706 1633 2736 in
1658 2713 1742 2743 ras,
1770 2704 1812 2736 cf.
1839 2705 1871 2743 Ι,
1898 2705 1973 2744 §79
2000 2721 2035 2726 —

256 2758 436 2789 nondinari
460 2760 503 2795 A,
532 2758 681 2787 nidulari
704 2757 839 2787 amicus
864 2756 1007 2796 quidam
1034 2756 1162 2794 Ursini,
1188 2756 1363 2786 *meridiari
1382 2755 1540 2786 Davisius
1559 2772 1593 2776 —
1622 2755 1652 2785 6.
1670 2756 1908 2795 responderunt
1931 2754 2036 2787 codd.

258 2808 361 2839 dett:
396 2808 622 2846 responderint
647 2807 670 2838 C
701 2824 734 2828 —
769 2807 800 2837 7.
828 2807 1031 2837 immor-tales
1054 2806 1145 2836 AVO
1172 2822 1206 2827 -—
1244 2806 1273 2836 9.
1300 2805 1436 2835 collecta
1460 2811 1547 2836 sunl.
1575 2805 1667 2844 Quod
1691 2805 1740 2843 03
1778 2814 1842 2837 nos
1866 2805 1900 2836 in
1926 2805 2038 2836 inter-

257 2857 446 2898 pungendo
480 2857 546 2887 hoc:
578 2855 654 2888 loco
684 2856 897 2896 Madvigium
929 2856 972 2887 ad
1000 2855 1070 2887 Cic.
1097 2856 1141 2886 de
1167 2856 1250 2886 finn.
1278 2863 1311 2895 p.
1331 2856 1365 2886 51¹
1397 2856 1508 2886 secuti
1534 2863 1658 2886 sumus
1692 2871 1726 2876 —-
1759 2856 1828 2886 eius
1851 2863 1920 2885 om.
1947 2854 1971 2885 B
1998 2868 2034 2874 —

260 2908 311 2938 42.
338 2908 489 2945 Dionysii
514 2908 538 2938 O
577 2921 612 2927 —
651 2907 733 2937 alul.
760 2909 787 2937 Α
827 2923 861 2927 -
901 2906 952 2937 43.
979 2906 1145 2936 occiderat
1170 2905 1210 2934 V²
1246 2921 1281 2926 —-
1325 2903 1377 2936 44.
1404 2907 1439 2935 at
1469 2905 1502 2935 in
1527 2913 1595 2936 ras.
1623 2906 1649 2935 A
1689 2920 1724 2927 —
1764 2905 1815 2937 46.
1842 2912 1928 2944 quae
1955 2911 2034 2943 sup.

258 2954 316 2987 lin.
344 2956 367 2986 B
396 2972 429 2977 -—
457 2956 593 2986 humani
617 2954 657 2986 V¹
683 2972 717 2977 -—
746 2956 798 2986 47.
826 2956 939 2996 aliquo
964 2963 1034 2986 om.
1062 2955 1110 2992 13¹,
1138 2956 1224 2986 alico
1249 2955 1290 2984 Vl
1313 2972 1357 2977 —
1381 2964 1468 2993 quur
1491 2954 1662 2985 diuinalus
1678 2955 1718 2985 V¹
1736 2971 1772 2976 —
1799 2955 1852 2986 22.
1880 2952 2038 2995 quicquid

258 3006 317 3037 AB
342 3023 384 3028 —-
415 3005 468 3037 26.
495 3005 659 3036 dodoneae
683 3008 709 3036 A
735 3021 769 3027 —
803 3005 966 3036 historicis
989 3007 1015 3037 A
1040 3022 1082 3027 —-
1112 3005 1164 3036 u28.
1191 3005 1402 3043 dissipauisse
1426 3005 1451 3035 O
1485 3021 1520 3025 —
1556 3004 1609 3035 31.
1639 3005 1728 3036 Veios
1750 3005 1800 3035 ita
1825 3005 1870 3036 C:
1905 3001 2036 3043 aliquid

258 3054 480 3086 intercidisse
506 3054 695 3085 Lambinus
721 3054 904 3093 intellexit,
940 3064 1045 3095 quam
1076 3054 1239 3086 lacunam
1265 3055 1315 3086 sic
1339 3054 1527 3086 commode
1553 3054 1771 3095 expleveris:
1808 3055 1916 3086 Veios:
1948 3052 2037 3084 omni

258 3112 302 3135 ew
326 3108 426 3144 parte
456 3107 535 3134 rala
565 3103 787 3135 eoestiterunt‘?
816 3114 894 3135 num
923 3105 1032 3136 minus
1056 3105 1159 3136 Roma
1183 3113 1205 3135 a
1230 3103 1334 3135 Gallis
1362 3108 1462 3144 capta
1484 3105 1555 3136 esl‘?
1583 3105 1632 3135 ila
1655 3113 1748 3144 aqua
1778 3106 1846 3136 etc.
1873 3120 1909 3126 —
1944 3103 2038 3143 agris

259 3156 286 3186 A
314 3170 348 3176 —
383 3152 436 3185 34.
463 3161 561 3191 quom
585 3154 632 3184 B:
665 3162 730 3194 quo
753 3154 781 3184 V
807 3163 897 3186 corr.
925 3163 971 3186 m.
998 3155 1017 3185 Ξ
1049 3154 1084 3185 in
1109 3155 1284 3194 quoniam,
1310 3163 1384 3186 cum
1415 3157 1442 3186 A
1467 3155 1500 3185 in
1526 3162 1617 3192 ras,
1652 3154 1784 3193 quando
1815 3152 1919 3185 codd.
1946 3151 2032 3183 dett.

259 3203 388 3235 Moseri
413 3204 448 3234 et
472 3203 496 3234 O
523 3218 558 3226 —-
586 3203 638 3235 35.
658 3207 687 3236 et
710 3206 792 3236 ante
808 3212 852 3237 ea:
875 3203 1071 3237 om.ABV²
1097 3220 1133 3227 -
1159 3203 1213 3236 36.
1239 3211 1339 3236 arum
1364 3204 1404 3235 V¹
1430 3220 1465 3227 —
1492 3204 1669 3236 ommutuit
1692 3203 1717 3236 C
1746 3219 1782 3226 -
1808 3202 1862 3234 37.
1885 3207 2035 3242 unquam

258 3252 286 3284 A
310 3250 378 3283 hoc
401 3249 493 3285 loco.
