2249 3624
651 150 748 191 οη.
780 150 1125 190 xxa-xxiv.
1164 147 1223 202 §§
1255 146 1450 188 82—88.
1877 142 1958 184 635

191 257 339 301 officiis
381 262 552 311 repente
593 257 634 296 in
675 257 811 297 medio
852 270 975 297 cursu
1014 257 1219 297 amicitias
1261 262 1407 296 exorta
1438 255 1578 308 aliqua
1610 253 1844 294 offensione
1875 252 1961 292 dis-

190 323 434 376 rumpimus.

303 384 456 423 xxlu.
488 381 554 422 86.
587 383 682 431 Quo
715 384 838 422 etiam
872 384 1003 435 magis
1032 382 1305 436 vituperanda
1329 388 1391 421 est
1415 381 1471 420 rei
1497 380 1676 420 maxime
1700 377 1960 418 necessariae

189 452 303 488 tanta
333 446 506 486 incuria.
567 445 653 485 Una
685 451 748 484 est
780 445 890 484 enim
923 446 1104 485 amicitia
1136 446 1177 484 in
1211 445 1333 484 rebus
1367 444 1580 490 humanis,
1613 443 1664 481 de
1696 441 1815 480 cuius
1849 439 1961 479 utili-

189 515 272 549 tate
312 521 458 548 omnes
500 522 583 547 uno
625 520 696 546 ore
729 508 1020 546 consentiunt:
1064 520 1318 561 quamquam
1352 520 1374 546 a
1407 506 1546 545 multis
1579 505 1709 543 virtus
1742 504 1831 556 ipsa
1863 507 1993 542 con-5

188 571 384 612 temnitur
429 577 469 610 et
514 570 742 610 venditatio
789 570 996 623 quaedam
1040 576 1164 622 atque
1204 570 1429 608 ostentatio
1472 580 1565 607 esse
1606 566 1774 605 dicitur.
1842 565 1961 604 Multi

189 633 355 673 divitias
387 633 635 686 despiciunt,
668 645 774 685 quos
806 645 935 684 parvo
958 637 1175 671 contentos
1199 632 1336 670 tenuis
1360 632 1492 670 victus
1515 630 1738 682 cultusque
1761 627 1958 673 delectae

188 696 370 736 honores
402 709 524 742 vero,
558 709 739 748 quorum
771 694 1003 748 cupiditate
1036 694 1209 747 quidam
1242 695 1566 739 inflammantur,
1599 704 1722 744 quam
1756 690 1876 730 multi
1907 690 1964 729 ita

190 765 488 806 contemnunt,
535 765 577 798 ut
620 758 723 797 nihil
763 757 958 803 inanum,
1005 757 1109 796 nihil
1152 769 1244 795 esse
1287 756 1421 795 levius
1462 755 1729 794 existiment:
1776 755 1963 804 itemque

190 827 349 868 cetera,
381 834 487 875 quae
511 819 761 874 quibusdam
785 820 1046 860 admirabilia
1070 820 1282 866 videntur,
1306 819 1498 872 permulti
1522 824 1618 857 sunt
1640 817 1710 870 qui
1733 829 1807 868 pro
1832 813 1962 854 nihilo
1978 820 2013 848 ⁴0

190 889 354 938 putent.
412 884 473 923 De
504 883 689 923 amicitia
720 896 866 922 omnes
898 883 949 921 ad
982 897 1110 922 unum
1142 883 1252 922 idem
1285 883 1490 928 sentiunt,
1530 887 1570 920 et
1600 881 1650 926 ii,
1692 880 1760 931 qui
1792 878 1843 918 ad
1875 890 1963 916 rem

191 947 398 1001 publicam
439 959 482 985 se
521 945 807 992 contulerunt,
849 951 889 984 et
927 946 975 991 ii,
1016 946 1088 999 qui
1130 959 1267 984 rerum
1305 944 1546 995 cognitione
1588 942 1862 994 doctrinaque
1893 940 1964 978 de-

192 1011 420 1056 lectantur,
460 1014 499 1048 et
529 1009 576 1055 ii,
616 1008 688 1061 qui
722 1021 841 1047 suum
874 1008 1085 1059 negotium
1119 1014 1268 1059 gerunt
1301 1007 1453 1053 otiosi,
1487 1011 1698 1058 postremo
1732 1005 1780 1050 ii,
1815 1003 1887 1056 qui
1920 1014 1963 1040 se

189 1079 302 1113 totos
335 1071 598 1112 tradiderunt
628 1071 927 1123 voluptatibus,
959 1071 1050 1109 sine
1082 1071 1264 1109 amicitia
1295 1070 1422 1108 vitam
1455 1081 1546 1106 esse
1572 1067 1750 1112 nullam,
1783 1066 1816 1104 si
1839 1063 1963 1104 modo

189 1135 319 1174 velint
356 1134 498 1188 aliqua
539 1147 592 1173 ex
632 1140 749 1186 parte
791 1133 1022 1173 liberaliter
1061 1133 1216 1172 vivere.
1289 1130 1355 1170 87.
1390 1130 1528 1183 Serpit
1559 1129 1668 1168 enim
1704 1128 1845 1167 nescio
1879 1139 1963 1179 quo
1979 1133 2014 1162 ⁴5

189 1196 312 1238 modo
351 1211 426 1251 per
464 1197 651 1237 omnium
691 1197 794 1236 vitas
833 1195 1015 1235 amicitia
1057 1209 1133 1235 nec
1173 1195 1300 1235 ullam
1333 1194 1480 1233 aetatis
1512 1192 1727 1238 degendae
1759 1190 1964 1230 rationem

189 1261 346 1314 patitur
383 1273 475 1299 esse
514 1265 730 1312 expertem
767 1259 846 1299 sui.
907 1259 1018 1306 Quin
1051 1260 1175 1298 etiam
1207 1259 1241 1297 si
1276 1258 1369 1309 quis
1401 1255 1627 1307 asperitate
1661 1266 1707 1292 ea
1739 1259 1800 1292 est
1831 1258 1872 1292 et
1903 1251 1966 1290 in-

189 1323 388 1362 manitate
420 1328 617 1370 naturae,
656 1335 906 1375 congressus
943 1327 988 1361 ut
1026 1321 1244 1360 hominum
1276 1319 1412 1371 fugiat
1443 1324 1570 1370 atque
1604 1315 1757 1362 oderit,
1799 1314 1965 1367 qualem

188 1384 320 1425 fuisse
341 1385 516 1425 Athenis
538 1386 759 1424 Timonem
789 1385 933 1424 nescio
967 1398 1091 1437 quem
1123 1383 1383 1435 accepimus,
1415 1386 1550 1420 tamen
1585 1380 1618 1418 is
1651 1378 1734 1430 pati
1766 1390 1848 1416 non
1871 1389 1965 1428 pos-

190 1448 257 1494 sit,
288 1454 334 1487 ut
364 1461 448 1487 non
480 1448 674 1500 anquirat
704 1446 901 1500 aliquem,
934 1447 1046 1500 apud
1080 1460 1205 1499 quem
1238 1450 1402 1484 evomat
1435 1444 1548 1482 virus
1580 1441 1817 1482 acerbitatis
1851 1446 2016 1480 suae.20

189 1511 327 1563 Atque
358 1511 437 1549 hoc
469 1511 650 1550 maxime
682 1510 950 1556 iudicaretur,
982 1510 1016 1550 si
1049 1509 1150 1562 quid
1183 1509 1264 1548 tale
1297 1513 1438 1560 posset
1459 1506 1722 1557 contingere,
1746 1510 1791 1543 ut
1812 1503 1965 1556 aliquis

191 1586 268 1613 nos
307 1574 409 1614 deus
448 1587 500 1613 ex
538 1573 616 1613 hac
656 1573 869 1614 hominum
908 1572 1145 1626 frequentia
1185 1571 1350 1611 tolleret
1389 1576 1429 1609 et
1466 1569 1507 1608 in
1542 1566 1771 1608 solitudine
1804 1566 1965 1619 uspiam

191 1636 417 1676 collocaret
446 1642 574 1690 atque
606 1636 663 1675 ibi
696 1636 969 1689 subpeditans
1004 1636 1192 1674 omnium
1225 1647 1385 1679 rerum,
1427 1646 1532 1685 quas
1564 1637 1711 1670 natura
1743 1629 1966 1674 desiderat,

191 1699 491 1739 abundantiam
533 1705 573 1739 et
612 1699 776 1752 copiam
808 1699 991 1738 hominis
1024 1699 1194 1737 omnino
1225 1694 1460 1748 aspiciendi
1491 1699 1738 1747 potestatem
1771 1692 1964 1743 eriperet.

192 1762 297 1810 Quis
330 1768 412 1801 tam
445 1768 556 1801 esset
585 1762 748 1801 ferreus
780 1763 852 1814 qui
887 1775 976 1801 eam
1010 1761 1135 1799 vitam
1168 1759 1276 1798 ferre
1309 1762 1452 1810 posset
1483 1756 1635 1808 cuique
1668 1768 1750 1793 non
1784 1752 2016 1792 auferret25

189 1824 369 1864 fructum
401 1824 662 1876 voluptatum
695 1824 883 1863 omnium
916 1824 1131 1863 solitudo?
1192 1820 1259 1859 88.
1296 1822 1447 1859 Verum
1480 1832 1576 1870 ergo
1606 1817 1712 1857 illud
1742 1822 1824 1862 est,
1853 1813 1967 1867 quod

190 1900 214 1927 a
234 1887 463 1926 Tarentino
485 1886 680 1940 Archyta,
712 1893 758 1925 ut
789 1887 952 1940 opinor,
986 1885 1069 1925 dici
1103 1885 1271 1924 solitum
1304 1889 1472 1922 nostros
1496 1894 1617 1921 senes
1641 1889 1968 1919 commemorare

190 1949 332 1990 audivi
364 1951 414 1989 ab
446 1949 539 1988 aliis
570 1950 741 1989 senibus
773 1949 981 1988 auditum:
1017 1949 1051 1987 si
1085 1948 1178 2000 quis
1210 1946 1252 1986 in
1284 1946 1445 1985 caelum
1477 1943 1736 1983 ascendisset
1759 1947 1968 1980 naturam-

191 2025 273 2066 que
319 2012 463 2051 mundi
511 2018 548 2050 et
597 2012 954 2064 pulchritudinem
1002 2010 1186 2049 siderum
1234 2007 1540 2061 perspexisset,
1591 2006 1807 2044 insuavem
1855 2002 1967 2041 illam

190 2075 510 2114 admirationem
543 2075 581 2113 ei
612 2074 724 2121 fore,
764 2088 873 2127 quae
907 2074 1207 2113 iucundissima
1238 2073 1409 2118 fuisset,
1447 2071 1481 2110 si
1514 2070 1698 2122 aliquem
1731 2067 1796 2106 cui
1828 2078 1968 2105 narra-
1983 2072 2020 2100 30

190 2142 253 2177 ret
283 2136 508 2176 habuisset.
571 2137 639 2176 Sic
677 2142 827 2176 natura
868 2138 1102 2177 solitarium
1144 2135 1245 2175 nihil
1286 2140 1397 2173 amat
1428 2144 1680 2184 semperque
1712 2129 1763 2168 ad
1796 2125 1968 2180 aliquod

190 2205 406 2252 tamquam
446 2199 746 2239 adminiculum
788 2199 1014 2246 adnititur,
1058 2200 1171 2252 quod
1211 2198 1253 2236 in
1284 2196 1539 2236 amicissimo
1573 2205 1743 2246 quoque
1776 2189 1969 2229 dulcissi-

193 2276 304 2302 mum
338 2267 413 2301 est.

307 2325 459 2364 XXlV.
494 2324 575 2364 Sed
608 2338 702 2364 cum
734 2329 797 2364 tot
827 2324 959 2376 signis
992 2323 1137 2363 eadem
1168 2328 1317 2362 natura
1350 2320 1534 2360 declaret
1556 2318 1658 2371 quid
1683 2316 1800 2363 velit,
1822 2312 1970 2367 anqui-

192 2392 274 2435 rat,
307 2386 543 2434 desideret,
576 2392 715 2426 tamen
747 2388 1087 2427 obsurdescimus
1120 2387 1260 2425 nescio
1294 2399 1377 2437 quo
1411 2383 1534 2423 modo
1568 2393 1642 2419 nec
1676 2392 1745 2425 ea,
1778 2390 1884 2431 quae
1917 2376 1967 2416 ab
1982 2383 2021 2412 35

194 2463 242 2489 ea
282 2462 525 2496 monemur,
567 2449 772 2489 audimus.
840 2451 914 2500 Est
956 2451 1068 2489 enim
1108 2449 1247 2488 varius
1289 2454 1330 2487 et
1370 2445 1591 2497 multiplex
1631 2456 1729 2482 usus
1761 2440 1968 2480 amicitiae

192 2511 434 2565 multaeque
467 2525 618 2552 causae
649 2513 942 2565 suspicionum
975 2511 1343 2564 offensionumque
1377 2509 1541 2554 dantur,
1565 2518 1669 2560 quas
1693 2510 1778 2544 tum
1801 2504 1968 2550 evitare,

284 2740 314 2770 l.
340 2740 573 2779 disrumpimus
597 2741 676 2771 DG:
705 2740 946 2778 disrumpemus
970 2741 1002 2775 S,
1030 2741 1276 2777 disrumpamus
1300 2738 1338 2774 V,
1366 2737 1595 2774 dirumpamus
1612 2734 1648 2767 B„
1675 2732 1895 2770 dirumpimus
1912 2731 1969 2762 Eo

196 2805 231 2810 -—
251 2789 281 2820 5.
302 2797 506 2828 quamquam
531 2798 600 2820 om.
622 2790 760 2827 Madxig
778 2790 916 2829 (Opuse.
939 2791 976 2826 ΙΙ,
994 2790 1078 2824 ’28ἕ3;,
1107 2791 1182 2829 post
1201 2787 1406 2819 conseminat
1425 2788 1553 2826 pum-to
1574 2784 1684 2823 posito
1713 2800 1746 2804 -
1774 2784 1849 2821 ipsa
1866 2782 1972 2811 uirtus

195 2838 221 2869 O
250 2856 280 2860 —-
310 2839 340 2868 7.
359 2842 517 2877 spernunt
543 2839 564 2869 li
586 2857 620 2860 —
650 2840 837 2877 Ἰ11.ριι[αιυ
857 2839 948 2869 sssv
971 2856 1003 2860 ——
1032 2840 1075 2869 ad
1094 2847 1195 2868 uuum
1213 2840 1295 2869 diem
1322 2836 1400 2869 13s¹,
1429 2837 1511 2865 ulem
1537 2843 1594 2864 0¹11
1630 2833 1654 2862 V
1676 2851 1709 2855 -—
1736 2832 1772 2872 ii]
1791 2834 1822 2863 lli
1848 2834 1973 2872 quater

195 2888 333 2925 BGSV,
361 2887 414 2918 bis
441 2888 466 2918 D
495 2905 529 2910 —
557 2889 608 2918 42.
635 2889 833 2918 contulerint
857 2889 913 2919 SV
944 2905 974 2909 —-
1005 2890 1056 2919 43.
1085 2889 1183 2918 ociosi·
1208 2890 1232 2919 G
1263 2906 1293 2909 --
1326 2887 1376 2918 lsi.
1397 2885 1594 2916 tradiderint
1619 2884 1644 2914 D
1672 2899 1707 2904 —
1735 2882 1861 2912 nullum
1886 2882 1968 2912 DE:

196 2937 323 2968 nullam
346 2938 486 2968 sentiunt
511 2937 651 2972 BGSV,
680 2938 744 2967 sed
767 2939 892 2968 nullam
918 2939 938 2968 S
965 2939 996 2968 in
1016 2947 1124 2975 marg-¹.
1157 2953 1190 2959 —
1222 2939 1271 2968 47.
1299 2946 1335 2967 ca
1361 2936 1538 2974 axperuate
1562 2934 1586 2962 0
1615 2949 1648 2953 —-
1678 2932 1726 2962 ⁴20.
1754 2933 1909 2970 acquirat
1933 2931 1970 2967 E,

197 2987 348 3025 inquii-ac
374 2988 399 3018 n
428 3004 461 3009 —
490 2987 543 3016 21.
564 2987 713 3016 indu-are
740 2986 762 3016 E
791 3003 826 3008 -
848 2987 952 3024 passu
977 2988 1000 3015 c
1030 3003 1063 3008 -
1092 2976 1144 3016 27.
1166 2987 1349 3017 terentiano
1374 2987 1397 3013 ω
1425 3002 1465 3005 -
1490 2982 1621 3013 ari-uua
1639 2980 1701 3011 GV
1726 2998 1768 3002 -
1800 2980 1851 3010 ¹28.
1872 2983 1973 3009 natu-

197 3044 273 3066 ram
297 3035 399 3066 BS¹V
435 3054 476 3058 —
515 3036 567 3066 ⁶29.
590 3036 849 3074 pulcritudinem
876 3033 949 3065 130¹
987 3052 1021 3056 —
1064 3035 1116 3065 30.
1144 3038 1205 3065 nist
1230 3035 1334 3073 aliqui
1367 3035 1390 3064 P.
1427 3051 1469 3055 —
1508 3036 1584 3062 tunc
1609 3031 1659 3060 cui
1694 3029 1717 3059 Ε
1756 3046 1791 3051 -
1829 3038 1973 3062 narrare

198 3093 261 3115 non
279 3084 352 3115 hub.
374 3084 412 3119 D,
438 3089 597 3115 narrare!
620 3083 640 3114 ἦ
665 3084 739 3113 hab.
760 3084 791 3113 S.
820 3084 883 3113 sed
908 3082 928 3113 ἦ
954 3084 985 3114 in
1013 3092 1131 3114 rasura
1159 3092 1204 3114 in.
1227 3085 1264 3117 2;
1293 3088 1407 3113 uari-e!
1431 3082 1504 3113 hab.
1525 3084 1548 3112 G
1576 3079 1655 3110 add.
1675 3088 1753 3119 sup.
1774 3078 1828 3110 liu.
1848 3090 1910 3110 uon
1934 3096 1967 3101 —

201 3132 254 3164 3⁴.
280 3134 361 3163 nihil
385 3138 479 3164 uiuat
503 3135 690 3165 solilarium
716 3133 805 3163 sssv
845 3150 877 3155 -
914 3141 1040 3172 semmei·
1066 3133 1088 3163 Ε
1127 3150 1159 3154 -—
1199 3131 1326 3169 aliquid
1352 3132 1377 3161 Ι)
1405 3147 1438 3152 —
1469 3132 1520 3161 32.
1540 3129 1789 3161 amminiculum
1815 3129 1906 3159 st
1933 3147 1968 3152 —

201 3191 330 3222 quoque
352 3192 421 3214 om.
442 3184 462 3214 S
488 3201 523 3205 -
552 3183 604 3214 34.
632 3188 757 3214 ualui-a
781 3190 850 3212 om.
872 3183 896 3213 E
923 3199 956 3204 —
986 3183 1134 3213 declarat
1162 3181 1254 3212 DSV
1284 3196 1317 3201 —
1347 3181 1433 3218 quod
1458 3180 1520 3211 DV
1545 3197 1587 3201 —
1612 3179 1767 3216 acquirat
1793 3178 1835 3215 li,
1860 3179 1973 3216 inqui-

201 3236 257 3263 rat
281 3234 306 3263 D
334 3250 370 3255 -
397 3234 437 3264 35
468 3236 577 3264 tamen
602 3234 861 3264 obsurdescimus
886 3234 909 3263 C
937 3232 1010 3271 (sed
1030 3234 1050 3263 S
1068 3231 1335 3269 obsordescimus,
1355 3231 1377 3261 B
1396 3231 1687 3268 obsurdescimus):
1714 3227 1842 3258 obsurd.
1863 3232 1973 3260 ιαηοεη

205 3281 230 3311 Ο
252 3299 295 3304 -
330 3281 384 3314 36.
409 3291 582 3314 monemur
603 3284 631 3315 D
661 3300 692 3306 -
734 3283 786 3314 37.
814 3291 896 3322 quas
918 3291 993 3313 cum
1016 3281 1090 3313 BV.
