2249 3624
877 229 1216 270 FRAGMENTA.
1837 223 1910 264 934

276 341 308 378 1.
350 338 486 376 Utrum
515 347 605 372 cum
637 334 793 372 Cottam
824 333 1071 383 appetisset,
1113 343 1163 369 an
1192 342 1282 368 cum
1309 329 1397 381 ipse
1435 341 1528 367 sese
1557 334 1772 367 conaretur
1809 329 1918 366 occi-

177 402 289 448 dere,
317 400 438 439 telum
463 398 496 436 ei
529 408 552 434 e
579 395 768 434 manibus
797 401 981 446 ereptum
1012 395 1098 432 est?
1137 394 1312 441 (Quint.
1344 392 1367 429 Ι.
1399 392 1443 429 V.
1474 404 1507 430 e.
1541 392 1599 430 10.
1631 395 1663 439 ς.
1694 393 1768 440 09.)

274 465 308 503 2.
350 464 459 510 Quos
493 458 670 497 educere
706 458 852 496 invitos
882 458 920 494 in
954 456 1202 507 provinciam
1236 468 1315 493 non
1348 456 1496 505 potuit,
1535 467 1605 493 eos
1638 455 1782 493 invitos
1822 455 1919 492 reti-

177 539 272 567 nere
305 526 371 577 qui
399 522 553 575 potuit?
608 520 684 570 (ld.
716 520 740 558 1.
772 521 814 557 V.
850 533 884 557 c.
921 524 975 557 10.
1011 520 1030 566 ξ
1078 520 1153 567 70.)

276 590 309 627 3.
351 591 399 626 ΑΙ.
427 586 531 624 enim
562 597 640 622 non
670 584 753 621 veri
787 583 916 621 simile
947 588 1008 620 est
1042 588 1193 620 tantuin
1233 582 1366 620 scelus
1404 583 1450 619 M.
1484 582 1640 619 Cottam
1681 593 1772 618 esse
1808 591 1953 618 com—5

179 658 366 691 mentum.
423 646 558 695 Quid-J
596 647 672 685 hoc
701 646 784 683 veri
826 644 956 683 simile
992 651 1077 691 est,
1111 650 1264 683 tantum
1302 644 1436 683 scelus
1469 645 1644 695 Oppium
1675 656 1767 682 esse
1796 656 1921 681 cona—

179 714 289 754 tum'?
341 711 415 761 (Id.
449 710 471 747 l.
501 711 544 747 V.
573 722 605 747 c.
642 710 696 748 13,
735 709 769 755 ξ.
799 708 872 756 30.)

273 776 308 813 4.
350 775 612 823 Questusque
642 783 799 808 mecum
830 776 903 807 est.
961 770 1266 814 (Arusianus
1295 782 1334 820 p.
1365 771 1448 808 257.
1482 769 1615 814 Lind.)

272 839 307 875 5.
350 836 505 874 Etenim
534 833 702 872 multum
733 844 854 884 posse
887 832 936 871 ad
969 831 1141 870 salutem
1183 832 1368 879 alterius,
1409 832 1548 869 honori
1583 830 1738 868 multis:
1780 842 1921 881 parum

176 900 355 952 potuisse
389 897 438 937 ad
470 897 656 945 exitium,
688 895 837 946 probro
874 895 1022 932 nemini
1061 906 1238 945 unquam
1275 895 1358 932 fuit.
1417 896 1509 942 (Am
1524 894 1666 931 mian.
1698 892 1974 930 Marcell.⁴o

176 965 202 1002 1.
233 962 357 1001 XXX.
389 973 423 999 c.
453 966 488 996 ὅ.
519 960 553 1009 ξ
585 960 635 1007 7.)

273 1025 309 1061 6.
352 1024 383 1062 O
419 1035 598 1061 amorem
639 1022 803 1060 mirum!
851 1034 872 1059 0
902 1020 1228 1059 benevolentiam
1271 1018 1539 1069 singularem!
1588 1019 1768 1068 (Quint.
1801 1017 1824 1056 l.
1858 1019 1922 1056 IX.

178 1100 210 1126 c.
241 1088 276 1126 2.
309 1087 343 1137 ξ.
373 1087 448 1135 51.)

274 1156 311 1190 7.
360 1150 615 1188 «Fortissime
643 1149 863 1191 invaseris,
908 1146 1017 1198 quod
1047 1152 1108 1185 est
1137 1152 1205 1185 aut
1233 1145 1420 1184 omnibus
1452 1144 1749 1196 periculosum,
1778 1167 1799 1172 -
1818 1166 1839 1172 -
1860 1149 1928 1182 aut

178 1215 275 1266 ipsis
304 1212 527 1259 iudicibus,
571 1218 613 1250 ut
641 1224 714 1263 pro
743 1211 874 1262 Oppio
902 1215 1039 1248 monet
1078 1208 1286 1260 pluribus,
1334 1221 1384 1247 ne
1411 1207 1509 1246 illud
1536 1208 1704 1246 actionis
1731 1219 1860 1256 genus
1888 1207 1979 1244 in⁴5

180 1283 411 1328 equestrem
441 1273 623 1313 ordinem
654 1273 904 1312 admittant».
963 1273 987 1322 (l
1003 1272 1114 1310 dem
1144 1271 1166 1308 l.
1199 1272 1243 1308 V.
1277 1271 1335 1319 13,
1367 1271 1441 1318 21.)

276 1342 310 1376 ὃ.
359 1337 564 1376 «Obicitur
601 1336 754 1387 Oppio,
797 1334 906 1386 quod
946 1333 996 1372 de
1039 1333 1206 1371 militum
1248 1333 1410 1371 cibariis
1452 1331 1698 1370 detraxerit:
1737 1343 1928 1381 asperum

181 1402 353 1447 crimem
393 1399 465 1437 sed
494 1398 534 1436 id
563 1399 807 1437 contrarium
837 1396 1014 1435 ostendit
1043 1397 1209 1444 CicerO,
1245 1396 1337 1446 quia
1373 1395 1494 1433 iidem
1524 1400 1783 1432 accusatores
1813 1394 1926 1431 obie-

183 1465 309 1503 cerint
337 1463 491 1513 Oppio,
531 1460 641 1512 quod
667 1462 700 1499 is
731 1461 902 1500 voluerit
929 1460 1149 1498 exercitum
1191 1457 1397 1509 largiendo
1427 1470 1727 1508 corrumpere».
1784 1457 1929 1505 (Idem

183 1526 208 1564 l.
238 1527 282 1564 V.
315 1537 349 1563 c.
382 1527 438 1563 13.
471 1526 490 1575 ξ
541 1525 614 1574 17.)
1944 1525 1982 1554 20

280 1590 314 1627 9.
358 1587 580 1626 «Infinitum
611 1592 693 1635 est,
733 1592 774 1624 ut
803 1587 944 1625 Cicero
974 1587 1115 1625 Cottae
1154 1585 1376 1623 detraxerit
1412 1583 1727 1623 auctoritatem».
1783 1580 1930 1632 (ldem

183 1651 206 1690 l.
237 1652 300 1690 VI.
332 1664 365 1690 c.
397 1650 432 1687 5.
465 1650 499 1700 ξ.
534 1651 609 1697 10.)

284 1716 341 1752 10.
388 1713 575 1761 «Cicero,
618 1724 867 1763 quamquam
908 1716 994 1750 erat
1030 1711 1069 1748 in
1098 1711 1254 1750 Cottam
1296 1710 1535 1759 gravissime
1576 1710 1758 1748 dicturus
1798 1720 1932 1759 neque

184 1776 299 1815 aliter
325 1776 386 1826 agi
416 1776 457 1813 P.
488 1774 609 1825 Oppii
636 1786 758 1812 causa
788 1779 961 1824 poterat,
992 1772 1109 1823 longa
1139 1779 1274 1811 tamen
1302 1773 1553 1823 praefatione
1582 1772 1792 1811 excusavit
1818 1771 1933 1809 oflicii

186 1839 246 1878 sui
274 1838 601 1877 necessitatem».
659 1836 810 1887 (Idem
840 1836 864 1874 l.
893 1837 960 1874 XI.
990 1848 1024 1874 c.
1058 1838 1089 1874 1.
1122 1836 1154 1885 ξ.
1184 1837 1265 1885 68.)
1949 1841 1986 1870 25

285 1901 342 1939 11.
389 1902 716 1951 «Proparasceue
757 1906 843 1948 est,
887 1902 966 1950 qua
1005 1898 1123 1937 nobis
1163 1897 1336 1937 iudicem
1379 1910 1693 1949 praeparamus,
1737 1909 1826 1935 cum
1868 1902 1937 1934 aut

186 1962 386 2014 quaedam
412 1962 530 2001 nobis
559 1962 735 2011 obstant,
769 1968 808 2000 et
835 1961 911 2000 illis
941 1962 1054 2012 prius
1083 1960 1381 1999 occurrendum
1410 1966 1485 2008 est,
1515 1966 1559 1998 ut
1585 1961 1677 1998 fecit
1697 1960 1836 1999 Cicero
1863 1971 1935 2009 pro

187 2026 318 2078 Oppio
347 2031 486 2064 contra
513 2026 561 2063 M.
584 2025 725 2064 Cottae
744 2025 1038 2072 auctoritatem,
1062 2029 1164 2061 cet».
1202 2023 1617 2073 (Fortunatianus
1637 2024 1683 2061 A.
1705 2022 1777 2061 Rh.
1800 2022 1934 2061 Schol.

186 2088 223 2137 4,
252 2087 287 2126 2.
320 2100 346 2139 p
391 2089 451 2127 0¹1.
482 2088 596 2136 Pith.)

288 2151 345 2190 12.
386 2148 701 2189 Misericordiam
728 2161 956 2198 movemus,
989 2149 1020 2187 si
1049 2148 1100 2187 ab
1127 2149 1175 2187 iis
1202 2160 1276 2186 nos
1297 2148 1521 2199 oppugnari
1550 2148 1735 2197 dicimus,
1765 2160 1936 2198 quorum
1954 2153 1991 2184 3ο

189 2211 334 2252 auxilio
363 2212 450 2251 freti
479 2224 571 2251 esse
604 2211 868 2260 deberemus,
899 2218 942 2251 ut
970 2213 1112 2251 Cicero
1140 2224 1213 2263 pro
1242 2212 1387 2263 Oppio,
1453 2210 1795 2260 (Severianus
1831 2212 1933 2262 Syn—

190 2280 281 2314 tom.
310 2275 383 2313 Rh.
414 2287 452 2325 p.
484 2276 567 2314 310.
600 2275 717 2322 Pith.)

291 2339 349 2376 13.
393 2335 679 2383 (cdntuendum
719 2349 768 2375 an
810 2337 913 2375 actio
955 2337 1006 2375 sit
1045 2335 1288 2383 crudelis›>):
1334 2340 1376 2374 ut
1411 2336 1451 2374 in
1489 2335 1665 2387 Oppium
1693 2347 1741 2373 ex
1771 2334 1939 2386 epistola

193 2400 332 2439 Cottae
361 2411 475 2438 reum
504 2400 664 2438 factum.
721 2400 905 2447 (Quint.
935 2401 971 2446 5,
1003 2400 1063 2448 13,
1093 2401 1171 2446 20.)

790 2475 851 2515 lV.
899 2475 1003 2516 PRO
1037 2476 1080 2516 C.
1115 2473 1344 2515 MANILIO.
1956 2483 1991 2512 35

291 2545 388 2582 Ano.
429 2541 544 2580 Hunc
572 2540 753 2579 defendit
780 2542 921 2580 Cicero
953 2547 1022 2580 aut
1058 2540 1192 2592 quod,
1236 2547 1277 2578 ut
1312 2540 1511 2578 Asconius
1553 2539 1712 2588 scribit,
1750 2540 1940 2578 iudicium

195 2604 407 2644 Cornelius
436 2616 511 2655 per
538 2616 755 2655 operarum
786 2603 913 2643 duces
945 2604 1214 2652 turbavisset,
1253 2609 1320 2641 aut
1348 2602 1558 2641 Plutarcho
1592 2602 1792 2640 referente
1820 2615 1943 2654 repe—

195 2667 412 2706 tundarum
438 2679 569 2715 reum,
599 2679 704 2705 anno
734 2667 816 2705 688.
848 2680 888 2718 p.
921 2668 962 2705 U.
994 2680 1026 2705 c.
1060 2667 1120 2717 (cf.
1152 2667 1339 2705 Cassium
1367 2666 1533 2703 Dionem
1563 2665 1622 2711 36,
1653 2665 1730 2707 25.)

295 2730 365 2768 Hic
393 2741 466 2780 ego
495 2742 575 2768 non
601 2728 732 2767 solum
762 2730 978 2779 confiteor,
1013 2742 1155 2768 verum
1185 2730 1302 2767 etiam
1332 2729 1537 2779 profiteor.
1603 2728 1721 2776 (Non
1766 2740 1801 2765 v.
1834 2728 1943 2766 Con-

198 2790 299 2830 fiteri
327 2804 366 2843 p.
396 2791 495 2842 434.)
1959 2795 1995 2823 4ο

779 2842 822 2882 V.
868 2842 973 2884 PRO
1004 2843 1054 2883 M.
1088 2841 1368 2885 FUNDANlO.

673 2910 791 2958 (Haec
819 2909 945 2947 oratio
973 2909 1108 2947 habita
1138 2915 1201 2947 est
1228 2921 1262 2946 a.
1295 2909 1337 2947 U.
1367 2907 1467 2956 088.)

302 2974 335 3012 1.
377 2973 464 3011 Non
495 2970 615 3009 modo
654 2972 728 3009 hoc
757 2983 778 3009 a
806 2969 920 3008 Villio
959 2970 1138 3020 Annale,
1182 2969 1256 3008 sed
1293 2970 1357 3006 vix
1402 2967 1632 3006 mehercule
1661 2981 1682 3007 a
1710 2970 1757 3016 Q.
1787 2971 1946 3009 Mutone

202 3033 348 3073 factum
377 3034 540 3085 probari
568 3039 715 3085 potest.
772 3033 947 3082 (Prisc.
977 3033 1000 3071 1.
1034 3034 1111 3072 VII.
1144 3045 1178 3071 c.
1212 3033 1269 3071 11.
1299 3034 1333 3080 ξ.
1363 3032 1437 3081 58.)

303 3098 339 3135 2.
380 3097 552 3134 Essetne
579 3097 641 3145 id,
673 3095 780 3146 quod
809 3097 923 3134 Meno
953 3097 1194 3135 nuntiasset.
1251 3095 1275 3141 (Ι
1290 3094 1397 3132 dem
1426 3093 1451 3131 l.
1482 3095 1542 3132 VI.
1575 3107 1608 3133 c.
1639 3096 1675 3132 6.
1706 3095 1741 3145 ξ.
1772 3096 1846 3144 29.)
1962 3103 1999 3132 45

206 3282 220 3316 r
290 3232 343 3266 43.
379 3244 401 3266 α
428 3235 518 3265 rillio
542 3234 707 3271 Schue123
733 3234 774 3264 ab
797 3234 879 3265 Iulio
903 3235 1008 3266 Prisc.
1039 3251 1069 3255 —
1101 3237 1137 3273 Q.
1164 3233 1316 3264 Malhone
1344 3233 1457 3272 Sigon.
1496 3250 1529 3255 --
1562 3233 1614 3264 45.
1652 3236 1702 3264 An
1726 3234 1884 3264 Parmeno
1907 3242 1949 3264 ex

220 3291 326 3323 ragin.
352 3284 396 3317 8‘?
442 3285 497 3316 On.
