2249 3624
454 127 778 170 FRAGMENTA
810 123 1238 167 ACADEMICORUM
1268 118 1663 162 POSTERIORUM.
1891 103 1944 148 73

295 241 361 284 3l.
391 244 553 284 Nonius
589 256 628 295 p.
661 240 727 281 80.
780 240 1049 280 Balbuttire
1086 244 1139 278 est
1175 250 1262 276 cum
1293 235 1462 288 quadam
1500 233 1658 284 linquae
1689 228 1946 269 haesitatione

183 312 216 346 et
246 308 472 359 confusione
501 306 710 357 trepidare.
742 305 820 343 Cic.
844 304 965 345 Aead,
990 303 1051 342 lib.
1071 302 1176 342 IIII:
1209 300 1352 356 plane,
1386 303 1429 339 ut
1456 310 1580 352 supra
1601 295 1749 341 dictus,
1782 291 1945 331 Stoicus

183 382 392 423 perpauca
420 369 686 410 balbuttiens.
717 382 770 404 z
801 368 897 408 Luc.
931 366 958 420 §
993 362 1084 405 ⁴:37.

767 500 846 534 Ex
873 498 1055 535 LIBRIS
1082 495 1353 534 INCER'I'IS.

295 587 360 629 32.
395 589 629 628 Lactantius
662 588 757 627 inst.
781 588 862 627 div.
888 589 960 634 ΙΙΙ,
988 584 1060 626 li:
1092 587 1189 626 Cedo
1220 586 1346 637 iqitur
1375 582 1468 636 quid
1497 579 1682 620 didiceris
1703 582 1771 617 aut
1801 577 1843 615 in
1870 582 1976 628 qua5

185 658 287 691 secta
316 651 518 690 'ceritatem
548 651 856 702 deprehenderis.
906 652 954 689 In
986 650 1199 689 Academia
1229 648 1394 692 scilicet,
1427 658 1544 697 quam
1565 648 1717 682 secutus
1738 654 1796 687 es,
1831 651 1950 691 qitam

176 715 369 768 probasti.
419 714 468 753 At
499 714 591 752 baec
620 714 721 752 nibil
750 715 855 752 (locet
886 713 965 751 vnisi
995 719 1036 751 ut
1067 713 1171 750 scias
1201 718 1235 749 te
1266 710 1366 749 nibil
1398 709 1510 748 scire.
1566 706 1640 745 Tui
1670 717 1760 756 erqo
1792 708 1825 741 te
1857 700 1949 740 libri

184 784 374 829 arquunt.
415 789 533 827 quam
574 776 673 814 nibil
703 790 727 814 a
762 775 1013 827 philosophia
1043 775 1142 812 disci
1164 774 1290 825 possit
1321 773 1371 811 ad
1400 773 1536 810 citam.
1598 769 1705 807 Ilaec
1735 774 1802 805 tua
1832 764 1950 803 *cerba

183 846 295 878 sunt:
341 838 440 878 Mihi
480 843 618 877 auu-111
661 851 743 876 non
786 837 910 877 modo
952 838 1003 876 ad
1038 837 1285 889 sapientiam
1318 835 1429 875 cavei
1462 833 1667 877 videmur,
1712 828 1785 869 sed
1817 827 1868 868 ad
1901 839 1950 866 ea

182 904 282 956 ipsa,
314 914 420 955 quae
452 900 591 953 aliqua
624 914 674 939 cx
709 906 820 953 parte
852 901 962 939 ccrni
996 900 1238 946 videantur,
1270 898 1441 937 hebetes
1474 901 1514 936 et
1543 893 1694 934 obtusi.
1964 895 2000 922 ⁴0

295 962 359 1002 33.
392 963 647 1014 Augustinus
680 969 824 1002 contra
854 961 1123 1003 Academicos
1156 962 1211 1010 11,
1245 958 1310 1007 ll,
1341 958 1417 1000 ⁶26:
1462 959 1602 999 Audite
1631 969 1742 1007 erqo,
1773 955 1948 1006 inquam,

184 1027 275 1081 quid
314 1027 382 1073 sit,
423 1040 508 1064 ros:
553 1026 598 1064 Icl
631 1027 830 1078 probabile
860 1027 917 1065 rel
955 1026 1038 1065 reri
1070 1025 1198 1064 simile
1231 1023 1456 1064 Academici
1481 1026 1637 1065 cocant,
1670 1019 1770 1071 quod
1799 1031 1870 1056 nos
1900 1015 1951 1054 acl

185 1090 375 1141 aqentlum
406 1090 488 1128 sinc
518 1089 745 1128 misens-ione
773 1096 895 1140 potest
926 1091 1108 1129 ini-itare.
1161 1088 1253 1126 Sine
1283 1085 1511 1125 adsensione
1542 1088 1671 1122 autem·
1698 1082 1804 1127 dico,
1838 1085 1879 1118 ut
1909 1078 1950 1116 id

184 1152 283 1205 quod
312 1153 466 1204 aqimus
496 1164 570 1190 non
603 1152 807 1203 opinemur
831 1165 966 1191 rerum
997 1166 1075 1191 esse
1101 1157 1168 1190 ant
1197 1163 1276 1189 non
1306 1150 1344 1188 id
1371 1149 1472 1188 scire
1499 1146 1753 1193 arbitremur,
1784 1154 1950 1194 aqamus

185 1223 325 1256 tamen.
389 1216 432 1254 Η
478 1215 581 1253 rerbi
617 1228 755 1259 caasa,
798 1222 932 1254 utrum
969 1217 1149 1254 hesterna
1188 1219 1296 1252 nocte
1328 1219 1409 1251 tam
1442 1209 1593 1262 liquida
1631 1221 1677 1247 ac
1704 1219 1810 1259 pura
1838 1204 1949 1244 hodie
1969 1209 2000 1237 15

184 1286 262 1318 tam
303 1279 424 1317 laetus
465 1278 522 1316 sol
558 1286 773 1317 erm-turus
803 1285 921 1324 esset,
961 1279 997 1316 si
1026 1290 1096 1316 nos
1126 1277 1322 1328 quispiam
1358 1278 1542 1325 roqaret,
1583 1271 1719 1315 credo,
1751 1267 1852 1320 quod
1879 1279 1952 1304 nos

184 1341 224 1380 >id
254 1341 353 1379 scire
390 1352 639 1391 neqaremus,
674 1342 889 1380 diceremus
918 1347 1046 1380 tamen
1077 1341 1133 1379 ita
1165 1339 1303 1377 meteri.
1354 1336 1490 1383 Talia,
1520 1334 1648 1386 inquit
1679 1331 1950 1375 Academicus,

184 1403 285 1444 mihi
317 1402 511 1442 videntur
541 1404 702 1451 omnia,
737 1417 844 1458 quae
876 1403 1108 1457 probabilia
1133 1401 1195 1441 vel
1218 1399 1305 1441 veri
1328 1398 1479 1439 similia
1502 1396 1647 1450 putavi
1672 1392 1948 1434 nominanda:

184 1480 291 1521 quae
324 1471 367 1505 tu
399 1466 432 1504 si
463 1465 544 1506 alio
577 1466 745 1506 nomine
778 1468 837 1506 vis
869 1479 1041 1512 vocare,
1084 1463 1189 1503 nihil
1222 1475 1422 1517 repugno.
1475 1460 1584 1500 Satis
1617 1459 1726 1498 enim
1758 1456 1858 1497 mihi
1889 1459 1952 1494 est

183 1536 222 1570 te
261 1530 342 1570 iam
381 1529 487 1569 hene
524 1530 734 1581 accepisse
768 1530 868 1582 quid
902 1529 1061 1575 dicam,
1103 1527 1144 1566 id
1177 1531 1261 1573 est,
1307 1524 1458 1578 quibus
1489 1523 1614 1562 rebus
1645 1521 1749 1561 haec
1781 1519 1951 1559 nomina
1965 1523 2001 1553 ‘20

184 1594 401 1646 inponam3
435 1606 516 1632 non
549 1593 660 1631 onim
689 1592 984 1631 vocabulorum
1015 1589 1229 1644 opificem,
1262 1589 1334 1628 sed
1357 1600 1494 1626 rerum
1517 1584 1809 1638 inquisitorem
1834 1582 1953 1621 decet

184 1668 274 1694 esse
305 1655 546 1707 sapientem.
590 1652 747 1694 Satisne
775 1655 1043 1700 intellexistis,
1075 1667 1150 1706 quo
1173 1653 1284 1692 modo
1310 1651 1407 1690 milii
1434 1650 1587 1689 ludicra
1614 1648 1699 1694 illa,
1728 1646 1866 1698 quibus
1885 1658 1954 1683 ros

185 1717 403 1768 aqitabam‚
447 1717 490 1755 cic
522 1718 700 1756 manibus
731 1730 898 1755 excussa
929 1718 1006 1756 sint
1021 1720 1039 1756 Υ
1087 1718 1163 1755 Hic
1194 1728 1282 1754 cum
1314 1714 1426 1753 ambo
1458 1726 1496 1751 se
1523 1711 1762 1751 intelleecisse
1793 1720 1953 1760 respon-

183 1782 326 1819 dissent
361 1780 539 1830 rultuque
570 1780 652 1830 ipso
686 1781 974 1830 responsionem
1000 1780 1247 1831 postularent
1272 1789 1416 1821 meam,
1453 1776 1557 1825 Quid
1579 1774 1746 1826 putatis,
1775 1773 1951 1823 inquam,

188 1844 431 1888 Ciceronem,
463 1843 575 1881 cuius
602 1843 695 1881 baec
728 1843 840 1882 rerba
871 1849 979 1887 sunt,
1011 1844 1165 1894 inopem
1192 1842 1317 1893 fuisse
1349 1839 1514 1878 Latinae
1545 1839 1719 1890 linquae,
1750 1841 1792 1873 ut
1822 1834 1954 1873 minus
1967 1840 2003 1868 95

183 1912 276 1957 apta
308 1904 436 1950 rebus,
469 1918 566 1956 qaas
596 1906 800 1951 sentiebat,
830 1907 992 1944 nomina
1023 1906 1254 1957 inponeret?

297 1964 362 2006 34„
393 1968 651 2019 Augustinus
682 1982 715 2007 c.
748 1968 872 2007 Acad.
905 1968 981 2015 ΙΙΙ,
1013 1966 1057 2015 7,
1091 1965 1105 2006 l
1118 1967 1165 2006 fj:
1209 1967 1283 2006 Sed
1313 1967 1446 2018 primo
1479 1964 1578 2004 illud
1609 1963 1810 2002 'videamus
1842 1959 1954 2011 quale

185 2032 255 2076 sit,
291 2030 386 2069 unde
418 2036 615 2068 amatores
640 2030 965 2069 Academicorum
989 2031 1161 2082 qloriari
1188 2030 1357 2068 nimiam
1381 2029 1517 2067 solent.
1566 2028 1667 2067 Nam
1692 2031 1746 2064 est
1773 2025 1815 2063 in
1842 2022 1955 2061 libris

185 2094 404 2141 Ciceronis,
440 2106 535 2144 quos
564 2093 603 2131 in
635 2093 751 2132 buius
778 2107 919 2132 causae
939 2093 1210 2145 patrocinium
1234 2093 1413 2143 scripsit,
1448 2092 1555 2130 locus
1580 2089 1756 2141 quidam,
1790 2092 1831 2125 ut
1856 2084 1955 2124 mihi

183 2156 356 2201 ridetur,
398 2157 503 2194 mira
537 2156 757 2195 urbanitate
787 2157 983 2203 conditus,
1025 2162 1065 2195 ut
1095 2156 1296 2195 nonnullis
1329 2146 1480 2199 (tutem,
1522 2154 1640 2192 etiam
1669 2152 1857 2203 firmitate
1889 2161 1954 2187 ro-
1968 2153 2004 2182 30

184 2219 355 2257 boratus.
415 2219 584 2270 Difficile
624 2225 678 2257 est
709 2232 881 2270 prorsus
918 2225 960 2258 ut
1000 2232 1233 2271 ‹litemquam
1270 2232 1349 2257 non
1390 2223 1539 2256 moveat
1580 2216 1680 2268 quod
1721 2215 1775 2253 ibi
1807 2213 1955 2252 dictum

185 2287 250 2323 est.
297 2280 542 2320 Academico
575 2282 752 2333 sapienti
783 2282 833 2320 ab
866 2283 1058 2322 omnibus
1087 2288 1318 2322 ceterarum
1342 2286 1560 2326 sectarum,
1594 2279 1666 2332 qui
1689 2276 1766 2317 sibi
1792 2274 1955 2328 sapien-

187 2350 248 2383 tes
280 2343 492 2390 videntur,
525 2345 728 2383 secundas
762 2350 899 2396 partes
933 2345 1044 2392 dari,
1077 2359 1169 2385 cum
1202 2345 1356 2397 primas
1389 2343 1464 2382 sibi
1498 2353 1708 2395 quemque
1740 2337 1953 2377 vindicare

187 2418 356 2445 necesse
395 2407 471 2445 sit:
513 2419 564 2445 ex
603 2420 686 2459 quo
727 2420 850 2460 posse
888 2407 1156 2459 probabiliter
1191 2405 1338 2447 confici
1380 2419 1474 2445 eum
1507 2409 1617 2443 recte
1650 2403 1830 2456 primum
1862 2413 1953 2439 esse

190 2468 346 2507 iudicio
392 2482 487 2515 suo,
534 2469 602 2522 qui
644 2470 829 2509 omnium
872 2475 1104 2509 ceterorum
1148 2470 1303 2509 iudicio
1348 2469 1401 2508 sit
1441 2467 1665 2508 secundus.
1717 2466 1796 2504 Fac
1830 2464 2006 2510 enim‚3·'3

186 2531 299 2570 verbi
346 2545 491 2578 causa,
537 2532 720 2571 Stoicum
766 2532 913 2572 adesse
954 2534 1208 2586 sapienti-1113
1255 2546 1348 2571 nam
1390 2536 1534 2570 contra
1576 2543 1645 2568 eos
1689 2528 1954 2581 potissimum

185 2595 526 2634 Academicorum
559 2595 714 2634 exarsit
750 2596 976 2648 ingenium.
1036 2597 1147 2648 Ergo
1179 2598 1290 2635 Zeno
1324 2595 1387 2634 vel
1423 2594 1682 2646 Chrysippus
1714 2592 1747 2630 si
1779 2591 1956 2630 interro-

187 2662 402 2710 garentur,
435 2658 528 2710 quis
556 2657 609 2697 sit
630 2658 814 2711 sapiens,
847 2657 1118 2710 respondebit
1148 2671 1241 2697 eum
1266 2670 1377 2704 esse,
1411 2669 1536 2709 quem
1559 2655 1648 2707 ipse
1672 2652 1952 2706 descripserit.

275 2814 307 2844 ¹2.
334 2814 439 2844 immo
470 2814 590 2844 dictum
619 2813 673 2845 vel
703 2814 872 2849 dictumst3
908 2814 939 2845 in
972 2812 1113 2845 Lucullo
1139 2815 1192 2844 est
1215 2812 1286 2843 (Ιὶμυὶ
1313 2829 1347 2832 —-
1383 2812 1434 2841 Μ.
1463 2808 1680 2840 Contulimus
1706 2807 1748 2838 ad
1775 2808 1840 2839 hoc
1866 2807 1956 2843 frng-

189 2865 346 2894 mentum
378 2863 535 2895 codicem
568 2865 820 2903 Frisingensem
850 2873 945 2894 num.
973 2864 1012 2894 89
1038 2873 1130 2895 saec.
1157 2863 1182 2893 X
1210 2863 1256 2899 (ἶ
1282 2861 1333 2899 κ’),
1369 2860 1411 2890 ad
1437 2868 1590 2899 sequens
1616 2859 1721 2889 etiam
1747 2857 1958 2889 Bcnedi‹-to-

189 2914 361 2944 buranum
388 2922 481 2944 num.
510 2913 549 2944 44
578 2914 625 2951 t:
648 2914 684 2951 B)
711 2916 745 2944 et
771 2915 1018 2945 Eminet-anum
1044 2914 1117 2943 sive
1143 2910 1434 2943 Ratisbonensem
1462 2917 1493 2939 n.
1521 2908 1582 2938 330
1608 2910 1656 2946 (ἶ
1682 2908 1736 2944 Ε),
1770 2909 1957 2946 utrumque

188 2973 281 2995 saec.
309 2963 383 2999 xil,
416 2964 472 3003 qui
499 2973 589 2995 nuno
613 2973 735 2995 omncs
760 2967 839 2994 sunt
865 2965 896 2995 in
922 2963 1132 2994 bibliotheca
1159 2960 1370 2993 Monac-ensi.
1399 2977 1433 2980 —
1463 2959 1512 2989 42.
1537 2958 1705 2997 probabile
1729 2966 1772 2988 an
1796 2957 1848 2987 uel
1871 2957 1891 2987 1³
1916 2974 1959 2978 -

189 3015 240 3045 45.
263 3014 295 3044 in
313 3012 392 3044 edd.
412 3014 588 3053 Augustini
607 3022 713 3054 prave
731 3014 932 3044 distinctum
952 3016 1021 3044 est:
1048 3015 1198 3043 hesterna
1214 3014 1317 3047 nin-te,
1344 3013 1412 3040 tam
1436 3008 1562 3047 liquida
1580 3018 1619 3038 ac
1636 3016 1738 3046 pura,
1764 3007 1857 3037 hodie
1874 3007 1956 3043 cet.,

190 3066 223 3094 at
256 3066 307 3094 cst
337 3066 403 3093 tam
433 3063 488 3101 lits.
515 3067 543 3093 et
566 3073 655 3102 pura
686 3063 926 3103 praedicatum
952 3065 986 3094 et
1011 3064 1097 3094 haee
1123 3061 1312 3093 sententia:
1344 3068 1424 3090 cuin
1450 3059 1613 3089 hesterna
1641 3067 1706 3088 nox
1734 3059 1804 3088 tam
1829 3056 1957 3095 liquida

190 3122 230 3144 ac
256 3122 341 3154 pura
368 3112 478 3143 suerit.
500 3129 534 3134 —
562 3114 614 3144 25.
641 3114 712 3144 Lat.
737 3114 868 3153 linquae
895 3115 932 3144 1³:
960 3114 1093 3152 linquae
1111 3113 1181 3143 Lat.
1209 3110 1289 3141 cdd.
1321 3127 1353 3131 —
1381 3110 1434 3140 0213.
1460 3108 1555 3139 rebus
1580 3109 1756 3147 imponeret
1781 3116 1862 3146 quas
1885 3116 1958 3137 sen—

190 3163 287 3194 tiebat
316 3164 449 3193 nomina
482 3161 560 3193 edd.
597 3180 630 3183 —
668 3163 718 3194 ΞΤ.
743 3164 887 3194 Krische
920 3172 952 3202 p.
975 3163 1015 3193 60
1049 3163 1115 3193 hoo
1147 3161 1268 3198 fragili.
1296 3158 1383 3190 libro
1413 3160 1439 3190 ll
1470 3159 1640 3197 adsignat.
1674 3176 1707 3181 -
1745 3158 1831 3188 istud
1862 3158 1885 3188 B
1921 3174 1955 3179 —

191 3213 242 3244 30.
269 3213 416 3242 constitus
441 3212 534 3242 131-32':
565 3212 742 3243 condicitus
768 3212 820 3251 13¹,
854 3213 993 3243 concidit
1018 3213 1039 3244 1³
1065 3229 1099 3233 —
1127 3216 1236 3243 autem
1261 3218 1330 3240 om.
1360 3210 1383 3240 E
1410 3227 1443 3231 —
1478 3208 1529 3240 533.
1557 3209 1638 3239 aare
1663 3208 1687 3239 E
1715 3225 1749 3229 ——
1777 3206 1828 3238 38.
1857 3206 1911 3244 qui
1936 3206 1957 3236 F

192 3261 269 3295 sort.
296 3262 409 3299 recte,
438 3262 514 3301 quid
539 3262 561 3292 B
578 3262 614 3293 E.
