2249 3624
348 154 429 197 228
789 156 1219 197 TUSCULANARUM
1247 156 1685 198 DISPUTATIONUM

346 263 484 310 vides,
516 269 557 303 at
587 263 708 318 quale
740 263 793 302 sit
813 262 953 302 vides:
985 262 1019 302 si
1041 276 1094 302 ne
1116 262 1158 302 id
1182 262 1375 316 quidem,
1406 268 1446 303 at
1468 267 1671 316 quantum
1695 263 1748 302 sit
1770 262 1957 317 profecto
1980 262 2112 303 vides.

339 323 405 365 64.
438 326 550 374 Quid
581 326 735 379 igitur?
767 330 904 365 utrum
936 325 1209 378 capacitatem
1232 324 1415 378 aliquam
1437 326 1481 365 in
1502 326 1638 365 animo
1660 331 1857 377 putamus
1881 338 1991 372 esse,
2023 337 2108 377 quo

336 393 550 441 tamquam
581 389 622 427 in
653 388 823 441 aliquod
856 401 926 427 vas
958 401 1028 435 ea,
1061 401 1168 441 quae
1201 388 1488 436 meminimus,
1528 386 1832 428 infundantur?
1874 386 2113 428 Absurdum

336 449 377 489 id
400 450 593 504 quidem:
617 451 688 504 qui
712 450 824 489 enim
845 450 999 490 fundus
1021 455 1094 489 aut
1116 463 1224 504 quae
1246 450 1340 490 talis
1363 450 1489 490 animi
1510 449 1644 502 figura
1666 450 1854 503 intellegi
1877 454 2016 503 potest
2040 452 2114 488 aut

305 523 444 565 5quae
476 518 590 552 tanta
621 513 791 552 omnino
823 513 1062 565 capacitas?
1094 514 1159 551 An
1189 513 1358 565 inprimi
1390 513 1511 566 quasi
1543 526 1680 552 ceram
1701 512 1887 552 animum
1912 517 2112 566 putamus

337 581 378 614 et
405 589 496 615 esse
521 575 765 615 memoriam
786 575 1040 627 signatarum
1068 588 1207 614 rerum
1229 575 1269 614 in
1295 581 1433 615 mente
1454 575 1660 628 vestigia?
1693 589 1801 629 quae
1823 579 2003 628 possunt
2024 586 2116 613 ver-

335 639 499 685 borum,
531 651 638 690 quae
660 650 799 676 rerum
821 638 1007 690 ipsarum
1030 650 1122 677 esse
1145 638 1334 691 vestigia,
1359 651 1467 692 quae
1490 651 1616 691 porro
1639 644 1721 678 tam
1743 639 1935 678 inmensa
1959 635 2116 689 magni-

336 699 436 740 tudo
459 713 566 753 quae
589 700 661 739 illa
686 705 769 740 tan]
795 700 923 740 multa
943 700 1077 753 possit
1097 698 1326 754 effingere?
1360 701 1502 749 Quid?
1534 701 1605 741 illa
1626 702 1688 741 vis
1712 715 1818 754 quae
1842 699 2013 740 tandem
2038 702 2115 745 est,

336 776 441 816 quae
473 763 696 816 investigat
726 761 903 810 occulta,
936 776 1044 815 quae
1075 762 1262 803 inventio
1293 770 1423 818 atque
1456 765 1706 817 excogitatio
1739 764 1922 803 dicitur?
1959 759 2026 801 62.
2051 761 2116 800 Ex

287 835 320 864 io
334 825 468 865 hacne
498 825 572 865 tibi
603 830 771 865 terrena
801 825 1052 878 mortalique
1084 831 1232 866 natura
1264 832 1304 866 et
1335 826 1491 866 caduca
1523 831 1716 866 concreta
1748 839 1797 865 ea
1827 824 2012 871 videtur,
2045 826 2117 862 aut

336 888 407 941 qui
450 888 626 941 primus,
673 887 788 940 quod
828 901 1012 928 summae
1052 888 1282 940 sapientiae
1323 888 1583 942 Pythagorae
1616 889 1752 928 visum
1785 893 1871 932 est,
1919 884 2114 925 omnibus

334 951 457 990 rebus
498 951 701 1004 imposuit
740 950 927 998 nomina,
971 956 1041 990 aut
1081 952 1152 1003 qui
1184 952 1409 1004 dissipatos
1447 951 1640 991 homines
1680 947 1950 1002 congregavit
1991 952 2033 987 et
2063 946 2115 987 ad

335 1013 577 1053 societatem
609 1013 719 1053 vitae
751 1013 1021 1060 convocavit,
1053 1019 1125 1052 aut
1157 1013 1230 1066 qui
1262 1026 1387 1053 sonos
1415 1013 1552 1060 vocis,
1586 1014 1657 1066 qui
1678 1011 1830 1052 infiniti
1851 1010 2115 1058 videbantur,

334 1077 477 1130 paucis
518 1076 750 1116 litterarum
789 1076 898 1115 notis
938 1075 1197 1123 terminavit,
1239 1081 1310 1115 aut
1341 1075 1414 1128 qui
1447 1075 1676 1115 errantium
1707 1075 1923 1115 stellarum
1955 1087 2116 1122 cursus,

284 1147 318 1175 45
334 1139 694 1192 praegressiones,
726 1138 965 1178 institiones
998 1137 1189 1177 notavit?
1223 1151 1366 1177 omnes
1398 1138 1560 1190 magni,
1593 1139 1719 1178 etiam
1749 1137 2008 1191 superiores,
2043 1135 2117 1190 qui

332 1202 495 1255 fruges,
539 1201 610 1255 qui
641 1201 860 1248 vestitum,
894 1201 966 1253 qui
998 1205 1128 1246 tecta,
1163 1200 1235 1253 qui
1268 1200 1426 1240 cultum
1458 1200 1587 1249 vitae,
1620 1200 1692 1254 qui
1724 1200 1938 1254 praesidia
1968 1204 2116 1240 contra

332 1264 441 1305 feras
472 1265 745 1311 invenerunt,
785 1277 808 1303 a
840 1263 994 1317 quibus
1025 1261 1301 1302 mansuefacti
1332 1268 1373 1302 et
1404 1262 1560 1302 exculti
1592 1275 1615 1303 a
1646 1263 1895 1303 necessariis
1927 1260 2116 1303 artificiis

333 1328 385 1368 ad
426 1327 683 1380 elegantiora
724 1326 990 1366 defluximus.
1041 1326 1144 1365 Nam
1187 1330 1228 1365 et
1267 1325 1435 1365 auribus
1468 1325 1694 1365 oblectatio
1726 1339 1877 1378 magna
1907 1331 2025 1379 parta
2055 1329 2118 1366 est

332 1392 502 1431 inventa
542 1395 582 1430 et
618 1394 849 1443 temperata
889 1389 1089 1428 varietate
1130 1394 1170 1428 et
1209 1394 1356 1428 natura
1387 1401 1600 1436 sonorum,
1633 1393 1674 1428 et
1704 1394 1815 1429 astra
1847 1389 2116 1442 suspeximus

282 1460 318 1489 ‘20
334 1467 428 1493 cum
470 1466 537 1500 ea,
577 1466 683 1506 quae
725 1458 821 1492 sunt
859 1452 989 1491 infixa
1030 1451 1153 1491 certis
1186 1451 1312 1499 locis,
1354 1456 1440 1490 tum
1472 1451 1543 1490 illa
1573 1465 1657 1491 non
1688 1465 1754 1500 re,
1802 1452 1878 1492 sed
1909 1452 2114 1492 vocabulo

334 1516 536 1563 errantia,
580 1529 760 1568 quorum
792 1515 1087 1555 conversiones
1121 1514 1342 1567 omnisque
1384 1519 1522 1553 motus
1557 1515 1631 1567 qui
1675 1512 1871 1569 [animus]
1909 1514 2033 1563 vidit,
2080 1514 2116 1555 is

335 1579 478 1618 docuit
508 1577 687 1617 similem
718 1578 904 1617 animum
936 1590 1056 1616 suum
1089 1577 1178 1617 eius
1212 1592 1326 1625 csse,
1359 1577 1432 1631 qui
1465 1590 1513 1617 ea
1535 1576 1761 1617 fabricatus
1784 1582 1895 1617 esset
1915 1577 1960 1617 in
1983 1576 2115 1617 caelo.

332 1641 399 1682 63.
445 1643 547 1681 Nam
595 1654 689 1680 cum
728 1640 1002 1680 Archimedes
1043 1640 1192 1687 lunae,
1239 1640 1364 1686 solis,
1409 1639 1597 1692 quinque
1639 1639 1864 1680 errantium
1902 1644 2042 1680 motus
2072 1640 2117 1679 in

333 1705 552 1758 sphaeram
584 1703 794 1756 inligavit,
826 1703 962 1742 effecit
992 1702 1103 1741 idem
1128 1702 1240 1755 quod
1272 1702 1362 1749 ille,
1396 1702 1467 1755 qui
1499 1702 1541 1741 in
1566 1702 1738 1742 Timaeo
1769 1703 1973 1743 mundum
2001 1702 2116 1743 aedi-

282 1772 318 1802 ‘25
332 1767 473 1807 ficavit
502 1766 689 1806 Platonis
721 1765 843 1812 deus,
884 1769 929 1804 ut
968 1764 1163 1804 tarditate
1196 1770 1236 1804 et
1268 1764 1481 1804 celeritate
1515 1763 1819 1805 dissimillimos
1855 1771 1992 1806 motus
2031 1779 2115 1806 una

331 1834 496 1882 regeret
526 1828 760 1868 conversio.
813 1826 935 1875 Quod
967 1827 1001 1866 si
1032 1827 1074 1866 in
1105 1826 1185 1866 hoc
1217 1826 1373 1867 mundo
1404 1825 1494 1866 fieri
1526 1828 1615 1867 sine
1648 1827 1727 1867 deo
1755 1841 1840 1868 non
1870 1834 2029 1881 potest,
2060 1843 2115 1870 ne

332 1893 375 1932 in
412 1891 589 1945 sphaera
627 1890 799 1944 quidem
839 1889 1010 1929 eosdem
1050 1894 1189 1930 motus
1230 1890 1502 1931 Archimedes
1540 1890 1630 1931 sine
1661 1890 1802 1931 divino
1834 1890 2006 1945 ingenio
2037 1905 2113 1945 po-

332 1955 481 1995 tuisset
511 1954 675 1994 imitari.

444 2018 597 2058 XXVI.
636 2014 702 2056 64.
743 2016 847 2057 Mihi
877 2029 976 2057 vero
1008 2029 1060 2055 ne
1091 2014 1196 2055 haec
1228 2015 1401 2069 quidem
1432 2017 1596 2057 notiora
1627 2021 1667 2058 et
1696 2017 1940 2058 inlustriora
1971 2028 2114 2057 carere

284 2086 320 2116 30
336 2083 373 2122 vi
412 2081 552 2122 divina
591 2080 807 2128 videntur,
848 2085 895 2120 ut
935 2092 1012 2132 ego
1050 2084 1122 2118 aut
1162 2083 1331 2132 poetam
1373 2093 1497 2133 grave
1536 2080 1794 2134 plenumque
1826 2093 1994 2120 carmen
2025 2080 2116 2120 sine

336 2145 506 2185 caelesti
536 2144 681 2197 aliquo
714 2143 865 2183 mentis
895 2142 1095 2182 instinctu
1127 2147 1270 2194 putem
1301 2141 1478 2182 fundere
1509 2148 1580 2182 aut
1612 2142 1897 2196 eloquentiam
1919 2143 2009 2182 sine
2030 2155 2117 2182 ma-

335 2208 424 2247 iore
464 2206 645 2260 quadam
686 2207 725 2246 vi
766 2207 896 2245 fluere
939 2203 1223 2244 abundantem
1255 2206 1502 2245 sonantibus
1534 2207 1671 2246 verbis
1704 2205 1991 2259 uberibusque
2023 2219 2116 2246 sen-

336 2270 492 2310 tentiis.
541 2267 814 2321 Philosophia
844 2281 963 2315 vero,
996 2267 1181 2306 omnium
1213 2273 1344 2308 mater
1374 2269 1544 2316 artium,
1577 2268 1679 2323 quid
1711 2274 1774 2309 est
1803 2267 1917 2308 aliud
1939 2267 2039 2316 nisi,
2071 2271 2118 2308 ut

336 2332 472 2379 Plato,
506 2331 681 2378 donum,
712 2336 757 2370 ut
788 2343 888 2383 ego,
921 2330 1139 2369 inventum
1170 2329 1373 2370 deorum?
1404 2331 1518 2370 Haec
1549 2345 1624 2371 nos
1656 2331 1839 2384 primum
1860 2329 1913 2370 ad
1942 2330 2117 2370 illorum

287 2400 322 2428 35
337 2394 515 2441 cultum,
547 2393 700 2433 deinde
732 2393 783 2433 ad
815 2393 878 2432 ius
909 2392 1146 2439 hominum,
1179 2392 1292 2446 quod
1324 2394 1450 2433 situm
1481 2399 1544 2434 est
1573 2394 1616 2433 in
1649 2393 1813 2447 generis
1843 2393 2016 2433 humani
2047 2406 2115 2433 so-

337 2457 508 2504 cietate,
548 2461 637 2495 tum
668 2455 719 2495 ad
751 2454 1000 2494 modestiam
1033 2455 1444 2511 magnitudinemque
1479 2457 1607 2497 animi
1639 2456 1841 2504 erudivit,
1881 2454 2115 2509 eademque

337 2520 388 2560 ab
419 2520 560 2560 animo
592 2524 803 2571 tamquam
835 2517 886 2558 ab
919 2517 1053 2557 oculis
1085 2517 1307 2571 caliginem
1338 2519 1532 2573 dispulit,
1563 2524 1610 2560 ut
1631 2518 1771 2559 omnia
1796 2530 1949 2572 supera
1968 2516 2115 2565 infera,

424 2685 456 2718 4.
482 2685 619 2725 intelligi
643 2684 677 2715 h.
699 2683 720 2715 l.
742 2684 806 2715 GR
830 2700 873 2706 --
897 2684 927 2714 6.
953 2684 1149 2714 memoriam
1172 2692 1236 2715 esse
1254 2684 1279 2715 O
1299 2701 1333 2706 —
1362 2685 1414 2715 40.
1440 2683 1556 2715 hacine
1580 2682 1794 2714 Fleckeisen.
1822 2682 1935 2722 (hacne
1959 2681 2116 2714 defendit

337 2736 487 2769 Klotzius
513 2733 590 2766 coll.
617 2734 773 2773 Propert.
800 2733 855 2771 IV,
883 2732 914 2771 3,
939 2733 1004 2771 li.)
1033 2750 1068 2755 ——
1097 2734 1149 2765 1¹5.
1176 2734 1358 2766 instiliones
1382 2734 1573 2766 Manutius:
1599 2733 1820 2765 institutiones
1845 2733 1868 2764 C
1894 2750 1938 2754 —
1960 2732 2017 2764 20.
2041 2741 2117 2763 cum

337 2786 514 2819 Davisius:
541 2788 610 2816 tum
635 2783 699 2815 CO
720 2800 753 2804 —
781 2783 834 2814 ⁹24.
862 2783 918 2822 qui
943 2782 1108 2814 wolfius:
1137 2784 1193 2822 qui
1216 2785 1347 2815 animus
1364 2783 1409 2821 C;
1437 2783 1493 2823 qui
1513 2783 1643 2822 primus
1664 2782 1828 2813 Bouhier.
1862 2781 1952 2822 «Ego
1977 2780 2112 2821 dubito,

338 2838 456 2867 utrum
489 2835 620 2865 animus
649 2831 849 2864 aberrando
882 2841 924 2863 ex
956 2841 1032 2873 seq.
1067 2832 1216 2864 animum
1248 2835 1370 2864 natum
1403 2833 1512 2864 sitan
1537 2831 1868 2864 accommodatione
1893 2830 2048 2872 quadam
2072 2839 2116 2863 ex

338 2887 450 2917 animo
476 2883 534 2923 (cf.
559 2882 667 2914 Acad.
696 2883 719 2920 Ι,
748 2883 824 2921 125)
859 2884 1065 2922 corruptum
1097 2891 1140 2913 an
1167 2892 1208 2914 ex
1228 2884 1360 2922 primus
1384 2882 1437 2921 (cf.
1466 2891 1496 2913 v.
1524 2882 1575 2921 Μ)
1602 2884 1718 2914 ortum
1742 2890 1875 2919 errore,
1902 2880 2115 2921 praesertim

338 2933 441 2975 paulo
467 2934 545 2964 ante
572 2932 738 2970 animum,
766 2941 835 2963 non
860 2930 1068 2963 incredibili.
1096 2932 1210 2965 Orellii
1229 2941 1333 2964 causa
1357 2932 1424 2963 hoc
1442 2931 1546 2970 addo,
1564 2932 1729 2963 rationem
1745 2932 1922 2962 astrorum
1938 2931 2111 2969 motuum,

338 2992 445 3025 quam
473 2981 595 3013 videre
626 2981 731 3012 divini
763 2982 870 3012 animi
904 2990 982 3013 esse
1008 2982 1132 3013 Cicero
1157 2981 1244 3022 vult,
1278 2990 1394 3022 neque
1420 2982 1521 3012 oculis
1545 2982 1641 3013 cerni
1666 2989 1783 3021 neque
1808 2979 1852 3012 ab
1877 2979 2115 3020 antiquissimis

337 3032 538 3065 hominibus
564 3040 643 3063 esse
669 3031 894 3063 intellectam.
920 3030 1052 3071 Klotzii,
1073 3033 1131 3072 qui
1148 3033 1339 3073 Archetypi
1357 3030 1545 3063 lectionem
1563 3030 1782 3063 confidenter
1798 3028 1966 3068 defendit,
1987 3028 2114 3061 «animi

337 3085 513 3115 animum»
540 3082 679 3118 oinitt0;
708 3081 772 3113 nisi
797 3080 880 3112 illud
906 3090 1046 3120 moneo⁷
1073 3081 1169 3122 quod
1190 3081 1233 3113 de
1259 3081 1355 3113 Offic.
1375 3082 1399 3119 Ι,
1418 3081 1459 3113 80
1477 3090 1519 3112 ex
1536 3080 1702 3113 omnibus
1720 3079 1823 3113 codd.
1843 3080 1985 3121 praeter
2000 3086 2112 3110 unum

337 3133 552 3164 deteriorem
574 3129 763 3170 legendum
782 3133 846 3163 est:
872 3132 1011 3163 Fortis·
1024 3148 1042 3153 -
1058 3132 1188 3162 animi
1211 3134 1240 3162 et
1264 3131 1444 3162 constantis
1461 3134 1505 3162 est
1520 3140 1585 3162 non
1597 3130 1792 3171 perturbari
1807 3147 1855 3152 --
1868 3137 1926 3161 nec
1949 3129 2032 3160 deici
2047 3144 2108 3168 --,

335 3183 389 3214 sed
410 3182 576 3222 praesenti
600 3181 735 3211 animo
759 3182 825 3219 uti,
853 3181 887 3212 id
911 3181 956 3213 ad
979 3183 1138 3213 nostrum
1162 3180 1280 3212 locum
1298 3180 1379 3212 nihil
1397 3182 1594 3221 pertinere;
1621 3181 1698 3221 quis
1717 3181 1771 3211 est
1787 3179 1881 3211 enim
1898 3179 1957 3219 qui
1973 3178 2110 3218 ignoret

335 3231 536 3264 subiectum
559 3229 659 3262 verbi
681 3230 731 3261 uti
755 3239 825 3262 non
848 3232 1010 3270 animum,
1036 3231 1101 3263 sed
1125 3230 1346 3262 indefinitum
1370 3229 1453 3261 illud
1469 3230 1613 3270 aliquem
1629 3238 1708 3262 esse
1724 3226 2024 3269 intelligendum.»
2049 3225 2106 3259 W.

340 3297 374 3304 —
402 3281 453 3315 27.
474 3281 585 3323 potuit
608 3280 700 3313 Bake
724 3279 747 3312 l.
773 3279 795 3312 1.
820 3289 856 3321 p.
882 3281 935 3313 79.
962 3280 1048 3313 Vide
1074 3280 1119 3313 ad
1143 3280 1161 3321 ἓ
1186 3279 1240 3313 32.
1269 3296 1304 3302 —-
1331 3279 1383 3312 33.
1410 3282 1446 3312 ut
1468 3279 1560 3312 Plato
1585 3280 1630 3312 C:
1656 3281 1695 3311 ut
1715 3278 1808 3311 Plato
1833 3276 1904 3320 [ait]
1929 3277 1966 3309 O.
