2249 3624
320 184 373 226 20
851 178 1279 222 ACADEMICORUM
1308 175 1548 216 PRIORUM

318 298 435 338 tersit
463 297 573 337 inter
601 293 820 349 perspicua
849 298 890 332 et
910 293 1076 331 inania?
1107 289 1264 330 Eadem
1285 289 1389 328 ratio
1412 292 1476 327 est
1496 284 1766 326 somniorum.
1805 284 1913 323 Num
1934 296 2079 324 censes

317 360 521 407 Ennium,
563 372 656 398 cum
695 356 738 395 in
778 355 908 394 hortis
948 367 1040 392 cum
1074 352 1216 391 Servio
1248 350 1401 397 Galba,
1445 348 1582 388 vicino
1623 360 1723 394 su0,
1764 345 2080 394 ambulavisset,

319 422 499 462 dixisse:
542 420 691 460 «Visus
733 431 824 457 sum
862 414 964 455 mihi
996 428 1089 454 cum
1121 413 1250 453 Galba
1279 411 1559 452 ambulare‘2»
1611 410 1685 457 At,
1717 422 1812 449 cum
1843 409 2080 459 somniavit,

318 486 375 525 ita
404 485 607 525 narravit:

287 554 305 582 ὅ
683 572 724 582 ..
747 571 756 581 .
781 541 962 582 .visus
992 539 1252 578 Homerus
1284 536 1474 576 adesse
1505 538 1680 588 poeta.

318 610 517 664 Idemque
549 607 591 646 in
621 604 896 658 Epicharmo:

511 671 624 709 Nam
655 666 860 706 videbar
889 664 1135 705 somniare
1167 663 1274 704 med
1307 675 1394 715 ego
1426 675 1535 702 esse
1566 665 1824 702 mortuum.

316 737 480 788 Itaque,
512 730 633 772 simul
664 734 710 769 ut
740 728 970 781 experrecti
1002 741 1159 775 sumus,
1196 727 1284 766 visa
1313 725 1384 764 illa
1417 724 1723 764 contemnimus
1755 735 1893 776 neque
1922 721 1980 761 ita
2008 719 2082 760 ha-

315 798 483 842 bemus,
514 799 557 833 ut
587 805 656 840 ea,
690 804 798 844 quae
829 791 872 829 in
902 790 993 829 foro
1026 789 1244 843 gessimus.
1304 788 1432 828 XVII.
1466 784 1534 827 52.
1570 788 1645 826 «At
1676 787 1787 826 enim
1815 785 1912 825 dum
1934 783 2082 824 viden-

267 865 400 907 lotur,
435 857 579 898 eadem
611 859 672 895 est
702 854 746 893 in
778 853 952 893 somniis
984 853 1148 906 species
1181 863 1432 903 eorumque,
1465 862 1572 903 quae
1602 849 1823 902 vigilantes
1846 847 2078 888 videmus.»

315 922 495 961 Primum
535 918 732 963 interest,
771 916 845 955 sed
886 916 929 955 id
962 915 1223 955 omittamus:
1265 913 1372 953 illud
1405 912 1516 952 enim
1549 912 1750 959 dicimus,
1789 923 1874 950 non
1906 908 2082 949 eandem

314 996 406 1023 esse
436 982 520 1022 vim
551 992 690 1033 neque
720 978 1001 1031 integritatem
1033 976 1326 1016 dormientium
1363 980 1404 1014 et
1434 974 1697 1027 vigilantium
1727 987 1804 1013 nec
1835 977 1974 1013 mente
2004 985 2082 1012 nec

314 1059 453 1086 sensu.
510 1044 571 1082 Ne
600 1041 805 1082 vinolenti
837 1041 1007 1094 quidem
1039 1053 1144 1094 quae
1175 1039 1356 1086 faciunt,
1398 1037 1544 1077 eadem
1584 1036 1886 1090 adprobatione
1923 1035 2083 1075 faciunt

314 1121 398 1162 qua
427 1105 574 1146 sobrii:
616 1103 826 1150 dubitant,
867 1103 1096 1149 haesitant,
1133 1106 1331 1141 revocant
1362 1114 1406 1140 se
1438 1100 1649 1139 interdum
1680 1100 1842 1153 iisque,
1885 1111 1991 1153 quae
2021 1097 2083 1137 vi-

263 1179 298 1206 45
314 1171 483 1216 dentur,
524 1166 762 1206 inbecillius
793 1165 1109 1212 adsentiuntur;
1155 1177 1333 1217 cumque
1366 1162 1699 1210 edormiverunt,
1735 1162 1809 1202 illa
1839 1162 1927 1202 visa
1958 1173 2081 1215 quam

311 1233 422 1273 levia
449 1230 605 1271 fuerint
633 1228 896 1280 intellegunt.
948 1227 1071 1275 Quod
1103 1226 1213 1266 idem
1245 1226 1450 1278 contingit
1480 1225 1664 1272 insanis,
1696 1229 1742 1264 ut
1764 1230 1804 1264 et
1835 1223 2083 1277 incipientes

310 1295 452 1335 furere
483 1292 666 1333 sentiant
696 1295 736 1330 et
767 1290 909 1330 dicant
938 1290 1121 1343 aliquid,
1154 1289 1265 1342 quod
1296 1302 1380 1328 non
1413 1288 1487 1335 sit,
1518 1287 1562 1326 id
1592 1287 1726 1327 videri
1758 1287 1859 1335 sibi,
1893 1291 1956 1335 et,
1988 1299 2081 1326 cum

311 1357 575 1402 relaxentur,
606 1353 808 1400 sentiant,
840 1357 965 1405 atque
996 1352 1069 1391 illa
1100 1352 1240 1390 dicant
1270 1350 1561 1391 Alcmaeonis:

356 1419 449 1460 Sed
480 1416 597 1457 mihi
629 1429 687 1456 ne
718 1415 943 1468 utiquam
975 1428 1057 1454 cor
1087 1413 1340 1453 consentit
1370 1427 1478 1453 cum
1510 1412 1766 1453 oculorum
1798 1412 2053 1466 adspectu.

263 1491 299 1520 20
312 1481 378 1522 53.
413 1483 490 1521 «At
520 1479 631 1520 enim
662 1478 752 1531 ipse
784 1478 950 1530 sapiens
982 1476 1162 1517 sustinet
1192 1490 1235 1516 se
1266 1476 1311 1515 in
1341 1475 1503 1523 furore,
1544 1489 1596 1515 ne
1636 1475 1841 1528 adprobet
1869 1474 1975 1515 falsa
2004 1486 2081 1527 pro

311 1546 458 1587 veris.»
511 1545 563 1583 Et
593 1541 695 1581 alias
727 1539 898 1594 quidem
931 1551 1078 1593 saepe,
1111 1539 1145 1579 si
1177 1544 1248 1578 aut
1279 1539 1321 1578 in
1353 1538 1544 1578 sensibus
1576 1538 1708 1592 ipsius
1732 1542 1794 1578 est
1814 1537 1957 1590 aliqua
1976 1535 2082 1576 forte

313 1608 491 1663 gravitas
523 1610 594 1645 aut
624 1602 818 1649 tarditas,
862 1608 931 1641 aut
962 1602 1206 1641 obscuriora
1242 1606 1340 1641 sunt
1371 1614 1479 1654 quae
1512 1601 1725 1648 videntur,
1768 1604 1839 1640 aut
1868 1613 1893 1639 a
1921 1599 2084 1653 perspi-

312 1670 459 1712 ciendo
490 1667 689 1720 temporis
721 1664 923 1704 brevitate
955 1664 1204 1703 excluditur.
1256 1663 1520 1717 Quamquam
1551 1669 1683 1703 totum
1713 1663 1819 1710 hoc,
1852 1661 2083 1715 sapientem

312 1731 537 1786 aliquando
569 1728 775 1769 sustinere
808 1725 1127 1773 adsensionem,
1159 1731 1303 1766 contra
1324 1740 1399 1766 vos
1422 1731 1495 1766 est.
1545 1726 1587 1765 Si
1610 1726 1719 1765 enim
1741 1726 1850 1765 inter
1870 1724 1959 1765 visa
1979 1722 2084 1762 nihil

262 1804 298 1833 25
312 1796 554 1841 interesset,
586 1795 656 1832 aut
687 1802 850 1843 semper
881 1789 1105 1829 sustineret
1134 1793 1204 1828 aut
1234 1802 1476 1842 numquam.
1528 1788 1609 1827 Sed
1642 1801 1695 1828 ex
1715 1787 1796 1827 hoc
1819 1798 1971 1840 genere
1992 1790 2082 1825 toto

312 1857 491 1912 perspici
533 1858 672 1909 potest
708 1853 854 1892 levitas
886 1851 1087 1891 orationis
1120 1864 1287 1899 eorum,
1328 1851 1401 1904 qui
1433 1850 1573 1890 omnia
1604 1850 1779 1903 cupiunt
1811 1848 2084 1890 confundere.

315 1919 564 1969 Quaerimus
587 1915 821 1970 gravitatis,
853 1914 1136 1962 constantiae,
1167 1912 1386 1962 firmitatis,
1418 1912 1647 1966 sapientiae
1671 1912 1896 1952 iudicium:
1926 1910 2085 1951 utimur

314 1981 516 2035 exemplis
558 1978 875 2025 somniantium,
912 1976 1190 2024 furiosorum,
1230 1976 1505 2016 ebriosorum.
1565 1975 1672 2015 Illud
1712 1973 1999 2021 adtendimus,
2040 1972 2084 2011 in

311 2044 393 2084 hoc
425 2043 538 2084 omni
569 2053 720 2095 genere
753 2053 879 2093 quam
910 2039 1199 2079 inconstanter
1232 2038 1484 2092 loquamur?
1534 2038 1628 2077 Non
1660 2037 1772 2077 enim
1802 2035 2084 2090 proferremus

262 2116 299 2146 30
313 2107 410 2147 vino
444 2110 515 2146 aut
545 2117 691 2144 somno
723 2115 945 2155 oppressos
977 2107 1047 2140 aut
1077 2106 1216 2141 mente
1247 2105 1389 2154 captos
1420 2106 1505 2140 tam
1537 2099 1738 2146 absurde,
1780 2103 1827 2138 ut
1855 2102 1943 2137 tum
1974 2095 2086 2136 dice-

313 2183 452 2210 remus
483 2170 686 2208 interesse
716 2164 824 2203 inter
856 2162 1118 2216 vigilantium
1140 2164 1230 2202 visa
1262 2168 1302 2203 et
1323 2163 1557 2203 sobriorum
1580 2167 1621 2202 et
1642 2174 1842 2201 sanorum
1863 2164 1904 2199 et
1925 2171 2085 2205 eorum,

315 2233 388 2286 qui
419 2236 560 2272 essent
590 2229 711 2269 aliter
742 2225 915 2273 adfecti,
957 2231 1044 2264 tum
1085 2225 1189 2264 nihil
1220 2225 1435 2265 interesse.
1495 2222 1562 2264 54.
1592 2226 1652 2264 Ne
1683 2223 1763 2263 hoc
1796 2221 1968 2276 quidem
1999 2234 2086 2261 cer-

313 2299 440 2343 nunt,
483 2292 625 2333 omnia
655 2304 698 2330 se
730 2288 906 2329 reddere
938 2288 1116 2335 incerta,
1163 2287 1276 2341 quod
1313 2288 1485 2335 nolunt;
1531 2299 1579 2326 ea
1620 2286 1711 2325 dico
1754 2286 1932 2332 incerta,
1976 2295 2086 2338 quae

316 2355 458 2409 ἄδηλα
490 2354 651 2396 Graeci.
712 2353 754 2392 Si
787 2352 898 2392 enim
928 2364 995 2390 res
1027 2364 1071 2390 se
1101 2350 1159 2390 ita
1189 2349 1392 2397 habeant,
1432 2355 1477 2389 ut
1507 2348 1614 2388 nihil
1644 2347 1828 2396 intersit,
1858 2352 2000 2388 utrum
2030 2346 2088 2386 ita

265 2431 301 2460 35
316 2420 382 2461 cui
411 2419 622 2465 videatur,
652 2422 695 2457 ut
728 2415 877 2456 insano
909 2427 962 2455 an
993 2426 1119 2461 sano,
1151 2413 1218 2453 cui
1249 2412 1384 2466 possit
1415 2411 1679 2465 exploratum
1715 2423 1807 2451 esse
1833 2409 1886 2451 de
1916 2422 1994 2451 sua
2023 2421 2088 2449 sa·

318 2520 2078 2540 --.-...-—-—————-————-———-———————————————-

406 2616 435 2647 4.
462 2614 571 2646 eodem
593 2607 635 2643 V¹
662 2626 696 2633 —
730 2608 862 2641 ratione·
886 2611 915 2640 et
937 2617 1017 2639 som.
1044 2603 1082 2638 Β1
1109 2625 1143 2629 -
1173 2607 1204 2638 ⁶2.
1232 2607 1312 2638 ortis
1335 2606 1400 2637 BV
1427 2623 1462 2629 —-
1496 2605 1526 2636 3.
1554 2605 1598 2635 ad
1619 2600 1659 2635 Β1
1685 2621 1720 2626 -
1753 2602 1785 2635 4.
1810 2605 1932 2634 narrat
1954 2601 1980 2633 O
2004 2609 2087 2633 cum

318 2665 508 2698 Goerenzio
527 2681 561 2686 —
590 2663 620 2694 6.
646 2661 753 2701 inepio
776 2661 892 2691 harmo
909 2659 937 2688 V
955 2675 989 2680 ——
1018 2658 1048 2688 7.
1067 2658 1140 2688 med
1162 2666 1220 2698 090
1245 2657 1417 2688 Manutius
1443 2656 1477 2687 et
1501 2652 1641 2686 Lamb.:
1667 2662 1717 2685 me
1741 2656 1771 2685 et
1793 2661 1852 2693 eqo
1869 2652 1914 2691 C,
1940 2660 1998 2692 eqo
2013 2651 2087 2683 med

318 2715 469 2755 Scaliger
494 2714 590 2745 Coni.
609 2721 642 2753 p.
658 2711 711 2745 26,
737 2713 853 2741 memet
875 2717 933 2749 eqo
952 2706 1153 2745 Guilelmus,
1179 2710 1295 2738 memet
1319 2706 1455 2737 Ernesti
1481 2707 1515 2736 ct
1539 2706 1563 2736 O
1586 2723 1618 2728 —
1647 2704 1678 2736 8.
1704 2703 1842 2735 simulac
1858 2702 2083 2735 Manutius—

317 2764 573 2804 contempnimus
589 2764 615 2793 Α
634 2778 668 2782 -
697 2761 727 2791 9.
748 2761 791 2791 ad
808 2759 846 2791 Α1
861 2757 900 2789 V¹
920 2774 954 2780 —
983 2766 1057 2788 cum
1072 2758 1098 2788 Y
1118 2776 1152 2779 —
1181 2758 1232 2788 40.
1251 2758 1285 2788 in
1308 2757 1430 2794 somnis
1447 2756 1506 2787 CO
1528 2774 1562 2778 —
1589 2763 1766 2794 eorumque
1782 2754 1818 2785 C.
1835 2754 1870 2785 F.
1888 2753 2084 2785 Hermann:

318 2824 431 2847 eorum
455 2816 498 2852 C,
523 2817 553 2844 et
576 2820 689 2843 eorum
713 2812 737 2841 O
763 2818 843 2842 cum
868 2808 989 2840 Lamb.
1014 2824 1057 2829 ——
1082 2808 1132 2838 fil.
1157 2808 1304 2846 primum
1328 2808 1351 2838 C
1367 2807 1438 2837 Er:
1470 2806 1654 2845 plurimum
1678 2805 1706 2836 V
1731 2805 1764 2835 in
1787 2811 1899 2844 marg.
1926 2802 2024 2834 GOv
2048 2818 2084 2824 —

320 2865 372 2896 ⁴3.
398 2872 507 2896 sensus
530 2859 568 2894 B¹
594 2878 629 2883 -—
656 2869 713 2891 uec
735 2869 805 2891 um.
831 2858 872 2890 A2‘
884 2856 924 2890 Β2
948 2875 983 2880 -
1009 2858 1169 2889 vinulenti
1193 2856 1229 2889 15¹
1244 2858 1270 2888 V
1296 2875 1330 2879 -
1358 2857 1488 2895 quidem
1513 2865 1583 2887 om.
1605 2856 1633 2885 V
1661 2873 1692 2878 —
1723 2854 1775 2886 2¹4.
1801 2854 1842 2885 iis
1864 2860 2013 2893 quaeque
2034 2849 2086 2891 13¹,

317 2915 379 2945 hiis
402 2921 548 2953 quaeque
571 2913 614 2948 Α,
641 2911 751 2949 hisque
775 2918 859 2948 quae
882 2909 910 2939 V
936 2925 972 2931 —
1000 2909 1052 2939 45.
1079 2908 1300 2939 edormierunt
1324 2908 1363 2938 Β2
1389 2924 1423 2928 -
1452 2907 1503 2937 47.
1529 2906 1644 2946 surore
1660 2905 1712 2944 V¹‚
1739 2913 1781 2935 ex
1806 2911 1873 2944 qua
1898 2902 1978 2934 lect.
2006 2901 2089 2933 Gui-

320 2963 462 2996 lelmus:
492 2962 662 3001 incipiente
683 2960 796 2999 furore
825 2976 857 2981 —
886 2959 919 2989 ul
943 2967 1013 2989 om.
1041 2958 1161 2989 Lami).
1183 2976 1216 2979 —
1246 2958 1298 2989 118.
1324 2956 1459 2987 sentient
1483 2952 1523 2986 V¹
1551 2972 1586 2978 —
1617 2954 1793 2985 alemeonis
1815 2953 1880 2984 AB
1908 2969 1943 2974 -—
1970 2950 2023 2982 49.
2048 2958 2089 2982 ne

318 3014 471 3052 utiquam
495 3010 673 3043 Ribbeck:
700 3009 890 3048 neutiquam
915 3008 938 3039 Ο
959 3025 993 3029 -
1021 3011 1152 3046 aspectu
1169 3009 1214 3045 A,
1240 3009 1276 3037 ut
1301 3015 1444 3046 semper
1462 3022 1498 3028 —
1526 3006 1581 3036 ⁵20.
1609 3005 1652 3035 ad
1668 3003 1710 3035 Ψ
1729 3021 1764 3026 -
1790 3004 1844 3035 22.
1870 3005 1930 3034 aut
1951 3001 1979 3033 si
2001 3000 2085 3033 obse.

321 3064 411 3095 coni.
432 3061 552 3093 Lanib.
572 3077 605 3082 —
628 3058 840 3098 perspicenclo
857 3059 913 3089 AV
930 3075 964 3078 —
986 3057 1037 3089 24.
1058 3058 1137 3088 nihil
1162 3058 1323 3088 interesset
1349 3066 1364 3087 r
1377 3066 1396 3087 v
1422 3058 1456 3087 et
1474 3056 1500 3086 V
1518 3056 1551 3086 in
1568 3063 1693 3094 marg:
1721 3062 1791 3085 om.
1809 3053 1833 3085 C
1850 3062 1857 3091 ;
1884 3051 1963 3084 fort.
1983 3051 2088 3082 inter-

320 3115 398 3144 esset
421 3111 500 3142 nihil
524 3111 607 3141 inter
631 3109 700 3139 uisa
726 3124 761 3130 —
799 3108 850 3137 25.
877 3116 919 3138 ez
942 3108 981 3138 ho
1005 3109 1044 3138 Α1
1070 3126 1105 3130 -
1134 3107 1185 3138 27.
1213 3107 1369 3137 iudicium
1394 3114 1464 3136 om.
1490 3106 1531 3136 Α1
1557 3122 1592 3127 -
1619 3104 1672 3135 28.
1699 3103 1865 3135 ebriorum
1889 3100 1969 3134 cod.
1996 3101 2088 3132 Can-

321 3161 410 3193 tabr.
437 3178 479 3183 -—
504 3160 582 3190 illud
606 3160 650 3189 C:
678 3166 733 3188 nee
756 3157 835 3188 illud
861 3157 1020 3195 Ursinus,
1047 3166 1125 3188 num
1148 3157 1228 3187 illud
1245 3157 1269 3187 O
1288 3164 1368 3188 cum
1393 3154 1604 3192 Goerenzi03
1630 3153 1712 3184 illud
1735 3153 1943 3185 attendamus
1964 3151 2088 3183 Manu-

321 3212 388 3243 tius
415 3228 450 3234 —
482 3210 534 3241 29.
562 3208 768 3248 proferemus
797 3210 822 3237 Α
857 3224 891 3228 -
929 3206 981 3238 34.
1008 3206 1124 3237 habeat
1156 3206 1180 3236 O
1209 3214 1289 3236 cum
1315 3204 1526 3241 Goerenzio3
1564 3204 1598 3233 at
1621 3211 1654 3234 v.
1681 3204 1859 3234 Hermann
1882 3210 1917 3243 p.
1943 3199 2021 3232 468.
2048 3213 2082 3221 ’-

322 3261 374 3292 35.
406 3263 442 3291 ut
473 3260 497 3291 O
530 3267 611 3290 cuin
641 3257 824 3289 Seliuctzio
858 3255 957 3296 incl.,
991 3258 1025 3288 at
1054 3265 1086 3288 v.
1117 3256 1234 3287 llerni.
1263 3254 1285 3286 l.
1312 3263 1343 3286 c.
1371 3271 1406 3276 —
1441 3262 1486 3284 an
1512 3256 1547 3284 ut
1569 3261 1650 3285 sano
1673 3251 1881 3295 Lambinus,
1907 3251 2022 3290 recte,
2047 3247 2086 3279 ut

321 3309 472 3341 videtur.
