2249 3624
233 126 315 170 682
943 126 1014 165 DE
1046 124 1272 165 OFFICIIS

234 240 405 276 naturae
437 247 582 275 manca
622 231 806 287 quodam
837 231 963 271 modo
994 236 1120 283 atque
1153 230 1349 270 inchoata
1380 229 1453 277 sit,
1496 230 1529 269 si
1560 229 1676 269 nulla
1707 229 1816 270 actio
1849 243 1995 271 conse-

236 304 401 352 quatur.
459 298 518 336 Ea
548 301 685 336 autem
716 294 823 335 actio
853 294 897 333 in
927 293 1142 333 hominum
1176 291 1408 332 commodis
1438 291 1607 331 tuendis
1646 291 1827 332 maxime
1864 294 1996 333 cerni-

235 365 323 408 tur;
363 359 544 413 pertinet
581 358 709 410 igitur
749 356 803 396 ad
841 350 1080 396 societatem
1120 355 1284 408 generis
1315 354 1511 394 humani:
1552 367 1650 406 ergo
1680 355 1783 394 haec
1814 355 1995 407 cognitio

235 421 529 476 anteponenda
559 426 634 460 est.
702 416 796 458 454.
836 419 972 471 Atque
1012 416 1053 457 id
1093 418 1278 471 optimus
1318 417 1498 471 quisque
1537 429 1582 456 re
1621 417 1714 469 ipsa
1745 419 1927 458 ostendit
1956 422 1998 459 et

202 484 404 525 5iudicat.
471 482 574 531 Quis
615 482 725 522 enim
764 486 827 521 est
866 486 950 521 tam
990 479 1166 533 cupidus
1207 480 1249 518 in
1289 477 1583 532 perspicienda
1619 480 1997 534 cognoscendaque

233 561 371 587 rerum
403 550 570 592 natura,
601 551 665 592 ut,
697 544 732 584 si
765 544 802 584 ei
835 543 1023 583 tractanti
1055 541 1437 596 contemplantique
1468 554 1534 580 res
1566 542 1807 594 cognitione
1840 542 1999 595 dignis-

233 610 357 650 simas
389 608 528 648 subito
561 608 613 647 sit
642 607 813 647 allatum
844 605 1075 658 periculum
1110 604 1421 657 discrimenque
1452 605 1635 657 patriae,
1677 605 1744 644 cui
1777 605 1998 645 subvenire

233 670 516 725 opitularique
547 670 701 723 possit,
732 683 816 709 non
848 668 921 707 illa
951 668 1090 707 omnia
1121 667 1331 720 relinquat
1363 672 1490 720 atque
1521 665 1685 713 abiciat,
1716 667 1840 706 etiam
1872 667 1907 707 si
1938 667 2000 706 di-

231 745 450 773 numerare
491 745 534 772 se
575 732 718 772 stellas
756 737 827 771 aut
866 730 1003 769 metiri
1044 729 1187 769 mundi
1228 729 1557 781 magnitudinem
1589 741 1714 780 posse
1745 728 1998 768 arbitretur?

181 802 218 831 ⁴0
231 798 365 849 Atque
395 795 476 835 hoc
506 794 619 835 idem
651 795 694 833 in
726 793 926 847 parentis,
960 792 1003 831 in
1034 792 1155 832 amici
1186 805 1229 831 re
1252 797 1324 831 aut
1345 791 1533 844 periculo
1554 790 1712 829 fecerit.
1773 787 1867 830 2155.
1894 791 1999 838 Qui-

229 859 307 899 bus
338 856 464 898 rebus
495 857 754 910 intellegitur
785 855 936 895 studiis
968 854 1203 907 officiisque
1236 855 1436 893 scientiae
1469 853 1768 906 praeponenda
1794 866 1886 892 esse
1908 851 1998 893 offi-

231 922 294 961 cia
323 920 531 967 iustitiae,
573 933 680 973 quae
718 919 929 973 pertinent
968 916 1020 956 ad
1059 917 1276 956 hominum
1309 917 1545 962 caritatem,
1591 928 1673 968 qua
1705 915 1809 954 nihil
1839 915 2002 956 homini

232 998 324 1024 esse
355 983 480 1023 debet
509 982 739 1035 antiquius,
809 980 952 1020 XLIV.
995 982 1132 1033 Atque
1162 979 1241 1025 illi,
1283 992 1463 1032 quorum
1496 977 1633 1017 studia
1662 978 1833 1031 vitaque
1866 979 2002 1018 omnis

231 1048 274 1086 in
305 1060 443 1086 rerum
477 1046 716 1097 cognitione
748 1048 911 1083 versata
944 1049 1028 1088 est,
1069 1048 1207 1081 tamen
1243 1039 1294 1081 ab
1328 1040 1531 1092 augendis
1563 1040 1782 1080 hominum
1813 1041 2004 1081 utilitati-

182 1111 309 1149 nibus
353 1114 392 1148 et
432 1107 660 1148 commodis
705 1120 789 1146 non
830 1111 1107 1145 recesserunt.
1177 1106 1280 1143 Nam
1323 1108 1363 1142 et
1395 1102 1668 1142 erudiverunt
1699 1102 1874 1148 multos,
1918 1117 2001 1156 quo

232 1172 426 1212 meliores
469 1171 580 1210 cives
622 1170 896 1221 utilioresque
941 1167 1067 1207 rebus
1114 1167 1198 1206 suis
1242 1165 1421 1219 publicis
1462 1170 1623 1212 essent,
1669 1170 1716 1204 ut
1755 1165 2002 1206 Thebanum

231 1233 565 1287 Epaminondam
603 1233 724 1286 Lysis
763 1233 1072 1286 PythagoreuS,
1114 1230 1379 1282 Syracosium
1418 1228 1598 1267 Dionem
1637 1227 1754 1268 Plato
1796 1229 2004 1282 multique

234 1296 409 1343 multos,
440 1309 602 1349 nosque
631 1296 731 1349 ipsi,
765 1292 969 1348 quicquid
1001 1291 1052 1331 ad
1084 1305 1172 1331 rem
1202 1291 1413 1344 publicam
1446 1290 1676 1337 attulimus,
1709 1290 1742 1329 si
1772 1290 1898 1331 modo
1929 1291 2005 1331 ali-

235 1359 335 1412 quid
365 1358 601 1405 attulimus,
639 1371 662 1397 a
695 1356 936 1397 doctoribus
979 1360 1105 1408 atque
1146 1354 1333 1393 doctrina
1364 1352 1554 1392 instructi
1587 1352 1640 1391 ad
1673 1365 1763 1392 eam
1796 1358 1837 1393 et
1867 1354 2005 1394 ornati

184 1422 500 1462 roaccessimus.
561 1418 654 1461 1156.
687 1422 833 1472 Neque
865 1417 1002 1458 solum
1033 1418 1118 1456 vivi
1148 1422 1276 1469 atque
1307 1419 1548 1468 praesentes
1579 1415 1793 1454 studiosos
1818 1414 2006 1456 discendi

235 1483 431 1525 erudiunt
470 1489 595 1538 atque
637 1484 810 1529 docent,
851 1480 926 1520 sed
965 1480 1045 1519 boc
1085 1479 1197 1519 idem
1230 1479 1355 1518 etiam
1386 1483 1481 1530 post
1512 1483 1689 1517 mortem
1720 1479 2005 1518 monumentis

234 1548 464 1588 litterarum
495 1552 791 1599 assequuntur.
850 1545 935 1582 Nec
968 1542 1077 1581 enim
1111 1542 1226 1581 locus
1259 1540 1369 1580 ullus
1402 1546 1465 1579 est
1494 1540 1818 1593 praetermissus
1858 1541 1909 1580 ab
1941 1541 2006 1588 iis,

236 1610 309 1663 qui
340 1609 390 1650 ad
422 1609 556 1662 leges,
588 1610 660 1663 qui
693 1609 744 1649 ad
775 1620 933 1653 moreS,
967 1606 1038 1658 qui
1071 1604 1122 1644 ad
1155 1603 1416 1656 disciplinam
1449 1603 1509 1641 rei
1541 1603 1735 1655 publicae
1765 1605 2006 1656 pertineret,

235 1678 281 1712 ut
312 1672 443 1712 otium
476 1685 596 1712 suum
634 1673 685 1711 ad
718 1676 907 1711 nostrum
939 1668 1154 1720 negotium
1187 1666 1414 1706 contulisse
1448 1664 1679 1705 videantur.
1742 1665 1802 1705 lta
1832 1666 1893 1706 illi
1924 1665 2008 1719 ipsi

185 1736 451 1775 25doctrinae
483 1735 632 1775 studiis
672 1740 713 1774 et
743 1732 972 1787 sapientiae
1006 1729 1138 1768 dediti
1171 1729 1223 1768 ad
1255 1729 1471 1768 hominum
1504 1728 1727 1767 utilitatem
1759 1740 1875 1767 suam
1909 1742 2007 1781 pru-

237 1799 418 1838 dentiam
450 1797 868 1850 intellegentiamque
900 1793 1163 1847 potissimum
1197 1790 1433 1837 conferunt,
1465 1790 1516 1829 ob
1550 1803 1726 1843 eamque
1752 1790 1877 1829 etiam
1910 1804 2008 1830 cau-

237 1874 324 1900 sam
367 1861 510 1914 eloqui
549 1860 741 1912 copiose,
784 1857 909 1897 modo
951 1854 1198 1908 prudenter,
1236 1853 1385 1892 melius
1419 1859 1481 1892 est
1513 1865 1637 1905 quam
1672 1852 1735 1891 vel
1766 1853 2007 1893 acutissime

237 1925 327 1964 sine
358 1922 602 1976 eloquentia
633 1922 838 1974 cogitare,
882 1916 993 1971 quod
1026 1916 1224 1969 cogitatio
1256 1917 1295 1955 iii
1329 1929 1372 1954 se
1404 1916 1495 1968 ipsa
1526 1915 1723 1961 vertitur,
1765 1916 2007 1968 eloquentia

238 1985 528 2039 complectitur
561 1998 646 2031 eos,
681 1984 929 2037 quibuscum
964 1979 1259 2019 communitate
1291 1978 1421 2017 iuncti
1454 1992 1611 2017 sumus.
1680 1974 1766 2017 557.
1797 1980 1935 2030 Atque
1963 1982 2008 2018 ut

186 2059 224 2087 30
239 2049 377 2103 apium
410 2049 603 2088 examina
634 2060 717 2087 non
750 2044 1038 2097 fingendorum
1070 2041 1260 2081 favorum
1294 2053 1419 2080 causa
1451 2045 1774 2092 congregantur,
1797 2040 1892 2088 sed,
1914 2054 2006 2081 cum

239 2110 548 2163 congregabilia
589 2116 736 2149 natura
778 2108 882 2154 sint,
926 2104 1087 2157 fingunt
1126 2103 1267 2150 favos,
1307 2104 1365 2141 sie
1396 2102 1589 2142 homines
1631 2115 1677 2141 ac
1720 2103 1850 2143 multo
1883 2103 2008 2143 etiam

239 2174 371 2226 magis
402 2178 550 2212 natura
581 2171 819 2225 congregati
851 2168 1053 2209 adhibent
1082 2167 1233 2219 agendi
1265 2165 1559 2218 cogitandique
1581 2165 1820 2204 sollertiam.
1862 2166 2009 2218 Itaque

239 2237 321 2276 nisi
353 2249 402 2276 ea
431 2235 584 2282 virtus,
628 2247 737 2288 quae
769 2237 934 2274 constat
972 2244 1025 2270 ex
1054 2229 1298 2269 hominibus
1330 2227 1521 2274 tuendis,
1560 2226 1603 2266 id
1635 2232 1697 2267 est
1727 2240 1780 2266 ex
1811 2228 2009 2267 societate

240 2299 403 2351 generis
434 2298 624 2345 humani,
655 2298 832 2349 attingat
863 2294 1147 2346 cognitionem
1180 2305 1331 2338 rerum,
1364 2290 1552 2341 solivaga
1582 2290 1766 2342 cognitio
1799 2295 1841 2329 et
1868 2289 2011 2330 ieiuna

191 2370 227 2399 35
241 2360 443 2408 videatur,
460 2361 644 2413 itemque
668 2358 910 2412 magnitudo
933 2356 1061 2396 animi
1081 2360 1239 2394 remota
1259 2367 1284 2393 a
1306 2353 1603 2393 communitate
1626 2352 2009 2405 coniunctioneque

241 2424 423 2463 humana
452 2423 597 2462 feritas
631 2423 684 2462 sit
716 2421 919 2476 quaedam
962 2424 1001 2458 et
1032 2417 1281 2458 immanitas.
1343 2416 1403 2455 lta
1434 2413 1479 2455 fit
1509 2420 1554 2454 ut
1584 2414 1724 2454 vincat
1756 2413 2010 2467 cognitionis

243 2486 428 2526 studium
459 2485 716 2526 consociatio
748 2484 966 2523 hominum
1000 2487 1129 2534 atque
1162 2479 1449 2519 communitas.
1518 2475 1604 2516 158.
1643 2478 1728 2516 Nec
1760 2491 1902 2518 verum
1934 2480 2010 2524 est,

330 2665 360 2697 li.
386 2674 422 2697 re
445 2665 517 2704 ipsa
541 2665 565 2695 B
582 2664 606 2694 Η
623 2665 698 2695 ab:
736 2671 772 2693 re
795 2661 836 2692 ab
860 2670 891 2693 se
924 2670 962 2696 c;
1000 2661 1041 2691 ab
1065 2660 1135 2699 ipsa
1160 2668 1195 2690 rc
1218 2668 1258 2699 p:
1296 2667 1412 2698 reapse
1436 2666 1454 2689 o
1489 2675 1531 2680 —-
1568 2658 1598 2688 6.
1625 2656 1897 2695 contemplatique
1921 2656 1944 2687 B
1971 2672 2006 2678 —-

243 2717 274 2746 7.
301 2714 445 2745 oblatum
469 2723 520 2753 cp
555 2731 597 2736 -—
633 2713 696 2753 cui]
722 2721 796 2743 cuni
821 2720 838 2742 c
879 2729 910 2732 —
949 2711 979 2741 S.
1008 2711 1225 2741 denumerare
1248 2718 1268 2748 p
1306 2726 1339 2730 -—
1381 2710 1432 2739 lt).
1460 2709 1491 2738 in
1520 2709 1616 2745 (ante
1638 2708 1806 2745 parentis)
1831 2715 1899 2737 om.
1925 2715 1946 2746 p
1975 2723 2008 2728 -

239 2766 388 2804 parentis
411 2768 468 2795 aut
493 2764 590 2794 amici
616 2772 650 2793 re
674 2763 726 2793 uel
745 2762 893 2801 periculo
918 2769 935 2791 e
966 2777 997 2781 —
1028 2761 1078 2790 12.
1105 2761 1279 2789 caritatem
1306 2768 1372 2798 cp:
1401 2759 1570 2789 utilitatem
1597 2757 1732 2788 Bllab.
1769 2757 1818 2788 (ΕΓ.
1839 2756 1883 2787 de
1902 2755 2008 2787 finib.

244 2815 271 2845 V
296 2815 382 2855 365.
409 2833 450 2837 —
475 2816 554 2853 quia.
578 2813 677 2844 nichil
698 2813 728 2842 li.
755 2812 843 2842 debet
867 2819 932 2841 esse
957 2818 975 2840 c
1011 2827 1043 2830 ἡ
1083 2810 1129 2839 13.
1156 2810 1204 2839 illi
1229 2810 1290 2848 ipsi
1314 2817 1455 2847 qnorum
1479 2816 1528 2846 cp
1564 2824 1596 2828 —
1638 2808 1684 2837 15.
1711 2807 1903 2837 erudierunt
1927 2805 2010 2844 Bcp

246 2881 280 2886 —
310 2865 360 2895 Π.
380 2864 635 2903 epamtnundam
660 2872 680 2902 p
708 2879 741 2884 —
769 2862 845 2899 tysis
869 2869 907 2891 c:
933 2860 1002 2890 tisis
1024 2869 1064 2899 p:
1091 2859 1191 2897 lisa-ias
1217 2860 1338 2890 tillab
1368 2877 1402 2881 —
1429 2858 1634 2895 sitracosiwn
1656 2858 1695 2888 b:
1723 2856 1919 2887 siracosium
1943 2855 2009 2894 Bp,

244 2923 454 2954 syrac-oscum
472 2915 510 2951 ΙΙ,
529 2913 736 2951 syracusiam
761 2920 836 2944 aco
864 2928 898 2932 -
927 2911 1053 2940 ctionem
1071 2913 1098 2939 ct
1114 2909 1205 2946 plato
1221 2917 1241 2948 p
1269 2926 1301 2930 —-
1332 2908 1464 2947 Υ13,ι“ρει”
1489 2907 1543 2946 qui
1568 2906 1726 2946 quicquid
1752 2906 1810 2938 Ha
1833 2906 1886 2943 (in
1912 2913 1934 2937 a
1957 2905 2012 2944 qui

245 2964 403 2995 additum
428 2966 481 2994 est
505 2963 548 2993 ab
575 2963 638 2994 alia
665 2963 724 3001 m.)
753 2980 786 2984 —
821 2963 874 2992 ⁴21.
902 2965 1000 2998 atquc
1024 2960 1163 2990 sstiab:
1197 2968 1237 2988 ac
1261 2967 1297 2995 c,
1325 2962 1354 2989 et
1378 2967 1398 2998 p
1424 2976 1464 2980 -
1494 2956 1700 2988 monimentis
1724 2964 1741 2986 c
1768 2973 1802 2977 —-
1830 2957 1883 2986 ⁶22.
1908 2963 2013 2993 neque

247 3025 292 3056 cp
321 3031 355 3035 —-
387 3015 640 3052 praetermissus
663 3017 706 3043 cst
731 3021 750 3052 p
778 3029 811 3033 —
845 3011 886 3042 ab
909 3011 957 3040 liis
981 3018 1014 3047 a,
1040 3009 1081 3039 ab
1105 3010 1165 3038 hiis
1192 3009 1229 3045 ll,
1257 3009 1298 3038 at»
1321 3010 1381 3047 hijs
1405 3017 1438 3045 c;
1469 3007 1510 3038 ab
1534 3007 1611 3046 ipsis
1633 3015 1654 3045 p
1684 3023 1714 3027 -
1749 3006 1801 3037 25.
1828 3005 2012 3045 intelligen-

246 3067 327 3096 tiam
347 3063 622 3102 prudentiamque
646 3072 691 3102 cp
720 3079 753 3084 —
785 3062 835 3092 26.
862 3063 963 3092 etiam
988 3068 1055 3089 oin.
1079 3067 1156 3097 cpo
1189 3076 1213 3079 —
1254 3060 1304 3089 Ξῖ.
1334 3061 1428 3090 inusto
1453 3062 1480 3088 et
1503 3058 1682 3097 prudenter
1704 3064 1725 3095 p
1752 3072 1787 3077 —
1815 3064 1916 3094 quam
1939 3063 2009 3085 om.

249 3114 285 3146 ΒΙ
313 3130 348 3135 -
374 3112 426 3143 29.
453 3113 554 3142 uincti
578 3121 598 3151 p
631 3129 661 3133 —
700 3112 751 3143 30.
778 3113 893 3150 apiani
917 3112 972 3149 (lp
1000 3110 1048 3147 [in
1075 3118 1096 3140 a
1121 3111 1237 3139 tiiiiien
1262 3110 1272 3139 i
1299 3110 1472 3148 expuncta
1497 3106 1585 3145 est):
1613 3114 1714 3144 apum
1738 3113 1757 3136 ο
1784 3122 1818 3126 -
1852 3104 1904 3135 32.
1932 3112 2011 3134 con-

247 3163 377 3205 9reyati
401 3171 457 3193 oni
491 3169 508 3192 0
547 3179 580 3182 —
620 3162 851 3200 coqt'tantlique
875 3170 944 3200 cp:
979 3159 1265 3199 conyrefflmdiquc
1291 3160 1312 3189 Β
1329 3160 1353 3189 Η
1369 3160 1422 3189 ab
1464 3176 1495 3180 —-
1534 3157 1587 3188 34.
1613 3156 1749 3186 humani
1771 3156 1899 3195 generis
1924 3162 1945 3193 p
1973 3169 2007 3174 —

250 3215 302 3246 35.
327 3213 458 3244 videtur
481 3221 502 3252 p
541 3228 571 3233 -
612 3212 812 3249 itenique--
829 3215 857 3242 et
883 3211 1072 3241 immanitas
1096 3207 1238 3239 seclusit
1265 3209 1437 3239 l’earcius.
1469 3225 1501 3229 —
1539 3216 1562 3238 α
1584 3205 1837 3237 Anemoecius:
1865 3211 1934 3235 om.
1955 3201 2007 3241 Cp

254 3281 289 3286 —
315 3262 546 3294 communitate
569 3270 589 3301 p
615 3262 689 3302 (per
705 3262 985 3302 compendium:
1015 3260 1166 3291 comitate
1191 3262 1227 3289 μ’.
