2249 3624
362 167 442 209 242
792 167 1219 210 TUSCULANARUM
1248 170 1683 211 DISPUTATIONUM

362 275 472 330 quod
503 288 788 323 suscenseam,
818 276 899 316 nisi
930 277 1045 329 quod
1076 277 1175 316 mihi
1206 291 1356 318 nocere
1389 291 1432 317 se
1463 275 1769 316 crediderunt.»
1811 276 1862 315 Et
1891 277 1992 316 haec
2024 278 2115 331 qui-

362 337 455 378 dem
485 339 564 378 hoc
594 338 739 385 mod03
777 338 882 377 nihil
912 344 1049 378 autem
1080 338 1228 379 melius
1259 346 1472 379 extremo:
1513 339 1625 378 «Sed
1655 344 1819 390 tempus
1851 345 1942 378 est»
1975 339 2115 393 inquit

363 400 477 440 «iam
507 400 604 439 hinc
635 400 748 439 abire
779 414 865 447 me,
896 406 942 440 ut
972 401 1143 448 moriar,
1174 416 1266 448 vos,
1297 408 1343 442 ut
1372 402 1497 441 vitam
1529 400 1672 453 agatis.
1718 400 1860 439 Utrum
1891 407 2028 441 autem
2063 402 2116 441 sit

359 462 506 502 melius
537 462 577 501 di
608 462 847 502 inmortales
879 464 1038 510 sciunt,
1083 463 1293 503 hominem
1325 464 1491 516 quidem
1522 463 1627 502 scire
1658 462 1834 502 arbitror
1863 464 2112 503 neminem.»

327 530 346 558 5
470 525 595 563 XLII.
635 525 695 563 Ne
736 537 813 576 ego
849 524 961 564 haud
1000 526 1124 577 paulo
1165 526 1275 565 hunc
1306 525 1491 564 animum
1522 524 1663 563 malim
1697 537 1822 577 quam
1853 537 1995 564 eorum
2028 539 2115 565 om-

358 585 474 625 nium
505 586 710 634 fortunas,
749 586 821 639 qui
853 587 903 626 de
933 586 1013 626 hoc
1043 587 1349 627 iudicaverunt:
1391 588 1490 634 etsi,
1523 585 1634 640 quod
1675 592 1840 638 praeter
1867 587 1968 627 deos
1992 593 2117 640 negat

361 648 465 687 scire
489 661 764 701 quemquam,
795 647 838 687 id
861 649 937 688 scit
959 650 1049 701 ipse
1071 656 1207 689 utrum
1232 650 1284 689 sit
1314 649 1462 688 melius
1486 672 1538 676 —
1564 661 1659 687 nam
1683 648 1788 688 dixit
1807 656 1904 690 aute
1932 665 2004 698 -;
2042 650 2115 689 sed

360 723 481 749 suum
511 710 637 758 illud,
668 711 770 749 nihil
803 716 846 750 ut
876 711 1087 758 adfirmet,
1119 718 1232 751 tenet
1262 710 1313 750 ad
1347 716 1591 750 extremum.
1646 707 1738 749 400.
1770 712 1855 751 Nos
1886 718 2025 752 autem
2057 718 2116 752 te-

359 784 552 819 neamus,
584 778 630 811 ut
659 773 762 812 nihil
794 786 1036 813 censeamus
1069 787 1160 813 esse
1192 773 1367 819 malum,
1400 772 1511 825 quod
1545 772 1597 811 sit
1627 785 1650 811 a
1670 778 1828 812 natura
1861 773 2002 813 datum
2029 787 2116 813 om-

309 833 501 880 ionibus,
543 834 935 888 intellegamusque,
979 836 1011 874 si
1053 849 1162 875 mors
1194 835 1347 873 malum
1380 835 1454 881 sit,
1497 848 1588 874 esse
1621 836 1915 888 sempiternum
1948 836 2114 875 malum.

357 896 457 934 Nam
488 895 596 934 vitae
627 897 803 936 miserae
835 911 944 937 mors
977 895 1068 937 finis
1100 911 1191 937 esse
1214 897 1398 936 videtur:
1432 909 1542 935 mors
1565 897 1597 936 si
1621 903 1684 936 est
1705 898 1876 944 misera,
1908 895 2001 936 finis
2024 911 2116 937 esse

357 957 495 996 nullus
525 962 674 1009 potest.
725 959 806 998 Sed
838 959 938 1012 quid
962 973 1037 1011 ego
1066 960 1274 999 Socratem
1307 963 1376 998 aut
1398 957 1699 997 Theramenem
1730 960 1980 1012 praestantis
2005 960 2116 999 viros

355 1019 520 1059 virtutis
563 1025 604 1059 et
641 1020 872 1072 sapientiae
904 1022 1035 1074 gloria
1067 1022 1377 1061 commemoro?
1415 1034 1508 1059 cum
1542 1021 1898 1061 Lacedaemonius
1931 1023 2114 1075 quidam,

357 1081 476 1120 euius
506 1093 559 1120 ne
589 1095 741 1121 nomen
771 1083 938 1136 quidem
971 1083 1181 1137 proditum
1206 1089 1290 1130 est,
1322 1088 1497 1122 mortem
1520 1088 1633 1122 tanto
1656 1097 1782 1136 opere
1806 1085 2116 1137 contempserit,

307 1150 342 1178 ⁴5
358 1149 418 1190 ut,
451 1157 544 1182 cum
575 1144 626 1182 ad
659 1157 748 1184 eam
780 1145 1002 1185 duceretur
1034 1146 1251 1185 damnatus
1284 1146 1334 1184 ab
1367 1145 1534 1198 ephoris
1568 1151 1609 1184 et
1640 1152 1749 1186 esset
1768 1147 1885 1186 voltu
1912 1147 2033 1186 hilari
2057 1153 2117 1187 at-

357 1218 438 1258 que
459 1205 582 1252 laeto,
605 1205 864 1260 dixissetque
888 1207 926 1246 ei
950 1207 1120 1260 quidam
1149 1208 1365 1247 inimicus:
1401 1207 1722 1247 «Conteinnisne
1745 1208 1857 1261 leges
1880 1210 2112 1263 Lycurgi‘l»

356 1268 642 1320 responderit:
689 1270 809 1321 «Ego
841 1283 938 1309 vero
969 1268 1026 1308 illi
1059 1269 1280 1308 maximam
1313 1270 1484 1321 gratiam
1516 1269 1674 1314 habeo,
1708 1272 1779 1323 qui
1810 1285 1875 1311 me
1907 1285 1954 1312 ea
1983 1285 2117 1326 poena

357 1330 612 1377 multaverit,
643 1344 768 1384 quam
800 1332 887 1371 sine
921 1332 1178 1371 mutuatione
1211 1338 1250 1371 et
1281 1333 1367 1371 sine
1389 1345 1557 1371 versura
1580 1346 1746 1384 possem
1773 1333 2039 1374 dissolvere.»
2083 1333 2116 1373 O

355 1393 489 1432 virum
513 1393 660 1445 Sparta
682 1393 875 1446 dignum!
909 1400 953 1433 ut
975 1393 1074 1432 mihi
1097 1393 1280 1446 quidem,
1303 1394 1374 1447 qui
1400 1400 1481 1434 tam
1505 1408 1653 1447 magno
1677 1396 1816 1434 animo
1839 1395 1975 1444 fuerit,
1997 1398 2118 1436 inno-

305 1461 342 1490 ΞΟ
356 1467 454 1494 cens
477 1455 696 1495 damnatus
724 1470 814 1495 esse
842 1456 1043 1496 videatur.
1092 1453 1179 1495 ¹101.
1207 1457 1318 1496 Talis
1342 1457 1819 1503 innumerabilisnostra
1845 1458 1989 1498 civitas
2010 1459 2116 1499 tulit.

358 1516 438 1556 Sed
471 1517 570 1570 quid
604 1517 730 1557 duces
762 1524 803 1557 et
832 1518 1043 1571 principes
1075 1517 1310 1564 nominem,
1342 1532 1436 1558 cum
1468 1519 1654 1571 legiones
1687 1520 1839 1560 scribat
1871 1520 1969 1560 Cato
1993 1534 2116 1574 saepe

357 1579 504 1619 alacris
546 1580 589 1619 in
627 1593 721 1619 eum
763 1580 899 1620 locum
941 1580 1167 1633 profectas,
1211 1580 1322 1620 unde
1362 1581 1567 1620 redituras
1600 1595 1643 1621 se
1675 1595 1761 1621 non
1791 1582 2116 1622 arbitrarentur?

357 1642 448 1681 Pari
479 1642 618 1681 animo
641 1642 959 1681 Lacedaemonii
989 1643 1032 1681 in
1055 1642 1346 1695 Thermopylis
1371 1644 1633 1691 occiderunt,
1664 1645 1706 1684 in
1729 1658 1836 1698 quos
1860 1645 2116 1685 Simonides:

523 1705 638 1752 Dic,
669 1703 884 1757 hospes,
917 1705 1141 1758 Spartae
1173 1718 1261 1744 nos
1293 1710 1337 1744 te
1367 1706 1449 1745 hic
1479 1706 1686 1746 vidisse
1717 1708 1957 1755 iacentis,

303 1773 340 1802 25
578 1768 701 1807 Dum
733 1767 935 1806 sanctis
966 1767 1173 1819 patriae
1205 1767 1408 1819 legibus
1440 1768 1798 1820 obsequimur:

356 1841 378 1868 e
410 1828 560 1882 quihus
591 1843 721 1877 unus,
760 1843 854 1869 oum
891 1831 1037 1869 Perses
1068 1830 1201 1868 hostis
1232 1830 1274 1868 in
1307 1830 1533 1882 conloquio
1566 1830 1741 1870 dixisset
1770 1831 1972 1884 glorians:
2008 1832 2116 1871 «So-

440 2040 471 2071 2.
498 2039 560 2071 Sed
583 2043 707 2079 tempus
730 2042 777 2070 est
799 2039 882 2078 cet]
908 2038 957 2070 Cf.
977 2040 1174 2071 Lactantius
1198 2041 1268 2080 VII,
1288 2041 1319 2072 ⁶2.
1339 2059 1380 2063 ——
1405 2040 1434 2072 li.
1462 2041 1507 2071 dii
1533 2041 1555 2072 C
1572 2041 1596 2072 O
1623 2058 1657 2062 —
1685 2041 1716 2072 ὃ.
1742 2041 1815 2072 Nae
1838 2041 1863 2072 Ο
1879 2059 1921 2063 -
1943 2041 2043 2082 haud]
2061 2045 2120 2072 aul

352 2091 416 2123 RB
443 2106 478 2112 —
506 2089 634 2120 mallim
657 2091 699 2122 R:
727 2090 776 2121 sic
801 2090 905 2120 etiam
931 2090 968 2127 G,
995 2090 1058 2121 sed
1084 2092 1256 2130 posterior
1280 2091 1290 2121 l
1315 2093 1367 2122 est
1392 2091 1424 2122 in
1444 2099 1576 2127 rasura,
1602 2091 1636 2121 in
1655 2098 1722 2130 qua
1739 2090 1829 2121 duae
1854 2090 1988 2122 litterae
2013 2091 2118 2122 fuisse

351 2141 510 2181 possunt.
541 2158 575 2162 -
604 2141 656 2171 ll.
682 2140 822 2177 misera,
849 2140 1000 2170 miseriae
1021 2140 1096 2179 finis
1112 2141 1149 2171 O.
1181 2141 1242 2172 «L't
1265 2139 1415 2171 Klotzius
1440 2140 1489 2171 sic
1514 2140 1711 2179 Tregderus
1728 2140 1918 2181 Archetypi
1942 2141 2120 2172 revocavit

353 2190 579 2230 scripturam:
610 2189 851 2229 inlelliyamus,
878 2190 904 2219 si
928 2198 1015 2219 mors
1041 2191 1163 2220 malam
1187 2192 1245 2228 sil,
1271 2198 1336 2221 esse
1359 2191 1591 2228 sempiternum
1615 2190 1777 2220 malum.
1803 2190 1892 2220 Nam
1907 2191 2027 2221 vilae
2049 2191 2121 2221 mi-

352 2248 469 2270 serae
491 2247 580 2269 mors
601 2239 675 2279 finis
698 2248 763 2270 esse
785 2240 934 2275 videlur‚·
961 2248 1047 2270 mors
1070 2242 1097 2271 si
1121 2243 1167 2270 est
1188 2241 1312 2271 misera
1338 2240 1368 2277 (i.
1397 2248 1427 2269 e.
1454 2240 1481 2270 si
1508 2240 1634 2270 mortui
1659 2239 1762 2270 etiam
1789 2240 1906 2271 miseri
1931 2242 2011 2271 sunt
2032 2256 2070 2270 z
2093 2241 2120 2271 si

351 2297 441 2319 mors
462 2288 589 2318 malum
611 2291 674 2326 εει,
705 2287 747 2319 cf.
774 2288 793 2327 ὃ
819 2288 849 2318 9.
878 2289 928 2318 45.
956 2289 1091 2328 Madvig
1115 2289 1158 2319 ad
1184 2290 1252 2320 Fin.
1274 2290 1312 2327 V,
1332 2288 1397 2328 84),
1421 2290 1498 2329 finis
1521 2298 1586 2320 esse
1610 2289 1717 2319 nullus
1737 2292 1841 2328 potest
1866 2306 1901 2311 -
1928 2289 2120 2321 Cuiusnam

353 2339 431 2370 rei‘?
462 2339 494 2369 Si
525 2336 791 2378 grammaticam
824 2336 1014 2368 verborum
1039 2339 1210 2370 rationem
1236 2341 1372 2375 teneas,
1407 2339 1496 2369 vitae
1517 2339 1677 2370 miserae:
1704 2341 1738 2369 at
1762 2339 1938 2370 terrestris
1962 2338 2117 2378 quidem,

353 2396 443 2428 quae
469 2388 502 2419 h.
530 2387 549 2418 l.
576 2386 786 2426 intelligitur,
811 2387 899 2417 vitae
922 2395 1036 2425 mors,
1068 2389 1140 2419 sive
1166 2389 1294 2419 misera
1320 2391 1373 2419 est
1397 2389 1469 2419 sive
1495 2397 1563 2419 non
1589 2389 1736 2425 misera,
1762 2388 1839 2419 finis
1864 2390 1927 2419 est.
1964 2389 2052 2419 Nam
2077 2396 2119 2418 ex

350 2438 439 2468 vitae
468 2438 606 2468 miserae
636 2434 830 2475 intelligere
860 2435 940 2465 ⁴mali
972 2435 1126 2475 (Buher.)
1153 2439 1210 2467 aut
1234 2438 1386 2468 miseriae
1410 2438 1569 2477 (Nissen.)
1595 2439 1650 2469 vix
1677 2438 1771 2475 licet,
1804 2438 2012 2478 praesertim
2037 2445 2119 2469 cum

352 2496 420 2518 non
445 2487 577 2518 dictum
602 2486 645 2517 sit
668 2486 808 2515 miserae
830 2486 936 2522 vilae,
965 2484 1029 2515 sed
1054 2486 1138 2517 vilae
1162 2488 1319 2526 miserae,
1352 2486 1471 2518 Klotzii
1496 2490 1614 2518 autem
1639 2488 1790 2524 ratione,
1818 2487 1875 2526 qui
1902 2495 1944 2517 ex
1966 2494 2119 2518 mors—-

351 2538 474 2568 misera
503 2535 696 2575 intelligere
727 2536 796 2566 eius
827 2535 860 2575 (i.
883 2544 914 2566 e.
933 2536 1053 2566 mortis
1086 2536 1236 2566 miserae
1252 2553 1291 2567 z
1315 2537 1434 2567 miseri
1460 2539 1538 2577 post
1562 2539 1713 2568 mortem
1738 2536 1862 2573 status)
1886 2535 2002 2573 iubet,
2035 2544 2120 2576 per-

351 2589 487 2618 versius
512 2585 594 2618 nihil
619 2584 694 2616 fieri
719 2586 846 2624 potest.
884 2585 957 2615 Non
983 2584 1098 2616 dicam
1123 2594 1164 2615 ex
1188 2594 1277 2616 mors
1300 2590 1357 2617 est
1380 2587 1503 2617 misera
1528 2588 1621 2617 certe
1647 2594 1716 2616 non
1739 2585 1855 2615 mortis
1876 2586 2028 2623 miserae,
2055 2584 2119 2616 sed

352 2636 595 2666 tantummodo
619 2636 734 2665 mortis
758 2634 897 2673 intelligi
923 2636 1095 2675 potuisse:
1124 2634 1206 2665 illud
1231 2636 1357 2672 dicam,
1383 2636 1427 2666 ita
1454 2636 1603 2667 existere
1628 2634 1757 2666 bellam
1781 2634 1871 2664 hanc
1895 2633 2120 2666 demonstra—

352 2685 501 2716 tionem:
530 2686 565 2716 Si
588 2693 676 2715 mors
698 2685 825 2715 malum
849 2688 913 2722 esc,
939 2688 984 2715 est
1010 2684 1068 2722 ἸΚΙ.
1088 2693 1176 2715 mors
1199 2684 1364 2725 intelligit)
1390 2686 1621 2724 sempiternam
1637 2685 1774 2715 malum.
1805 2684 1893 2714 Nam
1912 2700 1946 2704 —
1966 2692 2067 2722 mors,
2093 2685 2120 2715 si

351 2737 397 2764 est
418 2734 560 2770 malam,
592 2735 824 2773 sempiternum
849 2735 973 2765 malum
997 2738 1051 2765 est.
1090 2735 1179 2774 Lege
1206 2735 1223 2774 S
1248 2736 1266 2765 9
1292 2738 1325 2766 et
1350 2736 1390 2766 15
1417 2735 1495 2774 (ubi
1519 2736 1587 2765 vita
1611 2734 1705 2765 idem
1731 2736 1784 2765 est
1808 2733 1903 2773 quod
1928 2741 2033 2773 supra
2056 2733 2119 2764 hu-

349 2791 453 2814 mana
475 2784 685 2822 conditional:
714 2783 881 2824 intelliges
908 2784 1116 2815 Ciceronem
1141 2785 1207 2816 hoc
1232 2785 1370 2816 dicere:
1407 2798 1421 2814 υ
1433 2786 1466 2816 Si
1491 2794 1586 2816 mors
1610 2784 1740 2816 malum
1765 2786 1836 2821 est,
1863 2784 2118 2823 sempiternum

352 2833 481 2864 malum
507 2835 559 2864 est
582 2833 764 2864 hominibus
784 2835 1002 2873 propositum.
1035 2836 1122 2865 Nam
1146 2836 1280 2866 miseria
1305 2843 1446 2871 eorum,
1473 2843 1576 2874 quae,
1603 2835 1630 2865 si
1656 2834 1783 2865 mortui
1801 2841 1868 2865 non
1887 2833 1968 2863 sunt
1985 2832 2116 2870 miseri,

350 2884 441 2914 vitae
467 2882 593 2914 finibus
618 2884 835 2920 terminatur,
863 2883 1007 2919 eadem,
1034 2884 1061 2914 si
1088 2885 1191 2916 etiam
1217 2885 1344 2916 mortui
1370 2885 1487 2915 miseri
1513 2886 1611 2922 sunt,
1637 2884 1725 2915 fines
1745 2882 1856 2914 nullos
1873 2880 1980 2912 habet
1998 2882 2046 2919 (z
2062 2880 2080 2920 S
2098 2880 2116 2911 9

351 2932 384 2963 in
408 2933 623 2963 miseriam
645 2933 860 2963 nascimur
883 2934 1124 2972 sempiternam.
1160 2934 1177 2973 g
1196 2935 1235 2965 45
1260 2934 1424 2974 infinilum
1440 2936 1470 2963 et
1493 2934 1725 2972 sempiternum
1747 2933 1900 2963 malum
1923 2930 2118 2961 habemus

350 2981 390 3011 in
413 2981 530 3018 vila);
559 2980 601 3012 cs.
627 2981 647 3020 §
675 2981 747 3012 1118.
784 2983 905 3021 ltaque
939 2990 1001 3021 ego
1034 2990 1075 3013 ex
1099 2984 1239 3023 antiqua
1266 2982 1467 3013 coniectura
1497 2985 1575 3022 post
1598 2984 1721 3013 misera
1745 2981 1837 3013 addo
1860 2981 2027 3018 miseriae,
2053 2979 2116 3011 sed

351 3037 431 3061 cum
456 3031 573 3067 uncis,
600 3033 766 3070 quoniam
791 3031 934 3071 quidem
959 3032 1034 3062 fieri
1058 3033 1190 3071 potest,
1218 3034 1254 3062 ut
1279 3032 1400 3063 Cicero
1426 3032 1518 3071 ipse,
1553 3034 1589 3062 ut
1613 3031 1711 3069 alibi,
1737 3032 1782 3062 ita
1807 3031 1862 3062 hic
1887 3030 2115 3070 negligentius

351 3078 543 3119 duriusque
571 3080 781 3119 scripserit.»
808 3082 862 3112 W.
902 3080 951 3112 Ob
984 3081 1019 3112 id
1050 3082 1165 3121 ipsum
1192 3090 1254 3113 nos
1278 3081 1431 3111 miseriae
1454 3082 1641 3113 reieeimus
1682 3098 1716 3103 —
1745 3082 1796 3112 42.
1822 3085 1981 3112 socratem
2004 3083 2034 3111 et
2056 3083 2116 3110 aul

353 3130 376 3161 C
401 3146 444 3151 —
469 3128 519 3160 lli.
546 3132 714 3168 tantopere
739 3131 762 3161 C
792 3148 827 3153 -
853 3132 905 3162 216.
931 3131 1171 3170 contempnisne
1195 3132 1220 3161 G
1242 3148 1274 3152 -
1301 3131 1434 3169 lyyuryi
1459 3132 1523 3161 GR
1544 3148 1577 3152 -
1605 3132 1657 3161 Ἥ.
1678 3129 1769 3170 Calo]
1793 3133 1912 3161 uocato
1936 3129 2055 3160 litteris
2071 3138 2114 3160 uo

353 3177 478 3209 eadem
503 3186 549 3209 m.
576 3177 699 3209 deletis
725 3180 748 3210 R
772 3197 814 3202 -
837 3188 932 3219 saepe
955 3188 1129 3221 superscr.
1156 3179 1281 3210 eadem
1306 3188 1351 3210 m.
1378 3179 1411 3210 in
1437 3182 1462 3210 G
1489 3196 1524 3202 —-
1553 3181 1602 3211 23.
1630 3180 1828 3219 thermopilis
1851 3181 1915 3211 GR
1935 3197 1969 3202 —
1998 3181 2032 3210 in
2049 3188 2112 3218 quo

352 3227 524 3258 simonides
548 3227 572 3259 C
594 3243 629 3250 —
658 3228 710 3258 ³26.
736 3237 751 3259 e
775 3229 888 3267 quibas
912 3230 1073 3270 Bentley:
1103 3229 1187 3268 Quid
1210 3229 1261 3260 ille
1285 3230 1355 3260 dati:
1378 3231 1535 3261 semidam
1553 3230 1729 3269 (Leonidas
1745 3230 1780 3268 O)
1799 3229 1877 3260 dicit
1899 3229 2003 3269 (ducit
2017 3237 2109 3262 corr.

355 3276 389 3308 in
413 3276 491 3307 dicit
514 3276 618 3315 GR)?
647 3277 772 3317 Pergae
801 3279 913 3310 animo
941 3279 1040 3319 forti,
1075 3279 1343 3317 Lacedaemonii‚·
1373 3280 1466 3311 hodie
1496 3282 1584 3320 apud
1606 3280 1728 3320 inferos
1748 3280 1888 3320 fortasse
1910 3278 2105 3311 cenabimus.
