2249 3624
540 164 628 203 Lm.
660 163 709 202 ΙΙ.
753 161 848 202 cst.
880 157 1054 199 XXVII.
1096 156 1156 211 §§
1187 155 1379 197 63—67.
1763 151 1843 193 ⁶273

81 271 241 326 placeat
272 267 450 314 malum,
484 267 686 307 tantuium
722 272 858 306 tamen
893 279 1008 314 esse,
1040 270 1083 306 ut
1113 279 1135 305 a
1167 265 1318 304 virtute
1351 264 1407 304 ita
1429 262 1648 310 obruatur,
1679 268 1725 302 ut
1747 276 1844 302 nus—

81 346 205 387 quam
245 336 454 384 appareat.
513 330 631 378 Quae
671 329 891 375 meditare,
933 342 1111 382 quaeso,
1153 328 1242 367 dies
1283 332 1324 367 et
1361 332 1526 372 noctes3
1564 325 1690 365 latius
1733 326 1842 365 enim

80 393 260 434 manabit
307 392 410 431 haee
455 393 559 432 ratio
606 398 646 431 et
689 393 905 445 aliquanto
946 392 1141 431 maiorem
1175 391 1310 430 locum
1343 403 1467 443 quam
1500 388 1551 428 de
1582 402 1666 428 uno
1698 388 1844 428 dolore

80 455 310 509 occupabit.
361 455 461 493 Nam
505 455 537 493 si
580 456 716 493 onmia
747 453 971 505 fugiendae
1005 453 1272 506 turpitudinis
1304 451 1683 506 adipiscendaeque
1715 451 1846 490 hone-

79 517 195 558 statis
240 529 365 556 causa
403 515 621 562 faciemus,
669 529 750 554 non
793 515 916 555 modo
957 517 1147 556 stimulos
1187 516 1368 562 doloris,
1413 514 1485 554 sed
1518 514 1639 554 etiam
1671 513 1877 554 fulminas

80 580 267 620 fortunae
299 584 615 618 contemnamus
648 578 810 624 lirebit,
852 579 1096 630 praesertim
1129 592 1220 617 cum
1255 583 1445 631 paratum
1477 578 1529 616 sit
1559 576 1659 616 iilud
1693 590 1743 616 ex
1775 577 1847 616 he-

81 648 217 682 sterna
250 640 531 694 disputatione
565 640 811 693 perfugium.
872 638 938 678 67.
972 640 1020 679 Ut
1054 641 1162 679 enim
1196 640 1229 679 si
1254 640 1318 679 cui
1345 639 1579 692 naviganti,
1612 639 1846 692 praedones

81 705 116 744 si
145 704 436 756 insequantur,
469 702 573 742 deus
615 702 686 755 qui
729 702 883 741 dixerit
928 703 1060 741 «Eico
1095 708 1132 741 te
1166 716 1186 740 e
1219 703 1336 749 navi;
1380 708 1546 755 praesto
1579 708 1640 741 est
1672 704 1742 755 qui
1776 717 1847 743 ex-

82 767 224 819 cipiat,
268 766 331 805 vel
365 765 610 818 delphinus,
653 770 695 803 ut
728 765 921 804 Arionem
954 764 1312 818 Methymnaeam,
1354 765 1417 804 vei
1460 766 1559 818 equi
1592 764 1754 818 Pelopis
1787 765 1847 804 ini

82 828 295 882 Neptunii,
328 828 399 881 qui
438 841 528 880 per
559 826 723 866 undas
758 840 946 865 currus
989 840 1279 879 suspensos
1329 828 1589 880 rapuisse
1636 827 1898 875 dicuntia-,⁴0

82 891 293 944 excipient
324 896 363 930 te
385 895 425 929 et
449 904 531 943 quo
555 890 655 929 velis
679 889 930 942 perferam»
965 902 1129 928 omnem
1155 890 1319 929 omittat
1347 890 1553 937 timorem,
1585 891 1643 930 sic
1667 905 1850 944 urguen-

82 953 190 993 tibus
219 953 380 1006 asperis
410 958 450 992 et
481 953 637 992 odiosis
669 952 897 999 doloribus,
929 952 962 991 si
994 952 1094 992 tanti
1128 952 1223 999 sint,
1255 958 1298 991 ut
1328 952 1487 992 ferendi
1519 966 1603 992 nou
1634 954 1731 1002 sint,
1763 967 1849 1008 quo

82 1017 134 1056 sit
164 1015 489 1068 confugiendum
521 1020 564 1054 tu
597 1015 728 1054 vides.

194 1078 306 1118 Haec
337 1077 422 1117 fere
453 1078 532 1118 hoc
564 1083 752 1130 tempore
784 1077 925 1132 putavi
958 1090 1049 1117 esse
1082 1076 1273 1117 dicenda.
1321 1076 1403 1116 Sed
1428 1082 1471 1117 tu
1494 1076 1669 1117 fortasse
1691 1077 1732 1117 in
1757 1091 1851 1118 sen-

82 1141 210 1182 tentia
250 1153 483 1193 permanes.
543 1141 588 1180 A.
622 1140 792 1180 Minime
825 1154 944 1187 vero,
988 1153 1141 1193 meque
1181 1139 1310 1179 biduo
1344 1139 1519 1179 duarum
1551 1153 1711 1188 rerum,
1747 1153 1850 1194 quas
1866 1150 1901 1179 15

81 1204 260 1244 maxime
292 1203 509 1250 timebam,
548 1217 670 1256 spero
701 1203 925 1243 liberatum
957 1208 1083 1242 metu.
1133 1203 1187 1243 M.
1222 1202 1320 1242 Cras
1353 1215 1450 1255 ergo
1481 1202 1532 1241 ad
1565 1202 1850 1257 elepsydram3

81 1268 138 1307 sic
169 1267 280 1307 enim
313 1266 519 1312 diximus,
558 1271 599 1305 et
629 1265 701 1306 tibi
734 1266 812 1306 hoe
849 1266 970 1305 video
1002 1279 1086 1305 non
1116 1278 1239 1318 posse
1272 1264 1428 1305 deberi.
1483 1264 1530 1305 A.
1560 1266 1620 1305 Ita
1656 1279 1851 1318 prorsus;

81 1334 121 1369 et
160 1327 263 1368 iilud
295 1328 462 1382 quidem
504 1334 600 1368 ante
641 1328 878 1375 meridiem,
919 1328 997 1369 hoe
1028 1328 1176 1368 eodem
1209 1332 1414 1381 tempore.
1466 1329 1521 1369 M.
1554 1328 1621 1369 Sic
1650 1328 1851 1370 faciemus

80 1391 248 1446 tuisque
280 1392 461 1445 optumis
493 1392 641 1432 studiis
673 1392 968 1446 obsequemur.

169 1571 199 1603 6.
225 1574 493 1611 contempnamus
517 1572 541 1601 G
570 1588 604 1592 —
638 1571 669 1602 7.
692 1571 876 1610 praedones
905 1572 932 1602 si
962 1571 1181 1611 insequantur
1204 1571 1402 1612 Wopkens:
1430 1571 1615 1610 praedones
1637 1573 1856 1612 insequantur

84 1621 128 1657 C:
162 1630 257 1661 quem
285 1622 468 1661 praedones
497 1622 716 1660 insequantur
739 1622 763 1652 O
795 1639 830 1643 —
869 1621 899 1653 8.
927 1622 982 1661 qui
1007 1622 1049 1653 C:
1087 1622 1160 1661 quis
1183 1621 1208 1652 O
1237 1639 1271 1643 —
1310 1624 1340 1652 te
1362 1622 1445 1652 naui
1468 1622 1513 1658 C;
1548 1625 1577 1653 te
1600 1622 1638 1653 de
1660 1622 1738 1653 navi
1763 1622 1788 1653 O
1816 1639 1850 1645 -

83 1671 113 1701 9.
137 1675 380 1710 metymnaeum
404 1672 429 1703 G
445 1672 468 1703 R
498 1689 531 1694 —-
558 1671 610 1702 ille
634 1672 693 1702 GR
719 1688 754 1694 —
783 1672 834 1703 40.
860 1681 977 1702 cursus
1002 1671 1039 1703 G¹
1061 1689 1092 1694 -—
1122 1671 1173 1702 44.
1199 1671 1317 1702 emitas
1333 1673 1377 1710 G,
1405 1672 1536 1703 omittas
1552 1672 1597 1708 R;
1624 1673 1813 1703 omittamus
1829 1673 1853 1704 B

85 1737 119 1742 -
145 1720 338 1761 arqentibus
354 1722 379 1752 G
394 1716 433 1753 R²
451 1738 485 1742 -
513 1721 565 1752 ⁴2.
593 1721 677 1752 tanti
700 1722 783 1760 sint,
809 1724 845 1752 ut
866 1721 992 1761 ferendi
1015 1730 1080 1752 non
1104 1722 1169 1753 sint
1186 1722 1377 1753 Manutius:
1405 1723 1490 1753 tanti
1512 1731 1578 1753 non
1601 1722 1664 1753 sint
1680 1725 1716 1753 uc
1730 1723 1856 1762 ferendi

81 1769 144 1801 sint
167 1772 251 1807 GR3
284 1771 369 1802 tanti
398 1779 463 1801 non
492 1771 551 1809 sit,
581 1774 617 1802 uc
646 1771 773 1811 serendi
798 1771 861 1802 sint
886 1770 1093 1810 Gulielmus,
1120 1771 1158 1803 O.
1197 1771 1408 1812 «Archetypi
1443 1771 1546 1803 lectio
1571 1780 1614 1803 ne
1639 1772 1683 1803 ita
1709 1772 1856 1813 quidem

81 1820 163 1852 satis
188 1820 329 1852 defendi
353 1822 497 1861 poterit,
524 1822 561 1852 ut
585 1821 670 1852 tanta·
694 1822 737 1852 sit
761 1822 882 1852 tantuli
908 1821 956 1861 (ut
973 1821 1005 1852 in
1024 1820 1232 1852 affirmativa
1249 1822 1422 1853 sententia
1441 1821 1485 1853 ad
1503 1821 1619 1854 Famil.
1639 1823 1709 1861 XV,
1730 1823 1782 1860 44,
1802 1822 1832 1862 4)
1846 1847 1855 1864 ,

82 1871 259 1910 negative,
291 1873 329 1902 ut
354 1869 470 1902 Famil.
499 1869 518 1902 l.
546 1880 576 1902 c.
604 1871 730 1902 dieitur
753 1872 804 1902 sin
828 1872 960 1902 maiora
984 1870 1099 1911 (quam
1123 1874 1158 1902 ut
1181 1871 1339 1902 suslinere
1356 1871 1496 1913 possis),
1527 1872 1563 1902 T.
1592 1873 1630 1904 D.
1658 1872 1698 1911 V,
1725 1873 1785 1904 447
1812 1872 1856 1904 de

82 1919 206 1951 eadem
241 1928 278 1951 re
304 1921 351 1952 sin
370 1937 418 1943 --
434 1920 654 1951 vehementius
681 1924 849 1960 torquent.
884 1930 984 1960 quam
1007 1924 1043 1952 ut
1066 1930 1169 1952 causa
1191 1921 1232 1952 sit
1255 1930 1314 1952 sur
1334 1921 1492 1957 serantur
1516 1923 1599 1961 (tam
1623 1921 1858 1954 vehementer

79 1971 117 2000 ut
141 1968 274 2000 terendi
298 1978 367 2001 non
391 1970 490 2009 sint).
518 1970 568 2001 sic
592 1970 626 2001 h.
655 1969 675 2001 Ι.
702 1970 768 2002 dici
793 1972 820 2001 si
843 1972 928 2002 ιαηιι·
952 1971 1032 2009 sint,
1058 1974 1093 2001 ut
1115 1971 1242 2011 ferendi
1264 1980 1330 2002 non
1353 1972 1416 2002 sinc
1440 1974 1488 2010 (=
1511 1972 1664 2004 maiores
1682 1980 1787 2012 quam
1808 1972 1855 2011 ut)

81 2017 228 2059 simplex
253 2019 393 2051 dicendi
424 2020 511 2050 ratio
544 2019 722 2051 iubebat.»
750 2021 802 2052 W.
838 2020 888 2052 Cf.
915 2020 1053 2060 Madvig
1077 2022 1204 2061 Opusc.
1234 2022 1259 2052 11
1283 2030 1317 2062 p.
1346 2021 1407 2053 494
1432 2030 1484 2062 sq.
1516 2040 1551 2045 —
1585 2031 1649 2061 quo
1672 2023 1736 2054 sint
1761 2024 1784 2054 C
1811 2023 1857 2062 (in

81 2069 105 2099 G
131 2069 220 2100 inter
242 2078 265 2100 n
289 2072 322 2100 et
346 2073 357 2100 t
382 2079 450 2101 una
475 2069 588 2101 littera
606 2070 731 2109 erasa).
759 2070 846 2101 Vide
871 2070 915 2101 ad
933 2071 975 2101 111
1002 2070 1137 2111 §34.—
1166 2071 1218 2102 43.
1245 2071 1291 2112 tu]
1316 2074 1353 2102 ut
1370 2072 1413 2110 C;
1441 2080 1512 2103 om.
1532 2072 1557 2103 O
1576 2089 1610 2094 —
1640 2072 1690 2103 47.
1711 2072 1859 2104 diaeimus

81 2117 123 2148 B:
149 2118 307 2150 duximus
331 2120 415 2157 GR;
442 2120 580 2151 dicimus
603 2120 640 2151 O.
675 2120 724 2152 Cf.
752 2120 770 2161 g
796 2121 826 2151 9.
855 2137 889 2142 —
917 2124 947 2152 ec
970 2119 1176 2152 Turnebus:
1203 2122 1257 2153 sed
1281 2122 1305 2153 C
1322 2122 1360 2153 O.

160 3330 279 3362 Cranno
304 3331 337 3361 Τ.
359 3330 407 3362 W.
1461 3331 1517 3376 ¹¹8
