2249 3624
561 197 650 238 Lm.
672 198 741 239 VI.
784 197 884 239 CAP.
908 198 1059 241 XXVI.
1092 197 1120 252 §
1142 196 1208 238 ⁶28.
1240 221 1294 228 —
1323 199 1665 241 FRAGMENTA.
1923 202 2004 243 853

343 304 381 348 4.
424 306 532 346 Haec
561 305 690 344 virtus
719 305 762 344 in
792 305 1006 345 rhetoricis
1034 320 1059 345 a
1090 307 1274 346 Cicerone
1305 306 1433 345 eadem
1458 308 1628 358 ponitur
1657 321 1754 360 quae
1786 311 2003 362 sapientia:

232 373 327 414 alibi
353 383 460 417 vero,
492 368 534 408 id
562 374 616 408 esc
648 368 690 407 in
721 368 836 408 libris
865 369 910 408 de
940 381 983 408 re
1006 369 1180 421 publica,
1212 369 1259 407 ab
1290 370 1417 408 eodem
1443 370 1625 409 Cicerone
1656 372 1725 410 ma
1759 374 1884 411 rirtus
1905 374 2005 413 diei-

231 443 298 476 tur
335 447 430 488 quae
466 431 695 485 prudentia.
771 429 1119 482 (Victorinus
1162 432 1203 471 in
1232 432 1433 483 prooemio
1464 432 1515 471 ad
1544 434 1577 473 I.
1610 434 1722 473 Ithet.
1751 434 1829 474 Cic.
1861 449 1953 489 pag.
1977 435 2001 475 3

234 497 373 540 Schol.
408 495 493 537 Cic.
526 494 590 534 ed.
624 491 766 547 Orell.)

345 558 381 600 5.
426 557 680 599 Mirabamm-
708 557 820 596 illam
850 559 1079 597 sententiam
1113 559 1358 605 Tullianam,
1391 571 1442 597 em
1472 559 1640 597 internis
1668 560 1849 598 veritatis
1878 562 2034 612 ipsius-5

221 623 532 677 promul-qulam,
557 634 656 673 quae
678 626 732 660 est
754 621 866 660 talis:
896 621 948 662 Et
979 634 1228 674 quamquam
1263 622 1567 675 optatissimum
1601 627 1663 660 est
1686 628 1888 674 perpetuo
1920 622 2002 662 sor—

229 692 369 727 tunam
401 697 526 737 quam
559 683 897 723 florentissimam
930 696 1193 736 permanere,
1226 684 1296 723 illa
1329 690 1465 724 tamen
1489 682 1766 737 aequabilitas
1789 685 1896 724 vitae
1920 699 2002 725 non

228 754 386 790 tantum
417 745 542 787 habet
573 760 757 793 sensum,
791 753 989 800 quantum
1024 760 1116 786 cuin
1145 760 1197 786 ex
1219 747 1353 786 saevis
1377 752 1416 786 et
1439 746 1613 800 perditis
1637 746 1761 785 rebus
1783 747 1832 786 ad
1857 748 2003 787 melio-

227 825 312 853 rem
346 817 499 852 statum
532 809 698 850 fortuna
731 815 963 849 revocatur.
998 806 1302 860 (Ammianus
1337 808 1664 849 Marcellinus
1699 810 1787 856 XV,
1811 808 1849 857 5,
1871 808 1998 862 §⁶23.)

340 872 376 913 6.
411 874 559 928 [Neque
591 873 693 912 enim
724 872 882 911 aliunde
913 871 1023 910 beata
1053 872 1216 917 civitas,
1249 872 1406 911 aliunde
1437 872 1571 920 leonio,
1605 884 1691 910 cum
1721 872 1831 910 aliud
1861 873 2050 913 cicitasto

226 951 305 979 non
325 938 377 977 sit
397 949 513 990 quam
535 948 699 974 concors
720 936 921 974 hominum
946 930 1182 986 mutuanda]
1218 932 1544 986 (Augustinus
1575 934 1619 972 de
1641 935 1747 973 cit-it.
1769 934 1830 973 dei
1864 935 1897 981 1,
1922 932 1999 986 16.)

340 999 379 1040 7.
413 1000 548 1039 Cicero
579 999 622 1037 in
651 997 823 1049 dialoyis
852 997 1072 1036 nominarit
1103 994 1356 1049 foedifragos
1378 995 1512 1036 Afros.
1575 995 1848 1049 (Interpres
1883 996 2000 1036 Cru-

228 1063 448 1118 quianus
479 1062 531 1101 ad
550 1062 696 1100 Horat.
719 1073 842 1100 carm.
878 1060 973 1106 1111,
1005 1058 1050 1107 8,
1084 1056 1163 1110 ⁴7.)

338 1124 376 1164 8.
408 1125 614 1164 Rhetorice
645 1137 750 1173 spem
781 1123 917 1162 laudat
947 1121 1190 1173 (Ver-quius)
1220 1122 1262 1160 in
1285 1134 1431 1173 puero,
1471 1122 1566 1172 quia
1591 1122 1701 1173 sacta
1731 1134 1807 1161 non
1839 1122 1999 1161 incenit.

227 1188 304 1228 Est
334 1193 464 1227 aute-m
495 1187 698 1226 Ciceronis
727 1187 770 1225 'in
799 1186 978 1238 dialoyo:
1029 1183 1183 1231 Fanni,
1223 1197 1348 1224 causa
1380 1183 1562 1224 difficilis
1594 1184 1764 1225 laudare
1796 1198 2049 1239 puerum345

226 1264 311 1292 non
343 1251 454 1291 enim
484 1263 551 1290 res
583 1248 806 1295 laudanda,
839 1247 911 1289 sed
944 1261 1039 1301 spes
1072 1253 1147 1287 est.
1209 1245 1434 1300 (Servius
1466 1247 1518 1287 ad
1547 1249 1655 1301 l'erq.
1676 1248 1772 1287 Aen.
1795 1248 1868 1295 Vl,
1891 1246 1998 1301 877.)

338 1311 376 1353 9.
407 1312 523 1365 Apud
552 1312 731 1352 Ennium
762 1313 819 1352 sic
849 1312 1028 1364 quuitur
1058 1311 1294 1362 Africanus:

450 1376 500 1416 Si
530 1374 605 1416 fas
637 1374 768 1415 endo
806 1374 978 1427 plagas
1011 1373 1292 1414 caelestum
1325 1374 1607 1413 ascendere
1640 1374 1871 1427 cuiquam
1904 1377 1998 1421 est,

621 1438 684 1478 Mi
725 1438 822 1478 soli
864 1437 996 1477 caeli
1038 1436 1255 1476 maxima
1295 1442 1438 1490 porta
1481 1441 1642 1489 patet:

226 1503 388 1549 scilicet,
423 1502 517 1554 quia
547 1514 734 1553 maynam
758 1507 915 1552 partem
944 1501 1098 1552 yeneris
1127 1501 1292 1539 humani
1321 1500 1519 1539 exstinoeit
1539 1514 1585 1539 ac
1599 1500 1787 1552 perdidit.
1822 1500 1856 1540 0
1875 1513 1998 1552 quan·
2015 1510 2052 1540 ρο

227 1565 279 1604 tis
307 1565 349 1604 in
380 1564 558 1610 tenebris,
593 1564 801 1617 Africane,
834 1570 1015 1603 versatus
1045 1564 1110 1602 es!
1148 1564 1206 1602 cel
1232 1564 1367 1615 potius
1397 1576 1419 1601 0
1444 1569 1575 1614 poeta,
1607 1564 1676 1614 qui
1698 1576 1774 1615 per
1803 1563 1936 1603 caedes
1966 1569 1998 1602 et

226 1628 457 1680 sanquinem
490 1634 628 1679 patere
668 1627 890 1666 hominibus
928 1626 969 1665 in
1009 1626 1160 1665 caelum
1199 1638 1404 1665 ascensum
1436 1626 1670 1677 putaveris!
1729 1627 1801 1666 Cui
1830 1626 2000 1665 vanitati

226 1691 345 1730 etiam
365 1691 500 1730 Cicero
531 1690 717 1730 adsensit.
780 1691 853 1729 Est
886 1702 997 1736 vero,
1029 1690 1172 1741 inquit,
1204 1688 1423 1736 Africane3
1457 1701 1553 1727 nam
1587 1694 1627 1727 et
1648 1688 1819 1728 Herculi
1852 1688 1997 1728 eadem

226 1753 303 1793 ista
334 1758 455 1806 porta
485 1753 628 1806 patuit.
691 1750 1009 1805 (Lactantius
1042 1754 1139 1792 Inst.
1160 1752 1237 1791 dic.
1269 1752 1305 1798 Ι,
1330 1748 1409 1803 18.)

342 1814 408 1856 10.
446 1816 615 1855 Eosdem
648 1816 769 1855 libros
800 1814 859 1867 (de
889 1828 931 1854 re
955 1815 1081 1867 publ.)
1122 1828 1210 1854 cum
1246 1815 1533 1865 yranunaticus
1573 1814 1785 1866 explicuit,
1819 1813 2046 1865 primitium-2

225 1878 342 1918 cerba
382 1891 571 1930 eoepressa
609 1892 756 1931 reapse
796 1878 876 1917 dici
914 1891 949 1916 a.
971 1878 1175 1924 Cicerone,
1216 1877 1256 1915 id
1287 1883 1340 1915 est
1372 1889 1413 1915 re
1443 1878 1555 1928 ipsa,
1593 1878 1635 1915 'in
1675 1876 1999 1915 commentarium

226 1942 357 1993 refert,
388 1953 456 1979 nec
487 1942 618 1979 minus
649 1954 792 1993 sepse,
824 1941 865 1980 Διἰἰ
895 1946 948 1980 est
979 1953 1016 1978 se
1048 1940 1141 1992 ipse.
1191 1939 1338 1978 Deinde
1369 1941 1514 1978 transit
1545 1939 1595 1978 ad
1626 1954 1681 1985 ea,
1715 1953 1812 1991 quae
1842 1951 2000 1977 consue-

227 2003 317 2043 tudo
348 2003 496 2042 saeculi
526 2004 718 2050 mutat-it,
753 2010 955 2056 tamquam
985 2004 1041 2042 ait
1074 2004 1230 2043 Cicero:
1277 2002 1476 2056 quoniam
1510 2017 1652 2043 sumus
1685 2002 1734 2042 ab
1766 2002 1854 2056 ipsa
1887 2000 1999 2040 calce

227 2067 317 2106 eius
348 2065 688 2118 interpellatione
720 2067 915 2106 revocati.
966 2067 1097 2112 Hanc,
1131 2078 1250 2117 quam
1281 2078 1384 2104 nunc
1414 2067 1457 2105 »in
1487 2067 1593 2106 circo
1624 2072 1772 2106 cretam
1801 2076 1997 2109 ¹coeamus,

226 2129 369 2169 calcem
398 2128 555 2181 antiqui
583 2128 772 2168 dicebant.
831 2129 980 2168 Deinde
1010 2129 1220 2167 Ennianos
1250 2128 1399 2179 colliqit
1428 2141 1564 2168 >versus
1603 2134 1636 2168 et
1667 2129 1708 2167 in
1731 2127 1881 2180 primis
1910 2126 1999 2165 *illos
2013 2134 2049 2163 30

225 2192 270 2231 de
298 2192 492 2243 Africano
523 2190 716 2242 scriptos:

816 2246 893 2286 cui
937 2260 1079 2287 nemo
1122 2246 1246 2286 civis
1288 2258 1451 2298 neque
1493 2246 1659 2286 hostis

455 2309 622 2362 quivit
664 2323 753 2363 pro
796 2308 946 2350 factis
988 2309 1203 2350 reddere
1245 2322 1434 2362 operae
1472 2309 1705 2362 pretium.

228 2383 462 2438 (Seneca
500 2386 619 2438 epist.
652 2381 755 2433 408,
787 2383 890 2438 §32
922 2384 997 2439 sq.)

339 2457 405 2499 Μ.
450 2460 663 2513 Σωκράτη
697 2479 738 2503 τε
770 2468 842 2502 καὶ
875 2462 973 2505 τοὺ-ι
1004 2462 1114 2514 ἀμφ3
1151 2459 1283 2501 αὐτόν
1314 2477 1354 2500 τε
1386 2465 1458 2499 καὶ
1488 2460 1531 2507 ἐξ
1561 2459 1698 2498 αὐτοῦ
1733 2457 1998 2513 ἐρρυηκότας
2011 2465 2049 2494 35

227 2524 434 2576 ποταμῶν
466 2525 509 2572 ἐξ
541 2525 737 2566 ὠκεανοῦ
767 2527 907 2574 δίκην,
946 2529 1088 2572 θείους
1119 2524 1209 2564 κατ’
1243 2521 1401 2575 ἀρετήν
1432 2528 1506 2561 καὶ
1537 2524 1737 2562 παιδείαν
1769 2520 1999 2574 γεγονότας

226 2584 404 2638 ἄνδρας,
436 2587 485 2626 οὗ
520 2588 587 2636 τῆς
612 2586 818 2635 “Ελλάὸος
846 2586 980 2640 μόνης
1011 2585 1125 2627 ἄλλα
1151 2592 1225 2626 καὶ
1250 2585 1350 2634 ὅληέ
1377 2586 1613 2636 φωστῆρα.Ι
1635 2586 1706 2633 τῇ,Δ
1729 2590 1996 2636 οἰκουμένης·

225 2647 285 2688 ὦν
306 2647 498 2688 Πλάτων
528 2655 601 2689 καὶ
624 2648 830 2700 Ξενοφῶν
851 2655 924 2689 καὶ
943 2650 1250 2702 Ἀριστοτέλης
1281 2654 1354 2688 καὶ
1386 2649 1408 2687 ὁ
1443 2646 1592 2694 λοιπὸ,Ι
1624 2649 1706 2687 τῶν
1737 2645 1996 2696 φιλοσόφων

227 2708 400 2763 ὅμιλος·
442 2708 489 2751 εὖ
526 2710 610 2764 γάρ
656 2711 858 2765 ὀνομάζει
898 2713 1102 2764 Κικέρων
1134 2711 1346 2763 Σωκράτη
1392 2709 1611 2762 (ἷρχηγόν,
1652 2714 1725 2748 καὶ
1764 2712 1836 2748 ἵνα
1869 2712 1995 2748 πλέον

226 2773 436 2825 ῥωμαὶσω
466 2779 541 2814 καὶ
571 2774 716 2822 αὐτός,
749 2781 960 2826 πρίγκιπα
992 2777 1062 2824 τῆ,Ι
1095 2774 1195 2824 ὅλης
1227 2780 1298 2814 καὶ
1330 2770 1518 2822 (ἕληὲοῦς
1551 2776 1823 2823 φιλοσοφία,ι
1847 2776 1995 2811 ἐπικα-
2009 2777 2045 2808 40

229 2836 322 2875 λῶν.
384 2832 600 2886 (Petrus
631 2836 887 2889 Magister
916 2837 960 2875 de
983 2837 1153 2888 politica
1183 2837 1348 2876 scientia
1378 2835 1421 2874 in
1451 2836 1498 2874 A.
1521 2835 1620 2875 Maii
1652 2834 1744 2875 coll.
1776 2834 1909 2873 Vatic.
1944 2833 1994 2881 11,

227 2893 450 2951 pag.6080

315 3020 367 3051 ⁴0.
393 3018 491 3052 Nulla
516 3029 622 3052 causa
646 3020 784 3052 videtur
808 3030 870 3051 cur
893 3021 949 3052 hic
973 3022 1152 3061 Augustini
1177 3020 1275 3052 locus
1301 3022 1389 3052 inter
1414 3020 1606 3060 fragmenta
1632 3019 1783 3052 Tulliana
1808 3021 1992 3052 reseratur.

232 3087 266 3092 —
293 3069 345 3100 42.
371 3069 441 3100 Cic.
469 3069 512 3100 de
538 3069 595 3101 off.
623 3070 646 3106 1,
666 3069 684 3109 S
703 3070 761 3101 38:
795 3071 892 3100 Poeni
914 3071 1092 3110 foedifrayi
1130 3088 1163 3092 —
1204 3072 1256 3102 45.
1281 3071 1396 3110 fannio
1423 3070 1526 3101 codd.
1567 3087 1601 3091 —
1640 3070 1691 3101 48.
1718 3070 1869 3102 Eosdem
1896 3071 1993 3101 Ennii

228 3126 352 3149 versus
375 3119 507 3150 Seneca
533 3120 576 3159 (v.
596 3118 718 3159 fragm.
738 3119 904 3158 sequens)
930 3128 984 3160 ep.
1002 3120 1063 3151 408
1089 3128 1129 3150 ex
1154 3118 1250 3150 libris
1275 3119 1318 3150 de
1344 3128 1381 3150 re
1406 3119 1502 3159 publ.
1529 3119 1641 3150 adfert
1671 3136 1707 3142 —
1746 3121 1799 3153 ⁵27.
1824 3119 1922 3161 sepse]
1948 3120 1992 3150 de

230 3175 268 3198 re
293 3167 388 3208 publ.
414 3169 469 3207 111,
488 3168 519 3207 8,
540 3169 592 3200 ⁴2.
621 3187 657 3192 —
683 3169 737 3201 33.
763 3169 832 3209 opis
856 3168 1001 3207 Vahlen,
1027 3164 1138 3208 op'rae
1161 3169 1186 3200 Ο
1214 3186 1247 3191 —-
1275 3168 1327 3199 35.
1355 3169 1467 3199 Locus
1493 3168 1593 3200 deest
1617 3169 1651 3200 in
1675 3169 1713 3201 Ο.
