2249 3624
793 179 884 220 Lm.
907 180 977 219 111.
1037 180 1379 221 FRAGMENTA.
1889 181 1970 222 833

317 290 464 330 «Athos
492 286 684 327 Athonis»
712 286 884 337 protulit
915 287 1050 326 Cicero
1084 287 1124 326 in
1156 288 1230 325 ΙΙΙ.
1263 287 1307 325 de
1337 300 1379 326 re
1404 286 1588 338 publica:
1623 288 1735 336 Quid
1769 302 1864 342 ergo
1899 290 1971 330 illa

202 355 280 395 sibi
319 353 405 392 vult
443 348 623 390 absurda
662 350 882 401 exceptio,
924 349 1004 388 nisi
1044 350 1077 388 si
1110 351 1201 402 quis
1233 350 1441 389 Athonem
1474 364 1547 404 pro
1582 359 1850 391 monumento
1883 353 1972 392 vult

200 417 387 457 funditus
417 414 446 466 ’1-
474 410 668 452 efficere?
730 410 834 458 Quis
867 411 976 450 enim
1011 417 1073 450 est
1103 411 1234 451 Athos
1266 418 1337 451 aut
1370 412 1574 466 Olympus
1610 416 1777 454 tantus?
1839 414 1970 466 (l’ri-

202 480 422 520 scianus
463 475 536 520 VI,
576 471 644 520 13,
677 471 703 524 §
727 471 793 511 70.
827 487 865 526 p.
889 471 969 511 710
993 471 1049 525 Ρ.)

310 541 461 580 Enitar
479 550 549 576 suo
573 537 671 582 loco,
705 543 747 574 ut
777 536 976 575 ostendam
1006 537 1217 575 secundum
1237 538 1478 588 definitiones
1498 539 1624 589 insius
1646 540 1858 587 Ciceronis,
1884 542 1970 593 qui-
1985 550 2002 578 5

199 604 268 643 bus
296 602 389 655 quid
417 602 468 640 sit
497 613 562 639 res
584 599 743 650 publica
774 606 807 637 et
839 599 933 650 quid
962 600 1013 637 sit
1038 600 1209 651 populus
1239 602 1413 653 loquente
1435 602 1617 652 Scipione
1638 602 1805 641 bret-iter
1819 604 1967 654 posuit,

199 664 467 705 attestantibus
497 663 616 702 etiam
646 662 781 700 multis
811 662 890 700 sice
920 662 1046 712 ‘ipsius
1075 663 1154 701 sire
1186 676 1342 707 eorum,
1384 677 1480 714 quos
1509 664 1616 715 loqui
1643 665 1735 715 fecit
1765 666 1806 704 in
1837 666 1969 704 eadem

197 728 468 780 disputatione,
500 725 714 770 sententiis,
747 737 962 776 numquam
996 725 1106 764 illam
1133 726 1257 777 fuisse
1287 739 1370 765 rem
1394 727 1607 777 publicam,
1639 728 1733 778 quia
1754 741 1968 780 nuncquam

197 791 240 829 in
269 803 313 828 ea
339 789 417 841 suit
447 801 541 828 ¹cera
570 788 740 829 iustitia.
800 787 1021 826 Secmzdum
1046 788 1336 839 probabiliores
1365 796 1495 828 autem
1524 790 1767 841 definitiones
1791 804 1867 843 pro
1898 804 1968 830 suo

195 852 308 892 modo
338 851 529 903 quaedam
558 864 622 890 res
644 850 806 902 publica
831 850 911 901 suit
943 856 976 889 et
1009 851 1147 889 melius
1172 851 1219 890 ab
1249 852 1541 903 antiquioribus
1573 854 1764 892 Romanis
1795 866 1913 904 quam
1943 867 1967 893 a
1986 863 2018 892 ιο

189 914 479 967 posterioribus
509 913 792 953 administrata
822 919 891 952 esc.
956 911 1287 965 (Augustinus
1325 915 1370 953 de
1400 916 1508 954 eicit.
1542 915 1603 954 clei
1639 916 1693 963 11,
1717 913 1797 968 2²1.)

308 974 374 1015 50.
405 977 520 1016 Nunc
549 983 604 1016 esc
634 977 742 1015 locus
772 982 813 1014 vnt
843 988 962 1028 quam
986 982 1123 1027 potero
1154 976 1321 1016 breviter
1349 991 1396 1016 ac
1425 978 1593 1017 dilucide
1614 979 1842 1030 expediam,
1868 980 1970 1031 quod

194 1039 237 1078 in
275 1039 441 1078 secundo
480 1040 599 1079 liuius
635 1041 766 1092 operis
805 1040 905 1079 libro
936 1053 995 1079 me
1025 1040 1389 1079 demonstraturum
1421 1054 1499 1079 esse
1526 1042 1716 1092 promisi,
1759 1043 1970 1081 seeundum

194 1101 447 1152 definitiones,
480 1102 619 1154 quibus
640 1102 746 1154 apud
766 1103 991 1142 Ciceronem
1020 1103 1151 1142 utitur
1171 1104 1301 1154 Scipio
1331 1103 1371 1141 in
1399 1103 1507 1142 libris
1537 1104 1580 1142 cle
1603 1116 1644 1142 re
1661 1104 1832 1154 publica,
1856 1118 1970 1143 num-

194 1177 313 1216 quam
341 1176 424 1204 rem
448 1164 647 1216 publicam
673 1165 796 1216 fuisse
818 1166 1053 1204 Romanam.
1113 1166 1294 1205 Breviter
1324 1167 1425 1204 enim
1464 1179 1551 1205 rem
1592 1166 1801 1218 publicam
1840 1167 1969 1218 desinit
1988 1175 2019 1203 15

195 1240 285 1267 esse
318 1240 403 1267 rem
436 1227 597 1280 populi.
653 1228 763 1277 Quae
792 1227 961 1279 definitio
992 1230 1025 1266 si
1056 1241 1149 1268 vera
1180 1235 1246 1273 est,
1277 1241 1493 1281 numquam
1518 1230 1594 1281 suit
1615 1231 1796 1269 Romana
1816 1241 1879 1268 res
1894 1243 1970 1280 pu-

194 1289 306 1338 blica,
340 1291 432 1341 quia
461 1302 677 1341 numquam
703 1291 780 1342 fuit
811 1302 874 1328 ‘res
897 1291 1048 1342 populi,
1079 1304 1198 1342 quam
1228 1291 1486 1343 definitionem
1517 1294 1636 1332 voluit
1661 1306 1739 1331 esse
1765 1294 1819 1330 rei
1844 1293 1970 1344 publi-

194 1365 274 1392 cae.
332 1352 539 1404 Populum
571 1354 674 1391 enim
703 1365 797 1392 esse
827 1353 995 1403 definivit
1025 1360 1193 1392 coetum
1226 1354 1525 1402 multitudinis,
1557 1355 1660 1394 iuris
1692 1368 1899 1394 consensu
1932 1360 1972 1394 et

193 1414 385 1455 utilitatis
419 1415 712 1454 communione
743 1416 964 1455 sociatum.
1022 1416 1126 1465 Quid
1155 1422 1285 1455 autem
1315 1417 1420 1456 dicat
1450 1419 1550 1456 iuris
1580 1430 1807 1457 eonsensum
1839 1418 1971 1469 dispu-

195 1477 314 1517 tando
345 1478 543 1529 explicat,
568 1490 644 1529 per
673 1479 745 1518 hoc
775 1479 978 1518 ostendens
1008 1479 1095 1531 geri
1127 1478 1218 1518 sine
1249 1479 1409 1520 iustitia
1440 1493 1526 1519 non
1558 1493 1682 1533 posse
1715 1494 1800 1519 rem
1834 1480 1969 1533 publi·
1984 1488 2021 1517 20

195 1552 298 1580 cam.
358 1539 436 1579 Ubi
467 1553 566 1593 ergo
599 1541 757 1581 iustitia
787 1555 884 1581 vera
915 1555 1000 1581 non
1032 1547 1117 1589 est,
1158 1554 1236 1581 nec
1266 1542 1332 1581 ius
1364 1548 1504 1594 potest
1536 1556 1640 1582 esse.
1703 1542 1826 1590 Quod
1859 1543 1969 1582 enim

194 1602 286 1642 iure
317 1600 378 1650 fit,
411 1603 598 1656 profecto
630 1604 738 1644 iuste
770 1602 834 1644 fit:
876 1603 990 1658 quod
1022 1608 1163 1643 autem
1197 1601 1240 1643 tit
1270 1605 1439 1651 iniuste,
1471 1618 1548 1645 nec
1581 1607 1671 1644 iure
1704 1604 1789 1645 lieri
1821 1611 1971 1658 potest.

194 1665 287 1705 Non
330 1666 440 1705 enim
480 1666 569 1706 iura
610 1666 790 1706 dicenda
831 1673 929 1707 sunt
970 1666 1033 1705 vel
1072 1667 1258 1718 putanda
1298 1666 1443 1719 iniqua
1473 1667 1692 1706 hominum
1725 1669 1970 1707 constituta:

196 1741 291 1768 cum
321 1727 424 1767 illud
458 1728 584 1768 etiam
615 1729 696 1782 ipsi
727 1730 791 1770 ius
825 1743 917 1769 esse
949 1729 1100 1776 dicant,
1134 1730 1249 1782 quod
1281 1730 1331 1769 de
1364 1730 1548 1770 iustitiae
1579 1730 1695 1770 fonte
1728 1730 1970 1777 manaverit,

194 1789 432 1842 falsumque
465 1804 576 1838 esse,
609 1791 721 1844 quod
753 1804 775 1831 a
807 1791 1058 1844 quibusdam
1090 1804 1173 1830 non
1206 1797 1317 1831 recte
1351 1793 1625 1832 sentientibus
1658 1792 1739 1831 dici
1773 1792 1899 1839 solet,
1930 1791 1971 1831 id
1985 1800 2021 1829 25

197 1864 288 1892 esse
319 1852 398 1898 ius,
430 1851 544 1905 quod
577 1853 629 1900 ei,
662 1853 733 1906 qui
763 1853 856 1906 plus
889 1858 1040 1905 potest,
1073 1854 1174 1893 utile
1207 1860 1281 1894 est.
1326 1855 1548 1903 Quocirca,
1580 1856 1649 1895 ubi
1684 1868 1767 1894 non
1792 1861 1854 1894 est
1876 1867 1973 1894 vera

195 1915 365 1961 iustitia,
396 1913 500 1954 iuris
532 1928 742 1955 consensu
774 1916 957 1956 sociatus
989 1922 1132 1956 coetus
1163 1916 1383 1957 hominum
1415 1931 1499 1957 non
1522 1924 1662 1971 potest
1683 1931 1790 1965 esse,
1813 1924 1853 1957 et
1876 1917 1971 1957 ideo

195 1990 271 2017 nec
301 1977 482 2031 populus
513 1980 631 2018 iuxta
662 1979 771 2018 illam
801 1980 995 2031 Scipionis
1027 1979 1082 2018 rel
1113 1980 1311 2019 Ciceronis
1340 1981 1621 2032 definitionem,
1653 1986 1694 2020 et
1724 1981 1758 2020 si
1790 1994 1872 2020 non
1900 1994 1973 2033 po-

196 2039 335 2093 pulus,
367 2054 445 2080 nec
475 2054 540 2080 res
563 2041 724 2094 populi,
746 2041 819 2081 sed
843 2042 1163 2095 qualiscumque
1186 2042 1481 2090 multitudinis,
1505 2056 1612 2096 quae
1635 2043 1780 2096 populi
1803 2043 1971 2082 nomine

197 2101 323 2155 digna
352 2116 438 2142 non
470 2109 544 2143 est.
605 2105 664 2143 Ac
693 2117 771 2156 per
800 2104 900 2151 hoc,
933 2105 967 2144 si
999 2117 1064 2144 res
1089 2104 1256 2157 publica
1278 2118 1344 2144 res
1368 2105 1513 2158 populi
1537 2111 1599 2145 est
1621 2111 1661 2145 et
1682 2106 1864 2159 populus
1886 2118 1971 2144 non
1985 2111 2023 2141 3ο

197 2170 279 2212 est,
323 2166 394 2217 qui
425 2178 635 2205 consensu
666 2179 752 2205 non
784 2167 967 2206 sociatus
999 2172 1061 2206 est
1093 2167 1218 2214 iuris,
1250 2181 1334 2208 non
1365 2174 1427 2208 est
1458 2174 1597 2208 autem
1628 2168 1718 2216 ius,
1751 2169 1822 2208 ubi
1855 2169 1972 2209 nulla

196 2225 356 2267 iustitia
388 2233 470 2276 est,
511 2227 658 2280 procul
691 2227 816 2268 dubio
849 2228 1078 2281 colligitur,
1120 2229 1190 2268 ubi
1223 2230 1380 2270 iustitia
1411 2243 1496 2270 non
1527 2236 1611 2278 est,
1644 2244 1726 2270 non
1759 2244 1850 2270 esse
1882 2244 1970 2271 rcm

197 2288 420 2341 publicam.
488 2290 652 2330 Iustitia
698 2304 824 2343 porro
872 2304 920 2331 ea
965 2291 1097 2331 virtus
1145 2297 1233 2340 est,
1281 2306 1387 2346 quae
1431 2306 1506 2332 sua
1548 2294 1701 2347 cuique
1744 2293 1970 2334 distribuit.

199 2349 556 2405 (Augustinus
594 2353 639 2393 de
669 2355 772 2394 civit.
803 2354 863 2394 dei
902 2355 1027 2402 XIX,
1059 2351 1141 2407 21.)

760 2580 989 2627 LIBER
1027 2580 1408 2643 QUARTUS.

312 2683 341 2722 Ι.
374 2679 410 2722 1.
446 2683 612 2723 Tentabo
643 2689 785 2732 tamen,
817 2688 1004 2737 quoniam
1033 2687 1212 2737 corporis
1242 2691 1276 2724 et
1297 2685 1422 2724 animi
1438 2685 1547 2736 sacta
1567 2687 1708 2723 mentio
1730 2693 1800 2732 est,
1823 2690 1972 2727 utrius·
1985 2696 2021 2725 35

199 2758 269 2797 que
299 2748 504 2794 rationem,
536 2754 727 2798 quantum
740 2748 947 2799 pusillitas
969 2748 1248 2800 intelleqentiae
1270 2761 1374 2786 meae
1388 2747 1581 2798 pervidet,
1607 2745 1821 2798 mpla-are.
1859 2752 1972 2800 Quod

199 2809 371 2860 officium
399 2809 474 2847 hac
502 2808 546 2847 de
577 2822 700 2848 causa
730 2811 907 2849 maxime
937 2810 1226 2861 suscipiendum
1251 2816 1364 2861 puto,
1397 2809 1499 2860 quod
1521 2809 1573 2847 M.
1596 2809 1758 2856 Tullius,
1784 2812 1845 2850 eir
1867 2814 1972 2864 inqe-

198 2871 258 2908 nii
287 2871 516 2922 sinqulariS‚
548 2871 591 2910 in
620 2878 762 2923 quarto
793 2872 837 2910 de
870 2885 910 2911 re
936 2873 1095 2924 publiea
1125 2873 1238 2919 libro,
1273 2886 1358 2911 cum
1392 2872 1432 2910 id
1459 2872 1589 2923 facere
1620 2878 1820 2919 tentasset,
1851 2883 1972 2914 mate-

199 2932 305 2970 riam
335 2932 410 2971 late
432 2939 631 2984 patentem
661 2935 842 2985 anqustis
867 2936 1012 2986 finibus
1042 2936 1280 2979 terminarit,
1313 2935 1450 2973 leviter
1479 2946 1632 2973 summa
1653 2948 1823 2986 quaeque
1842 2937 1973 2976 decer-

192 3005 306 3044 pens.
367 2994 424 3033 Ac
452 3007 499 3034 ne
530 2996 612 3034 ulla
641 3002 736 3035 esset
767 2997 990 3043 excusatae,
1024 3010 1097 3036 cur
1127 3010 1214 3036 eum
1244 2997 1370 3035 locum
1402 3009 1481 3034 non
1506 2997 1629 3046 fuerit
1651 3005 1868 3045 essecutus,
1891 3001 1972 3051 ipse
1986 3007 2021 3036 40

202 3059 363 3095 testatus
402 3063 456 3096 est
492 3070 570 3097 nec
612 3058 865 3098 voluntatem
904 3059 982 3098 sibi
1025 3058 1211 3098 defuisse
1250 3071 1326 3097 nec
1365 3071 1520 3097 curam.
1590 3059 1636 3097 In
1666 3060 1766 3099 libro
1797 3063 1897 3100 enim
1928 3062 1972 3101 de

204 3116 348 3168 leyibus
377 3120 531 3170 primo,
570 3133 659 3159 cum
693 3121 764 3159 hoc
800 3121 902 3160 idem
931 3122 1159 3160 summatim
1191 3122 1425 3172 scr-inquot,
1467 3121 1524 3159 sie
1554 3122 1634 3159 ait:
1683 3122 1805 3162 Hunc
1836 3123 1972 3163 locum

292 3259 324 3290 Ξ.
349 3260 412 3292 nisi
435 3262 506 3300 quis
529 3262 554 3294 O
588 3279 623 3284 —
656 3262 687 3293 3.
714 3262 840 3302 efficere
863 3264 938 3295 sine
961 3267 983 3305 ἦ
1008 3265 1045 3303 0,
1072 3264 1150 3296 sort.
1177 3264 1316 3303 effodere
1352 3280 1387 3284 —
1431 3263 1482 3295 40.
1510 3264 1605 3295 modo
1630 3264 1747 3296 codd:
1772 3274 1862 3297 more
1885 3267 1909 3297 O
1938 3285 1973 3289 -—

207 3308 350 3349 quodam
372 3309 476 3342 codd.
505 3328 541 3333 —
567 3310 618 3344 42.
643 3311 764 3353 primo]
790 3320 867 3354 cap.
887 3312 918 3345 9.

319 3387 438 3419 emeno
465 3388 499 3419 Τ.
520 3389 573 3420 Ν.
1523 3373 1576 3416 53
