2249 3624
255 204 336 247 652
973 207 1043 248 DE
1075 206 1301 247 OFFICIIS

253 314 388 363 beris,
421 329 513 355 cum
547 314 722 355 Cimbris
752 313 909 354 bellum
940 317 986 353 ut
1015 327 1105 353 cum
1137 312 1321 353 inimicis
1351 313 1597 365 gerebatur,
1640 317 1730 353 uter
1759 316 1892 361 esset,
1931 327 2014 354 non

254 383 348 418 uter
376 379 622 431 imperaret,
666 390 759 416 cum
790 376 975 423 Latinis,
1020 376 1207 423 Sabinis,
1247 375 1525 423 Samnitibus,
1564 376 1737 423 Poenis,
1777 375 1934 429 Pyrrho
1965 375 2017 416 de

253 439 431 493 imperio
463 440 749 480 dimicabatur.
809 439 937 478 Poeni
967 437 1201 491 foedifragi,
1234 438 1414 478 crudelis
1435 438 1659 486 Hannibal,
1689 438 1839 492 reliqui
1872 438 2019 479 iustio-

253 516 334 543 res.
393 502 539 557 Pyrrhi
572 501 744 555 quidem
776 500 827 540 de
858 501 1033 554 captivis
1064 501 1289 541 reddendis
1319 501 1392 541 illa
1422 501 1660 554 praeclara:

217 574 235 603 5
421 566 519 604 Nec
558 564 619 603 mi
659 577 827 603 aurum
868 576 1023 616 posco
1065 576 1155 602 nec
1194 564 1254 603 mi
1295 564 1511 617 pretium
1553 563 1831 603 dederitis:

422 629 524 667 Non
564 632 908 680 cauponantes
947 626 1161 673 bellum,
1207 627 1293 666 sed
1332 626 1725 679 belligerantes,

421 690 597 737 Ferro,
637 702 737 728 non
777 702 898 728 auro
940 689 1091 728 vitam
1135 702 1393 728 cernamus
1432 690 1658 742 utrique.

421 753 584 792 Vosne
617 752 743 791 velit
781 765 839 791 an
872 765 943 791 me
973 764 1184 804 regnare
1218 764 1301 791 era
1333 751 1516 805 quidve
1546 751 1679 791 ferat
1709 751 1849 799 Fors,

419 815 620 855 Virtute
663 815 1001 869 experiamur.
1061 815 1121 853 Et
1160 814 1252 854 hoc
1291 815 1439 854 simul
1476 815 1651 868 accipe
1683 812 1895 855 dictum:

203 886 238 915 110
421 878 638 926 Quorum
680 878 859 918 virtuti
902 877 1026 917 belli
1067 877 1269 917 fortuna
1307 877 1559 930 pepercit,

418 941 701 981 Eorundem
743 941 972 980 libertati
1013 953 1084 979 me
1124 953 1332 992 parcere
1376 945 1564 979 certum
1604 943 1705 979 est:

417 1005 557 1044 Dono
601 1003 773 1044 ducite
816 1004 982 1057 doque
1026 1003 1320 1042 volentibus
1364 1016 1469 1042 cum
1510 1003 1709 1056 magnis
1751 1002 1841 1042 dis.

251 1066 417 1120 Regalis
449 1080 549 1106 sane
581 1072 622 1106 et
654 1066 778 1119 digna
809 1067 1085 1105 Aeacidarum
1118 1079 1271 1117 genere
1304 1065 1524 1105 sententia.

362 1130 475 1168 XIII.
517 1127 583 1168 39.
624 1130 764 1183 Atque
805 1129 956 1176 etiam,
995 1129 1028 1168 si
1069 1128 1171 1180 quid
1216 1127 1368 1180 singuli
1411 1128 1669 1180 temporibus
1709 1128 1879 1169 adducti
1909 1128 2020 1170 hosti

201 1199 236 1227 ⁴5
251 1193 554 1244 promiserunt,
595 1197 658 1232 est
696 1192 737 1232 in
778 1205 826 1231 eo
856 1193 948 1244 ipso
981 1189 1083 1230 fides
1116 1190 1427 1237 conservanda,
1471 1196 1516 1229 ut
1547 1191 1682 1243 primo
1714 1192 1874 1231 Punico
1905 1192 2018 1231 bello

250 1254 435 1307 Regulus
467 1260 612 1308 captus
645 1267 667 1294 a
698 1254 871 1301 Poenis,
913 1268 1004 1293 cum
1037 1253 1088 1292 de
1120 1254 1293 1306 captivis
1326 1253 1632 1293 commutandis
1665 1254 1836 1293 Romam
1870 1255 2020 1295 missus

251 1321 361 1356 esset
391 1317 654 1370 iurassetque
687 1330 731 1356 se
762 1317 1015 1363 rediturum,
1054 1316 1257 1369 primum,
1299 1321 1344 1354 ut
1374 1316 1512 1363 venit,
1555 1316 1741 1369 captivos
1781 1316 2020 1356 reddendos

250 1378 292 1417 in
334 1384 483 1419 senatu
525 1393 608 1419 non
651 1379 837 1425 censuit,
885 1378 1063 1425 deinde,
1107 1392 1199 1417 cum
1245 1378 1498 1417 retineretur
1537 1392 1559 1417 a
1598 1379 1848 1432 propinquis
1891 1383 1931 1418 et
1969 1379 2020 1418 ab

250 1441 416 1489 amicis,
460 1442 512 1481 ad
553 1442 804 1494 supplicium
845 1441 982 1480 redire
1024 1440 1169 1480 maluit
1210 1454 1334 1493 quam
1377 1438 1500 1480 fidem
1544 1441 1652 1480 hosti
1694 1440 1829 1480 datam
1861 1440 2021 1481 fallere.

200 1510 236 1539 20
254 1500 335 1556 [40.
368 1504 560 1544 Secundo
592 1510 730 1543 autem
765 1505 920 1543 Punico
954 1503 1065 1542 bello
1098 1508 1193 1556 post
1225 1502 1487 1542 Cannensem
1520 1515 1702 1556 pugnam
1736 1517 1842 1556 quos
1875 1503 2020 1543 decem

250 1566 459 1605 Hannibal
491 1568 660 1607 Romam
693 1567 884 1606 astrictos
916 1566 1027 1605 misit
1057 1566 1147 1604 iure
1178 1565 1355 1605 iurando
1387 1578 1430 1605 se
1462 1566 1671 1605 redituros
1704 1579 1816 1613 esse,
1856 1566 1937 1605 nisi
1968 1565 2019 1605 de

250 1628 507 1668 redimendis
539 1630 602 1676 iis,
635 1630 706 1683 qni
739 1630 847 1682 capti
880 1633 1009 1675 erant,
1042 1628 1354 1680 impetrassent,
1387 1641 1457 1667 eos
1481 1641 1627 1667 omnes
1650 1641 1859 1675 censores,
1881 1627 2021 1681 quoad

251 1691 432 1743 quisque
465 1705 610 1732 eorum
642 1693 766 1739 vixit,
798 1693 896 1745 quia
929 1692 1211 1744 peierassent,
1244 1691 1287 1729 in
1318 1690 1490 1730 aerariis
1521 1691 1807 1744 reliquerunt,
1841 1703 1916 1730 nec
1946 1690 2022 1729 mi-

252 1766 331 1793 nus
363 1754 502 1802 illum,
537 1755 610 1807 qui
642 1754 741 1793 iuris
773 1754 940 1794 iurandi
970 1752 1116 1793 fraude
1149 1753 1313 1806 culpam
1344 1753 1573 1792 invenerat.
1635 1753 1735 1792 Cum
1768 1754 1877 1793 enim
1910 1753 2022 1792 Han-

201 1824 237 1853 25
252 1816 402 1856 nibalis
434 1817 640 1869 permissu
673 1818 829 1857 exisset
860 1816 912 1856 de
945 1816 1113 1863 castris,
1154 1816 1281 1854 rediit
1310 1816 1437 1868 paulo
1468 1821 1584 1868 post,
1624 1816 1736 1869 quod
1769 1829 1812 1855 se
1845 1816 2021 1855 oblitum

252 1879 394 1918 nescio
427 1879 528 1931 quid
561 1879 732 1919 diceret.
792 1879 953 1919 Deinde
985 1892 1179 1931 egressus
1212 1892 1233 1917 e
1266 1878 1412 1918 castris
1444 1879 1534 1917 iure
1564 1878 1741 1917 iurando
1773 1892 1816 1918 se
1839 1878 2022 1918 solutum

254 1942 444 1994 putabat,
476 1947 517 1981 et
547 1947 634 1981 erat
666 1942 823 1987 verbis,
856 1955 899 1980 re
931 1955 1016 1980 non
1049 1946 1150 1980 erat.
1215 1941 1388 1993 Semper
1418 1946 1555 1980 autem
1588 1941 1630 1979 in
1663 1938 1764 1988 fide,
1798 1938 1896 1993 quid
1929 1953 2024 1979 sen-

252 2004 375 2051 seris,
416 2018 521 2051 non,
562 2004 660 2057 quid
694 2004 874 2050 dixeris,
913 2003 1196 2056 cogitandum.
1256 2003 1485 2043 Maximum
1517 2008 1655 2042 autem
1689 2002 1928 2055 exemplum
1960 2007 2024 2042 est

251 2066 434 2106 iustitiae
466 2067 509 2105 in
541 2067 702 2106 hostem
736 2080 759 2106 a
792 2064 1018 2106 maioribus
1053 2068 1205 2105 nostris
1238 2066 1529 2112 constitutum,
1562 2079 1654 2105 cum
1687 2078 1711 2104 a
1742 2065 1898 2119 Pyrrho
1930 2078 2023 2118 per-

201 2136 238 2166 30
252 2128 349 2181 fuga
381 2129 544 2168 senatui
578 2135 639 2168 est
673 2129 900 2181 pollicitus,
932 2142 976 2168 se
1009 2141 1215 2167 venenum
1246 2128 1335 2180 regi
1368 2128 1559 2167 daturum
1582 2134 1622 2167 et
1644 2141 1736 2171 eum
1761 2133 2020 2167 necaturum:

253 2195 421 2230 senatus
456 2195 497 2230 et
529 2191 571 2230 C.
594 2191 807 2230 Fabricius
840 2190 1056 2243 perfugam
1088 2190 1245 2243 Pyrrho
1278 2189 1449 2229 dedidit.
1509 2190 1570 2229 Ita
1602 2203 1653 2229 ne
1686 2189 1820 2229 hostis
1847 2190 2021 2243 quidem

253 2259 293 2293 et
323 2254 506 2306 potentis
538 2258 578 2292 et
607 2253 762 2292 bellum
793 2253 902 2293 ultro
934 2253 1149 2292 inserentis
1180 2253 1389 2292 interitum
1429 2265 1521 2291 cum
1554 2252 1711 2292 scelere
1741 2248 2019 2305 approbavit.]

252 2313 319 2356 lul.
352 2318 408 2355 Ac
440 2317 490 2355 de
521 2315 683 2356 bellicis
717 2315 888 2368 quidem
920 2315 1070 2354 officiis
1103 2315 1201 2354 satis
1235 2314 1391 2354 dictum
1417 2320 1492 2354 est.
1542 2315 1858 2354 Meminerimus
1880 2319 2021 2354 autem

253 2380 378 2419 etiam
409 2377 606 2419 adversus
638 2375 804 2418 infimos
836 2377 1035 2418 iustitiam
1067 2391 1158 2417 esse
1190 2376 1451 2417 servandam.
1501 2377 1575 2416 Est
1598 2382 1738 2416 autem
1760 2374 1901 2416 infima
1923 2389 2022 2416 con-

201 2449 238 2479 35
255 2442 358 2481 ditio
391 2447 432 2481 et
461 2441 630 2480 fortuna
662 2453 900 2486 servorum,
942 2440 1094 2493 quibus
1134 2453 1220 2478 non
1252 2439 1358 2478 male
1389 2439 1653 2492 praecipiunt
1684 2439 1756 2492 qui
1790 2439 1846 2478 ita
1876 2438 2023 2478 iubent

251 2504 313 2544 uti
346 2509 390 2543 ut
421 2502 745 2549 mercennariis,
786 2515 956 2555 operam
990 2501 1262 2554 exigendam,
1295 2502 1404 2541 iusta
1436 2501 1687 2553 praebenda.
1749 2501 1851 2541 Cum
1882 2505 2022 2540 autem

254 2566 415 2606 duobus
446 2565 607 2613 modis,
639 2564 680 2604 id
714 2571 776 2605 est
805 2570 878 2604 aut
909 2565 947 2604 vi
978 2570 1050 2604 aut
1079 2564 1241 2611 fraude,
1273 2562 1343 2604 fiat
1373 2563 1548 2610 iniuria,
1579 2562 1694 2603 fraus
1726 2562 1845 2616 quasi
1877 2562 2023 2615 vulpe-

341 2697 370 2726 4.
396 2700 535 2736 {seratur
560 2697 586 2727 H
625 2712 659 2718 —
698 2696 728 2726 3.
754 2695 913 2726 hannibal
938 2695 983 2725 C:
1020 2695 1162 2725 Annibal
1186 2703 1204 2726 o
1245 2713 1277 2717 -
1318 2694 1348 2726 4.
1372 2694 1553 2733 praeclara
1575 2693 1735 2724 sementia
1759 2696 1813 2724 est.
1841 2693 1907 2724 Nec
1931 2700 1950 2724 c
1984 2709 2020 2715 —-

252 2747 282 2777 5.
307 2747 450 2784 prelium
475 2755 564 2782 corr,
592 2755 637 2777 m.
665 2754 736 2777 sec.
765 2754 804 2775 ex
831 2753 951 2775 aarum
978 2745 1000 2774 B
1037 2760 1081 2766 —
1119 2745 1149 2774 6.
1176 2745 1247 2774 Xon
1274 2753 1312 2784 p,
1351 2743 1507 2774 Vahlen:
1547 2744 1613 2774 Nec
1639 2743 1696 2773 Co
1739 2759 1774 2764 --
1824 2740 1854 2772 8.
1882 2749 2024 2781 regnare

252 2795 330 2825 velie
353 2804 394 2825 (m
420 2804 470 2826 mc
494 2804 512 2826 c
549 2812 583 2817 -
621 2805 680 2826 cra
704 2796 780 2826 A¹B
796 2796 842 2826 11:
876 2798 948 2825 erat
971 2795 1015 2827 b:
1052 2794 1131 2824 hera
1155 2792 1258 2825 ,flac
1274 2802 1292 2824 0
1333 2811 1367 2815 —
1406 2802 1476 2823 sors
1501 2800 1519 2823 c
1558 2810 1592 2815 -—
1633 2792 1683 2822 40.
1711 2799 1851 2831 quorum
1876 2788 2020 2822 A²B²c1

253 2854 436 2884 quor-ummo
461 2844 497 2876 ,λ’
514 2844 656 2878 13¹1Iab
684 2863 719 2868 —
746 2846 863 2876 uirtute&
887 2846 910 2876 A
927 2842 1018 2875 13²0:
1044 2845 1168 2874 virtum
1193 2842 1359 2874 13¹11ab:
1395 2843 1528 2873 virium
1556 2840 1698 2872 Vahlen.
1728 2858 1762 2863 —
1798 2841 1851 2871 Μ.
1878 2840 2023 2871 libertati

253 2903 303 2925 me
328 2895 570 2926 Lachmannus
598 2896 650 2934 (ad
679 2897 814 2927 Lucret.
843 2896 898 2929 Vl,
918 2894 1008 2932 456):
1035 2902 1086 2924 mc
1110 2893 1253 2924 libet-tali
1279 2894 1338 2924 Co
1366 2911 1400 2915 —
1428 2894 1480 2924 42.
1506 2901 1633 2932 maana
1657 2892 1720 2930 dc'J's
1744 2891 1787 2931 (in
1814 2899 1923 2930 marg.
1949 2899 2024 2921 cum

253 2945 393 2983 mayniss»
419 2953 437 2975 c
474 2962 505 2966 —
540 2945 590 2977 ⁴14..
617 2946 757 2983 sinqulis
782 2946 840 2976 Ab
875 2961 910 2966 —
946 2944 996 2974 ⁴5.
1024 2944 1103 2973 bello
1127 2943 1247 2981 punico
1271 2944 1293 2973 A
1325 2960 1359 2965 -·
1389 2943 1440 2973 1¹7.
1468 2943 1646 2973 reddendos
1669 2950 1735 2972 von
1759 2949 1824 2971 esse
1847 2941 1882 2971 in
1905 2943 2023 2971 senatu

253 2994 374 3024 censui!
398 3002 418 3032 p
448 3011 480 3015 —
508 2996 559 3024 118.
587 2996 628 3025 ab
652 2996 767 3025 anneis
791 2999 821 3026 ct
840 2994 1036 3034 propinquis
1059 3002 1080 3033 p
1105 3011 1146 3015 —
1172 2994 1222 3024 Η).
1243 2993 1356 3022 (haam
1380 2993 1461 3023 hosti
1486 3000 1504 3023 c
1532 3010 1566 3014 -—
1594 2992 1646 3022 h20.
1666 2991 1815 3022 Secundo
1831 3007 1879 3012 --
1897 2999 2024 3029 appro-

254 3043 345 3073 bavit
369 3042 413 3082 (v.
431 3044 482 3079 53²2>
509 3052 576 3074 oni
598 3047 621 3075 Α
638 3046 660 3075 Ρ»
678 3046 827 3084 llabp;
866 3045 1014 3075 Secundo
1037 3060 1054 3065 -
1071 3060 1088 3065 -
1114 3051 1148 3073 rc
1173 3052 1233 3072 non
1261 3046 1333 3072 erat
1360 3043 1402 3080 (V.
1418 3042 1470 3080 ΞΤ)
1497 3050 1566 3072 om.
1594 3049 1624 3072 c.
1668 3040 1717 3071 Cf.
1746 3040 1789 3070 ΙΙΙ
1814 3038 1853 3079 §S
1870 3039 1923 3070 86.
1945 3038 2018 3070 ⁴07.

256 3093 328 3123 443.
361 3110 394 3114 —
421 3093 473 3123 Ἣ.
493 3094 634 3124 Annibal
658 3102 676 3124 o
706 3112 739 3116 —
768 3094 819 3125 '2:3,
848 3094 928 3131 quia
953 3094 984 3123 S,
1005 3093 1029 3123 l.
1051 3090 1166 3122 llellcr
1191 3090 1319 3129 (l‘hilol.
1337 3091 1553 3122 Schneidow.
1580 3091 1637 3121 ΧΗ
1663 3099 1695 3131 p.
1712 3089 1774 3120 302
1799 3098 1863 3128 sqq
1882 3088 1909 3127 ):
1937 3088 2024 3127 quod

256 3141 465 3173 Lambinus:
494 3143 548 3179 qui
574 3150 592 3173 o
627 3160 659 3164 —
698 3143 750 3174 22.
778 3143 961 3183 invenerat]
979 3142 1138 3172 lenirem!
1163 3139 1296 3171 llcller:
1325 3140 1401 3171 fort.
1420 3142 1586 3171 minuerat
1611 3141 1641 3180 (i.
1663 3149 1691 3170 e.
1713 3140 1872 3170 minuere
1897 3137 2023 3169 studu-

256 3194 353 3229 erat).
384 3210 417 3214 —
445 3192 613 3222 Annibalis
639 3200 657 3222 ο
682 3210 722 3214 -
759 3193 811 3224 98.
838 3193 1050 3232 cogitandum
1075 3194 1119 3221 est
1142 3197 1160 3220 c
1191 3207 1221 3210 —-
1255 3190 1308 3220 1³0.
1335 3199 1409 3221 eum
1432 3199 1502 3221 om.
1529 3198 1547 3221 c
1584 3207 1618 3211 -
1659 3189 1712 3219 3⁴.
1736 3187 1924 3228 perfugam]
1951 3194 2023 3217 eum

256 3250 274 3273 c
302 3259 335 3263 —-
363 3241 449 3271 dedic
473 3249 491 3272 c
527 3258 559 3262 ——
595 3241 647 3271 34„
673 3243 875 3272 seruandum
901 3241 939 3273 ll¹
967 3260 1001 3264 -—
1036 3240 1181 3272 condicio
1206 3240 1265 3270 Ab
1299 3257 1333 3262 —
1366 3240 1418 3271 36.
1443 3240 1681 3271 mercennariis
1703 3240 1727 3270 A
1744 3239 1766 3269 B
1782 3238 1843 3268 Hb
1860 3245 1900 3267 c:
1934 3244 2023 3265 mer-

256 3291 399 3322 cenariis
422 3298 443 3321 a
459 3298 476 3321 ο
517 3307 551 3311 -
590 3299 691 3330 opera
715 3293 877 3332 erigenda
904 3292 1005 3331 (corr.
1034 3300 1075 3323 ex
1099 3298 1233 3330 operam
1259 3289 1466 3329 eiciyendam)
1492 3290 1516 3320 B
1545 3307 1578 3312 -
1612 3297 1687 3320 cum
1710 3291 1769 3318 aaz
1792 3285 1915 3318 duobus
1936 3285 1957 3317 b
1983 3299 2019 3306 -·

257 3340 310 3371 37.
335 3340 524 3380 uulpiculae
549 3341 588 3371 ll.
