2249 3624
227 180 308 223 824
899 178 969 218 DE
1000 177 1068 218 RE
1099 175 1324 217 PUBLICA

228 306 255 335 a
285 293 424 346 stirpe
453 290 685 346 repetivit,
714 288 838 330 cuius
867 287 1049 341 imperio
1081 286 1162 326 iam
1195 285 1314 327 orbis
1345 286 1492 327 terrae
1523 286 1713 341 tenetur,
1742 285 1909 326 iustitia
1938 296 1995 327 an

228 362 447 417 sapientia
478 362 546 402 est
579 371 601 400 e
633 358 803 398 minimo
837 356 1021 397 omnium
1051 357 1286 396 maximus
1313 348 1509 406 factus?

624 434 928 491 [Desiderantur
956 435 1166 474 minimum
1195 439 1383 487 quattuor
1406 430 1610 487 paqinae]

228 537 269 577 p.
293 519 348 576 fl.]
423 523 508 566 25.
554 516 592 551 ·:'.÷
623 515 660 550 ÷2÷
690 515 728 550 ἔκ·
755 516 761 570 Ι
788 520 967 574 praeter
1004 516 1209 559 Arcadas
1252 519 1297 558 et
1338 516 1658 568 Atheniensis,
1704 517 1805 571 qui,
1849 515 1998 571 credo,

196 595 434 634 etimentes
477 591 561 632 hoc
607 587 886 630 interdictum
929 588 1123 628 iustitiae
1168 598 1221 627 ne
1262 585 1435 641 quando
1478 586 1722 640 existeret,
1768 586 1999 627 commenti

228 664 332 703 sunt
363 673 412 702 se
446 659 499 701 de
530 661 650 700 terra
681 660 900 712 tamquam
931 656 1012 697 hos
1046 668 1102 697 ex
1133 657 1254 696 arvis
1286 655 1506 696 musculos
1537 656 1755 696 extitisse.

340 730 466 772 XVI.
512 725 594 769 26.
640 726 714 768 Ad
746 726 855 769 haec
886 726 960 767 illa
992 725 1075 767 dici
1107 726 1252 766 solent
1292 726 1471 779 primum
1510 725 1564 766 ab
1603 725 1677 779 iis,
1718 724 1789 778 qui
1830 723 2000 765 minime

227 803 331 842 sunt
362 802 403 839 in
437 796 696 840 disserendo
727 797 839 852 mali,
872 797 942 851 qui
974 796 1018 836 in
1051 808 1102 837 ea
1133 807 1266 836 causa
1298 807 1349 836 eo
1382 795 1482 848 plus
1512 795 1793 836 auctoritatis
1820 793 2000 848 habent,

230 870 343 924 quia,
374 880 468 910 cum
502 866 555 909 de
587 868 682 907 viro
716 866 831 907 bono
865 867 1102 919 quaeritur,
1135 877 1259 918 quem
1290 867 1487 917 apertum
1523 865 1565 904 et
1597 863 1833 916 simplicem
1865 862 2000 903 volu·-

178 950 213 980 1ο
229 951 322 979 mus
354 949 475 990 esse,
506 948 595 977 non
627 936 728 975 sunt
761 935 803 974 in
835 933 1102 987 disputando
1134 933 1275 981 vafri,
1307 945 1396 972 non
1427 933 1721 985 veteratoreS,
1753 944 1841 972 non
1871 931 2000 972 mali-

227 1020 267 1059 p.
289 1002 344 1053 2]
378 1007 489 1047 tiosi.
541 1005 721 1062 Negant
754 1004 864 1045 enim
897 1004 1140 1057 sapientem
1174 996 1344 1051 idlcirco
1375 1002 1515 1042 virum
1550 1002 1704 1041 bonum
1738 1012 1851 1053 esse,
1882 998 1999 1054 quod

229 1088 323 1117 eum
355 1087 435 1116 sua
466 1076 624 1128 sponte
656 1085 708 1115 ac
740 1085 819 1127 per
849 1085 897 1113 se
928 1072 1105 1113 bonitas
1136 1073 1179 1112 et
1201 1071 1365 1111 iustitia
1389 1069 1595 1117 delectet,
1617 1069 1693 1111 sed
1719 1069 1834 1124 quod
1856 1080 2000 1110 vacua

229 1147 369 1191 metu,
402 1157 529 1198 cura,
561 1141 879 1194 sollicitudine,
912 1141 1107 1195 periculo
1139 1142 1232 1181 vita
1266 1140 1475 1180 bonorum
1507 1140 1701 1180 virorum
1733 1140 1812 1191 sit,
1844 1147 2001 1180 contra

229 1216 373 1255 autem
405 1213 614 1266 improbis
647 1225 820 1267 semper
851 1212 983 1265 aliqui
1016 1223 1204 1264 scrupus
1236 1211 1276 1250 in
1310 1211 1466 1250 animis
1496 1208 1704 1263 haereat,
1743 1220 1918 1262 semper
1948 1209 2001 1249 iis

179 1294 214 1322 15
230 1285 334 1324 ante
365 1282 518 1324 oculos
550 1280 709 1322 iudicia
741 1284 783 1321 et
816 1281 1031 1334 supplicia
1064 1281 1313 1320 versentur.
1358 1278 1531 1319 Nullum
1564 1279 1707 1318 autem
1740 1277 2001 1318 emolumen-

229 1355 318 1392 tum
365 1363 488 1403 esse,
533 1350 696 1391 nullum
737 1350 951 1390 iniustitia
999 1351 1169 1403 partum
1218 1348 1454 1401 praemium
1501 1350 1692 1396 tantum,
1739 1358 1913 1400 semper
1952 1348 2000 1388 ut

230 1421 398 1474 timeas,
430 1431 603 1471 semper
633 1421 680 1459 ut
711 1417 886 1469 adesse,
917 1430 1092 1472 semper
1123 1420 1169 1458 ut
1202 1416 1454 1471 impendere
1486 1416 1674 1471 aliquam
1706 1428 1890 1470 poenam
1924 1428 2001 1470 pu-

543 1482 559 1496 ¹¹
586 1482 623 1503 ἐι
644 1483 676 1502 ‚w

230 1491 317 1542 tes,
349 1487 507 1529 damna
528 1486 563 1518 ‘³0‘
591 1502 619 1519 ‘0‘
648 1496 681 1518 ’ν’

291 1577 592 1634 [Desideramur
620 1580 664 1618 in
693 1579 776 1618 cod.
804 1579 886 1618 Vat.
916 1579 1125 1618 minimum
1155 1584 1341 1630 quattuor
1364 1579 1563 1631 popinae,
1606 1590 1777 1631 quarum
1806 1577 1945 1630 aliqua

179 1656 216 1686 20
609 1655 711 1695 pars
741 1643 943 1695 suppletur
973 1643 1054 1682 loco
1085 1656 1110 1681 a
1139 1642 1349 1681 Lactantio
1380 1638 1613 1694 exscripta]

343 1737 474 1778 XVII.
515 1734 580 1777 ⁶27.
627 1734 969 1789 (Lactantius
1000 1737 1097 1775 Inst.
1120 1736 1197 1776 div.
1232 1736 1277 1783 V,
1305 1733 1379 1786 1⁶2.)
1426 1736 1502 1775 Est
1532 1736 1637 1787 apud
1667 1736 1892 1776 Ciceronem
1922 1748 2002 1775 non

230 1802 447 1841 abhorrens
486 1815 511 1840 a
547 1813 638 1839 vero
676 1800 783 1839 locus
822 1800 863 1839 ’111
902 1814 947 1839 ea
987 1800 1274 1851 disputatione,
1318 1813 1415 1850 quae
1453 1799 1617 1838 habetur
1654 1813 1678 1838 a
1708 1799 1832 1838 Furio
1863 1805 2002 1838 contra

230 1865 439 1903 iustitiam.
493 1863 673 1911 Quaero,
705 1863 846 1914 inquit,
880 1863 914 1902 si
947 1863 1030 1901 duo
1063 1862 1157 1908 sint,
1191 1875 1370 1914 quorum
1403 1862 1507 1901 alter
1532 1862 1714 1915 optimus
1736 1861 1810 1908 vir,
1833 1861 2002 1914 aequis-

231 1927 383 1973 simus,
424 1939 583 1966 summa
623 1925 804 1972 iustitia,
845 1925 1045 1978 singulari
1088 1922 1191 1972 fide,
1232 1925 1337 1964 alter
1367 1926 1519 1977 insigni
1552 1925 1711 1964 scelere
1745 1929 1785 1963 et
1815 1924 2001 1971 audacia,

180 2000 216 2029 25
232 1994 272 2029 et
303 1989 336 2028 si
366 1989 407 2028 in
441 2002 489 2028 eo
521 1990 573 2028 sit
604 2001 743 2028 errore
776 1989 935 2035 civitas,
967 1993 1014 2027 ut
1043 1988 1197 2027 bonum
1230 1988 1347 2027 illurn
1379 1987 1513 2026 virum
1547 1987 1814 2033 sceleratum,
1847 1986 2003 2026 facino-

230 2065 396 2098 rosum,
438 2051 643 2091 nefarium
675 2056 814 2104 putet,
858 2056 1002 2090 contra
1033 2056 1172 2090 autem
1205 2051 1275 2103 qui
1310 2050 1363 2089 sit
1394 2050 1750 2103 improbissimus,
1791 2049 2003 2089 existimet

232 2128 323 2154 esse
356 2128 515 2154 summa
546 2115 750 2169 probitate
781 2127 828 2153 36
861 2112 955 2160 fide,
987 2127 1150 2167 proque
1182 2113 1259 2152 hac
1291 2113 1489 2166 opinione
1521 2113 1710 2152 omnium
1741 2112 1893 2152 civium
1928 2112 2002 2151 bo-

232 2191 310 2217 nus
343 2178 412 2218 ille
443 2179 508 2217 vir
538 2184 730 2224 vexetur,
763 2178 965 2230 rapiatur,
997 2189 1143 2216 manus
1176 2177 1212 2216 ei
1244 2176 1427 2229 denique
1461 2175 1720 2222 adferantur,
1753 2174 2002 2214 effodiantur

231 2257 270 2295 p.
290 2239 304 2280 sl
320 2239 372 2291 1.]
407 2243 528 2290 oculi,
562 2242 795 2289 damnetur,
816 2242 1035 2286 vinciatur,
1058 2246 1215 2287 uratur,
1239 2238 1568 2294 extermijnetur,
1602 2243 1748 2297 egeat,
1780 2243 2001 2293 postremo

181 2321 217 2352 30
234 2315 324 2353 iure
364 2315 491 2353 eliani
533 2315 694 2368 optimo
736 2314 933 2353 omuibus
974 2313 1238 2352 miserrimus
1270 2324 1368 2352 esse
1401 2310 1628 2366 videatur,
1670 2314 1824 2352 contra
1855 2313 2001 2350 autem

231 2382 304 2422 ille
335 2382 558 2435 improbus
590 2381 814 2438 laudetur,
848 2382 1032 2433 colatur,
1064 2381 1118 2421 ab
1152 2380 1350 2420 omnibus
1382 2379 1605 2435 diligatur,
1638 2392 1788 2420 omnes
1818 2378 1872 2419 ad
1905 2391 2001 2419 eum

231 2450 440 2502 honores,
473 2452 614 2491 omnia
647 2452 840 2505 imperia,
873 2462 1023 2490 omnes
1055 2462 1177 2503 opes,
1208 2461 1356 2489 omnes
1379 2448 1570 2503 undique
1592 2450 1747 2501 copiae
1770 2447 2003 2489 conseran-

231 2521 327 2569 tur,
366 2519 436 2559 vir
467 2518 655 2573 (lenique
694 2520 882 2572 optimus
924 2519 1108 2558 omnium
1141 2519 1466 2558 existimatione
1498 2521 1541 2559 et
1573 2517 1856 2573 dignissimus
1888 2516 2001 2557 01111ιί

233 2587 410 2627 fortuna
451 2590 614 2641 optima
654 2587 892 2629 iudicetur:
936 2588 1032 2642 quis
1062 2586 1238 2628 tandem
1272 2588 1353 2628 erit
1386 2590 1472 2627 tam
1505 2586 1684 2628 demens
1716 2588 1786 2641 qui
1819 2585 2003 2639 dubitet,

179 2663 217 2692 35
233 2657 374 2696 utrum
404 2668 453 2697 se
486 2668 585 2697 esse
616 2650 769 2696 malit?

318 2844 351 2875 Ξ.
376 2844 548 2875 maximus
569 2844 678 2883 faetus
701 2843 876 2885 supplevit
900 2844 984 2884 Mai,
1018 2852 1088 2875 om.
1116 2844 1141 2874 O
1179 2861 1213 2866 --
1252 2844 1283 2876 8.
1312 2818 1387 2875 1κῆιί
1412 2845 1436 2876 C
1463 2843 1576 2876 deleta
1602 2854 1642 2883 E,
1666 2846 1702 2876 in
1725 2845 1786 2876 hae
1809 2845 1834 2876 O
1872 2862 1907 2868 —
1946 2845 1999 2877 40.

231 2909 298 2931 ηοη
320 2903 459 2931 sumn
475 2901 631 2931 malitiosi
655 2902 786 2932 Nonius
811 2910 843 2941 p.
863 2900 901 2931 119
935 2918 967 2923 -
1009 2901 1205 2940 disputando
1229 2902 1359 2933 Nonius
1385 2903 1419 2932 et
1444 2902 1467 2933 C
1494 2903 1582 2933 teste
1609 2901 1660 2932 Du
1678 2902 1779 2933 Rieu:
1817 2901 2002 2932 disserendo

233 2956 353 2988 nescio
384 2964 453 2995 quo
478 2965 597 2987 errore
623 2957 656 2988 in
680 2956 802 2988 codice
828 2965 906 2988 esse
932 2957 997 2987 Mai
1022 2956 1219 2994 adnotavit,
1257 2966 1325 2996 qua
1356 2957 1399 2988 de
1432 2966 1469 2988 re
1503 2966 1534 2988 v.
1561 2958 1614 2988 Du
1635 2957 1719 2988 Rieu
1751 2965 1828 2997 pag.
1849 2957 1902 2989 50.
1941 2973 1976 2978 ——

541 3012 575 3027 ΑΙ·

231 3037 324 3077 vafri
346 3036 492 3068 Nonius:
521 3046 594 3068 06111
620 3038 644 3069 C
671 3054 705 3059 —
734 3037 785 3068 46.
812 3046 956 3068 ramnum
982 3035 1020 3068 C¹
1049 3055 1083 3059 —
1119 3035 1171 3068 ⁶24.
1198 3037 1335 3076 insignis
1358 3038 1476 3069 scelere
1499 3036 1577 3068 libri
1601 3036 1699 3068 multi
1724 3037 1892 3068 Lactanlii
1916 3038 1950 3068 et
1974 3037 1999 3068 O

234 3109 268 3115 --
296 3092 348 3123 26.
375 3101 448 3123 eum
471 3093 633 3124 exislimet
655 3102 720 3125 esse
745 3094 872 3132 Moser,
898 3093 1062 3124 existimet
1085 3101 1159 3123 eum
1183 3092 1260 3123 cod.
1281 3094 1416 3124 Monac.
1443 3102 1537 3125 saec.
1556 3093 1630 3124 XIll
1658 3111 1692 3115 —
1719 3092 1772 3124 ⁶28.
1799 3093 2000 3132 auferantur

232 3174 342 3213 (auff.)
367 3171 471 3204 codd.
491 3173 657 3204 Lactantii
690 3191 725 3195 —
764 3173 816 3206 29.
836 3173 1107 3214 eoelermiffxssrun]
1132 3174 1188 3205 hic
1212 3182 1334 3205 rursus
1360 3175 1479 3215 incipit
1504 3174 1528 3206 C
1566 3191 1602 3197 —
1640 3173 1692 3205 30.
1719 3149 1996 3205 Ῑυῐιὲτιωιορτηιο

231 3263 350 3285 0111110
375 3253 399 3285 C
437 3270 471 3275 —-
510 3253 561 3284 32.
589 3263 695 3285 omnes
717 3255 855 3294 denique
877 3255 992 3294 copiae
1015 3254 1118 3287 codd.
1145 3255 1314 3286 Lactanlii
1342 3273 1376 3278 —
1415 3255 1468 3288 34.
1494 3257 1619 3296 optima
1643 3264 1712 3287 om.
1732 3255 1931 3287 Lactantius
1957 3269 1992 3277 -

232 3309 285 3341 35.
310 3308 414 3350 malit]
439 3309 495 3341 hic
519 3308 591 3340 finit
615 3309 736 3350 fragm.
757 3311 936 3343 Lactantii.
