2249 3624
289 240 304 282 si
315 237 395 279 036
1025 234 1304 277 CICERONIS

288 347 478 392 Laevaque
504 347 714 382 inocciduae
741 350 906 382 constans
933 343 1156 379 subvolvitur
1186 342 1311 382 Ursae,

288 409 401 445 Ambo
427 411 531 455 pedes
558 421 667 456 usque
694 411 742 445 ad
767 410 947 455 yeminum
974 418 1082 454 qenus
1110 405 1377 453 Anquitenenlis

291 471 451 508 Cedentes
478 473 576 508 caelo
604 478 708 518 atque
735 473 910 507 immensa
935 471 999 506 sub
1027 481 1187 516 aequora
1220 470 1335 515 lapsi,

290 535 477 582 Surgentes
505 536 598 571 alibi
620 539 788 581 poterunt
813 539 1015 570 monstrare
1043 531 1270 569 Gemellos.
1973 526 2046 566 755

287 598 369 635 Iam
396 599 503 634 lateri
529 599 668 634 Pistrix
695 598 788 633 ‘nulli
814 598 936 633 vicina
962 598 1120 637 videtur,

288 662 377 699 Moae
403 663 552 698 visenda
579 667 710 702 tamen,
742 672 821 697 cum
848 662 923 695 iam
950 659 1074 695 Fluvii
1101 660 1251 706 aqmina
1274 660 1398 704 prima

289 725 332 761 In
360 727 476 761 medio
503 726 642 761 venient
667 729 801 759 naulae
828 724 1003 759 cernenda
1031 723 1236 768 profanam,

292 788 363 833 Qui
390 790 531 835 siynum
559 792 764 833 exspectans
792 797 963 833 maynum
991 790 1110 821 manet
1139 783 1302 826 Oriona,-

288 853 420 898 Nempe
447 854 515 888 iter
541 857 579 887 ut
605 853 697 887 racis
725 856 756 887 el
782 852 895 887 noctis
924 861 1091 886 mensura
1115 854 1297 895 patescat,
1975 844 2050 882 760

293 916 430 960 Qualia
455 916 563 962 plura
590 917 777 951 hominum
804 916 925 962 yeneri
952 916 990 950 di
1016 915 1122 961 siqna
1150 914 1332 949 dederunt.

878 1185 943 1226 III.
1005 1182 1476 1226 PROGNOSTICA.

927 1334 1219 1368 ARGUMENTUM
1254 1334 1405 1365 NOBBII.

389 1444 471 1481 Hoc
498 1442 1002 1492 carmine‚ms5.1‹121(11-U;1‹›c
1029 1438 1265 1488 subiuncto‚
1294 1440 1442 1478 Aratus
1468 1437 1638 1478 Eudoxo
1668 1439 1773 1479 duce
1801 1439 1853 1479 de
1880 1440 2050 1480 orbibus

290 1506 561 1555 caelestibus,
592 1506 643 1544 de
672 1504 806 1544 stellis
835 1504 1084 1555 singulorum
1119 1515 1375 1555 quorumque
1413 1503 1621 1553 signorum
1649 1503 1889 1553 comitibus,
1933 1509 1974 1542 et
2000 1503 2051 1542 de

260 1569 508 1621 sportentis,
539 1580 644 1619 quae
672 1569 761 1618 ipse
791 1575 864 1606 Ιιι
858 1582 1012 1618 ιιιιιχιιι
999 1583 1070 1605 ιιιι.
1097 1566 1123 1604 i.
1155 1578 1190 1603 e.
1221 1568 1311 1604 lm
1339 1577 1370 1603 5.
1402 1564 1503 1604 caeli
1531 1565 1670 1615 signa,
1702 1565 1844 1604 Cicero
1863 1571 1903 1605 et
1927 1566 2051 1605 Avie-

290 1645 368 1672 nus
397 1632 736 1683 Prognostica
764 1631 992 1679 nominant,
1024 1629 1221 1680 deinceps
1251 1630 1455 1680 exposuit
1511 1629 1620 1668 Haec
1648 1628 1824 1678 Tullius,
1862 1633 1907 1666 ut
1933 1628 2052 1667 vide-

291 1702 382 1744 tur,
425 1694 646 1735 admodum
687 1693 1020 1733 adolescentulus
1060 1693 1352 1744 interpretatus
1397 1696 1460 1730 est
1500 1692 1562 1737 (N.
1608 1693 1651 1729 D.
1694 1691 1796 1730 1.ΙΙ.
1827 1703 1861 1729 c.
1891 1690 1977 1740 41.)
2013 1695 2054 1729 et

291 1764 423 1798 aetate
451 1760 531 1797 iam
559 1764 779 1810 provectus
806 1758 980 1795 fortasse
1009 1755 1218 1794 recensuit
1246 1754 1310 1804 (ad
1338 1756 1418 1793 Att.
1447 1753 1473 1793 l.
1504 1754 1548 1793 II.
1581 1766 1645 1805 ep.
1679 1753 1732 1803 1).

396 1838 426 1874 1.
461 1834 509 1872 Ut
530 1845 621 1872 cum
649 1833 745 1872 luna
774 1843 915 1870 means
943 1831 1185 1883 Hyperionis
1215 1830 1337 1868 officit
1364 1828 1474 1879 orbi,

242 1898 560 1947 iostinguuntur
588 1894 688 1934 radii
718 1907 841 1934 caeca
868 1893 1039 1944 caligine
1074 1893 1182 1931 tecti.

343 1960 658 2009 (Priscianus
686 1958 712 1998 l.
742 1960 791 1997 X.
823 1970 857 1996 e.
889 1959 924 1995 2.
956 1958 990 2007 ξ
1024 1958 1082 1996 11.
1115 1957 1162 1995 cf.
1194 1958 1305 1995 Arat.
1335 1956 1512 1994 Diosem.
1544 1967 1580 1994 v.
1613 1956 1683 1995 130
1710 1955 1786 2006 sq.)

391 2035 425 2072 2.
455 2036 529 2073 Ast
556 2039 692 2072 autem
720 2034 830 2072 tenui
859 2044 965 2083 quae
993 2031 1142 2071 candet
1168 2030 1320 2070 lumine
1349 2031 1517 2070 Phatne.

342 2099 508 2137 Prisc.
555 2096 580 2134 l.
625 2097 726 2135 XVI.
771 2108 804 2134 c.
854 2096 888 2134 2.
935 2095 970 2145 ξ.
1017 2096 1074 2133 16.
1126 2116 1158 2120 m
1206 2093 1231 2133 l.
1274 2094 1407 2132 XVIII.
1453 2106 1488 2131 c.
1530 2094 1591 2132 21.
1643 2095 1678 2142 §.
1724 2093 1804 2132 172.
1848 2093 1897 2132 cs.
1940 2094 2050 2132 Arat.

438 2160 616 2198 Diosem.
648 2171 685 2197 v.
720 2160 826 2207 160.)

243 2251 278 2279 ⁴5
394 2237 429 2274 3.
458 2237 592 2285 Atque
620 2234 742 2273 etiam
770 2237 914 2271 ventos
942 2235 1244 2283 praemonstrat
1271 2242 1396 2282 saepe
1423 2231 1579 2270 futuros

292 2298 477 2337 Inflatum
504 2309 637 2343 mare,
669 2309 759 2334 cum
789 2295 923 2334 subito
951 2295 1200 2345 penitusque
1230 2293 1442 2343 tumescit,

294 2361 484 2412 Saxaque
514 2372 615 2399 cana
643 2359 740 2399 salis
768 2359 886 2397 niveo
916 2363 1104 2409 spumata
1135 2356 1295 2408 liquore

293 2424 513 2463 Tristificas
542 2429 700 2462 certant
727 2424 915 2473 Neptuno
943 2421 1120 2460 reddere
1148 2432 1296 2467 voces,

294 2489 373 2526 Aut
401 2487 556 2525 densus
584 2485 735 2525 stridor
763 2498 853 2524 cun]
883 2483 992 2523 celso
1021 2496 1042 2522 e
1069 2483 1222 2521 vertice
1250 2483 1399 2521 montis

240 2564 281 2595 20
297 2551 420 2589 Ortus
448 2549 687 2600 adaugescit
714 2548 973 2600 scopulorum
1003 2559 1127 2598 saepe
1160 2545 1368 2597 repulsus.

395 2614 513 2662 (Cic.
546 2612 596 2651 de
625 2614 712 2651 Div.
742 2612 767 2651 l.
799 2614 828 2650 I.
859 2624 892 2649 c.
922 2615 958 2649 7.
991 2611 1026 2661 ξ.
1059 2612 1117 2650 13.
1149 2610 1196 2647 cf.
1228 2611 1337 2648 Arat.
1367 2609 1475 2648 Dios.
1506 2622 1544 2648 v.
1577 2609 1805 2656 177-180.)

396 2679 506 2716 Cana
534 2676 631 2716 fulix
658 2675 797 2715 itidem
825 2675 983 2726 fugiens
1013 2686 1033 2712 e
1063 2673 1219 2724 gurgite
1249 2673 1361 2723 ponti

295 2740 459 2779 Nuntiat
487 2738 692 2778 horribilis
721 2737 902 2777 clamans
929 2737 1082 2775 instare
1109 2734 1334 2786 procellas,
2032 2733 2055 2772 5

295 2803 411 2841 Haud
439 2801 620 2841 modicos
648 2800 820 2840 tremulo
849 2799 1023 2839 fundens
1053 2811 1074 2837 e
1102 2805 1266 2849 gutture
1301 2804 1457 2838 cantus.

246 2875 282 2905 25
522 2864 667 2913 (idem
694 2863 793 2903 ibid.
824 2863 849 2901 1.
881 2864 908 2902 1.
939 2875 974 2901 c.
1005 2864 1040 2901 8.
1072 2862 1107 2911 ξ.
1141 2862 1198 2900 14.
1231 2862 1280 2899 cs.
1311 2863 1422 2901 Arat.
1452 2861 1560 2899 Dios.
1593 2859 1815 2909 181-183.)

395 2940 429 2977 4.
460 2940 539 2978 Vos
568 2950 732 2990 quoque
762 2939 877 2989 signa
905 2937 1072 2986 videtis,
1104 2937 1224 2987 aquai
1255 2936 1385 2975 dulcis
1413 2935 1624 2985 alumnae,

299 3003 401 3042 Cum
430 3001 607 3041 clamore
635 3003 788 3053 paratis
816 3002 948 3040 inanis
976 3000 1146 3039 fundere
1174 3011 1320 3046 voces,

297 3063 572 3115 Absurdoque
601 3077 700 3103 sono
727 3065 847 3103 sontis
877 3069 918 3102 et
942 3069 1084 3113 stagna
1118 3062 1245 3100 cietis.
2010 3059 2056 3098 10

523 3125 669 3175 (Idem
697 3126 791 3166 ibid.
821 3126 846 3165 l.
878 3129 907 3164 I.
939 3139 973 3164 c.
1004 3128 1038 3165 9.
1071 3125 1106 3175 ξ.
1141 3125 1198 3164 15.
1229 3124 1276 3162 cf.
1307 3125 1418 3162 Arat.
1447 3124 1557 3169 Dios.
1589 3135 1625 3160 v.
1657 3122 1729 3161 214
1756 3122 1834 3172 sq.)

388 3266 438 3296 ΛΞ.
464 3265 580 3295 candet
602 3264 723 3295 lumine
746 3265 866 3297 Phatne
890 3265 1076 3296 Patricius:
1113 3263 1252 3294 candent
1279 3263 1400 3294 lumine
1423 3263 1566 3294 Phatnae
1591 3262 1697 3293 Prisc.
1735 3260 1865 3301 (candet
1898 3260 2054 3292 firmatur

301 3316 422 3348 codice
446 3315 624 3346 Turicensi
641 3323 735 3347 saec.
761 3314 819 3355 X.)
