2249 3624
253 129 335 172 446
855 130 925 169 DE
956 129 1180 170 DEORUM
1209 129 1424 171 NATURA

253 237 425 277 deorum
466 240 592 289 atque
631 235 844 275 hominum
888 235 1075 288 putanda
1109 239 1216 274 sunt.
1277 233 1371 274 1155,
1402 236 1488 275 Iam
1520 249 1619 276 vero
1652 236 1892 278 circumitus
1923 239 2024 279 solis

252 305 291 338 et
322 300 445 339 lunae
477 300 824 352 reliquorumque
857 298 1061 344 siderum,
1095 311 1347 351 quamquam
1380 299 1505 338 etiam
1538 299 1588 338 ad
1621 300 1765 339 mundi
1797 300 2024 340 cohaeren-

249 363 347 402 tiam
388 363 615 415 pertinent,
657 366 795 400 tamen
838 366 878 400 et
919 359 1202 412 spectaculum
1243 360 1484 400 hominibus
1531 361 1759 413 praebent3
1805 362 1919 402 nulla
1963 367 2025 403 est

248 425 359 463 enim
391 422 668 463 insatiabilior
700 424 881 474 species,
922 422 1037 462 nulla
1075 421 1288 474 pulchrior
1318 427 1359 461 et
1388 422 1439 460 ad
1471 423 1676 462 rationem
1708 423 2021 477 sollertiamque

216 487 545 539 5praestantior;
586 500 728 526 eorum
770 487 881 525 enim
922 496 1069 524 cursus
1110 484 1294 523 dimetati
1326 485 1582 524 maturitates
1614 490 1848 538 temporum
1880 491 1922 526 et
1952 500 2022 527 va-

246 549 412 588 rietates
454 549 792 601 mutationesque
825 547 1122 599 cognovimus:
1167 559 1276 599 quae
1308 546 1341 586 si
1374 546 1616 586 hominibus
1649 547 1749 587 solis
1780 553 1879 587 nota
1910 554 2022 596 sunt,

245 611 464 650 hominum
495 610 603 650 facta
635 624 727 649 esse
759 622 884 649 causa
913 608 1182 648 iudicandum
1214 613 1286 648 est.
1340 605 1433 647 456.
1456 610 1583 648 Terra
1608 623 1704 649 vero
1725 609 1809 650 feta
1830 609 2022 663 frugibus

246 679 287 713 et
316 674 429 712 vario
462 673 718 725 leguminum
750 684 924 724 genere,
957 684 1065 724 quae
1099 684 1192 710 cum
1224 684 1419 710 maxuma
1446 671 1638 723 largitate
1659 671 1813 720 fundit,
1846 687 1893 714 ea
1915 673 2023 714 fera-

244 748 392 774 rumne
423 748 475 774 an
506 735 721 774 hominum
754 747 879 773 causa
911 733 1080 785 gignere
1110 733 1310 773 videtur?
1358 734 1468 781 Quid
1502 733 1553 773 de
1585 734 1739 774 vitibus
1771 736 2021 789 olivetisque

193 810 231 839 40
246 798 413 837 dicam?
456 811 629 850 quarum
665 794 878 836 uberrumi
909 794 1224 849 laetissumique
1255 796 1413 835 fructus
1445 796 1548 835 nihil
1580 797 1751 836 omnino
1783 797 1835 837 ad
1866 798 2020 838 bestias

244 860 477 913 pertinent;
524 873 663 912 neque
706 859 815 898 enim
870 857 1035 898 serendi
1080 872 1222 911 neque
1264 858 1427 898 colendi
1472 871 1548 897 nec
1592 859 1838 912 tempestive
1882 862 2022 900 deme-

244 921 357 962 tendi
391 922 736 974 percipiendique
764 920 925 960 fructus
954 933 1093 973 neque
1124 920 1331 960 condendi
1357 934 1404 960 ac
1434 921 1668 973 reponendi
1697 921 1782 962 ulla
1810 923 2020 975 pecudum

244 986 418 1025 scientia
457 990 539 1028 est,
584 996 811 1037 earumque
851 983 1036 1023 omnium
1074 996 1214 1022 rerum
1257 982 1470 1022 hominum
1513 988 1576 1022 est
1616 988 1656 1022 et
1691 997 1792 1023 usus
1831 988 1872 1023 et
1906 997 2020 1024 cura.

243 1047 386 1086 LXIII.
421 1044 512 1085 1¹57.
554 1047 604 1086 Ut
643 1046 747 1085 fides
787 1046 913 1098 igitur
955 1050 995 1084 et
1032 1045 1153 1084 tibias
1186 1058 1332 1084 eorum
1364 1058 1488 1084 causa
1524 1044 1653 1084 factas
1686 1045 1910 1085 dicendum
1943 1050 2019 1093 est,

193 1121 228 1150 45
244 1109 314 1162 qui
346 1110 430 1149 illis
461 1109 521 1148 uti
561 1114 757 1161 possent,
801 1108 859 1148 sic
891 1120 958 1153 ea,
999 1119 1108 1160 quae
1139 1106 1249 1153 dixi,
1288 1107 1340 1146 iis
1381 1107 1483 1146 solis
1515 1107 1799 1147 confitendum
1833 1113 1896 1147 est
1927 1121 2020 1147 esse

244 1178 407 1224 parata,
447 1172 520 1224 qui
557 1177 751 1218 utuntur,
792 1184 890 1217 nec,
933 1170 966 1209 si
1009 1183 1116 1222 quae
1155 1169 1316 1209 bestiae
1354 1168 1545 1208 furantur
1580 1169 1741 1222 aliquid
1775 1182 1826 1209 ex
1864 1169 1916 1209 iis
1947 1175 2020 1210 aut

242 1234 428 1286 rapiunt,
469 1234 632 1273 illarum
672 1247 842 1287 quoque
884 1245 1008 1271 causa
1040 1245 1087 1271 ea
1118 1238 1215 1271 nata
1247 1244 1339 1271 esse
1371 1231 1571 1271 dicemus.
1622 1233 1768 1283 Neque
1801 1232 1910 1271 enim
1942 1232 2020 1272 ho-

241 1297 373 1336 mines
405 1310 565 1336 murum
599 1302 670 1335 aut
700 1296 968 1334 formicarum
1001 1307 1126 1333 causa
1157 1294 1411 1333 frumentum
1446 1292 1656 1340 condunt,
1689 1294 1760 1333 sed
1793 1295 2016 1347 coniugum

242 1366 283 1399 ct
312 1360 536 1399 liberorum
559 1366 598 1399 et
618 1357 869 1398 familiarum
893 1370 1076 1396 suarum.
1123 1357 1268 1409 ltaque
1290 1355 1448 1395 bestiae
1471 1355 1635 1402 furtim,
1666 1360 1712 1395 ut
1733 1356 1840 1403 dixi,
1872 1356 2018 1396 fruun-

189 1434 226 1463 20
242 1428 329 1469 tur,
362 1422 516 1461 domini
548 1422 686 1474 palam
718 1426 758 1460 et
789 1420 934 1459 libere.
997 1416 1091 1457 ¹1³8
1123 1419 1351 1458 Hominum
1383 1418 1511 1470 igitur
1541 1431 1665 1458 causa
1698 1431 1767 1458 eas
1790 1431 1928 1458 rerum
1950 1431 2018 1458 co-

240 1486 329 1538 pias
362 1490 622 1537 comparatas
652 1483 866 1522 fatendum
898 1487 980 1528 est,
1012 1481 1055 1520 ni
1077 1480 1181 1520 forte
1205 1486 1318 1520 tanta
1340 1480 1507 1519 ubertas
1531 1485 1572 1520 et
1592 1480 1772 1519 varietas
1794 1493 2017 1532 pomorum

240 1560 470 1600 eorumque
502 1546 709 1586 iucundus
742 1558 825 1585 non
857 1549 1046 1596 gustatus
1078 1543 1235 1590 solum,
1267 1542 1340 1583 sed
1373 1542 1571 1582 odoratus
1594 1542 1719 1582 etiam
1742 1547 1784 1582 et
1804 1548 2016 1595 aspectus,

239 1608 540 1649 dubitationem
572 1608 705 1648 adfert
737 1608 839 1661 quin
870 1606 1109 1646 hominibus
1143 1605 1243 1645 solis
1275 1618 1324 1644 ea
1354 1611 1504 1644 natura
1534 1604 1764 1645 donaverit.
1816 1606 2016 1646 Tantum-

240 1685 321 1725 que
357 1672 495 1719 abest,
536 1678 581 1711 ut
622 1672 721 1710 haec
753 1670 977 1709 bestiarum
1011 1669 1136 1707 ctiam
1161 1681 1293 1717 ⁴causa
1324 1673 1466 1720 parata
1498 1668 1601 1714 sint,
1639 1673 1684 1707 ut
1714 1668 1826 1720 ipsas
1858 1666 2013 1709 bestias

187 1745 223 1774 ‘25
241 1735 456 1774 hominum
489 1734 616 1787 gratia
648 1738 866 1785 generatas
899 1744 990 1770 esse
1012 1730 1244 1769 videamus.
1294 1730 1406 1777 Quid
1429 1731 1537 1769 enim
1560 1743 1660 1769 oves
1684 1730 1797 1770 aliud
1819 1730 2016 1771 adferunt

237 1798 317 1837 nisi
352 1803 394 1837 ut
424 1810 565 1837 earum
597 1796 709 1835 villis
742 1794 943 1834 confectis
975 1799 1100 1846 atque
1133 1793 1338 1832 contextis
1380 1792 1572 1832 homines
1604 1793 1864 1833 vestiantur?
1905 1807 2013 1847 quae

239 1859 407 1912 quidem
451 1872 588 1912 neque
630 1858 683 1897 ali
725 1870 864 1910 neque
906 1855 1133 1896 sustentari
1174 1868 1312 1907 neque
1352 1854 1482 1894 ullum
1512 1854 1692 1895 fructum
1726 1856 1850 1897 edere
1882 1869 1936 1896 ex
1967 1869 2012 1896 se

238 1923 325 1962 sine
367 1922 479 1962 cultu
518 1922 734 1960 hominum
767 1925 807 1959 et
837 1919 1053 1959 curatione
1090 1918 1340 1971 potuissent.
1392 1918 1549 1958 Canum
1581 1932 1679 1958 vero
1710 1924 1794 1958 tam
1824 1918 1909 1958 fida
1939 1931 2011 1958 cu-

238 1984 375 2024 stodia
405 1989 575 2037 tamque
607 1996 749 2022 amans
781 1982 1045 2021 dominorum
1078 1981 1262 2020 adulatio
1294 1985 1541 2033 tantumque
1568 1981 1709 2021 odium
1741 1981 1783 2020 in
1815 1985 2012 2020 externos

186 2058 223 2088 30
238 2053 278 2087 et
309 2053 390 2087 tam
422 2045 681 2085 incredibilis
713 2044 765 2084 ad
797 2043 1134 2096 investigandum
1168 2044 1370 2095 sagacitas
1400 2043 1583 2090 narium,
1616 2048 1728 2083 tanta
1753 2043 1946 2083 alacritas
1969 2043 2012 2082 in

237 2110 428 2149 venando
470 2109 573 2163 quid
620 2106 823 2160 significat
870 2107 983 2146 aliud
1024 2106 1103 2145 nisi
1147 2119 1189 2145 se
1223 2106 1273 2145 ad
1313 2105 1530 2144 hominum
1571 2105 1888 2146 commoditates
1920 2119 2011 2146 esse

236 2178 455 2225 generatos
474 2174 491 2210 '2
551 2168 644 2209 lii).
685 2169 796 2217 Quid
836 2170 886 2208 de
918 2169 1054 2208 bubus
1094 2168 1276 2221 loquar?
1318 2181 1496 2221 quorum
1528 2168 1620 2220 ipsa
1651 2174 1767 2220 terga
1798 2167 2013 2208 declarant

236 2248 321 2274 non
354 2248 444 2273 esse
477 2247 520 2272 se
552 2232 601 2272 ad
634 2246 740 2272 onus
772 2231 1065 2284 accipiendum
1096 2229 1292 2283 figurata3
1325 2230 1510 2270 cervices
1542 2235 1678 2270 autem
1711 2235 1833 2269 natae
1864 2229 1918 2270 ad
1949 2230 2012 2270 iu-

237 2311 353 2350 gum,
395 2304 483 2337 tum
515 2296 622 2335 vires
661 2308 901 2334 umerorum
933 2299 973 2333 et
1009 2294 1251 2333 latitudines
1283 2293 1334 2333 ad
1367 2298 1503 2332 aratra
1534 2291 1814 2332 extrahenda:
1858 2292 2013 2346 quibus

184 2370 221 2399 35
237 2374 330 2399 cum
361 2365 496 2399 terrae
529 2357 823 2410 subigerentur
852 2356 1025 2396 fissione
1052 2357 1287 2409 glebarum,
1320 2355 1371 2395 ab
1394 2355 1467 2394 illo
1490 2368 1616 2394 aureo
1639 2368 1813 2408 genere,
1845 2360 1890 2396 ut
1909 2359 2012 2408 poe-

236 2429 303 2463 tae
334 2423 582 2476 loquuntur,
614 2421 676 2460 vis
707 2420 823 2459 nulla
851 2432 1050 2473 umquam
1082 2418 1361 2458 adserebatur.

404 2486 597 2524 Ferrea
628 2488 735 2523 tum
766 2496 894 2522 vero
926 2482 1120 2534 proles
1154 2486 1343 2521 exorta
1372 2485 1597 2534 repente
1629 2484 1710 2520 est

323 2712 352 2742 l,
374 2710 530 2742 circuitus
544 2709 614 2740 EO.
643 2707 692 2737 Cf.
706 2707 746 2737 ΙΙΙ
762 2705 844 2746 847.
867 2722 900 2726 -
921 2706 952 2736 5.
973 2706 1125 2736 demetam
1138 2704 1177 2734 Ψ
1196 2722 1231 2727 —-
1249 2704 1423 2735 uarietatis
1433 2701 1502 2734 AV¹
1520 2719 1554 2724 —
1574 2703 1605 2734 7.
1624 2711 1727 2733 causa
1741 2702 1834 2743 sacta
1849 2711 1915 2734 esse
1931 2703 2003 2734 0-

236 2762 266 2793 8.
294 2764 373 2802 post
397 2770 481 2799 quac
504 2768 579 2790 cum
602 2758 755 2788 mamma
779 2757 811 2786 in
836 2758 862 2786 A
878 2756 901 2786 C
917 2755 944 2784 V
969 2758 1164 2794 sequuntur
1187 2754 1297 2785 verba
1321 2754 1438 2785 etenim
1461 2753 1487 2783 si
1511 2753 1543 2783 di
1570 2752 1599 2792 (S
1619 2752 1667 2791 46)
1686 2769 1736 2774 --
1752 2760 1838 2792 quae
1861 2752 2007 2793 ecferant

238 2813 365 2851 aliquid
383 2810 412 2850 (g
427 2811 491 2845 862,
519 2809 551 2840 in
570 2808 594 2839 E
612 2806 719 2837 verba
740 2810 807 2837 lam
825 2806 1006 2836 multarum
1022 2814 1133 2836 rerum
1151 2806 1217 2835 cet.
1239 2804 1266 2843 (ἕ
1284 2804 1332 2842 15)
1361 2803 1410 2834 (js.
1431 2812 1463 2843 p.
1478 2802 1553 2839 406,
1570 2803 1619 2834 29.
1652 2804 1702 2834 De
1720 2803 1777 2834 BP
1795 2802 1873 2834 vide
1891 2811 1924 2843 p.
1941 2802 2005 2834 369

238 2871 277 2901 sq
313 2879 346 2883 -—
373 2861 465 2900 fundi
491 2863 520 2890 te
543 2868 582 2889 ea
606 2857 668 2889 V¹:
694 2857 788 2896 fundi
813 2865 851 2887 ea
869 2856 910 2885 W
935 2872 969 2877 —
999 2855 1050 2885 42.
1077 2854 1235 2885 condendi
1260 2854 1306 2893 (in
1325 2861 1434 2892 marg.
1454 2861 1501 2883 m.
1521 2861 1594 2883 sec.
1613 2853 1748 2891 colendi)
1770 2852 1795 2881 V
1812 2869 1854 2874 —-
1879 2852 2006 2883 43.ὴο-

238 2911 374 2951 minum]
400 2910 544 2940 omnium
569 2910 593 2939 Α
613 2924 647 2929 ——
678 2905 726 2937 &et
749 2909 779 2937 ec
803 2915 844 2937 ex
863 2904 1093 2944 dittographia
1112 2906 1161 2939 A;
1187 2907 1232 2934 est
1257 2913 1297 2934 ex
1323 2903 1541 2934 correctione
1566 2901 1673 2933 habet
1688 2902 1717 2932 V
1738 2920 1771 2925 -
1794 2902 1846 2932 45.
1868 2905 2006 2942 possunt

240 2960 316 2992 V'JO
346 2979 380 2983 —
405 2960 476 2989 (litt-i
501 2960 538 2989 iis
564 2956 663 2989 (JV'Jz
699 2958 771 2988 disci
795 2957 822 2987 is
845 2953 883 2987 Α1
899 2956 922 2986 Β
939 2953 999 2987 V¹z
1034 2954 1105 2984 dmi
1128 2954 1176 2983 his
1201 2951 1300 2989 A'2E3
1334 2953 1479 2983 dminus
1503 2951 1569 2983 alii.
1599 2970 1632 2974 —
1663 2952 1713 2984 46.
1738 2960 1781 2983 ea>
1803 2952 1852 2982 his
1875 2952 1898 2983 B
1914 2952 1939 2983 Ε
1966 2968 2002 2974 -

237 3012 288 3042 47.
307 3020 364 3042 nec
380 3011 465 3041 enim
477 3026 519 3031 --
537 3009 681 3038 condunt
698 3007 874 3038 Charisius
893 3014 926 3046 p.
943 3004 1015 3042 437,
1032 3003 1051 3035 li-
1069 3003 1124 3035 ed.
1141 3002 1224 3034 Keil.
1244 3021 1277 3025 -
1300 3003 1349 3033 lS.
1368 3011 1501 3033 murum
1515 3002 1711 3034 Charisius:
1729 3002 1875 3032 murium
1890 2999 1917 3033 Ἡ
1929 3001 2000 3032 0—

236 3061 304 3101 aui]
329 3064 428 3099 alque
444 3061 467 3090 C
494 3076 528 3080 -
558 3059 609 3088 ⁴21.
634 3059 667 3088 ηἰ
685 3060 708 3089 Α
722 3054 756 3088 13¹
770 3058 793 3088 E
804 3057 847 3086 V:
876 3056 939 3087 nist
955 3054 1027 3086 B‘—'C
1044 3054 1068 3084 O
1089 3071 1123 3076 —
1142 3053 1275 3084 ubertas
1290 3056 1318 3083 ec
1336 3053 1484 3083 uarietas
1509 3053 1552 3083 C:
1579 3052 1712 3083 ubertas
1734 3052 1884 3082 uarietas
1895 3052 1921 3082 Α
1933 3050 2000 3087 BV;

234 3111 368 3142 ubertas
390 3109 599 3146 uarietasqnc
624 3108 647 3138 E
669 3125 701 3129 —
730 3108 782 3138 22.
809 3106 966 3136 iocundus
990 3105 1013 3135 C
1029 3104 1054 3134 E
1073 3120 1107 3124 —
1135 3103 1188 3133 25.
1214 3101 1328 3141 walia
1353 3110 1442 3133 corr.
1463 3110 1503 3132 ex
1527 3102 1636 3131 cratia
1654 3101 1681 3130 V
1700 3117 1733 3121 —
1762 3101 1814 3131 26.
1841 3101 2004 3140 confectus

237 3159 276 3190 V¹
304 3178 337 3182 —
365 3160 416 3190 28,
449 3161 577 3197 possent
601 3158 625 3188 O
653 3174 685 3178 —
725 3165 907 3187 canum--
926 3154 1076 3185 adulatio
1106 3152 1237 3183 Nonius
1269 3160 1302 3192 p.
1322 3152 1374 3182 117.
1410 3169 1444 3173 -—
1481 3151 1532 3182 32.
1559 3150 1660 3181 bubus
1690 3151 1717 3181 Α
1731 3148 1870 3181 B¹CV:
1903 3149 2002 3180 bobus

237 3209 312 3243 B‘2E
327 3212 364 3241 0.
392 3208 442 3240 Cf.
461 3217 494 3249 p.
514 3207 588 3243 447,
609 3207 638 3237 3.
658 3224 699 3229 —
723 3215 866 3246 quarum
890 3206 918 3236 V
938 3222 972 3226 -—
999 3204 1051 3235 34.
1078 3211 1187 3234 arara
1203 3202 1244 3232 Ψ
1264 3219 1298 3223 -
1325 3201 1378 3233 36.
1398 3201 1556 3241 loquutur
1572 3202 1598 3232 Α
1617 3217 1652 3222 ——
1674 3199 1725 3232 37.
1751 3204 1796 3232 est
1820 3206 1996 3241 superscr-

238 3262 273 3294 in
297 3261 342 3298 Α;
370 3267 438 3291 om.
466 3259 500 3290 in
524 3266 646 3289 rasura
671 3257 787 3297 (fuisse
804 3256 942 3288 videtur
963 3257 1040 3286 sunt
1061 3262 1124 3295 pro
1147 3251 1187 3293 st)
1211 3252 1249 3283 B.
