2249 3624
878 244 1201 288 FRAGMENTA.
1811 247 1916 290 ⁴017

261 348 293 386 A
321 349 414 386 love
442 348 646 387 Musarum
675 348 913 400 primordia:
944 364 1080 398 semper
1106 356 1143 388 in
1175 366 1234 390 ore

159 411 341 447 Plurimus
370 412 428 447 ille
455 413 639 447 hominum
666 419 737 453 est,
769 415 831 458 qui
859 416 1013 459 corripila
1044 419 1187 451 numine
1225 429 1354 464 mayno

160 473 426 521 Cone-iliumque
454 479 570 511 virum
598 477 746 521 complet
773 478 988 522 pelayusque
1017 481 1235 523 profundum

159 537 204 573 Et
229 538 350 584 pelayi
375 543 513 583 portus.
572 538 744 574 Fruimur
770 538 854 574 Iove
881 545 911 574 et
941 542 1074 575 utimur
1106 553 1243 582 onines,·

155 599 228 636 Nos
257 612 364 646 yenus
394 601 514 641 illius,·
546 602 648 635 nobis
678 602 737 636 ille
764 603 881 636 omine
908 602 1001 636 laeto
1893 602 1916 640 5

155 662 312 698 Dextera
337 665 546 709 praesignat
571 665 812 709 populumque
839 664 1025 698 laboribus
1056 672 1177 711 tir-yet,

158 725 325 762 Consulat
354 731 390 760 ut
417 727 534 761 vitae.-
565 727 709 771 quando
739 727 785 760 sit
812 731 910 761 terra
946 727 1060 772 liqoni

154 790 282 836 Aptior
307 794 368 824 aut
395 789 506 824 bubus
536 795 650 824 monet
690 795 720 824 et
748 800 816 834 quo
847 795 1002 834 tempore
1027 801 1098 835 par
1124 793 1171 825 sit

154 853 223 889 Aut
250 863 363 887 serere
391 857 453 886 aut
479 858 622 897 saeptas
650 852 806 897 lymphis
834 852 1045 897 adspcrqere
1071 853 1230 898 plantas.

153 915 234 961 Ipse
260 917 369 950 etiam
397 916 433 949 in
463 926 592 960 mayno
619 915 742 959 defixit
770 915 891 949 sidera
928 915 1059 949 mundo
1870 918 1912 955 10

157 976 293 1015 Ordine
319 988 478 1023 quaeque
504 988 567 1011 suo
597 982 701 1022 alque
729 977 766 1010 in
797 982 908 1011 tolum
935 977 1106 1021 providus
1135 988 1269 1012 annum

153 1041 262 1078 Astra
289 1042 401 1082 dedit,
433 1052 524 1086 quae
552 1051 614 1074 nos
643 1045 830 1082 moneant,
861 1051 933 1085 qua
961 1041 1139 1085 quaelibet
1167 1041 1257 1075 hora

152 1104 247 1150 Apta
273 1106 369 1151 yeri,
404 1109 500 1139 certa
528 1109 725 1139 nascantur
752 1108 789 1137 ut
818 1105 941 1138 onmia
979 1103 1063 1149 leqe.

152 1167 251 1204 Idem
277 1178 360 1213 erqo
386 1168 526 1212 primus
552 1167 724 1212 placatur
751 1171 782 1201 et
810 1167 956 1201 ultimus
989 1168 1096 1202 idem.

152 1230 283 1276 Mayne
307 1235 428 1275 paler,
460 1240 629 1275 maynum
658 1228 870 1263 mortalibus
901 1230 1174 1270 incrementum,
1868 1229 1912 1267 15

151 1293 340 1339 Proyenies
365 1293 490 1337 prior,
522 1297 552 1326 et
579 1292 696 1326 dulces
724 1296 806 1326 ante
835 1293 958 1326 omnia
993 1291 1142 1332 Musae,

153 1355 275 1392 Cuncti
302 1366 374 1390 una
400 1355 530 1389 salvete
559 1355 648 1388 mihi
675 1359 706 1389 et
734 1354 821 1388 dum
847 1355 968 1389 sidera
995 1360 1124 1395 canto,

151 1418 191 1455 Si
220 1421 273 1454 ius
299 1419 425 1462 sasque
451 1419 591 1464 sinunt,
621 1417 766 1462 lonyum
793 1418 953 1453 deducite
981 1429 1139 1453 carmen.

252 1480 398 1519 Cetera
426 1477 617 1518 labuntur
645 1477 764 1516 celeri
794 1478 990 1517 caelestia
1019 1485 1152 1527 motu,

153 1543 256 1582 Cum
283 1541 481 1592 caeloque
509 1541 628 1580 simul
658 1547 882 1592 noctesque
912 1542 1084 1594 diesque
1115 1543 1323 1589 feruntur3

151 1608 240 1643 Aoeis
269 1613 305 1642 at
336 1608 502 1641 immotus
528 1618 713 1652 nunquam
742 1608 893 1652 vestiyia
930 1612 1065 1648 mutat,

153 1669 222 1706 Sed
252 1675 341 1705 tenet
369 1670 516 1714 aequali
543 1669 698 1704 libratas
724 1670 879 1714 pondere
910 1674 1043 1711 terras,-

153 1733 266 1778 Quem
294 1735 429 1768 circum
456 1744 588 1778 mayno
616 1744 650 1768 se
676 1733 787 1768 volvit
815 1733 954 1768 turbine
989 1733 1140 1768 caelum.

149 1795 453 1845 Extremusque
483 1792 585 1832 adeo
616 1791 766 1843 duplici
794 1791 844 1830 de
874 1792 1039 1831 cardine
1067 1799 1208 1831 vertex

155 1856 311 1895 Dicitur
338 1866 432 1893 esse
459 1854 597 1906 polus,
627 1868 780 1902 quorum
808 1858 865 1892 hic
890 1868 961 1892 non
988 1859 1167 1898 cernitur,
1201 1858 1259 1892 ille
1861 1849 1908 1887 25

151 1922 207 1958 Ad
235 1921 407 1964 Boream,
445 1918 581 1956 Oceani
607 1931 736 1964 supera
765 1921 920 1965 confinia
947 1921 1080 1954 tendit.-

151 1983 264 2028 Quem
294 1985 439 2029 cinyunt
471 1980 614 2017 Ursae
641 1982 789 2017 celebres
817 1984 1023 2027 coqnomine
1050 1982 1287 2021 Plaustri,

148 2047 260 2093 Quas
290 2043 413 2081 nostri
443 2048 602 2093 septem
631 2043 735 2081 soliti
762 2043 940 2082 vocitare
970 2043 1150 2081 Triones.

148 2109 307 2146 Alterius
335 2113 441 2154 caput
469 2109 618 2143 alterius
644 2109 875 2154 flammantia
903 2114 1003 2154 terqa

149 2172 311 2218 Adspicit
340 2173 445 2217 inque
472 2173 582 2206 vicem
607 2182 744 2216 pronas
773 2173 869 2216 rapit
898 2172 996 2206 orbis
1024 2173 1061 2206 in
1091 2172 1185 2216 ipsos
1859 2162 1907 2198 30

149 2234 345 2270 conversas
373 2235 551 2268 humeros.
610 2232 734 2273 Creta,
766 2235 798 2268 si
826 2235 965 2269 credere
991 2236 1048 2278 sas
1080 2239 1148 2273 est,

146 2297 202 2332 Ad
229 2298 320 2332 caeli
346 2297 480 2331 nitidos
509 2307 594 2332 atres
622 2307 744 2331 venere
770 2297 916 2332 relicta.-

146 2359 308 2404 Iuppiter
335 2359 400 2394 hoc
426 2359 561 2405 voluit,
591 2369 694 2403 quem
719 2359 782 2393 sub
811 2359 894 2394 bene
922 2359 1096 2393 olentibus
1132 2358 1248 2392 herbis

145 2421 339 2457 Ludenlem
367 2421 466 2456 Dicti
493 2427 598 2466 yralo
624 2432 772 2466 posuere
799 2423 861 2456 sub
891 2427 996 2456 antro

145 2484 295 2520 Idaeum
323 2485 371 2519 ad
399 2489 550 2518 montem
579 2489 758 2529 totumque
785 2485 907 2520 aluere
933 2495 997 2529 per
1025 2495 1181 2525 annum,
1857 2474 1903 2512 35

146 2547 344 2583 Saturnum
371 2547 505 2590 fallunt
531 2548 615 2581 dum
643 2547 786 2582 Dictaei
821 2547 1050 2593 Corybantes.

144 2607 202 2645 Ex
231 2607 292 2645 his
321 2606 446 2645 altera
477 2606 585 2657 apud
615 2608 757 2646 Graios
786 2608 1050 2658 Cynosura
1079 2613 1267 2654 vocatur,

144 2667 282 2707 Altera
311 2667 457 2706 dicitur
485 2680 577 2707 esse
607 2669 800 2718 Helice,
830 2684 921 2717 quae
949 2677 1123 2706 monstrat
1162 2672 1304 2706 Achivis

143 2732 186 2767 In
213 2734 340 2779 pelaqo
367 2735 471 2768 navis
499 2744 568 2779 quo
595 2735 640 2768 sit
670 2736 860 2775 vertenda‚·
893 2736 952 2769 sed
980 2735 1047 2770 illa

147 2792 352 2831 confidunt
380 2791 484 2831 duce
511 2799 709 2832 nocturna
738 2794 962 2833 Phoenices
992 2795 1030 2832 in
1058 2794 1150 2833 alto.
1855 2790 1902 2827 ’40

147 2853 229 2893 Sed
258 2855 370 2905 prior
396 2853 461 2893 illa
491 2855 620 2905 magis
649 2854 779 2893 stellis
807 2855 996 2895 distincta
1025 2855 1197 2905 refulget

142 2917 192 2955 Et
217 2916 297 2955 late
325 2917 456 2967 prima
484 2917 696 2955 confestim
726 2929 747 2955 a
776 2924 896 2956 nocte
924 2918 1096 2957 videtur.

143 2979 251 3017 Haec
278 2990 374 3017 vero
402 2990 529 3029 parva
558 2985 643 3027 est,
674 2978 748 3017 sed
777 2981 910 3018 nautis
940 2993 1039 3020 usus
1067 2982 1109 3019 in
1137 2981 1211 3019 bac
1245 2986 1329 3028 cst;

143 3041 242 3079 Nam
271 3052 393 3078 cursu
419 3040 611 3078 interiore
641 3040 753 3078 brevi
782 3043 1032 3081 convertitur
1059 3043 1180 3090 orbe,

145 3103 326 3149 Siynaque
353 3102 516 3139 Sidoniis
544 3109 720 3139 monstrat
747 3107 947 3141 certissima
979 3109 1116 3141 nautis.
1852 3105 1898 3141 45

242 3163 321 3201 Has
349 3163 476 3211 inter,
506 3162 629 3202 veluti
659 3164 801 3214 rapido
831 3177 920 3204 cum
947 3168 1105 3217 gurgite
1138 3166 1312 3213 flumen,

144 3224 287 3263 Torvu'
314 3225 479 3264 Draco
506 3227 656 3276 serpit,
687 3226 830 3265 subter
857 3240 1090 3279 superaque
1124 3227 1337 3266 revolvens

231 3325 260 3356 l.
291 3325 386 3364 Quae
413 3323 535 3357 litteris
560 3324 711 3367 obliquis
741 3327 782 3366 (s.
809 3328 966 3367 cursixis)
995 3328 1216 3367 exhibentur,
1249 3331 1328 3360 sunt
1356 3330 1462 3361 Grotii
1490 3329 1746 3372 supplementa.
