2249 3624
289 131 370 174 564
948 131 1018 172 DE
1048 132 1401 172 DIVINATIONE

288 251 412 278 mane
443 237 494 278 ad
527 237 826 284 coniectorem3
858 241 900 276 at
930 236 1020 283 ille,
1052 237 1214 284 vinces,
1245 237 1405 290 inquit3
1437 235 1481 276 id
1505 237 1614 276 enim
1638 237 1827 278 celeritas
1849 239 2056 293 significat

289 306 331 341 et
360 301 423 340 vis
455 313 674 353 equorum.
734 300 833 338 Post
863 298 973 338 idem
1005 299 1054 338 ad
1086 299 1412 351 Antiphontem3
1443 299 1477 339 is
1509 304 1662 346 autem,
1693 300 1873 349 vincare,
1903 303 2054 356 inquit,

287 376 462 403 necesse
493 368 576 402 est:
614 376 667 402 an
697 375 782 401 non
815 361 1025 414 intellegis
1057 367 1253 413 quattuor
1289 367 1384 401 ante
1422 367 1462 401 te
1494 363 1761 402 cucurrisse?
1810 364 1917 404 Ecce
1947 365 2056 406 alius

288 438 434 466 cursor
461 449 516 454 -
548 430 672 477 atque
704 424 851 463 horum
885 424 1143 464 somniorum
1177 430 1217 464 et
1248 425 1395 464 talium
1426 425 1577 477 plenus
1609 431 1672 465 est
1695 425 1915 481 Chrysippi
1937 427 2055 475 liber,

257 488 435 541 5plenus
452 487 659 540 Antipatri
671 509 738 534 —,
761 485 834 526 sed
856 485 907 525 ad
930 500 1142 526 cursorem
1165 487 1316 527 redeo:
1340 487 1390 526 ad
1415 488 1684 540 interpretem
1703 488 1853 528 detulit
1871 489 2055 543 aquilam

287 564 332 590 se
362 550 405 589 in
437 550 594 590 somnis
626 549 761 588 visum
795 561 886 588 esse
908 547 1083 596 factum3
1116 555 1155 588 at
1177 549 1267 596 ille,
1292 549 1452 597 vicisti3
1485 550 1564 589 ista
1587 550 1697 590 enim
1717 550 1784 590 avi
1807 550 1919 591 volat
1940 551 2057 591 nulla

285 612 591 652 vehementius.
650 610 758 650 Huic
790 610 926 650 eidem
957 611 1163 664 Antipho,
1200 612 1325 659 baro,
1366 612 1527 665 inquit,
1569 612 1722 652 victum
1762 618 1803 652 te
1841 626 1933 653 esse
1970 627 2056 653 non

285 675 431 715 vides?
463 676 541 714 ista
573 673 683 713 enim
715 673 802 712 avis
826 673 1038 712 insectans
1061 673 1163 713 alias
1188 674 1277 714 avis
1301 680 1340 714 et
1361 675 1522 727 agitans
1545 688 1711 727 semper
1732 675 1823 728 ipsa
1845 681 2058 729 postrema

287 743 363 778 est.
424 734 517 776 flai‘o'.
548 737 698 775 Parere
732 735 937 788 quaedam
970 740 1159 775 matrona
1182 737 1380 790 cupiens,
1403 736 1598 776 dubitans
1625 742 1788 777 essetne
1810 750 2056 791 praegnans,

238 801 377 842 aovisa
417 806 479 840 est
514 799 556 838 in
598 798 741 852 quiete
780 798 1039 849 obsignatam
1071 797 1227 838 habere
1260 804 1482 847 naturam;
1524 799 1713 847 rettulit;
1754 800 1921 852 negavit
1952 813 2056 848 eam,

288 862 485 916 quoniam
527 861 745 913 obsignata
783 859 955 906 fuisset,
997 861 1217 913 concipere
1258 861 1461 913 potuisse.
1521 863 1574 900 At
1611 861 1717 900 alter
1757 869 2058 916 praegnantem

286 938 377 965 esse
408 924 535 970 dixit;
577 936 671 963 nam
703 922 828 962 inane
860 922 1072 975 obsignari
1105 922 1209 961 nihil
1243 923 1391 962 solere.
1464 922 1581 971 Quae
1614 928 1677 963 est
1707 937 1772 964 ars
1805 925 2056 966 coniectoris

285 987 493 1027 eludentis
524 986 729 1039 ingenio?
775 998 828 1024 an
860 998 928 1032 ea,
973 997 1079 1038 quae
1111 984 1219 1031 dixi,
1261 991 1301 1025 et
1337 985 1682 1033 innumerabilia,
1724 1000 1833 1040 quae
1870 988 2059 1028 conlecta

283 1050 439 1090 habent
472 1049 620 1095 Stoici,
653 1048 880 1101 quicquam
913 1047 1153 1100 significant
1183 1048 1264 1087 nisi
1298 1061 1473 1088 acumen
1507 1049 1741 1096 bominum,
1781 1063 1834 1089 ex
1865 1050 2058 1090 similitu-

235 1125 271 1153 ⁴5
285 1113 382 1153 dine
412 1112 553 1165 aliqua
585 1112 866 1151 coniecturam
898 1110 1022 1149 modo
1053 1109 1155 1156 hue,
1179 1110 1302 1150 modo
1326 1110 1426 1150 illuc
1448 1111 1722 1150 ducentium?
1763 1112 1915 1152 Medici
1936 1113 2057 1164 signa

284 1176 490 1230 quaedam
522 1173 677 1213 habent
707 1186 760 1213 ex
790 1174 908 1213 venis
941 1178 982 1212 et
1012 1186 1065 1212 ex
1097 1172 1247 1226 spiritu
1272 1174 1451 1226 aegroti,
1480 1173 1708 1227 multisque
1732 1187 1783 1214 ex
1805 1175 1897 1215 aliis
1919 1175 2058 1215 futura

282 1239 595 1291 praesentiunt;
641 1234 939 1289 gubernatores
978 1248 1071 1274 cum
1110 1235 1359 1275 exsultantis
1398 1235 1608 1288 lolligines
1640 1236 1837 1276 viderunt
1867 1243 1939 1277 aut
1969 1237 2058 1277 del-

282 1301 436 1356 phinos
472 1314 516 1340 se
554 1300 596 1339 in
634 1304 802 1352 portum
843 1298 1123 1344 conicientes,
1162 1302 1451 1351 tempestatem
1483 1296 1708 1350 significari
1740 1304 1910 1352 putant:
1952 1299 2057 1340 haec

282 1366 442 1405 ratione
473 1361 677 1415 explicari
717 1366 757 1401 et
787 1362 838 1401 ad
869 1366 1060 1401 naturam
1090 1361 1276 1400 revocari
1308 1360 1429 1401 facile
1461 1366 1662 1414 possunt,
1706 1374 1753 1401 ea
1784 1375 1906 1410 vero,
1947 1375 2056 1416 quae

232 1438 268 1468 20
281 1428 405 1481 paulo
437 1432 532 1466 ante
565 1424 676 1473 dixi,
708 1424 824 1465 nullo
855 1425 996 1464 modo.

394 1489 543 1529 LXXI.
586 1485 676 1526 146.
717 1489 770 1527 At
809 1488 919 1527 enim
962 1486 1199 1527 observatio
1242 1486 1440 1527 diuturna
1480 1509 1533 1514 —
1570 1486 1676 1527 haec
1707 1487 1818 1527 enim
1848 1501 1943 1541 pars
1974 1501 2057 1528 una

280 1559 410 1594 restat
452 1576 503 1581 —
541 1550 739 1591 notandis
781 1551 908 1590 rebus
946 1549 1045 1590 fecit
1084 1555 1228 1589 artem.
1288 1550 1367 1589 Ain
1400 1549 1602 1589 tandem?
1649 1550 1811 1590 somnia
1843 1550 2056 1591 observari

280 1618 483 1671 possunt?
518 1627 702 1669 quonam
733 1614 888 1653 modo?
921 1618 1018 1652 sunt
1050 1612 1160 1653 enim
1192 1612 1518 1652 innumerabiles
1551 1612 1801 1661 varietates;
1833 1614 1939 1653 nibil
1971 1619 2056 1654 tam

280 1683 570 1733 praepostere,
611 1683 694 1717 tam
726 1676 962 1724 incondite,
1004 1682 1087 1716 tam
1119 1681 1386 1716 monstruose
1418 1675 1591 1727 cogitari
1623 1680 1783 1728 potest,
1825 1677 1938 1730 quod
1971 1690 2055 1716 non

230 1752 266 1780 -25
279 1742 490 1796 possimus
521 1741 741 1780 somniare.
803 1739 898 1787 Quo
929 1741 1054 1779 modo
1085 1739 1211 1792 igitur
1239 1740 1343 1779 haec
1373 1736 1535 1778 infinita
1576 1743 1616 1777 et
1648 1751 1815 1791 semper
1844 1752 1954 1779 nova
1984 1743 2056 1778 aut

280 1804 483 1845 memoria
523 1803 732 1856 conplecti
772 1808 844 1842 aut
884 1802 1149 1842 observando
1181 1808 1324 1842 notare
1357 1802 1611 1854 possumus?
1671 1800 1883 1854 Astrologi
1915 1806 2052 1841 motus

281 1868 507 1907 errantium
547 1865 759 1906 stellarum
796 1870 1078 1913 notaverunt3
1125 1865 1319 1905 inventus
1359 1868 1421 1904 est
1460 1864 1570 1903 enim
1612 1863 1715 1902 ordo
1748 1863 1791 1902 in
1823 1863 1874 1903 iis
1906 1861 2052 1910 stellis,

281 1931 469 1984 quinon
500 1928 734 1982 putabatur.
811 1928 922 1968 Cedo
965 1928 1135 1968 tandem
1175 1927 1246 1980 qui
1286 1927 1339 1967 sit
1379 1926 1483 1967 ordo
1526 1931 1599 1966 aut
1636 1939 1744 1979 quae
1786 1925 2051 1966 concursatio

280 1993 572 2034 somniorum?
618 2005 702 2045 quo
744 1991 866 2031 modo
906 1996 1044 2030 autem
1088 1989 1290 2043 distingui
1330 1995 1508 2043 possunt
1546 2002 1644 2029 vera
1680 1989 1840 2029 somnia
1871 2002 1895 2028 a
1924 1988 2054 2036 falsis,

230 2063 267 2093 30
282 2069 373 2096 cum
412 2054 557 2095 eadem
596 2058 636 2093 et
674 2053 766 2093 aliis
805 2053 925 2093 aliter
957 2051 1137 2093 evadant
1168 2057 1207 2091 et
1236 2051 1369 2093 isdem
1399 2066 1485 2092 non
1518 2065 1685 2105 semper
1715 2051 1864 2092 eodem
1896 2051 2055 2091 modo?

280 2124 326 2158 ut
355 2117 456 2158 mihi
487 2116 637 2156 mirum
669 2115 874 2163 videatur,
907 2129 999 2155 cum
1032 2115 1223 2155 mendaci
1254 2115 1413 2155 homini
1443 2129 1496 2156 ne
1528 2129 1672 2155 verum
1705 2115 1875 2168 quidem
1897 2113 2054 2154 dicenti

281 2180 451 2220 credere
483 2180 713 2225 soleamus,
746 2192 830 2231 quo
863 2178 988 2218 modo
1020 2178 1107 2226 isti,
1140 2179 1175 2218 si
1201 2179 1407 2218 somnium
1428 2191 1573 2217 verum
1597 2178 1729 2217 evasit
1750 2176 1945 2231 aliquod,
1967 2190 2054 2216 non

281 2256 335 2283 ex
365 2243 507 2283 multis
538 2242 675 2296 potius
715 2242 787 2281 uni
826 2241 951 2281 fidem
991 2241 1192 2294 derogent
1233 2254 1359 2294 quam
1398 2254 1451 2280 ex
1487 2253 1572 2280 uno
1604 2239 1925 2280 innumerabilia
1957 2252 2056 2279 con-

281 2303 456 2346 firment.
512 2302 605 2344 1147.
638 2304 681 2344 Si
711 2304 838 2356 igitur
869 2317 1006 2356 neque
1038 2303 1140 2344 deus
1172 2309 1235 2344 est
1266 2304 1438 2343 effector
1468 2302 1729 2342 somniorum
1767 2315 1903 2356 neque
1934 2306 2056 2342 natu-

369 2517 399 2548 4.
426 2516 541 2556 inquid
564 2513 638 2547 ΑΒ1
665 2532 699 2537 -
726 2514 755 2546 4.
785 2515 828 2545 ad
853 2523 914 2554 que
937 2514 961 2545 B
990 2532 1025 2536 —
1053 2515 1083 2546 5.
1110 2517 1146 2545 at
1169 2517 1195 2546 A
1223 2532 1257 2537 —
1286 2515 1316 2545 6.
1344 2516 1387 2545 ad
1411 2515 1464 2546 ille
1487 2517 1512 2546 Α
1539 2532 1581 2537 --
1611 2514 1667 2545 avi
1692 2512 1903 2545 Lambinus:
1931 2514 2005 2544 auis
2028 2512 2052 2544 C

283 2584 317 2590 -
344 2567 376 2598 7.
402 2567 477 2597 huic
499 2566 602 2597 eidem
632 2564 842 2596 Lambinus:
877 2564 951 2595 huic
974 2565 1120 2603 equidem
1145 2568 1169 2595 A
1180 2563 1229 2602 132,
1261 2566 1336 2596 huic
1359 2569 1404 2597 est
1429 2566 1558 2604 quidem
1581 2564 1630 2603 13¹,
1663 2565 1738 2595 huic
1762 2564 1891 2604 quidem
1914 2561 2051 2602 Erlang.

284 2635 319 2640 —
347 2618 479 2656 antipho
504 2618 550 2647 A:
590 2615 719 2646 antiche
745 2614 782 2652 B,
807 2614 967 2653 Antiphon
994 2615 1040 2651 03
1077 2614 1118 2646 cf.
1147 2615 1158 2645 I
1184 2615 1200 2653 §
1224 2615 1280 2645 116
1306 2633 1347 2637 -
1372 2619 1400 2646 le
1424 2616 1549 2646 uictum
1573 2615 1708 2645 Marsus
1733 2614 1758 2645 Ο
1786 2631 1819 2635 ——
1855 2613 1885 2644 8.
1911 2614 1986 2643 auis
2009 2611 2052 2642 B:

280 2676 359 2699 aves
381 2668 462 2706 AO,
495 2665 559 2698 sed
583 2673 599 2696 e
622 2666 655 2696 in
681 2673 750 2696 ras.
778 2665 948 2704 scriptum
975 2665 1008 2695 in
1036 2667 1062 2695 A
1098 2682 1132 2686 -
1168 2664 1199 2696 9,
1225 2674 1370 2705 preynas
1394 2666 1417 2696 B
1453 2682 1486 2687 —
1528 2665 1581 2696 40.
1607 2664 1733 2695 rettulit
1757 2664 1805 2694 B:
1838 2662 1892 2694 sed
1915 2662 1990 2693 tulit
2012 2663 2052 2700 Α,

278 2718 391 2750 retulit
414 2719 461 2755 03
489 2718 532 2749 ad
555 2716 769 2746 coniectorem
791 2715 904 2745 retulit
927 2714 1114 2745 Lambinus
1140 2731 1174 2736 ——
1205 2716 1255 2745 Η.
1283 2716 1326 2745 ad
1351 2716 1390 2747 Αἱ
1417 2734 1451 2738 —
1481 2718 1700 2755 praeynalem
1723 2712 1815 2744 A¹B¹
1843 2730 1875 2734 ——
1911 2712 1962 2743 ΛΞ.
1990 2712 2054 2742 isla

280 2776 337 2798 ars
360 2767 462 2798 codd.
482 2764 679 2806 interpolati
698 2765 825 2797 Moseri
843 2768 877 2796 et
893 2765 918 2795 O
940 2781 973 2785 -
1004 2764 1053 2796 44.
1074 2765 1257 2803 quidquam
1282 2766 1307 2797 O
1335 2783 1369 2788 —
1397 2766 1578 2806 siqnificent
1601 2765 1639 2796 B¹
1658 2782 1694 2787 —
1721 2771 1861 2795 acumen
1883 2771 1925 2793 ex
1947 2761 2054 2793 homi-

278 2826 357 2848 num
381 2818 417 2855 B,
444 2817 508 2849 sed
532 2825 575 2848 ex
599 2824 688 2847 eras.
720 2834 752 2837 —
782 2816 832 2846 45.
852 2824 904 2846 mo
930 2815 1006 2846 illuc
1030 2815 1206 2845 dicentiwn
1230 2815 1253 2845 B
1282 2832 1317 2837 —
1355 2816 1403 2846 16.
1432 2816 1578 2855 quadam
1601 2817 1641 2846 A¹
1669 2830 1703 2837 —-
1731 2814 1879 2853 eoepiritu
1902 2812 1990 2844 A¹B¹
2015 2826 2050 2833 ———

279 2866 333 2898 47.
358 2867 540 2898 exultantis
563 2866 644 2904 ΑΒ,
670 2865 872 2897 exsultantes
896 2865 920 2896 O
947 2881 981 2886 —-
1009 2864 1168 2904 lolliyines
1191 2865 1267 2895 AB:
1294 2865 1440 2905 loliyirzes
1466 2865 1600 2904 Erlang.
1629 2864 1653 2895 O
1681 2880 1714 2885 —
1748 2863 1891 2893 uiderint
1915 2860 2049 2901 Erlang.

280 2916 305 2947 Ο
331 2932 365 2937 -
395 2916 447 2947 48,
466 2917 580 2948 εοηὶἑσ.
600 2917 624 2947 O
654 2933 687 2937 —
713 2916 843 2955 pulanl]
859 2913 882 2956 ᾖ
898 2915 1022 2946 coitanl
1046 2918 1070 2946 Α
1096 2916 1129 2945 in
1154 2914 1230 2945 loco
1256 2915 1404 2946 evanido
1424 2931 1458 2936 -—
1488 2914 1539 2945 49.
1559 2913 1728 2953 eassplicare
1752 2912 1776 2944 Ο
1802 2920 1923 2943 errore
1947 2913 2052 2951 typo-

279 2965 444 3005 graphio-0
474 2984 508 2988 —
542 2967 594 2997 ⁶211.
622 2969 656 2997 at
680 2966 712 2996 in
738 2973 806 2996 ras.
832 2967 859 2996 A
893 2983 927 2987 —
963 2965 1014 2995 22.
1037 2968 1165 3003 prestat
1189 2965 1226 2995 Bl
1254 2983 1288 2987 —
1323 2964 1390 3005 ain}
1414 2974 1456 2995 an
1482 2964 1524 3002 B,
1559 2964 1601 2995 cf.
1630 2964 1657 2994 11
1684 2963 1760 3003 §5⁶2
1787 2978 1821 2984 —-
1854 2961 1906 2993 23.
1933 2968 2052 2992 conam

279 3014 318 3044 B¹
344 3030 379 3035 —
413 3015 466 3046 25.
487 3017 651 3054 possimus
675 3024 766 3047 corr.
788 3024 829 3046 ex
850 3024 1025 3054 possumus
1049 3016 1082 3046 in
1108 3016 1130 3046 B
1160 3032 1193 3037 —
1230 3015 1280 3046 27.
1308 3016 1507 3046 terranlium
1531 3015 1569 3045 B¹
1595 3031 1629 3036 —
1657 3013 1786 3044 stellare
1810 3009 1847 3043 B¹
1874 3027 1908 3032 —
1941 3010 1968 3041 is
1990 3010 2049 3041 ΑΒ

283 3080 318 3085 -
352 3064 404 3095 28.
431 3067 490 3095 aut
515 3073 610 3105 quem
633 3068 659 3096 A
687 3082 722 3086 ——
755 3065 806 3096 30.
835 3066 947 3096 iisdem
972 3065 997 3095 O
1024 3082 1059 3086 —-
1092 3064 1144 3095 32.
1171 3065 1299 3105 aliquid
1322 3067 1373 3101 Al,
1400 3064 1526 3103 aliquot
1550 3064 1573 3095 B
1602 3080 1635 3084 —
1670 3061 1746 3102 non]
1770 3062 1838 3093 nim
1861 3061 1899 3092 Β1
1925 3078 1959 3083 -
1994 3059 2046 3090 33.

280 3113 434 3153 deroqent
449 3131 497 3136 --
513 3117 704 3155 confirment
729 3114 940 3146 Lambinus:
979 3115 1138 3155 deroyanl
1154 3131 1203 3137 --
1221 3116 1416 3153 confirmant
1441 3114 1524 3149 CO;
1559 3113 1721 3144 codicum
1746 3111 1904 3143 lectionis
1928 3111 2048 3150 patro-

279 3162 410 3193 nicium
436 3166 591 3204 suscepit
615 3165 785 3202 Mosems,
813 3164 875 3195 sed
902 3163 956 3195 ille
981 3164 1196 3204 argumentis
1220 3172 1317 3200 usus,
1345 3172 1434 3203 quae
1460 3162 1560 3194 nobis
1585 3162 1730 3202 quidem
1756 3160 1847 3193 nulla
1870 3158 2043 3190 videntur.

283 3229 317 3235 -
344 3212 397 3245 34.
422 3217 566 3246 naturae
588 3215 725 3246 societas
748 3215 792 3254 Β,
829 3214 893 3247 sed
917 3223 1000 3246 urae
1023 3222 1057 3245 so
1081 3214 1117 3244 in
1142 3221 1230 3251 ras.;
1264 3216 1408 3244 naturae
1430 3213 1568 3244 societas
1591 3216 1636 3244 esc
1660 3212 1750 3244 coni.
1777 3209 1978 3242 Lambinus.
