2249 3624
632 135 721 175 Lm.
751 133 802 174 ΙΙ.
842 130 938 173 Cn».
968 131 1061 172 XII.
1101 127 1161 184 §§
1192 125 1387 169 34-38.
1849 123 1901 167 ’15

144 259 185 294 et
214 252 383 307 propria
411 254 523 290 nota.
569 247 690 297 Quod
722 251 784 287 est
813 245 939 299 igitur
958 245 1065 284 istuc
1085 247 1268 283 vestrum
1291 240 1538 294 probabile?
1580 240 1683 279 Nam
1706 241 1757 287 si,
1789 241 1903 293 quod

144 316 299 369 cuique
331 314 511 354 occurrit
541 318 578 352 et
608 310 741 364 primo
774 308 894 362 quasi
924 307 1124 360 adspectu
1156 304 1368 359 probabile
1398 302 1582 350 videtur,
1615 303 1656 342 id
1688 302 1905 344 confirma-

146 385 228 425 tur,
274 376 375 431 quid
420 388 470 415 eo
512 375 676 414 levius?
735 370 802 411 30.
836 371 907 410 Sin
953 384 1003 410 cx
1045 367 1421 420 circumspectione
1461 366 1602 419 aliqua
1638 372 1678 406 ct
1713 373 1906 407 accurata

146 439 481 481 consideratione
521 436 634 489 quod
677 436 810 474 visum
850 434 924 479 sit,
963 432 1004 473 id
1042 446 1085 472 se
1117 432 1257 471 dicent
1287 429 1432 482 sequi,
1463 434 1600 468 tamen
1632 430 1789 469 exitum
1821 443 1905 469 non

144 503 380 547 habebunt,
424 499 604 552 primum
637 498 735 550 quia
778 497 826 535 iis
860 496 980 542 visis,
1026 496 1134 534 inter
1164 506 1271 546 quae
1302 491 1405 532 nibil
1436 491 1628 538 interest,
1673 492 1936 546 aequaliters

146 564 339 605 omnibus
370 562 593 613 abrogatur
623 558 749 605 lides;
782 557 954 604 deinde,
987 570 1079 596 cum
1112 557 1250 595 dicant
1280 568 1404 608 posse
1435 553 1624 594 accidere
1646 554 1824 607 sapienti
1848 560 1905 602 ut,

145 641 236 668 cum
259 625 398 665 omnia
418 622 563 662 fecerit
585 621 992 673 diligentissimeque
1019 617 1372 670 circumspexerit,
1404 617 1577 656 exsistat
1597 617 1770 669 aliquid,
1793 617 1907 670 quod

146 695 186 729 et
216 687 301 728 veri
333 686 468 725 simile
501 684 693 723 videatur
724 689 764 722 et
794 683 901 721 absit
932 681 1173 733 longissime
1204 694 1226 719 a
1255 693 1374 727 vero,
1407 692 1458 719 nc
1480 680 1513 719 si
1537 693 1725 733 magnam
1748 686 1907 733 partem

145 749 335 804 quidem,
366 753 413 787 ut
443 747 581 786 solent
613 745 774 792 dicere,
806 744 857 784 ad
889 757 1031 782 verum
1064 744 1200 794 ipsum
1231 748 1301 782 aut
1324 756 1448 796 quam
1478 743 1669 795 proxime
1697 742 1910 790 accedant,

146 809 355 852 confidere
396 809 472 849 sibi
502 813 713 862 poterunt.
773 807 824 846 Ut
855 806 965 845 enim
997 805 1230 851 confidant,
1269 810 1413 844 notum
1446 805 1495 844 iis
1528 818 1618 844 esse
1650 805 1819 845 debebit
1849 806 1961 845 in-to

146 875 262 927 signe
296 871 405 912 veri:
438 884 522 924 quo
545 871 723 910 obscuro
755 874 795 908 et
816 882 1017 921 oppresso
1044 868 1156 921 quod
1188 868 1355 906 tandem
1378 880 1518 907 verum
1551 868 1629 907 sibi
1661 868 1914 908 videbuntur

147 935 381 987 attingere?
434 932 544 981 Quid
576 938 715 972 autem
748 936 829 971 tam
861 930 1040 970 absurde
1072 930 1154 969 dici
1186 936 1326 982 potest
1349 942 1473 982 quam
1497 944 1589 969 cum
1618 930 1673 969 ita
1696 931 1911 970 locuntur:

148 1003 209 1039 est
244 997 322 1036 hoc
363 994 531 1048 quidem
571 994 683 1033 illius
715 995 773 1033 rei
805 994 967 1045 signum
999 998 1070 1032 aut
1099 997 1412 1045 argumentum,
1451 996 1491 1031 et
1522 1005 1570 1031 ea
1600 1005 1643 1031 re
1674 992 1714 1031 id
1747 1005 1913 1045 sequor,

147 1059 220 1100 sed
252 1057 340 1098 fieri
379 1062 519 1110 potest
560 1062 605 1096 ut
646 1057 710 1103 id,
750 1057 862 1109 quod
899 1054 1176 1108 significatur,
1222 1060 1293 1095 aut
1322 1054 1471 1094 salsum
1503 1056 1557 1094 sit
1587 1060 1659 1095 aut
1688 1055 1793 1094 nihil
1827 1052 1910 1108 [sit]

146 1121 330 1162 omnin.
389 1120 471 1160 Sed
515 1119 565 1158 de
611 1119 880 1173 perceptione
924 1118 1138 1157 hactenus.
1197 1117 1241 1156 Si
1284 1117 1378 1170 quis
1410 1117 1521 1156 enim
1552 1130 1622 1164 ea,
1666 1130 1773 1170 quae
1804 1118 1962 1158 dictans

146 1190 261 1231 sunt,
301 1182 550 1222 labefactare
590 1182 724 1229 volet,
768 1181 890 1221 facile
935 1181 1057 1221 etiam
1097 1179 1340 1220 absentibus
1382 1180 1502 1219 nobis
1543 1181 1696 1220 veritas
1736 1194 1781 1221 se
1824 1182 1915 1234 ipsa

147 1246 355 1288 defendet.

258 1308 350 1347 XII.
382 1305 449 1347 37.
487 1306 563 1346 His
604 1306 705 1346 satis
737 1305 934 1359 cognitis,
978 1318 1086 1359 quae
1116 1305 1198 1345 iam
1230 1305 1433 1359 explicata
1464 1311 1582 1353 sunt,
1622 1319 1734 1345 nunc
1763 1305 1814 1345 de
1845 1305 1916 1345 ad-

147 1371 343 1412 sensione
374 1376 502 1423 atque
533 1369 861 1422 adprobatione,
894 1382 1017 1422 quam
1050 1368 1195 1408 Graeci
1228 1364 1559 1421 συχκατάθέσιυ
1585 1373 1752 1414 vocant,
1784 1380 1917 1421 pauca

148 1434 353 1481 dicemus,
392 1446 478 1472 non
516 1445 600 1486 quo
639 1445 723 1471 non
764 1431 871 1471 latus
902 1432 1019 1472 locus
1061 1432 1134 1479 sit,
1176 1432 1248 1472 sed
1281 1431 1404 1485 paulo
1435 1436 1531 1472 ante
1562 1431 1668 1471 iacta
1699 1436 1795 1470 sunt
1824 1429 1965 1473 fun-⁶20

149 1496 356 1537 damenta.
414 1496 519 1534 Nam
550 1507 645 1533 cum
676 1494 781 1540 vim,
815 1506 923 1547 quae
955 1500 1066 1534 esset
1096 1494 1138 1533 in
1170 1494 1385 1541 sensibus,
1417 1493 1752 1546 explicahamus,
1793 1492 1917 1532 simul

149 1559 251 1599 illud
285 1557 571 1612 aperiebatur,
616 1556 860 1609 comprendi
893 1557 1021 1596 multa
1053 1562 1094 1596 et
1122 1557 1281 1610 percipi
1313 1557 1529 1604 sensibus,
1560 1556 1675 1610 quod
1705 1555 1796 1604 fieri
1827 1556 1917 1596 sine

149 1621 399 1662 adsensione
429 1633 515 1659 non
547 1624 696 1672 potest.
746 1619 907 1659 Deinde
940 1633 1032 1659 cum
1064 1620 1173 1659 inter
1202 1619 1432 1659 inanimum
1466 1624 1508 1660 et
1536 1619 1692 1660 animal
1721 1619 1802 1659 hoc
1832 1632 1919 1659 ma-

149 1685 261 1723 xime
293 1683 476 1729 intersit,
509 1682 620 1734 quod
650 1681 804 1721 animal
835 1682 918 1734 agit
948 1681 1108 1736 aliquid
1139 1704 1192 1712 --
1223 1682 1328 1722 nihil
1359 1683 1467 1722 enim
1499 1695 1627 1735 agens
1658 1696 1710 1722 ne
1742 1682 1918 1735 cogitari

153 1747 322 1800 quidem
354 1750 491 1799 potest
520 1744 642 1798 quale
674 1744 727 1784 sit
759 1758 833 1783 -ε
871 1750 942 1784 aut
977 1745 1014 1783 ei
1046 1758 1192 1785 sensus
1224 1744 1470 1785 adimendus
1503 1750 1566 1785 est
1595 1750 1666 1785 aut
1697 1758 1767 1792 ea,
1809 1758 1916 1799 quae
1930 1759 1967 1788 95

151 1815 214 1850 est
254 1809 298 1848 in
334 1814 473 1848 nostra
511 1811 718 1860 potestate
757 1807 857 1854 sita,
898 1806 1114 1846 reddenda
1155 1808 1364 1847 adsensio.
1423 1805 1490 1847 38.
1531 1808 1583 1846 At
1624 1821 1722 1847 vero
1754 1807 1916 1847 animus

153 1872 335 1924 quodam
376 1869 501 1910 modo
539 1869 715 1921 eripitur
753 1869 821 1916 iis,
865 1883 971 1922 quos
1003 1882 1140 1923 neque
1172 1870 1327 1909 sentire
1357 1883 1496 1923 neque
1526 1869 1727 1910 adsentiri
1758 1870 1918 1910 volunt.

151 1934 202 1973 Ut
242 1933 355 1973 enim
392 1945 564 1972 necesse
596 1937 657 1970 est
697 1931 858 1971 lancem
890 1932 934 1970 in
965 1932 1070 1971 libra
1104 1932 1357 1985 ponderibus
1389 1932 1585 1985 inpositis
1617 1933 1818 1985 deprimi,
1859 1934 1918 1973 sic

152 1995 336 2035 animum
378 1994 610 2048 perspicuis
648 1994 809 2034 cedere.
869 1995 972 2034 Nam
1016 2008 1100 2047 quo
1143 1995 1267 2035 modo
1307 2008 1393 2034 non
1432 2000 1574 2048 potest
1603 1995 1755 2035 animal
1785 1997 1918 2036 ullum

152 2070 237 2096 non
267 2057 464 2109 adpetere
496 2057 560 2104 id,
598 2056 712 2110 quod
752 2057 1106 2097 accommodatum
1144 2057 1196 2097 ad
1237 2062 1426 2097 naturam
1458 2057 1659 2111 adpareat
1686 2080 1742 2088 —
1773 2059 1917 2100 Graeci
1933 2072 1969 2101 :30

151 2119 194 2158 id
237 2116 392 2160 οἰκεῖον
431 2119 646 2173 appellant
674 2142 747 2168 —‚
788 2120 849 2159 sie
887 2133 971 2160 non
1008 2125 1143 2173 potest
1174 2120 1380 2160 obiectam
1420 2133 1508 2160 rem
1539 2122 1804 2175 perspicuam
1833 2135 1919 2162 non

151 2182 397 2235 adprobare.
448 2182 731 2235 Quamquam,
774 2182 807 2222 si
846 2182 941 2230 illa,
982 2182 1034 2222 de
1076 2183 1228 2236 quibus
1269 2183 1525 2236 disputatum
1558 2188 1641 2232 est,
1679 2197 1780 2225 vera
1810 2189 1920 2232 sunt,

151 2245 257 2284 nihil
287 2245 437 2285 attinet
467 2244 518 2284 de
550 2244 802 2285 adsensione
834 2245 1004 2285 omnino
1033 2245 1163 2298 loqui.
1215 2246 1298 2294 Qui
1331 2246 1442 2286 enim
1473 2246 1575 2300 quid
1606 2248 1806 2301 percipit,
1847 2248 1921 2288 ad-

153 2308 330 2348 sentitur
360 2308 510 2348 statim.
561 2307 642 2346 Sed
672 2307 775 2348 haec
803 2309 926 2348 etiam
950 2313 1164 2356 secuntur,
1196 2322 1273 2349 nee
1295 2310 1536 2349 memoriam
1558 2310 1646 2349 sine
1667 2310 1919 2350 adsensione

152 2383 273 2424 posse
304 2375 495 2410 constare
525 2383 603 2410 nec
634 2370 807 2410 notitias
837 2383 975 2411 rerum
1006 2384 1084 2411 nec
1105 2376 1238 2412 artes:
1270 2371 1424 2426 idque,
1456 2371 1572 2426 quod
1594 2373 1820 2413 maximum
1843 2378 1918 2422 est,
1932 2385 1969 2414 35

241 2545 270 2576 l.
299 2544 382 2583 Quid
404 2552 425 2574 v
451 2545 484 2574 et
509 2544 633 2575 Dax‘ies
659 2561 693 2566 —
727 2545 830 2576 hisluc
854 2543 892 2577 A¹
919 2563 953 2568 -—
987 2545 1018 2576 ⁶2.
1046 2548 1174 2584 aspecto
1199 2542 1236 2575 B¹
1266 2562 1296 2568 —
1327 2544 1357 2576 3.
1384 2545 1447 2576 sint
1470 2541 1508 2576 B¹
1534 2562 1568 2567 -
1596 2546 1627 2577 5.
1653 2546 1694 2577 iis
1716 2547 1760 2577 B:
1787 2547 1815 2578 is
1837 2548 1917 2586 AV,

151 2594 199 2626 his
222 2595 246 2626 O
272 2611 307 2616 —
348 2606 371 2626 A.
397 2595 518 2626 existat
541 2596 568 2626 A
591 2612 634 2618 —-
664 2594 694 2625 8.
722 2604 743 2625 a
768 2596 800 2627 in
826 2596 850 2627 C
876 2604 922 2627 m.
950 2595 968 2626 ⁶2
993 2593 1074 2625 add.
1103 2611 1137 2616 —
1171 2603 1211 2625 ne
1239 2595 1266 2625 si
1296 2594 1433 2634 Madvig
1465 2595 1514 2635 (p.
1543 2594 1604 2627 446
1629 2596 1740 2637 sqq.):
1777 2598 1804 2628 si
1829 2598 1853 2629 C
1883 2616 1917 2620 —

151 2653 273 2685 magna
296 2647 392 2683 parte
416 2645 439 2675 Α
457 2641 494 2675 13²
520 2661 554 2666 —
582 2644 612 2675 9.
640 2644 695 2685 ad]
720 2648 755 2675 ac
781 2645 818 2684 V,
845 2648 902 2676 aut
926 2646 953 2676 A
980 2663 1015 2666 —
1044 2644 1095 2675 40.
1119 2647 1297 2683 potuerunt
1321 2646 1348 2674 Α
1377 2662 1410 2665 -
1437 2643 1498 2674 hiis
1523 2646 1549 2675 A
1572 2660 1607 2666 —
1636 2646 1688 2676 Μ.
1715 2648 1801 2686 quod
1824 2646 1862 2678 Αι
1883 2665 1915 2671 -

152 2705 286 2737 obscuro
312 2705 354 2736 C:
381 2704 553 2737 obscurato
577 2705 698 2738 Lamb.
726 2707 750 2739 O
776 2707 904 2746 (obruto
928 2706 1081 2738 malebat
1106 2705 1241 2744 Davies)
1269 2722 1304 2727 —
1331 2704 1422 2744 obpr.
1448 2704 1488 2736 A¹
1512 2723 1554 2728 —
1577 2706 1637 2737 sibi
1658 2716 1774 2739 verum
1799 2709 1862 2740 GO
1884 2727 1918 2731 —

154 2756 207 2787 42.
233 2756 380 2796 atinyere
402 2755 441 2787 Α1
462 2774 496 2778 -
524 2755 576 2788 44.
602 2757 642 2788 sic
666 2759 745 2797 post
767 2757 848 2788 nihil
871 2758 906 2788 in
929 2758 956 2788 A
981 2765 1058 2796 sup.
1079 2755 1136 2786 lin.
1156 2764 1203 2786 m.
1223 2756 1254 2786 ⁴2.
1274 2773 1308 2777 —
1328 2754 1381 2786 46.
1407 2755 1586 2786 tacentibus
1608 2757 1699 2788 nobis
1722 2757 1864 2789 Walker
1883 2776 1919 2781 —

156 2805 207 2835 ⁴8.
233 2805 375 2844 explicat
399 2805 457 2843 V¹3
490 2806 576 2846 ειμι.
608 2810 683 2839 sunt
711 2815 780 2838 om.
806 2805 846 2838 A¹
874 2824 908 2829 —
941 2807 1128 2838 adsentione
1152 2805 1180 2835 V
1206 2821 1240 2826 -
1275 2804 1327 2834 49.
1353 2804 1585 2836 sincacachesin
1610 2806 1634 2838 C
1663 2824 1697 2828 —
1729 2808 1782 2839 ⁶20.
1809 2817 1872 2847 quo
1896 2808 1920 2839 B

156 2862 244 2886 corr.
271 2864 311 2886 ex
336 2864 372 2886 co
399 2873 434 2878 -—
460 2857 544 2888 ἰθεῖα
568 2858 591 2888 Β
608 2875 651 2879 -
675 2857 728 2889 24.
754 2866 828 2888 cum
850 2857 972 2895 uinque
998 2859 1074 2888 esset
1098 2854 1154 2894 13¹,
1181 2863 1318 2892 cumque
1341 2857 1418 2885 esset
1435 2855 1460 2884 V
1480 2871 1514 2877 —
1543 2855 1595 2886 23.
1622 2856 1708 2887 inter
1729 2858 1877 2889 animum
1895 2858 1919 2889 C

159 2922 194 2926 —
220 2904 272 2936 24.
298 2906 384 2944 quod
411 2906 596 2937 inanimum
624 2906 704 2937 nihil
735 2908 821 2947 assit,
859 2906 986 2937 animal
1010 2906 1031 2937 b
1059 2923 1092 2927 -«
1130 2905 1272 2945 coquam·
1302 2903 1329 2933 V
1353 2904 1387 2934 in
1412 2912 1534 2935 rasura
1560 2904 1668 2936 habet
1695 2924 1729 2928 —-
1756 2908 1810 2938 ⁹25.
1838 2916 1922 2946 quae

156 2963 220 2984 non
245 2958 289 2985 est
311 2955 468 2993 Walker;
501 2958 537 2987 at
559 2966 590 2987 v.
616 2956 723 2989 Acad.
750 2958 840 2997 post.
865 2958 897 2995 1,
926 2956 944 2995 S
969 2955 1028 2992 40;
1056 2956 1170 2996 potius
1196 2952 1318 2985 malis:
1354 2963 1439 2993 quae
1462 2955 1501 2985 sit
1524 2955 1558 2985 in
1581 2964 1613 2986 η.
1637 2964 1672 2994 p.
1699 2973 1741 2978 ——
1764 2956 1817 2987 26.
1844 2957 1922 2987 red-

158 3004 264 3034 denda
287 3001 327 3035 Α2
338 3002 376 3035 Β2
389 3005 433 3035 V:
466 3006 611 3037 radenda
642 3006 701 3045 A¹,
733 3007 896 3038 credenda
918 3006 945 3036 V
969 3014 1060 3036 corr.
1087 3006 1165 3044 (pot.
1191 3005 1231 3035 sic
1256 3004 1445 3035 adr-edenda
1468 3005 1536 3044 B¹);
1568 3005 1710 3036 cedenda
1734 3006 1824 3036 coni.
1852 3006 1922 3037 Da-

158 3053 232 3083 vies
260 3070 294 3074 —
329 3054 375 3092 at]
400 3057 429 3085 et
458 3053 495 3085 13¹
511 3053 549 3085 V¹
576 3073 610 3078 —
644 3056 698 3087 27.
728 3056 768 3087 iis
796 3055 883 3086 BV:
917 3055 978 3086 hiis
1007 3056 1051 3093 Α,
1084 3054 1132 3085 his
1162 3055 1187 3086 Ο
1213 3072 1247 3076 -
1284 3064 1363 3093 quos
1392 3056 1511 3086 sentire
1534 3055 1623 3086 coni.
1651 3056 1766 3087 Christ-
1793 3073 1828 3077 —-
1859 3056 1923 3087 ad-

158 3102 277 3133 sentire
299 3101 338 3134 Αι
365 3119 399 3126 -
426 3104 479 3135 28.
506 3104 625 3136 libram
648 3106 743 3143 BV‘2,
770 3105 908 3136 liberam
930 3103 971 3135 V¹
999 3122 1034 3127 —
1060 3105 1112 3135 ⁶29.
1139 3114 1203 3135 non
1227 3113 1298 3137 om.
1323 3105 1352 3135 V
1372 3122 1404 3128 —
1434 3105 1487 3136 30.
1513 3113 1652 3136 acomm.
1678 3104 1718 3136 A¹
1738 3123 1771 3127 -
1799 3105 1851 3136 34.
1868 3114 1924 3136 oe-

158 3152 231 3183 cion
255 3154 299 3189 A,
326 3153 430 3183 oetion
454 3154 496 3191 Β,
521 3156 633 3186 oecion
654 3155 683 3186 V
709 3174 745 3178 —
766 3164 877 3195 persp.
904 3164 967 3186 non
992 3154 1180 3194 adprobare
1203 3162 1272 3185 om.
1302 3154 1327 3184 V
1349 3172 1393 3177 —-
1416 3154 1468 3185 33.
1495 3155 1642 3185 aditnent
1666 3155 1706 3193 B,
1734 3155 1874 3186 attinens
1894 3155 1922 3185 V

163 3220 197 3224 —
225 3203 313 3233 omni
342 3202 430 3242 loqui
454 3204 533 3243 Cv,
565 3205 630 3238 sed
655 3204 764 3238 habet
787 3206 811 3238 B
835 3206 925 3245 loqui
946 3206 980 3237 in
1005 3213 1074 3236 ras.
1102 3204 1244 3244 (omnino
1267 3204 1338 3236 iam
1361 3203 1469 3236 habet
1492 3204 1518 3244 r)
1547 3220 1582 3227 -
1617 3204 1668 3236 35.
1695 3205 1787 3236 notia
1809 3212 1923 3236 rerum

159 3259 218 3283 nec
240 3255 313 3285 arte
337 3252 413 3291 sitq:
436 3253 485 3284 13¹.
