2249 3624
670 172 768 210 cn.
798 171 1027 210 xl—xn.
1066 169 1093 224 §
1156 168 1349 210 ἐξῇ-97.
1801 167 1881 208 575

127 281 244 326 vino,
275 278 364 317 sine
396 275 490 315 oleo
522 288 592 314 vas
624 288 714 315 esse
747 275 959 315 dicamus:
1004 277 1082 322 sic,
1115 290 1207 315 cum
1240 276 1328 314 siue
1360 288 1483 314 causa
1506 277 1688 315 animum
1711 275 1884 314 dicimus

127 341 296 387 moveri,
327 340 418 379 sine
450 338 723 377 antecedente
746 344 787 377 et
809 345 977 377 externa
1000 352 1124 377 causa
1148 339 1327 382 moveri,
1352 352 1433 376 uon
1457 339 1627 376 ‹unuiuo
1651 340 1739 377 sine
1763 351 1885 377 causa

126 404 312 443 dicimus.
373 402 430 440 De
462 401 552 452 ipsa
583 407 721 440 atomo
755 400 833 439 dici
867 406 1022 452 potest,
1055 414 1146 439 cum
1181 414 1252 452 per
1283 401 1405 438 inane
1440 407 1654 439 moveatur
1685 402 1885 450 gravitate

126 471 167 506 et
201 463 410 517 pondere,
451 463 539 501 siue
581 476 703 501 causa
743 463 920 507 moveri,
966 463 1062 514 quia
1102 463 1212 501 nulla
1251 476 1372 500 causa
1404 462 1573 500 accedat
1607 464 1883 501 extrinsecus.

124 525 189 565 ⁶25.
221 527 378 565 Rursus
409 529 568 569 autem,
602 538 651 562 ne
685 524 876 563 omnibus
908 537 930 562 a
963 524 1146 576 physicis
1180 525 1453 569 inridmimur,
1488 526 1520 563 si
1554 524 1739 563 dicamus
1772 526 1918 576 quic-5

125 601 247 642 quam
281 585 366 626 fieri
397 587 487 625 sine
520 598 658 631 causa,
691 586 1031 636 distinguendum
1065 593 1125 624 est
1158 593 1195 625 et
1230 588 1285 625 itu
1318 587 1551 633 dicendum,
1584 588 1713 640 ipsius
1738 587 1888 626 indivi-

125 652 195 691 dui
226 651 332 690 hanc
364 662 455 688 esse
489 655 698 694 naturam,
734 654 776 687 ut
799 649 983 701 pondere.
1007 656 1044 688 et
1069 650 1268 700 gravitate
1293 656 1530 695 moveatur,
1555 663 1730 702 (utruque
1755 650 1886 701 ipsam

125 727 213 754 esse
251 725 417 752 causam
458 724 531 750 cur
569 712 621 749 ita
653 710 822 749 feratur.
885 712 1085 750 Similiter
1117 712 1167 750 ad
1201 713 1431 750 animorum
1466 719 1600 751 motus
1635 713 1889 750 voluntarios

124 788 207 816 non
239 780 301 813 est
332 774 583 826 requirenda
615 779 788 812 externa
822 786 972 817 ‹·ausa;
1008 779 1142 812 motus
1176 775 1283 812 enim
1308 774 1564 813 voluntarius
1588 788 1676 813 eam
1702 780 1888 813 naturam

124 839 166 878 in
198 849 240 876 se
272 837 362 888 ipse
394 836 600 881 continet,
639 841 683 874 ut
714 835 768 874 sit
800 835 840 873 in
872 842 1014 874 nostra
1049 842 1250 887 potestate
1284 837 1490 888 nobisque
1525 843 1694 889 pareat,
1742 850 1817 874 uec
1849 835 1888 874 id
1909 847 1942 873 ιο

126 901 213 941 sine
255 911 404 944 causa;
451 898 540 936 eius
582 899 643 936 rei
684 897 793 935 enim
835 910 958 936 causa
996 899 1085 949 ipsa
1126 904 1270 936 natura
1310 905 1386 937 est.
1451 898 1515 936 2215.
1558 900 1679 947 Quod
1713 912 1804 938 cum
1839 899 1890 938 ita

125 964 194 1008 sit,
228 962 327 1015 quid
360 967 422 1000 est
453 974 526 999 cur
558 973 641 999 non
675 960 810 998 omnis
843 960 1122 1012 promintiatio
1155 966 1223 999 aut
1247 974 1340 999 vera
1368 967 1439 1000 aut
1470 961 1572 1000 falsa
1594 962 1669 1006 sit,
1692 962 1770 999 uisi
1795 974 1893 999 con-

126 1024 369 1064 cesserimus
401 1023 484 1062 fato
519 1021 605 1062 lieri
638 1036 931 1075 quaecumque
966 1020 1098 1061 liant?
1161 1022 1268 1069 Quia
1301 1022 1438 1062 sutura
1472 1038 1588 1069 vera,
1621 1024 1776 1076 iuquit,
1809 1037 1892 1062 non

126 1092 302 1140 possunt
333 1099 424 1125 esse
457 1098 527 1131 ea,
561 1098 669 1137 quae
702 1097 847 1123 causas
880 1098 953 1123 cur
985 1084 1124 1123 futura
1155 1085 1237 1123 siut
1269 1099 1352 1123 nou
1384 1085 1560 1123 habeut:
1608 1086 1785 1125 habeant
1819 1087 1895 1138 igi-

127 1155 192 1189 tur
229 1161 372 1188 causas
412 1162 583 1187 necesse
621 1154 683 1187 est
724 1160 794 1193 ea,
835 1160 943 1200 quae
987 1161 1081 1186 vera
1123 1152 1246 1192 sunt;
1301 1148 1355 1186 ita
1396 1161 1487 1186 cum
1529 1149 1771 1195 evenerint,
1810 1149 1945 1188 sat045

128 1211 356 1251 evenerint.

239 1273 331 1312 Xll.
366 1272 606 1312 Confectum
641 1272 876 1324 negotium,
908 1273 940 1311 si
974 1271 1144 1325 quidem
1179 1272 1493 1312 concedendum
1527 1273 1597 1312 tibi
1630 1280 1690 1313 est
1721 1280 1789 1313 aut
1811 1274 1894 1314 fato

129 1336 265 1376 omnia
306 1334 393 1374 fieri
434 1341 505 1375 aut
545 1335 771 1388 quicquam
811 1333 897 1374 lieri
939 1348 1062 1386 posse
1101 1336 1191 1374 sine
1229 1348 1367 1374 causa.
1444 1334 1507 1374 27.
1550 1338 1611 1374 Au
1644 1337 1765 1376 aliter
1795 1339 1896 1377 llaec

129 1398 357 1438 enuntiatio
398 1412 494 1438 vera
533 1412 624 1438 esse
668 1411 750 1436 non
792 1403 931 1449 potest
980 1396 1155 1450 «Capiet
1187 1398 1450 1437 Numantiam
1483 1399 1680 1451 Scipio»,
1729 1401 1806 1440 nisi
1846 1414 1897 1440 ex

128 1462 372 1501 aeternitate
406 1474 532 1500 causa
565 1473 735 1500 causam
767 1472 909 1498 serens
942 1459 1021 1498 hoc
1054 1461 1132 1498 erit
1164 1460 1391 1499 effectura?
1438 1462 1501 1499 An
1534 1460 1611 1500 hoc
1644 1461 1791 1501 falsum
1825 1476 1898 1514 po-
1913 1469 1949 1497 ·20

129 1524 275 1563 tuisset
314 1536 428 1569 esse,
470 1523 503 1562 si
543 1528 653 1562 esset
692 1522 893 1561 sescentis
936 1522 1115 1561 saeculis
1155 1529 1251 1561 ante
1293 1522 1485 1562 dictum?
1536 1529 1577 1562 et
1615 1524 1648 1562 si
1689 1530 1774 1563 tum
1816 1538 1899 1563 non

132 1591 242 1625 esset
274 1597 370 1624 vera
402 1586 502 1624 haec
535 1585 764 1624 enuntiatio
800 1584 975 1636 «Capiet
1006 1585 1270 1624 Numantiam
1304 1586 1446 1637 Scipio
1461 1600 1504 1632 n,
1547 1600 1597 1625 ne
1630 1586 1698 1625 illa
1730 1588 1899 1639 quidem

131 1661 274 1688 eversa
305 1661 401 1687 vera
433 1653 495 1687 est
525 1647 628 1686 haec
660 1647 915 1686 enuntiatio:
952 1646 1093 1699 «Cepit
1124 1648 1387 1687 Numantiam
1422 1649 1602 1701 Scipio».
1663 1650 1803 1690 Potest
1828 1652 1901 1703 igi-

133 1716 198 1750 tur
229 1711 455 1763 quicquam
487 1709 640 1750 factum
675 1723 790 1756 esse,
824 1708 938 1762 quod
973 1723 1053 1748 non
1087 1723 1229 1748 verum
1262 1710 1387 1749 fuerit
1418 1710 1601 1749 futurum
1636 1724 1726 1750 esse
1743 1714 1760 1751 ἱ)
1806 1726 1900 1751 nam

131 1779 176 1812 ut
214 1773 434 1825 praeterita
475 1785 523 1812 ea
562 1786 657 1811 vera
698 1771 895 1817 dicimus,
942 1784 1118 1825 quorum
1159 1772 1375 1824 superiore
1415 1778 1601 1825 tempore
1642 1787 1737 1814 vera
1778 1774 1952 1814 fuerit-25

132 1835 350 1882 instantia,
390 1836 447 1874 sic
488 1835 645 1881 sutura,
689 1847 869 1887 quorum
911 1835 1184 1886 consequenti
1229 1841 1417 1887 tempore
1455 1849 1551 1875 vera
1583 1836 1660 1875 erit
1692 1837 1902 1883 instantia,

133 1910 180 1937 ea
216 1910 312 1937 vera
352 1897 551 1937 dicemus.
621 1895 688 1936 28.
728 1898 811 1935 Nec
851 1897 885 1935 si
927 1909 1049 1936 omne
1084 1898 1343 1936 enuntiatum
1376 1904 1445 1938 aut
1478 1912 1618 1938 verum
1651 1905 1722 1938 aut
1753 1899 1903 1939 falsum

134 1966 213 2006 est,
248 1960 438 2012 sequitur
469 1960 563 1999 ilico
597 1973 688 1999 esse
721 1972 868 1998 causas
901 1959 1159 1998 inmutabilis
1191 1972 1345 2012 easque
1377 1966 1589 2007 aeternas,
1622 1975 1731 2014 quae
1762 1963 1904 2015 prohi-

132 2023 257 2063 beant
289 2023 512 2076 quicquam
544 2035 665 2061 secus
698 2022 843 2061 cadere
875 2026 1002 2074 atque
1035 2034 1227 2061 casurum
1259 2023 1323 2061 sit.
1374 2023 1583 2062 Fortuitae
1616 2031 1711 2064 sunt
1741 2038 1903 2071 causae,

135 2098 241 2139 quae
272 2084 477 2132 efficiant,
520 2091 565 2124 ut
602 2089 699 2123 vere
738 2083 932 2123 dicantur
971 2096 1078 2137 quae
1117 2083 1172 2123 ita
1205 2084 1393 2124 dicentur
1435 2086 1611 2126 «Veniet
1641 2087 1684 2125 in
1716 2092 1903 2126 senatum
1918 2098 1955 2126 30

136 2147 289 2194 Cato»,
330 2161 412 2186 non
444 2148 631 2187 inclusae
672 2148 714 2186 in
748 2160 883 2186 rerum
916 2152 1063 2186 natura
1094 2152 1221 2199 atque
1254 2147 1420 2187 mundo.
1479 2149 1530 2188 Et
1562 2154 1698 2189 tamen
1731 2156 1812 2188 tam
1844 2154 1907 2188 est

134 2209 375 2250 inmutabile
408 2216 649 2258 venturum,
681 2223 776 2249 cum
809 2214 872 2248 est
903 2222 1066 2256 verum,
1104 2222 1229 2261 quam
1261 2210 1454 2257 venisse,
1496 2223 1572 2250 nec
1603 2211 1655 2250 ob
1687 2224 1778 2251 eam
1810 2224 1906 2251 cau-

228 2402 255 2432 l.
283 2410 395 2432 amum
420 2404 459 2432 Α1
487 2417 520 2422 -
556 2401 586 2431 5.
615 2399 763 2431 omnibus
787 2409 805 2431 a
827 2401 970 2439 physicis
995 2401 1201 2432 inrideamur
1233 2410 1360 2432 censor
1382 2401 1524 2434 Jenens.
1553 2402 1608 2434 ed.
1636 2404 1766 2436 Brem.:
1800 2414 1910 2436 omnes

137 2451 262 2491 physici
285 2452 495 2482 inrideamw·
520 2452 565 2486 C,
603 2459 713 2481 omnes
743 2459 800 2480 nos
825 2451 952 2489 physici
976 2452 1142 2481 inrideant
1174 2452 1287 2482 Bremi
1322 2469 1355 2472 —
1396 2452 1426 2482 8.
1453 2462 1513 2482 cur
1543 2461 1619 2493 sup.
1648 2453 1705 2486 lin.
1734 2464 1825 2486 man.
1855 2464 1906 2496 pr.

140 2501 218 2533 add.
237 2502 261 2532 V
282 2519 315 2523 —-
344 2502 394 2532 ⁴2.
419 2500 660 2540 pronuntiatio]
680 2501 861 2530 enuntiatio
887 2501 975 2531 coni.
997 2501 1176 2534 Davisius:
1205 2503 1237 2531 at
1263 2501 1342 2531 vide
1361 2504 1398 2532 Α.
1415 2501 1559 2533 Gellium
1586 2504 1674 2539 XVl,
1695 2504 1713 2535 8
1739 2500 1911 2546 «ἀξίωμα

140 2550 348 2592 appellatum
375 2553 427 2582 est
453 2560 471 2580 a
497 2551 539 2581 M.
560 2550 716 2580 Varrone
742 2550 842 2581 sicuti
868 2550 936 2581 dixi
962 2549 1229 2589 «prologium».
1263 2559 1280 2580 a
1313 2552 1354 2582 M.
1383 2552 1500 2582 autem
1527 2553 1696 2585 Cicerone
1730 2564 1912 2596 «pronun-

139 2601 285 2631 tiatum»
312 2609 380 2640 quo
406 2599 459 2631 ille
487 2602 604 2630 tamen
630 2599 803 2630 vocabulo
830 2600 999 2646 tantispen
1024 2601 1070 2630 uti
1096 2608 1133 2630 se
1159 2600 1352 2631 adtestatus
1379 2602 1448 2639 est,
1477 2602 1592 2640 quoad
1618 2603 1760 2641 niellus,
1788 2606 1910 2645 inquit,

140 2650 325 2682 invenero»
361 2668 394 2672 —
434 2650 485 2681 113.
512 2650 626 2689 inquid
651 2647 687 2679 13¹
723 2667 755 2670 —
804 2650 850 2680 15.
877 2658 980 2689 eaque
1004 2659 1085 2680 uera
1108 2652 1134 2679 A
1164 2667 1197 2670 ——
1234 2650 1312 2681 fort.
1340 2659 1426 2689 quae
1448 2660 1529 2681 vcera
1551 2651 1670 2691 futura
1693 2657 1766 2685 sunt
1796 2672 1826 2676 —
1857 2656 1909 2686 48,

141 2700 293 2740 quicquid
318 2698 353 2731 Βι
381 2718 414 2722 -
444 2700 495 2730 19.
522 2699 686 2729 nuntiatio
710 2700 748 2729 ,Ὁ
779 2717 811 2720 -
842 2703 970 2738 possent
994 2700 1033 2730 Βι
1061 2717 1095 2721 -
1129 2700 1235 2738 capiet
1262 2701 1307 2739 (et
1332 2701 1364 2731 in
1391 2702 1475 2738 ras.)
1502 2704 1527 2732 A
1557 2720 1589 2724 ff·
1619 2705 1861 2735 nummantiam
1885 2704 1912 2734 V

143 2766 178 2772 —
205 2752 282 2781 ante
308 2750 416 2789 Scipio
440 2748 552 2780 littera
577 2758 676 2780 erasa
703 2751 755 2780 est
780 2749 811 2779 in
830 2751 855 2779 Α
877 2767 911 2771 —-
939 2750 991 2780 ⁶20.
1018 2758 1121 2780 causa
1145 2758 1254 2780 serens
1280 2751 1427 2789 (causam
1444 2754 1526 2788 om.)
1547 2751 1599 2789 W,
1626 2761 1807 2783 causarum
1831 2754 1914 2784 serie

141 2798 182 2829 Ψ
207 2818 238 2823 -
275 2804 346 2830 erat
371 2798 429 2835 V²;
468 2799 634 2839 equidem
664 2798 773 2829 verba
804 2799 866 2829 erit
896 2800 1052 2838 effectura
1077 2800 1120 2829 ita
1147 2801 1376 2840 interpretor,
1411 2803 1446 2830 ut
1473 2800 1566 2831 idem
1591 2801 1685 2840 quod
1712 2803 1913 2834 «concedes

143 2857 219 2880 esse
244 2849 475 2881 effecturam»
503 2850 542 2880 iis
566 2849 752 2888 significari
778 2848 891 2880 dicam
921 2867 953 2871 ——
990 2850 1042 2880 ⁴21.
1070 2850 1230 2880 sexcentis
1255 2850 1279 2881 O
1307 2867 1341 2871 —
1374 2850 1400 2880 si
1425 2853 1492 2880 tum
1518 2851 1550 2881 in
1576 2860 1642 2883 ras.
1665 2860 1769 2883 manu
1795 2861 1865 2883 sec.
1888 2854 1913 2883 Α

144 2915 178 2920 -
206 2900 258 2931 22.
286 2909 324 2931 ne
348 2900 405 2930 illa
430 2899 559 2938 quidem
577 2915 623 2921 —-
641 2899 751 2938 Scipio
776 2906 883 2929 manu
900 2900 967 2929 vet.
989 2900 1020 2929 in
1047 2901 1141 2929 textu
1167 2901 1200 2929 et
1225 2900 1256 2930 iu
1277 2908 1384 2939 marg.
1404 2898 1518 2939 suppl.
1542 2900 1566 2929 V
1588 2918 1622 2922 —
1650 2902 1779 2939 quidem
1800 2911 1915 2933 eversa

142 2957 222 2980 vera
243 2953 288 2980 est
318 2948 524 2980 Turnebus:
559 2948 688 2986 quidem
712 2957 831 2987 uerffa
861 2951 939 2979 esset
970 2949 1000 2987 (t
1024 2957 1071 2979 ni.
1099 2958 1170 2979 sec.
1199 2949 1292 2987 add.)
1328 2958 1407 2980 acra
1430 2953 1475 2979 est
1500 2952 1545 2986 A,
1580 2951 1709 2989 quidem
1732 2960 1814 2982 uera
1837 2954 1916 2983 esset

148 2998 231 3029 Uera
255 2999 352 3037 (Uera
369 3002 413 3030 est
437 3007 482 3029 m.
503 2998 588 3036 sec.)
607 2998 644 3034 B,
671 2998 801 3036 quidem
826 3006 942 3029 euersa
964 3007 1047 3029 uera
1071 3002 1148 3029 essct
1174 2999 1210 3035 V,
1238 3000 1367 3038 quidem
1391 3008 1474 3029 uera
1498 3004 1577 3030 esset
1600 3010 1681 3031 uera
1706 3005 1751 3033 est
1777 3001 1913 3041 Erlang.

148 3064 181 3069 —-
209 3048 262 3079 23.
287 3050 368 3088 cepit
393 3048 482 3079 coni.
502 3049 537 3078 P.
558 3048 711 3077 Remus:
738 3048 844 3086 capiet
869 3048 893 3079 C
923 3063 956 3069 —
992 3048 1044 3079 24.
1070 3048 1177 3087 fatum
1202 3047 1291 3079 A¹v¹
1318 3066 1352 3071 —-
1379 3050 1558 3088 futurum?
1580 3060 1657 3081 nam
1683 3052 1771 3082 coni.
1799 3051 1914 3081 Bremi

151 3113 184 3118 —
210 3097 262 3127 25.
287 3098 387 3137 fuerit
412 3106 453 3128 ex
478 3097 560 3128 edit.
583 3097 658 3128 4471!
691 3097 848 3137 reposuit
873 3098 1051 3129 Davisius:
1077 3100 1211 3137 fuerunt
1237 3099 1260 3129 C
1288 3115 1321 3120 —
1357 3099 1408 3129 ⁶26.
1436 3100 1498 3130 crit
1522 3101 1701 3132 Davisius:
1728 3104 1823 3132 erunt
1848 3101 1913 3138 AB,

147 3145 278 3184 fuerunt
302 3147 328 3177 V
354 3163 388 3168 —
416 3147 467 3178 ⁴28.
486 3147 561 3178 ilico
586 3146 673 3177 Aw:
700 3147 787 3177 illico
812 3147 943 3184 ssv20;
981 3147 1023 3178 cl,
1052 3148 1254 3178 Lachmann
1279 3147 1323 3177 ad
1350 3149 1486 3179 Lucret.
1514 3149 1602 3189 p.32
1627 3158 1680 3189 sq.
1717 3168 1751 3172 —
1792 3159 1857 3180 esse
1882 3151 1915 3180 in

150 3202 217 3225 ras.
237 3195 263 3225 V
290 3213 323 3216 —
358 3196 564 3227 inmutabiles
587 3196 647 3227 VO
682 3213 715 3217 —
753 3205 897 3235 easquae
922 3200 945 3228 Α
979 3215 1011 3221 -
1048 3198 1099 3228 29.
1126 3206 1282 3228 casurum
1306 3196 1409 3228 ,ΨΒ-’ς
1435 3207 1616 3230 causarum
1640 3200 1729 3237 A¹V,
1760 3208 1917 3230 casarum

150 3242 189 3274 Βι
215 3261 248 3266 -
285 3245 336 3286 sit]
361 3247 387 3276 si
412 3244 467 3283 V23
506 3244 640 3277 Halmio
666 3246 700 3276 in
723 3247 749 3276 si
772 3254 854 3276 vera
878 3245 981 3278 lectio
1005 3251 1192 3278 casaramst
1215 3247 1355 3278 videtur
1380 3247 1487 3279 latere
1516 3264 1549 3270 —
1587 3248 1640 3280 31¹.
1667 3251 1747 3290 post
1770 3249 1916 3279 inclusae

155 3300 187 3324 in
210 3293 236 3324 V
260 3301 365 3335 supra
388 3293 445 3327 lin.
470 3298 546 3326 sunt
571 3294 730 3327 additum
754 3297 819 3327 est.
