<?xml version="1.0" encoding="UTF-8"?>
<!DOCTYPE html PUBLIC "-//W3C//DTD XHTML 1.0 Transitional//EN"
    "http://www.w3.org/TR/xhtml1/DTD/xhtml1-transitional.dtd">
<html xmlns="http://www.w3.org/1999/xhtml" xml:lang="en" lang="en">
 <head>
  <title>
</title>
<meta http-equiv="Content-Type" content="text/html;charset=utf-8" />
  <meta name='ocr-system' content='tesseract 3.04.00' />
  <meta name='ocr-capabilities' content='ocr_page ocr_carea ocr_par ocr_line ocrx_word'/>
</head>
<body>
  <div class='ocr_page' id='page_1' title='image "./operaquaesupersu04ciceuoft_0064.png"; bbox 0 0 2249 3624; ppageno 0'>
   <div class='ocr_carea' id='block_1_1' title="bbox 285 169 1505 214">
    <p class='ocr_par' dir='ltr' id='par_1_1' title="bbox 285 169 1505 214">
     <span class='ocr_line' id='line_1_1' title="bbox 285 169 1505 214; baseline -0.004 0"><span class='ocrx_word' id='word_1_1' title='bbox 285 173 337 214; x_wconf 77' lang='lat'>44</span> <span class='ocrx_word' id='word_1_2' title='bbox 812 171 1235 214; x_wconf 84' lang='lat' dir='ltr'>ACADEMICORUM</span> <span class='ocrx_word' id='word_1_3' title='bbox 1265 169 1505 210; x_wconf 85' lang='lat' dir='ltr'>PRIORUM</span> 
     </span>
    </p>
   </div>
   <div class='ocr_carea' id='block_1_2' title="bbox 226 267 2043 2572">
    <p class='ocr_par' dir='ltr' id='par_1_2' title="bbox 226 267 2043 2572">
     <span class='ocr_line' id='line_1_2' title="bbox 285 267 2039 328; baseline -0.005 -11"><span class='ocrx_word' id='word_1_4' title='bbox 285 275 360 316; x_wconf 91' lang='lat' dir='ltr'>sed</span> <span class='ocrx_word' id='word_1_5' title='bbox 401 275 574 328; x_wconf 89' lang='lat' dir='ltr'>longum</span> <span class='ocrx_word' id='word_1_6' title='bbox 620 280 702 315; x_wconf 90' lang='lat' dir='ltr'>est:</span> <span class='ocrx_word' id='word_1_7' title='bbox 748 285 905 326; x_wconf 82' lang='lat' dir='ltr'>quaero</span> <span class='ocrx_word' id='word_1_8' title='bbox 945 277 1085 311; x_wconf 91' lang='lat' dir='ltr'>tamen</span> <span class='ocrx_word' id='word_1_9' title='bbox 1124 283 1249 323; x_wconf 88' lang='lat' dir='ltr'>quem</span> <span class='ocrx_word' id='word_1_10' title='bbox 1287 273 1497 322; x_wconf 90' lang='lat' dir='ltr'>sequatur.</span> <span class='ocrx_word' id='word_1_11' title='bbox 1555 268 1685 320; x_wconf 81' lang='lat' dir='ltr'>Finge</span> <span class='ocrx_word' id='word_1_12' title='bbox 1715 267 1898 320; x_wconf 80' lang='lat' dir='ltr'>aliquem</span> <span class='ocrx_word' id='word_1_13' title='bbox 1927 280 2039 308; x_wconf 89' lang='lat' dir='ltr'>nunc</span> 
     </span>
     <span class='ocr_line' id='line_1_3' title="bbox 286 330 2040 391; baseline -0.005 -12"><span class='ocrx_word' id='word_1_14' title='bbox 286 337 374 378; x_wconf 85' lang='lat' dir='ltr'>fieri</span> <span class='ocrx_word' id='word_1_15' title='bbox 415 338 668 391; x_wconf 85' lang='lat' dir='ltr'><strong>sapientem,</strong></span> <span class='ocrx_word' id='word_1_16' title='bbox 707 335 894 375; x_wconf 90' lang='lat' dir='ltr'>nondum</span> <span class='ocrx_word' id='word_1_17' title='bbox 932 347 1044 373; x_wconf 89' lang='lat' dir='ltr'>esse:</span> <span class='ocrx_word' id='word_1_18' title='bbox 1087 345 1212 385; x_wconf 88' lang='lat' dir='ltr'>quam</span> <span class='ocrx_word' id='word_1_19' title='bbox 1250 331 1514 385; x_wconf 87' lang='lat' dir='ltr'>potissimum</span> <span class='ocrx_word' id='word_1_20' title='bbox 1555 330 1803 369; x_wconf 88' lang='lat' dir='ltr'>sententiam</span> <span class='ocrx_word' id='word_1_21' title='bbox 1842 330 1968 382; x_wconf 90' lang='lat' dir='ltr'>eliget</span> <span class='ocrx_word' id='word_1_22' title='bbox 1997 335 2040 370; x_wconf 90' lang='lat' dir='ltr'>et</span> 
     </span>
     <span class='ocr_line' id='line_1_4' title="bbox 284 391 2038 453; baseline -0.004 -14"><span class='ocrx_word' id='word_1_23' title='bbox 284 399 575 453; x_wconf 77' lang='lat' dir='ltr'>disciplinam?</span> <span class='ocrx_word' id='word_1_24' title='bbox 619 398 696 439; x_wconf 88' lang='lat' dir='ltr'>etsi</span> <span class='ocrx_word' id='word_1_25' title='bbox 728 408 1035 450; x_wconf 82' lang='lat' dir='ltr'>quamcumque</span> <span class='ocrx_word' id='word_1_26' title='bbox 1067 394 1210 445; x_wconf 86' lang='lat' dir='ltr'>eliget,</span> <span class='ocrx_word' id='word_1_27' title='bbox 1241 392 1445 445; x_wconf 88' lang='lat' dir='ltr'>insipiens</span> <span class='ocrx_word' id='word_1_28' title='bbox 1477 392 1614 445; x_wconf 85' lang='lat' dir='ltr'>eliget.</span> <span class='ocrx_word' id='word_1_29' title='bbox 1673 391 1755 431; x_wconf 89' lang='lat' dir='ltr'>Sed</span> <span class='ocrx_word' id='word_1_30' title='bbox 1788 393 1841 432; x_wconf 91' lang='lat' dir='ltr'>sit</span> <span class='ocrx_word' id='word_1_31' title='bbox 1869 393 2038 445; x_wconf 87' lang='lat' dir='ltr'>ingenio</span> 
     </span>
     <span class='ocr_line' id='line_1_5' title="bbox 283 454 2040 514; baseline -0.005 -13"><span class='ocrx_word' id='word_1_32' title='bbox 283 461 444 509; x_wconf 87' lang='lat' dir='ltr'>divino,</span> <span class='ocrx_word' id='word_1_33' title='bbox 487 474 609 514; x_wconf 92' lang='lat' dir='ltr'>quem</span> <span class='ocrx_word' id='word_1_34' title='bbox 647 472 775 499; x_wconf 92' lang='lat' dir='ltr'>unum</span> <span class='ocrx_word' id='word_1_35' title='bbox 807 471 828 497; x_wconf 89' lang='lat' dir='ltr'>e</span> <span class='ocrx_word' id='word_1_36' title='bbox 858 457 1040 511; x_wconf 71' lang='lat' dir='ltr'>physicis</span> <span class='ocrx_word' id='word_1_37' title='bbox 1072 456 1332 509; x_wconf 90' lang='lat' dir='ltr'>potissimum</span> <span class='ocrx_word' id='word_1_38' title='bbox 1362 454 1581 508; x_wconf 76' lang='lat' dir='ltr'>probabit?</span> <span class='ocrx_word' id='word_1_39' title='bbox 1617 467 1694 494; x_wconf 85' lang='lat' dir='ltr'>nec</span> <span class='ocrx_word' id='word_1_40' title='bbox 1723 454 1818 507; x_wconf 90' lang='lat' dir='ltr'>plus</span> <span class='ocrx_word' id='word_1_41' title='bbox 1848 468 1933 494; x_wconf 90' lang='lat' dir='ltr'>uno</span> <span class='ocrx_word' id='word_1_42' title='bbox 1964 467 2040 506; x_wconf 94' lang='lat' dir='ltr'>po-</span> 
     </span>
     <span class='ocr_line' id='line_1_6' title="bbox 251 517 2039 575; baseline -0.004 -12"><span class='ocrx_word' id='word_1_43' title='bbox 251 524 390 563; x_wconf 86' lang='lat' dir='ltr'>5terit.</span> <span class='ocrx_word' id='word_1_44' title='bbox 438 524 530 562; x_wconf 91' lang='lat' dir='ltr'>Non</span> <span class='ocrx_word' id='word_1_45' title='bbox 559 533 791 575; x_wconf 90' lang='lat' dir='ltr'>persequor</span> <span class='ocrx_word' id='word_1_46' title='bbox 821 519 1090 572; x_wconf 83' lang='lat' dir='ltr'>quaestiones</span> <span class='ocrx_word' id='word_1_47' title='bbox 1121 517 1328 556; x_wconf 90' lang='lat' dir='ltr'>infinitas:</span> <span class='ocrx_word' id='word_1_48' title='bbox 1363 522 1525 557; x_wconf 87' lang='lat' dir='ltr'>tantum</span> <span class='ocrx_word' id='word_1_49' title='bbox 1557 517 1607 557; x_wconf 91' lang='lat' dir='ltr'>de</span> <span class='ocrx_word' id='word_1_50' title='bbox 1638 517 1855 571; x_wconf 85' lang='lat' dir='ltr'>principiis</span> <span class='ocrx_word' id='word_1_51' title='bbox 1885 530 2039 564; x_wconf 87' lang='lat' dir='ltr'>rerum,</span> 
     </span>
     <span class='ocr_line' id='line_1_7' title="bbox 282 579 2038 638; baseline -0.004 -13"><span class='ocrx_word' id='word_1_52' title='bbox 282 599 303 624; x_wconf 94' lang='lat' dir='ltr'>e</span> <span class='ocrx_word' id='word_1_53' title='bbox 335 586 488 638; x_wconf 90' lang='lat' dir='ltr'>quibus</span> <span class='ocrx_word' id='word_1_54' title='bbox 519 584 654 624; x_wconf 90' lang='lat' dir='ltr'>omnia</span> <span class='ocrx_word' id='word_1_55' title='bbox 685 586 898 628; x_wconf 85' lang='lat' dir='ltr'>constant,</span> <span class='ocrx_word' id='word_1_56' title='bbox 929 581 1145 621; x_wconf 86' lang='lat' dir='ltr'>videamus</span> <span class='ocrx_word' id='word_1_57' title='bbox 1167 594 1291 634; x_wconf 91' lang='lat' dir='ltr'>quem</span> <span class='ocrx_word' id='word_1_58' title='bbox 1321 579 1492 633; x_wconf 84' lang='lat' dir='ltr'>prohet;</span> <span class='ocrx_word' id='word_1_59' title='bbox 1525 584 1587 620; x_wconf 90' lang='lat' dir='ltr'>est</span> <span class='ocrx_word' id='word_1_60' title='bbox 1606 580 1716 620; x_wconf 90' lang='lat' dir='ltr'>enim</span> <span class='ocrx_word' id='word_1_61' title='bbox 1737 580 1844 619; x_wconf 85' lang='lat' dir='ltr'>inter</span> <span class='ocrx_word' id='word_1_62' title='bbox 1865 592 2038 632; x_wconf 88' lang='lat' dir='ltr'>magnos</span> 
     </span>
     <span class='ocr_line' id='line_1_8' title="bbox 280 644 911 686; baseline -0.006 0"><span class='ocrx_word' id='word_1_63' title='bbox 280 646 471 686; x_wconf 91' lang='lat' dir='ltr'>homines</span> <span class='ocrx_word' id='word_1_64' title='bbox 503 658 662 685; x_wconf 91' lang='lat' dir='ltr'>summa</span> <span class='ocrx_word' id='word_1_65' title='bbox 692 644 911 683; x_wconf 89' lang='lat' dir='ltr'>dissensio.</span> 
     </span>
     <span class='ocr_line' id='line_1_9' title="bbox 395 703 2039 760; baseline 0 -13"><span class='ocrx_word' id='word_1_66' title='bbox 395 708 607 747; x_wconf 84' lang='lat' dir='ltr'>XXXVII.</span> <span class='ocrx_word' id='word_1_67' title='bbox 649 703 743 745; x_wconf 68' lang='lat'>1148.</span> <span class='ocrx_word' id='word_1_68' title='bbox 783 706 977 759; x_wconf 90' lang='lat' dir='ltr'>Princeps</span> <span class='ocrx_word' id='word_1_69' title='bbox 1015 704 1187 751; x_wconf 91' lang='lat' dir='ltr'>Thales,</span> <span class='ocrx_word' id='word_1_70' title='bbox 1228 718 1336 744; x_wconf 91' lang='lat' dir='ltr'>unus</span> <span class='ocrx_word' id='word_1_71' title='bbox 1367 718 1389 744; x_wconf 91' lang='lat' dir='ltr'>e</span> <span class='ocrx_word' id='word_1_72' title='bbox 1420 710 1600 758; x_wconf 86' lang='lat' dir='ltr'>septem,</span> <span class='ocrx_word' id='word_1_73' title='bbox 1647 705 1713 744; x_wconf 92' lang='lat' dir='ltr'>cui</span> <span class='ocrx_word' id='word_1_74' title='bbox 1745 719 1820 745; x_wconf 81' lang='lat' dir='ltr'>sex</span> <span class='ocrx_word' id='word_1_75' title='bbox 1849 706 2039 760; x_wconf 91' lang='lat' dir='ltr'>reliquos</span> 
     </span>
     <span class='ocr_line' id='line_1_10' title="bbox 281 767 2040 822; baseline -0.001 -11"><span class='ocrx_word' id='word_1_76' title='bbox 281 770 535 812; x_wconf 85' lang='lat' dir='ltr'>concessisse</span> <span class='ocrx_word' id='word_1_77' title='bbox 565 770 720 822; x_wconf 86' lang='lat' dir='ltr'>primas</span> <span class='ocrx_word' id='word_1_78' title='bbox 749 767 913 815; x_wconf 90' lang='lat' dir='ltr'>ferunt,</span> <span class='ocrx_word' id='word_1_79' title='bbox 958 781 1011 807; x_wconf 80' lang='lat' dir='ltr'>ex</span> <span class='ocrx_word' id='word_1_80' title='bbox 1040 780 1150 821; x_wconf 86' lang='lat' dir='ltr'>aqua</span> <span class='ocrx_word' id='word_1_81' title='bbox 1181 767 1286 807; x_wconf 79' lang='lat' dir='ltr'>dixit</span> <span class='ocrx_word' id='word_1_82' title='bbox 1316 772 1506 806; x_wconf 85' lang='lat' dir='ltr'>constare</span> <span class='ocrx_word' id='word_1_83' title='bbox 1538 767 1691 807; x_wconf 88' lang='lat' dir='ltr'>omnia.</span> <span class='ocrx_word' id='word_1_84' title='bbox 1741 768 1794 807; x_wconf 91' lang='lat' dir='ltr'>At</span> <span class='ocrx_word' id='word_1_85' title='bbox 1823 768 1901 808; x_wconf 91' lang='lat' dir='ltr'>hoc</span> <span class='ocrx_word' id='word_1_86' title='bbox 1930 770 2040 809; x_wconf 87' lang='lat' dir='ltr'>Ana-</span> 
     </span>
     <span class='ocr_line' id='line_1_11' title="bbox 231 830 2040 884; baseline 0 -13"><span class='ocrx_word' id='word_1_87' title='bbox 231 832 512 878; x_wconf 74' lang='lat' dir='ltr'>·noximandrO,</span> <span class='ocrx_word' id='word_1_88' title='bbox 552 830 747 884; x_wconf 90' lang='lat' dir='ltr'>populari</span> <span class='ocrx_word' id='word_1_89' title='bbox 789 836 830 870; x_wconf 87' lang='lat' dir='ltr'>et</span> <span class='ocrx_word' id='word_1_90' title='bbox 866 830 997 870; x_wconf 90' lang='lat' dir='ltr'>sodali</span> <span class='ocrx_word' id='word_1_91' title='bbox 1038 844 1132 877; x_wconf 89' lang='lat' dir='ltr'>suo,</span> <span class='ocrx_word' id='word_1_92' title='bbox 1181 843 1264 870; x_wconf 92' lang='lat' dir='ltr'>non</span> <span class='ocrx_word' id='word_1_93' title='bbox 1309 831 1536 883; x_wconf 87' lang='lat' dir='ltr'>persuasit:</span> <span class='ocrx_word' id='word_1_94' title='bbox 1581 830 1615 869; x_wconf 92' lang='lat' dir='ltr'>is</span> <span class='ocrx_word' id='word_1_95' title='bbox 1648 830 1759 870; x_wconf 90' lang='lat' dir='ltr'>enim</span> <span class='ocrx_word' id='word_1_96' title='bbox 1790 830 2040 871; x_wconf 86' lang='lat' dir='ltr'>infinitatem</span> 
     </span>
     <span class='ocr_line' id='line_1_12' title="bbox 279 892 2041 946; baseline 0 -13"><span class='ocrx_word' id='word_1_97' title='bbox 279 901 449 934; x_wconf 87' lang='lat' dir='ltr'>naturae</span> <span class='ocrx_word' id='word_1_98' title='bbox 481 893 588 933; x_wconf 82' lang='lat' dir='ltr'>dixit</span> <span class='ocrx_word' id='word_1_99' title='bbox 618 905 732 941; x_wconf 88' lang='lat' dir='ltr'>esse,</span> <span class='ocrx_word' id='word_1_100' title='bbox 764 906 786 932; x_wconf 94' lang='lat' dir='ltr'>e</span> <span class='ocrx_word' id='word_1_101' title='bbox 819 906 904 946; x_wconf 90' lang='lat' dir='ltr'>qua</span> <span class='ocrx_word' id='word_1_102' title='bbox 935 893 1074 932; x_wconf 90' lang='lat' dir='ltr'>omnia</span> <span class='ocrx_word' id='word_1_103' title='bbox 1103 893 1386 945; x_wconf 84' lang='lat' dir='ltr'>gignerentur.</span> <span class='ocrx_word' id='word_1_104' title='bbox 1445 893 1544 931; x_wconf 89' lang='lat' dir='ltr'>Post</span> <span class='ocrx_word' id='word_1_105' title='bbox 1574 893 1663 932; x_wconf 91' lang='lat' dir='ltr'>eius</span> <span class='ocrx_word' id='word_1_106' title='bbox 1693 892 1856 932; x_wconf 85' lang='lat' dir='ltr'>auditor</span> <span class='ocrx_word' id='word_1_107' title='bbox 1884 894 2041 934; x_wconf 81' lang='lat' dir='ltr'>Anaxi-</span> 
     </span>
     <span class='ocr_line' id='line_1_13' title="bbox 280 953 2040 1010; baseline -0.001 -12"><span class='ocrx_word' id='word_1_108' title='bbox 280 970 422 997; x_wconf 90' lang='lat' dir='ltr'>menes</span> <span class='ocrx_word' id='word_1_109' title='bbox 462 954 669 995; x_wconf 90' lang='lat' dir='ltr'>infinitum</span> <span class='ocrx_word' id='word_1_110' title='bbox 707 959 824 1002; x_wconf 69' lang='lat' dir='ltr'>aera,</span> <span class='ocrx_word' id='word_1_111' title='bbox 863 955 935 995; x_wconf 93' lang='lat' dir='ltr'>sed</span> <span class='ocrx_word' id='word_1_112' title='bbox 979 968 1049 1003; x_wconf 90' lang='lat' dir='ltr'>ea,</span> <span class='ocrx_word' id='word_1_113' title='bbox 1089 968 1196 1008; x_wconf 86' lang='lat' dir='ltr'>quae</span> <span class='ocrx_word' id='word_1_114' title='bbox 1237 968 1289 994; x_wconf 85' lang='lat' dir='ltr'>ex</span> <span class='ocrx_word' id='word_1_115' title='bbox 1328 967 1377 994; x_wconf 93' lang='lat' dir='ltr'>eo</span> <span class='ocrx_word' id='word_1_116' title='bbox 1410 960 1648 1002; x_wconf 85' lang='lat' dir='ltr'>orerentur,</span> <span class='ocrx_word' id='word_1_117' title='bbox 1695 953 1885 995; x_wconf 89' lang='lat' dir='ltr'>definita:</span> <span class='ocrx_word' id='word_1_118' title='bbox 1928 957 2040 1010; x_wconf 85' lang='lat' dir='ltr'>gigni</span> 
     </span>
     <span class='ocr_line' id='line_1_14' title="bbox 278 1017 2039 1072; baseline -0.001 -12"><span class='ocrx_word' id='word_1_119' title='bbox 278 1026 415 1060; x_wconf 90' lang='lat' dir='ltr'>autem</span> <span class='ocrx_word' id='word_1_120' title='bbox 445 1024 617 1066; x_wconf 87' lang='lat' dir='ltr'>terram,</span> <span class='ocrx_word' id='word_1_121' title='bbox 648 1031 825 1072; x_wconf 89' lang='lat' dir='ltr'>aquam,</span> <span class='ocrx_word' id='word_1_122' title='bbox 855 1018 1018 1070; x_wconf 89' lang='lat' dir='ltr'>ignem,</span> <span class='ocrx_word' id='word_1_123' title='bbox 1049 1023 1136 1057; x_wconf 87' lang='lat' dir='ltr'>tum</span> <span class='ocrx_word' id='word_1_124' title='bbox 1169 1031 1222 1057; x_wconf 83' lang='lat' dir='ltr'>ex</span> <span class='ocrx_word' id='word_1_125' title='bbox 1251 1017 1317 1057; x_wconf 90' lang='lat' dir='ltr'>his</span> <span class='ocrx_word' id='word_1_126' title='bbox 1339 1017 1488 1057; x_wconf 90' lang='lat' dir='ltr'>omnia.</span> <span class='ocrx_word' id='word_1_127' title='bbox 1534 1018 1802 1070; x_wconf 84' lang='lat' dir='ltr'>Anaxagoras</span> <span class='ocrx_word' id='word_1_128' title='bbox 1824 1019 2039 1060; x_wconf 88' lang='lat' dir='ltr'>materiam</span> 
     </span>
     <span class='ocr_line' id='line_1_15' title="bbox 278 1079 2039 1134; baseline -0.001 -12"><span class='ocrx_word' id='word_1_129' title='bbox 278 1081 500 1130; x_wconf 87' lang='lat' dir='ltr'>infinitam,</span> <span class='ocrx_word' id='word_1_130' title='bbox 532 1081 606 1121; x_wconf 92' lang='lat' dir='ltr'>sed</span> <span class='ocrx_word' id='word_1_131' title='bbox 637 1094 689 1121; x_wconf 85' lang='lat' dir='ltr'>ex</span> <span class='ocrx_word' id='word_1_132' title='bbox 721 1094 769 1121; x_wconf 92' lang='lat' dir='ltr'>ea</span> <span class='ocrx_word' id='word_1_133' title='bbox 799 1081 1044 1134; x_wconf 88' lang='lat' dir='ltr'>particulas,</span> <span class='ocrx_word' id='word_1_134' title='bbox 1085 1081 1238 1120; x_wconf 92' lang='lat' dir='ltr'>similes</span> <span class='ocrx_word' id='word_1_135' title='bbox 1270 1080 1379 1119; x_wconf 88' lang='lat' dir='ltr'>inter</span> <span class='ocrx_word' id='word_1_136' title='bbox 1409 1093 1471 1127; x_wconf 90' lang='lat' dir='ltr'>se,</span> <span class='ocrx_word' id='word_1_137' title='bbox 1510 1079 1714 1127; x_wconf 90' lang='lat' dir='ltr'>minutas;</span> <span class='ocrx_word' id='word_1_138' title='bbox 1759 1093 1828 1120; x_wconf 91' lang='lat' dir='ltr'>eas</span> <span class='ocrx_word' id='word_1_139' title='bbox 1858 1081 2039 1133; x_wconf 88' lang='lat' dir='ltr'>primum</span> 
     </span>
     <span class='ocr_line' id='line_1_16' title="bbox 230 1141 2040 1197; baseline 0.001 -15"><span class='ocrx_word' id='word_1_140' title='bbox 230 1155 264 1184; x_wconf 75' lang='lat'>⁴5</span> <span class='ocrx_word' id='word_1_141' title='bbox 279 1145 492 1192; x_wconf 87' lang='lat' dir='ltr'>confusas,</span> <span class='ocrx_word' id='word_1_142' title='bbox 523 1148 673 1197; x_wconf 90' lang='lat' dir='ltr'>postea</span> <span class='ocrx_word' id='word_1_143' title='bbox 701 1143 744 1182; x_wconf 90' lang='lat' dir='ltr'>in</span> <span class='ocrx_word' id='word_1_144' title='bbox 775 1142 966 1183; x_wconf 83' lang='lat' dir='ltr'>ordinem</span> <span class='ocrx_word' id='word_1_145' title='bbox 989 1142 1189 1183; x_wconf 89' lang='lat' dir='ltr'>adductas</span> <span class='ocrx_word' id='word_1_146' title='bbox 1211 1147 1349 1182; x_wconf 91' lang='lat' dir='ltr'>mente</span> <span class='ocrx_word' id='word_1_147' title='bbox 1372 1142 1526 1181; x_wconf 88' lang='lat' dir='ltr'>divina.</span> <span class='ocrx_word' id='word_1_148' title='bbox 1577 1141 1884 1195; x_wconf 88' lang='lat' dir='ltr'>Xenophanes,</span> <span class='ocrx_word' id='word_1_149' title='bbox 1915 1145 2040 1197; x_wconf 90' lang='lat' dir='ltr'>paulo</span> 
     </span>
     <span class='ocr_line' id='line_1_17' title="bbox 278 1204 2041 1260; baseline -0.001 -12"><span class='ocrx_word' id='word_1_150' title='bbox 278 1208 403 1248; x_wconf 86' lang='lat' dir='ltr'>etiam</span> <span class='ocrx_word' id='word_1_151' title='bbox 444 1206 673 1260; x_wconf 89' lang='lat' dir='ltr'>antiquior,</span> <span class='ocrx_word' id='word_1_152' title='bbox 712 1219 840 1246; x_wconf 91' lang='lat' dir='ltr'>unum</span> <span class='ocrx_word' id='word_1_153' title='bbox 874 1219 966 1246; x_wconf 92' lang='lat' dir='ltr'>esse</span> <span class='ocrx_word' id='word_1_154' title='bbox 997 1205 1138 1245; x_wconf 90' lang='lat' dir='ltr'>omnia</span> <span class='ocrx_word' id='word_1_155' title='bbox 1169 1218 1307 1258; x_wconf 88' lang='lat' dir='ltr'>neque</span> <span class='ocrx_word' id='word_1_156' title='bbox 1341 1204 1383 1244; x_wconf 95' lang='lat' dir='ltr'>id</span> <span class='ocrx_word' id='word_1_157' title='bbox 1416 1217 1506 1244; x_wconf 87' lang='lat' dir='ltr'>esse</span> <span class='ocrx_word' id='word_1_158' title='bbox 1538 1204 1762 1252; x_wconf 90' lang='lat' dir='ltr'>mutabile,</span> <span class='ocrx_word' id='word_1_159' title='bbox 1804 1210 1845 1245; x_wconf 91' lang='lat' dir='ltr'>et</span> <span class='ocrx_word' id='word_1_160' title='bbox 1875 1206 1917 1246; x_wconf 89' lang='lat' dir='ltr'>id</span> <span class='ocrx_word' id='word_1_161' title='bbox 1949 1220 2041 1247; x_wconf 91' lang='lat' dir='ltr'>esse</span> 
     </span>
     <span class='ocr_line' id='line_1_18' title="bbox 277 1265 2041 1323; baseline 0 -14"><span class='ocrx_word' id='word_1_162' title='bbox 277 1270 423 1317; x_wconf 89' lang='lat' dir='ltr'>deum,</span> <span class='ocrx_word' id='word_1_163' title='bbox 462 1282 601 1323; x_wconf 89' lang='lat' dir='ltr'>neque</span> <span class='ocrx_word' id='word_1_164' title='bbox 642 1274 786 1308; x_wconf 87' lang='lat' dir='ltr'>natum</span> <span class='ocrx_word' id='word_1_165' title='bbox 816 1281 1016 1322; x_wconf 90' lang='lat' dir='ltr'>umquam</span> <span class='ocrx_word' id='word_1_166' title='bbox 1047 1273 1087 1307; x_wconf 92' lang='lat' dir='ltr'>et</span> <span class='ocrx_word' id='word_1_167' title='bbox 1117 1268 1436 1320; x_wconf 88' lang='lat' dir='ltr'>sempiternum,</span> <span class='ocrx_word' id='word_1_168' title='bbox 1477 1266 1723 1320; x_wconf 87' lang='lat' dir='ltr'>conglobata</span> <span class='ocrx_word' id='word_1_169' title='bbox 1752 1265 1895 1321; x_wconf 89' lang='lat' dir='ltr'>figura.</span> <span class='ocrx_word' id='word_1_170' title='bbox 1945 1269 2041 1309; x_wconf 92' lang='lat' dir='ltr'>Par-</span> 
     </span>
     <span class='ocr_line' id='line_1_19' title="bbox 277 1329 2040 1385; baseline 0 -13"><span class='ocrx_word' id='word_1_171' title='bbox 277 1331 465 1372; x_wconf 90' lang='lat' dir='ltr'>menides</span> <span class='ocrx_word' id='word_1_172' title='bbox 504 1331 663 1384; x_wconf 86' lang='lat' dir='ltr'>ignem,</span> <span class='ocrx_word' id='word_1_173' title='bbox 705 1333 778 1385; x_wconf 90' lang='lat' dir='ltr'>qui</span> <span class='ocrx_word' id='word_1_174' title='bbox 817 1335 981 1371; x_wconf 89' lang='lat' dir='ltr'>moveat</span> <span class='ocrx_word' id='word_1_175' title='bbox 1018 1336 1189 1377; x_wconf 88' lang='lat' dir='ltr'>terram,</span> <span class='ocrx_word' id='word_1_176' title='bbox 1233 1343 1341 1383; x_wconf 87' lang='lat' dir='ltr'>quae</span> <span class='ocrx_word' id='word_1_177' title='bbox 1378 1330 1428 1370; x_wconf 89' lang='lat' dir='ltr'>ab</span> <span class='ocrx_word' id='word_1_178' title='bbox 1461 1343 1510 1369; x_wconf 91' lang='lat' dir='ltr'>eo</span> <span class='ocrx_word' id='word_1_179' title='bbox 1542 1329 1766 1369; x_wconf 85' lang='lat' dir='ltr'>formetur:</span> <span class='ocrx_word' id='word_1_180' title='bbox 1806 1331 2040 1385; x_wconf 88' lang='lat' dir='ltr'>Leucippus</span> 
     </span>
     <span class='ocr_line' id='line_1_20' title="bbox 276 1392 2040 1448; baseline 0.001 -14"><span class='ocrx_word' id='word_1_181' title='bbox 276 1395 447 1448; x_wconf 91' lang='lat' dir='ltr'>plenum</span> <span class='ocrx_word' id='word_1_182' title='bbox 489 1398 529 1433; x_wconf 92' lang='lat' dir='ltr'>et</span> <span class='ocrx_word' id='word_1_183' title='bbox 568 1394 714 1434; x_wconf 91' lang='lat' dir='ltr'>inane:</span> <span class='ocrx_word' id='word_1_184' title='bbox 755 1393 1020 1434; x_wconf 86' lang='lat' dir='ltr'>Democritus</span> <span class='ocrx_word' id='word_1_185' title='bbox 1060 1392 1159 1432; x_wconf 90' lang='lat' dir='ltr'>huic</span> <span class='ocrx_word' id='word_1_186' title='bbox 1198 1392 1241 1432; x_wconf 92' lang='lat' dir='ltr'>in</span> <span class='ocrx_word' id='word_1_187' title='bbox 1272 1393 1354 1432; x_wconf 92' lang='lat' dir='ltr'>hoc</span> <span class='ocrx_word' id='word_1_188' title='bbox 1388 1392 1556 1439; x_wconf 90' lang='lat' dir='ltr'>similis,</span> <span class='ocrx_word' id='word_1_189' title='bbox 1596 1392 1767 1432; x_wconf 87' lang='lat' dir='ltr'>uberior</span> <span class='ocrx_word' id='word_1_190' title='bbox 1795 1392 1837 1432; x_wconf 90' lang='lat' dir='ltr'>in</span> <span class='ocrx_word' id='word_1_191' title='bbox 1869 1394 2040 1435; x_wconf 89' lang='lat' dir='ltr'>ceteris:</span> 
     </span>
     <span class='ocr_line' id='line_1_21' title="bbox 229 1455 2034 1510; baseline 0.002 -15"><span class='ocrx_word' id='word_1_192' title='bbox 229 1467 264 1495; x_wconf 72' lang='lat'>‘20</span> <span class='ocrx_word' id='word_1_193' title='bbox 276 1456 550 1510; x_wconf 91' lang='lat' dir='ltr'>Empedocles</span> <span class='ocrx_word' id='word_1_194' title='bbox 571 1455 676 1496; x_wconf 90' lang='lat' dir='ltr'>haec</span> <span class='ocrx_word' id='word_1_195' title='bbox 696 1456 939 1509; x_wconf 87' lang='lat' dir='ltr'>pervolgata</span> <span class='ocrx_word' id='word_1_196' title='bbox 960 1461 1001 1496; x_wconf 90' lang='lat' dir='ltr'>et</span> <span class='ocrx_word' id='word_1_197' title='bbox 1017 1460 1115 1495; x_wconf 89' lang='lat' dir='ltr'>nota</span> <span class='ocrx_word' id='word_1_198' title='bbox 1137 1460 1353 1508; x_wconf 85' lang='lat' dir='ltr'>quattuor:</span> <span class='ocrx_word' id='word_1_199' title='bbox 1386 1455 1623 1495; x_wconf 88' lang='lat' dir='ltr'>Heraclitus</span> <span class='ocrx_word' id='word_1_200' title='bbox 1645 1455 1809 1508; x_wconf 88' lang='lat' dir='ltr'>ignem:</span> <span class='ocrx_word' id='word_1_201' title='bbox 1840 1457 2034 1498; x_wconf 87' lang='lat' dir='ltr'>Melissus</span> 
     </span>
     <span class='ocr_line' id='line_1_22' title="bbox 275 1517 2042 1573; baseline 0.001 -14"><span class='ocrx_word' id='word_1_202' title='bbox 275 1520 376 1568; x_wconf 89' lang='lat' dir='ltr'>hoc,</span> <span class='ocrx_word' id='word_1_203' title='bbox 409 1519 523 1573; x_wconf 91' lang='lat' dir='ltr'>quod</span> <span class='ocrx_word' id='word_1_204' title='bbox 554 1523 664 1559; x_wconf 90' lang='lat' dir='ltr'>esset</span> <span class='ocrx_word' id='word_1_205' title='bbox 691 1519 900 1559; x_wconf 89' lang='lat' dir='ltr'>infinitum</span> <span class='ocrx_word' id='word_1_206' title='bbox 931 1524 971 1558; x_wconf 87' lang='lat' dir='ltr'>et</span> <span class='ocrx_word' id='word_1_207' title='bbox 999 1518 1262 1564; x_wconf 88' lang='lat' dir='ltr'>inmutabile,</span> <span class='ocrx_word' id='word_1_208' title='bbox 1294 1523 1335 1558; x_wconf 90' lang='lat' dir='ltr'>et</span> <span class='ocrx_word' id='word_1_209' title='bbox 1363 1517 1492 1558; x_wconf 90' lang='lat' dir='ltr'>fuisse</span> <span class='ocrx_word' id='word_1_210' title='bbox 1515 1531 1679 1571; x_wconf 90' lang='lat' dir='ltr'>semper</span> <span class='ocrx_word' id='word_1_211' title='bbox 1710 1523 1750 1558; x_wconf 79' lang='lat' dir='ltr'>et</span> <span class='ocrx_word' id='word_1_212' title='bbox 1780 1518 1883 1560; x_wconf 83' lang='lat' dir='ltr'>fore.</span> <span class='ocrx_word' id='word_1_213' title='bbox 1925 1520 2042 1560; x_wconf 88' lang='lat' dir='ltr'>Plato</span> 
     </span>
     <span class='ocr_line' id='line_1_23' title="bbox 277 1580 2041 1634; baseline 0.001 -13"><span class='ocrx_word' id='word_1_214' title='bbox 277 1595 329 1622; x_wconf 80' lang='lat' dir='ltr'>ex</span> <span class='ocrx_word' id='word_1_215' title='bbox 368 1581 541 1622; x_wconf 89' lang='lat' dir='ltr'>materia</span> <span class='ocrx_word' id='word_1_216' title='bbox 579 1581 623 1620; x_wconf 93' lang='lat' dir='ltr'>in</span> <span class='ocrx_word' id='word_1_217' title='bbox 660 1594 704 1621; x_wconf 90' lang='lat' dir='ltr'>se</span> <span class='ocrx_word' id='word_1_218' title='bbox 747 1581 888 1621; x_wconf 91' lang='lat' dir='ltr'>omnia</span> <span class='ocrx_word' id='word_1_219' title='bbox 926 1582 1153 1634; x_wconf 84' lang='lat' dir='ltr'>recipiente</span> <span class='ocrx_word' id='word_1_220' title='bbox 1194 1580 1395 1620; x_wconf 89' lang='lat' dir='ltr'>mundum</span> <span class='ocrx_word' id='word_1_221' title='bbox 1425 1581 1581 1620; x_wconf 86' lang='lat' dir='ltr'>factum</span> <span class='ocrx_word' id='word_1_222' title='bbox 1613 1594 1704 1621; x_wconf 89' lang='lat' dir='ltr'>esse</span> <span class='ocrx_word' id='word_1_223' title='bbox 1736 1587 1878 1621; x_wconf 91' lang='lat' dir='ltr'>censet</span> <span class='ocrx_word' id='word_1_224' title='bbox 1908 1595 1931 1622; x_wconf 90' lang='lat' dir='ltr'>a</span> <span class='ocrx_word' id='word_1_225' title='bbox 1962 1583 2041 1622; x_wconf 93' lang='lat' dir='ltr'>deo</span> 
     </span>
     <span class='ocr_line' id='line_1_24' title="bbox 277 1641 2042 1698; baseline 0 -14"><span class='ocrx_word' id='word_1_226' title='bbox 277 1645 589 1697; x_wconf 88' lang='lat' dir='ltr'>sempiternum.</span> <span class='ocrx_word' id='word_1_227' title='bbox 640 1643 890 1697; x_wconf 84' lang='lat' dir='ltr'>Pythagorei</span> <span class='ocrx_word' id='word_1_228' title='bbox 922 1658 975 1683; x_wconf 82' lang='lat' dir='ltr'>ex</span> <span class='ocrx_word' id='word_1_229' title='bbox 1004 1644 1189 1684; x_wconf 88' lang='lat' dir='ltr'>numeris</span> <span class='ocrx_word' id='word_1_230' title='bbox 1213 1649 1253 1683; x_wconf 89' lang='lat' dir='ltr'>et</span> <span class='ocrx_word' id='word_1_231' title='bbox 1274 1643 1662 1683; x_wconf 88' lang='lat' dir='ltr'>matbematicorum</span> <span class='ocrx_word' id='word_1_232' title='bbox 1685 1644 1815 1684; x_wconf 87' lang='lat' dir='ltr'>initiis</span> <span class='ocrx_word' id='word_1_233' title='bbox 1837 1641 2042 1698; x_wconf 87' lang='lat' dir='ltr'>proficisci</span> 
     </span>
     <span class='ocr_line' id='line_1_25' title="bbox 276 1705 2041 1760; baseline -0.001 -13"><span class='ocrx_word' id='word_1_234' title='bbox 276 1707 422 1747; x_wconf 87' lang='lat' dir='ltr'>volunt</span> <span class='ocrx_word' id='word_1_235' title='bbox 452 1706 602 1746; x_wconf 90' lang='lat' dir='ltr'>omnia.</span> <span class='ocrx_word' id='word_1_236' title='bbox 652 1707 716 1745; x_wconf 80' lang='lat' dir='ltr'>Ex</span> <span class='ocrx_word' id='word_1_237' title='bbox 744 1705 810 1746; x_wconf 91' lang='lat' dir='ltr'>bis</span> <span class='ocrx_word' id='word_1_238' title='bbox 842 1706 969 1760; x_wconf 85' lang='lat' dir='ltr'>eliget</span> <span class='ocrx_word' id='word_1_239' title='bbox 998 1712 1137 1746; x_wconf 89' lang='lat' dir='ltr'>vester</span> <span class='ocrx_word' id='word_1_240' title='bbox 1159 1707 1325 1759; x_wconf 88' lang='lat' dir='ltr'>sapiens</span> <span class='ocrx_word' id='word_1_241' title='bbox 1346 1719 1478 1745; x_wconf 91' lang='lat' dir='ltr'>unum</span> <span class='ocrx_word' id='word_1_242' title='bbox 1499 1705 1707 1759; x_wconf 88' lang='lat' dir='ltr'>aliquem,</span> <span class='ocrx_word' id='word_1_243' title='bbox 1739 1706 1883 1754; x_wconf 90' lang='lat' dir='ltr'>credo,</span> <span class='ocrx_word' id='word_1_244' title='bbox 1916 1720 2041 1760; x_wconf 89' lang='lat' dir='ltr'>quem</span> 
     </span>
     <span class='ocr_line' id='line_1_26' title="bbox 226 1768 2041 1823; baseline 0.001 -16"><span class='ocrx_word' id='word_1_245' title='bbox 226 1779 262 1808; x_wconf 73' lang='lat'>25</span> <span class='ocrx_word' id='word_1_246' title='bbox 277 1774 498 1823; x_wconf 87' lang='lat' dir='ltr'>sequatur:</span> <span class='ocrx_word' id='word_1_247' title='bbox 530 1769 655 1808; x_wconf 89' lang='lat' dir='ltr'>ceteri</span> <span class='ocrx_word' id='word_1_248' title='bbox 681 1774 743 1809; x_wconf 90' lang='lat' dir='ltr'>tot</span> <span class='ocrx_word' id='word_1_249' title='bbox 766 1769 842 1808; x_wconf 84' lang='lat' dir='ltr'>viri</span> <span class='ocrx_word' id='word_1_250' title='bbox 868 1775 909 1809; x_wconf 92' lang='lat' dir='ltr'>et</span> <span class='ocrx_word' id='word_1_251' title='bbox 933 1769 1037 1809; x_wconf 86' lang='lat' dir='ltr'>tanti</span> <span class='ocrx_word' id='word_1_252' title='bbox 1066 1769 1274 1823; x_wconf 85' lang='lat' dir='ltr'>repudiati</span> <span class='ocrx_word' id='word_1_253' title='bbox 1295 1768 1346 1807; x_wconf 89' lang='lat' dir='ltr'>ab</span> <span class='ocrx_word' id='word_1_254' title='bbox 1368 1782 1416 1808; x_wconf 91' lang='lat' dir='ltr'>eo</span> <span class='ocrx_word' id='word_1_255' title='bbox 1440 1768 1791 1822; x_wconf 87' lang='lat' dir='ltr'>condemnatique</span> <span class='ocrx_word' id='word_1_256' title='bbox 1814 1769 2041 1809; x_wconf 87' lang='lat' dir='ltr'>discedent.</span> 
     </span>
     <span class='ocr_line' id='line_1_27' title="bbox 278 1829 2042 1885; baseline 0.001 -15"><span class='ocrx_word' id='word_1_257' title='bbox 278 1829 371 1870; x_wconf 71' lang='lat'>419.</span> <span class='ocrx_word' id='word_1_258' title='bbox 404 1831 720 1884; x_wconf 89' lang='lat' dir='ltr'>Quamcumque</span> <span class='ocrx_word' id='word_1_259' title='bbox 752 1845 850 1872; x_wconf 84' lang='lat' dir='ltr'>vero</span> <span class='ocrx_word' id='word_1_260' title='bbox 882 1832 1133 1872; x_wconf 90' lang='lat' dir='ltr'>sententiam</span> <span class='ocrx_word' id='word_1_261' title='bbox 1164 1831 1420 1885; x_wconf 85' lang='lat' dir='ltr'>probaverit,</span> <span class='ocrx_word' id='word_1_262' title='bbox 1453 1843 1542 1870; x_wconf 88' lang='lat' dir='ltr'>eam</span> <span class='ocrx_word' id='word_1_263' title='bbox 1574 1831 1633 1870; x_wconf 92' lang='lat' dir='ltr'>sic</span> <span class='ocrx_word' id='word_1_264' title='bbox 1664 1832 1804 1871; x_wconf 90' lang='lat' dir='ltr'>animo</span> <span class='ocrx_word' id='word_1_265' title='bbox 1836 1845 2042 1884; x_wconf 80' lang='lat' dir='ltr'>conpren-</span> 
     </span>
     <span class='ocr_line' id='line_1_28' title="bbox 277 1893 2040 1947; baseline 0 -13"><span class='ocrx_word' id='word_1_266' title='bbox 277 1908 362 1934; x_wconf 89' lang='lat' dir='ltr'>sam</span> <span class='ocrx_word' id='word_1_267' title='bbox 393 1894 584 1942; x_wconf 86' lang='lat' dir='ltr'>habebit,</span> <span class='ocrx_word' id='word_1_268' title='bbox 624 1899 670 1934; x_wconf 92' lang='lat' dir='ltr'>ut</span> <span class='ocrx_word' id='word_1_269' title='bbox 701 1907 770 1942; x_wconf 91' lang='lat' dir='ltr'>ea,</span> <span class='ocrx_word' id='word_1_270' title='bbox 803 1908 910 1947; x_wconf 89' lang='lat' dir='ltr'>quae</span> <span class='ocrx_word' id='word_1_271' title='bbox 942 1894 1157 1942; x_wconf 92' lang='lat' dir='ltr'>sensibus;</span> <span class='ocrx_word' id='word_1_272' title='bbox 1195 1907 1271 1933; x_wconf 92' lang='lat' dir='ltr'>nec</span> <span class='ocrx_word' id='word_1_273' title='bbox 1302 1893 1433 1946; x_wconf 88' lang='lat' dir='ltr'>magis</span> <span class='ocrx_word' id='word_1_274' title='bbox 1465 1893 1716 1946; x_wconf 87' lang='lat' dir='ltr'>adprobabit</span> <span class='ocrx_word' id='word_1_275' title='bbox 1745 1907 1858 1934; x_wconf 89' lang='lat' dir='ltr'>nunc</span> <span class='ocrx_word' id='word_1_276' title='bbox 1887 1895 2040 1941; x_wconf 90' lang='lat' dir='ltr'>lucere,</span> 
     </span>
     <span class='ocr_line' id='line_1_29' title="bbox 277 1955 2043 2010; baseline 0.001 -14"><span class='ocrx_word' id='word_1_277' title='bbox 277 1970 420 2010; x_wconf 89' lang='lat' dir='ltr'>quam,</span> <span class='ocrx_word' id='word_1_278' title='bbox 453 1957 649 2010; x_wconf 92' lang='lat' dir='ltr'>quoniam</span> <span class='ocrx_word' id='word_1_279' title='bbox 681 1958 846 1997; x_wconf 87' lang='lat' dir='ltr'>Stoicus</span> <span class='ocrx_word' id='word_1_280' title='bbox 879 1962 960 2004; x_wconf 90' lang='lat' dir='ltr'>est,</span> <span class='ocrx_word' id='word_1_281' title='bbox 991 1956 1102 1996; x_wconf 88' lang='lat' dir='ltr'>hunc</span> <span class='ocrx_word' id='word_1_282' title='bbox 1131 1956 1334 1995; x_wconf 91' lang='lat' dir='ltr'>mundum</span> <span class='ocrx_word' id='word_1_283' title='bbox 1357 1969 1448 1995; x_wconf 91' lang='lat' dir='ltr'>esse</span> <span class='ocrx_word' id='word_1_284' title='bbox 1470 1955 1721 2008; x_wconf 85' lang='lat' dir='ltr'>sapientem,</span> <span class='ocrx_word' id='word_1_285' title='bbox 1753 1956 1906 1996; x_wconf 90' lang='lat' dir='ltr'>habere</span> <span class='ocrx_word' id='word_1_286' title='bbox 1927 1970 2043 1997; x_wconf 90' lang='lat' dir='ltr'>men-</span> 
     </span>
     <span class='ocr_line' id='line_1_30' title="bbox 277 2018 2042 2072; baseline -0.001 -12"><span class='ocrx_word' id='word_1_287' title='bbox 277 2025 381 2067; x_wconf 83' lang='lat' dir='ltr'>tem,</span> <span class='ocrx_word' id='word_1_288' title='bbox 421 2032 528 2072; x_wconf 91' lang='lat' dir='ltr'>quae</span> <span class='ocrx_word' id='word_1_289' title='bbox 570 2024 611 2058; x_wconf 92' lang='lat' dir='ltr'>et</span> <span class='ocrx_word' id='word_1_290' title='bbox 647 2033 690 2059; x_wconf 92' lang='lat' dir='ltr'>se</span> <span class='ocrx_word' id='word_1_291' title='bbox 732 2024 772 2059; x_wconf 93' lang='lat' dir='ltr'>et</span> <span class='ocrx_word' id='word_1_292' title='bbox 805 2020 940 2072; x_wconf 87' lang='lat' dir='ltr'>ipsum</span> <span class='ocrx_word' id='word_1_293' title='bbox 971 2019 1169 2059; x_wconf 86' lang='lat' dir='ltr'>fabricata</span> <span class='ocrx_word' id='word_1_294' title='bbox 1201 2019 1274 2066; x_wconf 90' lang='lat' dir='ltr'>sit,</span> <span class='ocrx_word' id='word_1_295' title='bbox 1317 2024 1356 2058; x_wconf 91' lang='lat' dir='ltr'>et</span> <span class='ocrx_word' id='word_1_296' title='bbox 1387 2018 1525 2058; x_wconf 88' lang='lat' dir='ltr'>omnia</span> <span class='ocrx_word' id='word_1_297' title='bbox 1557 2018 1817 2066; x_wconf 89' lang='lat' dir='ltr'>moderetur,</span> <span class='ocrx_word' id='word_1_298' title='bbox 1858 2023 2042 2067; x_wconf 90' lang='lat' dir='ltr'>moveat,</span> 
     </span>
     <span class='ocr_line' id='line_1_31' title="bbox 226 2081 2041 2135; baseline 0.001 -16"><span class='ocrx_word' id='word_1_299' title='bbox 226 2087 403 2135; x_wconf 88' lang='lat' dir='ltr'>30regat.</span> <span class='ocrx_word' id='word_1_300' title='bbox 452 2081 542 2120; x_wconf 85' lang='lat' dir='ltr'>Erit</span> <span class='ocrx_word' id='word_1_301' title='bbox 579 2081 614 2120; x_wconf 87' lang='lat' dir='ltr'>ei</span> <span class='ocrx_word' id='word_1_302' title='bbox 658 2095 902 2134; x_wconf 84' lang='lat' dir='ltr'>persuasum</span> <span class='ocrx_word' id='word_1_303' title='bbox 934 2081 1059 2120; x_wconf 83' lang='lat' dir='ltr'>etiam</span> <span class='ocrx_word' id='word_1_304' title='bbox 1091 2081 1246 2128; x_wconf 88' lang='lat' dir='ltr'>solem,</span> <span class='ocrx_word' id='word_1_305' title='bbox 1287 2082 1452 2127; x_wconf 85' lang='lat' dir='ltr'>lunam,</span> <span class='ocrx_word' id='word_1_306' title='bbox 1496 2081 1636 2121; x_wconf 89' lang='lat' dir='ltr'>stellas</span> <span class='ocrx_word' id='word_1_307' title='bbox 1669 2094 1835 2128; x_wconf 86' lang='lat' dir='ltr'>omnes,</span> <span class='ocrx_word' id='word_1_308' title='bbox 1877 2086 2041 2129; x_wconf 89' lang='lat' dir='ltr'>terram,</span> 
     </span>
     <span class='ocr_line' id='line_1_32' title="bbox 277 2143 2043 2197; baseline 0 -13"><span class='ocrx_word' id='word_1_309' title='bbox 277 2158 388 2184; x_wconf 90' lang='lat' dir='ltr'>mare</span> <span class='ocrx_word' id='word_1_310' title='bbox 420 2144 519 2183; x_wconf 88' lang='lat' dir='ltr'>deos</span> <span class='ocrx_word' id='word_1_311' title='bbox 552 2156 663 2191; x_wconf 89' lang='lat' dir='ltr'>esse,</span> <span class='ocrx_word' id='word_1_312' title='bbox 696 2144 807 2197; x_wconf 92' lang='lat' dir='ltr'>quod</span> <span class='ocrx_word' id='word_1_313' title='bbox 832 2144 1037 2197; x_wconf 89' lang='lat' dir='ltr'>quaedam</span> <span class='ocrx_word' id='word_1_314' title='bbox 1068 2144 1261 2183; x_wconf 88' lang='lat' dir='ltr'>animalis</span> <span class='ocrx_word' id='word_1_315' title='bbox 1292 2143 1578 2196; x_wconf 85' lang='lat' dir='ltr'>intellegentia</span> <span class='ocrx_word' id='word_1_316' title='bbox 1609 2157 1683 2196; x_wconf 91' lang='lat' dir='ltr'>per</span> <span class='ocrx_word' id='word_1_317' title='bbox 1711 2145 1849 2184; x_wconf 86' lang='lat' dir='ltr'>omnia</span> <span class='ocrx_word' id='word_1_318' title='bbox 1871 2158 1920 2184; x_wconf 86' lang='lat' dir='ltr'>ea</span> <span class='ocrx_word' id='word_1_319' title='bbox 1949 2158 2043 2197; x_wconf 92' lang='lat' dir='ltr'>per-</span> 
     </span>
     <span class='ocr_line' id='line_1_33' title="bbox 276 2205 2040 2259; baseline 0.001 -14"><span class='ocrx_word' id='word_1_320' title='bbox 276 2211 415 2246; x_wconf 91' lang='lat' dir='ltr'>manet</span> <span class='ocrx_word' id='word_1_321' title='bbox 454 2211 495 2245; x_wconf 82' lang='lat' dir='ltr'>et</span> <span class='ocrx_word' id='word_1_322' title='bbox 531 2211 737 2246; x_wconf 87' lang='lat' dir='ltr'>transeat:</span> <span class='ocrx_word' id='word_1_323' title='bbox 777 2205 864 2246; x_wconf 88' lang='lat' dir='ltr'>fore</span> <span class='ocrx_word' id='word_1_324' title='bbox 906 2212 1044 2246; x_wconf 90' lang='lat' dir='ltr'>tamen</span> <span class='ocrx_word' id='word_1_325' title='bbox 1085 2206 1311 2259; x_wconf 85' lang='lat' dir='ltr'>aliquando</span> <span class='ocrx_word' id='word_1_326' title='bbox 1342 2211 1389 2245; x_wconf 91' lang='lat' dir='ltr'>ut</span> <span class='ocrx_word' id='word_1_327' title='bbox 1420 2207 1554 2245; x_wconf 85' lang='lat' dir='ltr'>omnis</span> <span class='ocrx_word' id='word_1_328' title='bbox 1584 2205 1652 2245; x_wconf 91' lang='lat' dir='ltr'>hic</span> <span class='ocrx_word' id='word_1_329' title='bbox 1682 2207 1862 2246; x_wconf 88' lang='lat' dir='ltr'>mundus</span> <span class='ocrx_word' id='word_1_330' title='bbox 1894 2207 2040 2247; x_wconf 88' lang='lat' dir='ltr'>ardore</span> 
     </span>
     <span class='ocr_line' id='line_1_34' title="bbox 277 2269 487 2321; baseline -0.005 -13"><span class='ocrx_word' id='word_1_331' title='bbox 277 2269 487 2321; x_wconf 86' lang='lat' dir='ltr'>dessagret.</span> 
     </span>
     <span class='ocr_line' id='line_1_35' title="bbox 387 2330 2041 2384; baseline 0.001 -14"><span class='ocrx_word' id='word_1_332' title='bbox 387 2331 620 2370; x_wconf 87' lang='lat' dir='ltr'>XXXVIII.</span> <span class='ocrx_word' id='word_1_333' title='bbox 663 2330 755 2370; x_wconf 91' lang='lat' dir='ltr'>Sint</span> <span class='ocrx_word' id='word_1_334' title='bbox 785 2331 861 2370; x_wconf 87' lang='lat' dir='ltr'>ista</span> <span class='ocrx_word' id='word_1_335' title='bbox 892 2343 989 2370; x_wconf 87' lang='lat' dir='ltr'>vera</span> <span class='ocrx_word' id='word_1_336' title='bbox 1020 2352 1073 2359; x_wconf 91' lang='lat'>-—</span> <span class='ocrx_word' id='word_1_337' title='bbox 1103 2331 1221 2371; x_wconf 89' lang='lat' dir='ltr'>vides</span> <span class='ocrx_word' id='word_1_338' title='bbox 1254 2331 1364 2370; x_wconf 87' lang='lat' dir='ltr'>enim</span> <span class='ocrx_word' id='word_1_339' title='bbox 1396 2331 1478 2370; x_wconf 88' lang='lat' dir='ltr'>iam</span> <span class='ocrx_word' id='word_1_340' title='bbox 1511 2344 1575 2370; x_wconf 90' lang='lat' dir='ltr'>me</span> <span class='ocrx_word' id='word_1_341' title='bbox 1606 2330 1727 2370; x_wconf 90' lang='lat' dir='ltr'>fateri</span> <span class='ocrx_word' id='word_1_342' title='bbox 1759 2331 1916 2384; x_wconf 87' lang='lat' dir='ltr'>aliquid</span> <span class='ocrx_word' id='word_1_343' title='bbox 1949 2345 2041 2372; x_wconf 90' lang='lat' dir='ltr'>esse</span> 
     </span>
     <span class='ocr_line' id='line_1_36' title="bbox 226 2393 2042 2448; baseline 0.001 -17"><span class='ocrx_word' id='word_1_344' title='bbox 226 2402 262 2430; x_wconf 82' lang='lat'>35</span> <span class='ocrx_word' id='word_1_345' title='bbox 276 2393 362 2434; x_wconf 79' lang='lat' dir='ltr'>veri</span> <span class='ocrx_word' id='word_1_346' title='bbox 393 2415 469 2441; x_wconf 93' lang='lat'>—,</span> <span class='ocrx_word' id='word_1_347' title='bbox 501 2393 729 2448; x_wconf 85' lang='lat' dir='ltr'>conprendi</span> <span class='ocrx_word' id='word_1_348' title='bbox 761 2407 808 2433; x_wconf 88' lang='lat' dir='ltr'>ea</span> <span class='ocrx_word' id='word_1_349' title='bbox 839 2398 977 2433; x_wconf 86' lang='lat' dir='ltr'>tamen</span> <span class='ocrx_word' id='word_1_350' title='bbox 1009 2399 1050 2432; x_wconf 88' lang='lat' dir='ltr'>et</span> <span class='ocrx_word' id='word_1_351' title='bbox 1079 2393 1237 2446; x_wconf 91' lang='lat' dir='ltr'>percipi</span> <span class='ocrx_word' id='word_1_352' title='bbox 1267 2406 1391 2446; x_wconf 90' lang='lat' dir='ltr'>nego.</span> <span class='ocrx_word' id='word_1_353' title='bbox 1444 2393 1546 2432; x_wconf 90' lang='lat' dir='ltr'>Cum</span> <span class='ocrx_word' id='word_1_354' title='bbox 1578 2394 1687 2433; x_wconf 87' lang='lat' dir='ltr'>enim</span> <span class='ocrx_word' id='word_1_355' title='bbox 1710 2398 1804 2433; x_wconf 89' lang='lat' dir='ltr'>tuus</span> <span class='ocrx_word' id='word_1_356' title='bbox 1834 2393 1912 2433; x_wconf 85' lang='lat' dir='ltr'>iste</span> <span class='ocrx_word' id='word_1_357' title='bbox 1935 2394 2042 2433; x_wconf 86' lang='lat' dir='ltr'>Stoi-</span> 
     </span>
     <span class='ocr_line' id='line_1_37' title="bbox 277 2456 2041 2510; baseline 0.001 -15"><span class='ocrx_word' id='word_1_358' title='bbox 277 2469 348 2496; x_wconf 92' lang='lat' dir='ltr'>cus</span> <span class='ocrx_word' id='word_1_359' title='bbox 380 2457 544 2509; x_wconf 90' lang='lat' dir='ltr'>sapiens</span> <span class='ocrx_word' id='word_1_360' title='bbox 577 2457 811 2510; x_wconf 55' lang='lat' dir='ltr'>syllabatim</span> <span class='ocrx_word' id='word_1_361' title='bbox 844 2456 917 2496; x_wconf 67' lang='lat' dir='ltr'>tibi</span> <span class='ocrx_word' id='word_1_362' title='bbox 949 2457 1027 2496; x_wconf 87' lang='lat' dir='ltr'>ista</span> <span class='ocrx_word' id='word_1_363' title='bbox 1058 2456 1229 2502; x_wconf 72' lang='lat' dir='ltr'>dixerit,</span> <span class='ocrx_word' id='word_1_364' title='bbox 1269 2456 1408 2495; x_wconf 89' lang='lat' dir='ltr'>veniet</span> <span class='ocrx_word' id='word_1_365' title='bbox 1445 2457 1601 2496; x_wconf 88' lang='lat' dir='ltr'>flumen</span> <span class='ocrx_word' id='word_1_366' title='bbox 1632 2456 1834 2496; x_wconf 88' lang='lat' dir='ltr'>orationis</span> <span class='ocrx_word' id='word_1_367' title='bbox 1866 2469 2041 2497; x_wconf 90' lang='lat' dir='ltr'>aureum</span> 
     </span>
     <span class='ocr_line' id='line_1_38' title="bbox 275 2518 2040 2572; baseline 0.001 -15"><span class='ocrx_word' id='word_1_368' title='bbox 275 2518 453 2559; x_wconf 89' lang='lat' dir='ltr'>fundens</span> <span class='ocrx_word' id='word_1_369' title='bbox 493 2519 762 2566; x_wconf 85' lang='lat' dir='ltr'>Aristoteles,</span> <span class='ocrx_word' id='word_1_370' title='bbox 804 2519 877 2572; x_wconf 89' lang='lat' dir='ltr'>qui</span> <span class='ocrx_word' id='word_1_371' title='bbox 916 2519 1035 2558; x_wconf 89' lang='lat' dir='ltr'>illum</span> <span class='ocrx_word' id='word_1_372' title='bbox 1067 2518 1254 2571; x_wconf 87' lang='lat' dir='ltr'>desipere</span> <span class='ocrx_word' id='word_1_373' title='bbox 1287 2518 1419 2558; x_wconf 89' lang='lat' dir='ltr'>dicat:</span> <span class='ocrx_word' id='word_1_374' title='bbox 1459 2531 1597 2571; x_wconf 91' lang='lat' dir='ltr'>neque</span> <span class='ocrx_word' id='word_1_375' title='bbox 1634 2518 1746 2558; x_wconf 92' lang='lat' dir='ltr'>enim</span> <span class='ocrx_word' id='word_1_376' title='bbox 1779 2523 1917 2558; x_wconf 85' lang='lat' dir='ltr'>ortum</span> <span class='ocrx_word' id='word_1_377' title='bbox 1948 2531 2040 2558; x_wconf 91' lang='lat' dir='ltr'>esse</span> 
     </span>
    </p>
   </div>
   <div class='ocr_carea' id='block_1_3' title="bbox 360 2691 2036 2732">
    <p class='ocr_par' dir='ltr' id='par_1_3' title="bbox 360 2691 2036 2732">
     <span class='ocr_line' id='line_1_39' title="bbox 360 2691 2036 2732; baseline 0.001 -10"><span class='ocrx_word' id='word_1_378' title='bbox 360 2692 391 2722; x_wconf 61' lang='grc' dir='ltr'>ἱ).</span> <span class='ocrx_word' id='word_1_379' title='bbox 418 2699 484 2730; x_wconf 83' lang='lat' dir='ltr'>qua</span> <span class='ocrx_word' id='word_1_380' title='bbox 505 2695 571 2731; x_wconf 72' lang='lat' dir='ltr'>pot..</span> <span class='ocrx_word' id='word_1_381' title='bbox 597 2692 754 2723; x_wconf 80' lang='lat' dir='ltr'>sententia</span> <span class='ocrx_word' id='word_1_382' title='bbox 786 2692 861 2723; x_wconf 76' lang='grc' dir='ltr'>Α’-Ἔ</span> <span class='ocrx_word' id='word_1_383' title='bbox 890 2710 923 2713; x_wconf 95' lang='grc'><strong>-</strong></span> <span class='ocrx_word' id='word_1_384' title='bbox 951 2692 1044 2732; x_wconf 65' lang='grc' dir='ltr'>εἰὶςθὶ</span> <span class='ocrx_word' id='word_1_385' title='bbox 1068 2692 1211 2723; x_wconf 78' lang='lat' dir='ltr'>Davies:</span> <span class='ocrx_word' id='word_1_386' title='bbox 1237 2692 1352 2723; x_wconf 80' lang='lat' dir='ltr'>melius</span> <span class='ocrx_word' id='word_1_387' title='bbox 1375 2692 1469 2732; x_wconf 60' lang='lat' dir='ltr'>eliget</span> <span class='ocrx_word' id='word_1_388' title='bbox 1493 2691 1596 2723; x_wconf 84' lang='lat' dir='ltr'>codd.</span> <span class='ocrx_word' id='word_1_389' title='bbox 1617 2692 1900 2731; x_wconf 76' lang='lat' dir='ltr'>(sententiamelius</span> <span class='ocrx_word' id='word_1_390' title='bbox 1922 2692 1961 2723; x_wconf 83' lang='lat' dir='ltr'>el.</span> <span class='ocrx_word' id='word_1_391' title='bbox 1981 2692 2036 2732; x_wconf 85' lang='lat' dir='ltr'>B);</span> 
     </span>
    </p>
   </div>
   <div class='ocr_carea' id='block_1_4' title="bbox 273 2741 2042 3281">
    <p class='ocr_par' dir='ltr' id='par_1_4' title="bbox 273 2741 2042 3281">
     <span class='ocr_line' id='line_1_40' title="bbox 275 2741 2039 2782; baseline 0 -10"><span class='ocrx_word' id='word_1_392' title='bbox 275 2741 412 2772; x_wconf 84' lang='lat' dir='ltr'>videtur</span> <span class='ocrx_word' id='word_1_393' title='bbox 434 2742 548 2772; x_wconf 82' lang='lat' dir='ltr'>melius</span> <span class='ocrx_word' id='word_1_394' title='bbox 571 2742 660 2773; x_wconf 90' lang='lat' dir='ltr'>inter</span> <span class='ocrx_word' id='word_1_395' title='bbox 683 2751 715 2772; x_wconf 86' lang='lat' dir='ltr'>m</span> <span class='ocrx_word' id='word_1_396' title='bbox 739 2743 773 2773; x_wconf 86' lang='lat' dir='ltr'>et</span> <span class='ocrx_word' id='word_1_397' title='bbox 796 2741 836 2772; x_wconf 79' lang='lat' dir='ltr'>eli</span> <span class='ocrx_word' id='word_1_398' title='bbox 853 2751 895 2772; x_wconf 82' lang='lat' dir='ltr'>ex</span> <span class='ocrx_word' id='word_1_399' title='bbox 912 2741 1145 2782; x_wconf 75' lang='lat' dir='ltr'>dittographia</span> <span class='ocrx_word' id='word_1_400' title='bbox 1163 2743 1277 2773; x_wconf 90' lang='lat' dir='ltr'>ortum</span> <span class='ocrx_word' id='word_1_401' title='bbox 1298 2759 1332 2763; x_wconf 82' lang='lat'>—-</span> <span class='ocrx_word' id='word_1_402' title='bbox 1360 2745 1389 2773; x_wconf 68' lang='lat' dir='ltr'>eh</span> <span class='ocrx_word' id='word_1_403' title='bbox 1410 2742 1563 2773; x_wconf 84' lang='lat' dir='ltr'>Ernesti:</span> <span class='ocrx_word' id='word_1_404' title='bbox 1591 2750 1660 2773; x_wconf 87' lang='lat' dir='ltr'>om.</span> <span class='ocrx_word' id='word_1_405' title='bbox 1682 2741 1783 2772; x_wconf 88' lang='lat' dir='ltr'>codd.</span> <span class='ocrx_word' id='word_1_406' title='bbox 1806 2759 1839 2763; x_wconf 90' lang='lat'><strong>—</strong></span> <span class='ocrx_word' id='word_1_407' title='bbox 1868 2741 1897 2772; x_wconf 90' lang='lat'>3.</span> <span class='ocrx_word' id='word_1_408' title='bbox 1919 2751 2039 2781; x_wconf 80' lang='lat' dir='ltr'>quam-</span> 
     </span>
     <span class='ocr_line' id='line_1_41' title="bbox 273 2785 2035 2832; baseline 0 -9"><span class='ocrx_word' id='word_1_409' title='bbox 273 2800 410 2831; x_wconf 74' lang='lat' dir='ltr'>cumque</span> <span class='ocrx_word' id='word_1_410' title='bbox 439 2792 570 2832; x_wconf 69' lang='lat' dir='ltr'>eleqerit</span> <span class='ocrx_word' id='word_1_411' title='bbox 600 2791 717 2823; x_wconf 87' lang='lat' dir='ltr'>maluit</span> <span class='ocrx_word' id='word_1_412' title='bbox 747 2792 872 2823; x_wconf 71' lang='lat' dir='ltr'>Davies</span> <span class='ocrx_word' id='word_1_413' title='bbox 904 2790 979 2822; x_wconf 84' lang='lat' dir='ltr'>coll.</span> <span class='ocrx_word' id='word_1_414' title='bbox 1008 2790 1025 2830; x_wconf 75' lang='lat' dir='ltr'>S</span> <span class='ocrx_word' id='word_1_415' title='bbox 1053 2791 1112 2822; x_wconf 69' lang='grc'>419</span> <span class='ocrx_word' id='word_1_416' title='bbox 1138 2792 1183 2822; x_wconf 86' lang='lat' dir='ltr'>in.</span> <span class='ocrx_word' id='word_1_417' title='bbox 1221 2809 1253 2812; x_wconf 78' lang='lat'>—-</span> <span class='ocrx_word' id='word_1_418' title='bbox 1293 2790 1324 2822; x_wconf 77' lang='lat'>4..</span> <span class='ocrx_word' id='word_1_419' title='bbox 1346 2785 1559 2831; x_wconf 58' lang='lat' dir='ltr'>probabimus</span> <span class='ocrx_word' id='word_1_420' title='bbox 1582 2793 1608 2822; x_wconf 80' lang='lat' dir='ltr'>A</span> <span class='ocrx_word' id='word_1_421' title='bbox 1622 2789 1661 2822; x_wconf 70' lang='grc' dir='ltr'>Β2</span> <span class='ocrx_word' id='word_1_422' title='bbox 1693 2809 1724 2814; x_wconf 86' lang='lat'><em>-</em></span> <span class='ocrx_word' id='word_1_423' title='bbox 1763 2801 1821 2823; x_wconf 80' lang='lat' dir='ltr'>nec</span> <span class='ocrx_word' id='word_1_424' title='bbox 1844 2793 1929 2823; x_wconf 83' lang='lat' dir='ltr'>enim</span> <span class='ocrx_word' id='word_1_425' title='bbox 1952 2791 1974 2823; x_wconf 92' lang='lat' dir='ltr'>b</span> <span class='ocrx_word' id='word_1_426' title='bbox 2002 2810 2035 2814; x_wconf 93' lang='lat'>—</span> 
     </span>
     <span class='ocr_line' id='line_1_42' title="bbox 274 2838 2041 2881; baseline 0.001 -9"><span class='ocrx_word' id='word_1_427' title='bbox 274 2842 305 2872; x_wconf 85' lang='lat'>9.</span> <span class='ocrx_word' id='word_1_428' title='bbox 332 2842 524 2872; x_wconf 79' lang='lat' dir='ltr'>consensisse</span> <span class='ocrx_word' id='word_1_429' title='bbox 548 2842 612 2872; x_wconf 79' lang='grc' dir='ltr'>ΑΕ</span> <span class='ocrx_word' id='word_1_430' title='bbox 629 2843 653 2872; x_wconf 92' lang='lat' dir='ltr'>G</span> <span class='ocrx_word' id='word_1_431' title='bbox 682 2860 715 2865; x_wconf 92' lang='lat'>—-</span> <span class='ocrx_word' id='word_1_432' title='bbox 740 2843 869 2881; x_wconf 76' lang='lat' dir='ltr'>primas</span> <span class='ocrx_word' id='word_1_433' title='bbox 892 2842 929 2873; x_wconf 91' lang='lat' dir='ltr'>B¹</span> <span class='ocrx_word' id='word_1_434' title='bbox 944 2842 985 2872; x_wconf 78' lang='lat' dir='ltr'>G:</span> <span class='ocrx_word' id='word_1_435' title='bbox 1011 2842 1137 2880; x_wconf 77' lang='lat' dir='ltr'>primos</span> <span class='ocrx_word' id='word_1_436' title='bbox 1159 2842 1184 2872; x_wconf 76' lang='lat' dir='ltr'>A</span> <span class='ocrx_word' id='word_1_437' title='bbox 1200 2838 1275 2872; x_wconf 73' lang='lat' dir='ltr'>132ss</span> <span class='ocrx_word' id='word_1_438' title='bbox 1296 2859 1329 2862; x_wconf 84' lang='lat'>—</span> <span class='ocrx_word' id='word_1_439' title='bbox 1357 2841 1400 2872; x_wconf 82' lang='lat' dir='ltr'>ad</span> <span class='ocrx_word' id='word_1_440' title='bbox 1423 2840 1530 2879; x_wconf 73' lang='lat' dir='ltr'>A1B¹;</span> <span class='ocrx_word' id='word_1_441' title='bbox 1557 2842 1601 2871; x_wconf 75' lang='lat' dir='ltr'>acl</span> <span class='ocrx_word' id='word_1_442' title='bbox 1620 2841 1689 2880; x_wconf 74' lang='lat' dir='ltr'>(sic)</span> <span class='ocrx_word' id='word_1_443' title='bbox 1708 2841 1766 2872; x_wconf 81' lang='lat' dir='ltr'>hoc</span> <span class='ocrx_word' id='word_1_444' title='bbox 1782 2858 1830 2864; x_wconf 90' lang='lat'>--</span> <span class='ocrx_word' id='word_1_445' title='bbox 1846 2842 2041 2876; x_wconf 63' lang='lat' dir='ltr'>infinitatem</span> 
     </span>
     <span class='ocr_line' id='line_1_43' title="bbox 275 2889 2042 2931; baseline 0.001 -9"><span class='ocrx_word' id='word_1_446' title='bbox 275 2890 375 2922; x_wconf 79' lang='lat' dir='ltr'>affert</span> <span class='ocrx_word' id='word_1_447' title='bbox 398 2892 528 2922; x_wconf 88' lang='lat' dir='ltr'>Nonius</span> <span class='ocrx_word' id='word_1_448' title='bbox 552 2900 586 2931; x_wconf 89' lang='lat' dir='ltr'>p.</span> <span class='ocrx_word' id='word_1_449' title='bbox 615 2892 685 2923; x_wconf 70' lang='lat'>422.</span> <span class='ocrx_word' id='word_1_450' title='bbox 717 2910 747 2914; x_wconf 93' lang='lat'>—</span> <span class='ocrx_word' id='word_1_451' title='bbox 778 2892 1031 2923; x_wconf 64' lang='lat' dir='ltr'>anaoeimandra</span> <span class='ocrx_word' id='word_1_452' title='bbox 1053 2889 1090 2922; x_wconf 80' lang='lat'>13¹</span> <span class='ocrx_word' id='word_1_453' title='bbox 1118 2909 1151 2913; x_wconf 91' lang='lat'>—</span> <span class='ocrx_word' id='word_1_454' title='bbox 1187 2892 1238 2923; x_wconf 72' lang='lat'>40.</span> <span class='ocrx_word' id='word_1_455' title='bbox 1264 2892 1312 2922; x_wconf 80' lang='lat' dir='ltr'>his</span> <span class='ocrx_word' id='word_1_456' title='bbox 1336 2891 1361 2922; x_wconf 85' lang='lat' dir='ltr'>A</span> <span class='ocrx_word' id='word_1_457' title='bbox 1391 2909 1425 2912; x_wconf 97' lang='lat'><strong>—</strong></span> <span class='ocrx_word' id='word_1_458' title='bbox 1458 2891 1509 2922; x_wconf 67' lang='lat'>42.</span> <span class='ocrx_word' id='word_1_459' title='bbox 1536 2895 1709 2922; x_wconf 76' lang='lat' dir='ltr'>orerentur</span> <span class='ocrx_word' id='word_1_460' title='bbox 1731 2890 1840 2922; x_wconf 77' lang='lat' dir='ltr'>A¹B¹t</span> <span class='ocrx_word' id='word_1_461' title='bbox 1873 2892 2042 2923; x_wconf 75' lang='lat' dir='ltr'>orirentur</span> 
     </span>
     <span class='ocr_line' id='line_1_44' title="bbox 275 2941 2037 2976; baseline 0.001 -3"><span class='ocrx_word' id='word_1_462' title='bbox 275 2942 300 2973; x_wconf 94' lang='grc' dir='ltr'>Ο</span> <span class='ocrx_word' id='word_1_463' title='bbox 320 2959 353 2964; x_wconf 84' lang='grc'><strong>-</strong></span> <span class='ocrx_word' id='word_1_464' title='bbox 382 2941 433 2972; x_wconf 78' lang='grc'>43.</span> <span class='ocrx_word' id='word_1_465' title='bbox 460 2941 499 2971; x_wconf 84' lang='lat' dir='ltr'>iis</span> <span class='ocrx_word' id='word_1_466' title='bbox 522 2942 585 2972; x_wconf 88' lang='lat' dir='ltr'>AB</span> <span class='ocrx_word' id='word_1_467' title='bbox 607 2959 640 2962; x_wconf 90' lang='lat'>——</span> <span class='ocrx_word' id='word_1_468' title='bbox 669 2941 720 2973; x_wconf 66' lang='lat'>44.</span> <span class='ocrx_word' id='word_1_469' title='bbox 747 2943 799 2972; x_wconf 85' lang='lat' dir='ltr'>sed</span> <span class='ocrx_word' id='word_1_470' title='bbox 823 2951 865 2973; x_wconf 60' lang='lat' dir='ltr'>er</span> <span class='ocrx_word' id='word_1_471' title='bbox 888 2951 925 2973; x_wconf 83' lang='lat' dir='ltr'>ea</span> <span class='ocrx_word' id='word_1_472' title='bbox 950 2942 1036 2973; x_wconf 83' lang='lat' dir='ltr'>AB:</span> <span class='ocrx_word' id='word_1_473' title='bbox 1064 2942 1118 2972; x_wconf 84' lang='lat' dir='ltr'>sed</span> <span class='ocrx_word' id='word_1_474' title='bbox 1142 2950 1178 2972; x_wconf 80' lang='lat' dir='ltr'>ea</span> <span class='ocrx_word' id='word_1_475' title='bbox 1198 2943 1238 2976; x_wconf 76' lang='lat' dir='ltr'>G,</span> <span class='ocrx_word' id='word_1_476' title='bbox 1264 2942 1298 2972; x_wconf 80' lang='lat' dir='ltr'>icl</span> <span class='ocrx_word' id='word_1_477' title='bbox 1321 2944 1365 2972; x_wconf 83' lang='lat' dir='ltr'>est</span> <span class='ocrx_word' id='word_1_478' title='bbox 1390 2942 1477 2972; x_wconf 84' lang='lat' dir='ltr'>coni.</span> <span class='ocrx_word' id='word_1_479' title='bbox 1499 2941 1619 2973; x_wconf 81' lang='lat' dir='ltr'>Lamb.</span> <span class='ocrx_word' id='word_1_480' title='bbox 1641 2959 1675 2963; x_wconf 92' lang='lat'><em>-</em></span> <span class='ocrx_word' id='word_1_481' title='bbox 1704 2945 1732 2973; x_wconf 76' lang='lat' dir='ltr'>et</span> <span class='ocrx_word' id='word_1_482' title='bbox 1755 2942 1899 2972; x_wconf 68' lang='lat' dir='ltr'>minutas</span> <span class='ocrx_word' id='word_1_483' title='bbox 1916 2942 2037 2974; x_wconf 88' lang='lat' dir='ltr'>Lamb.</span> 
     </span>
     <span class='ocr_line' id='line_1_45' title="bbox 277 2991 2039 3032; baseline 0.001 -10"><span class='ocrx_word' id='word_1_484' title='bbox 277 2992 370 3022; x_wconf 71' lang='grc'><strong>-45,</strong></span> <span class='ocrx_word' id='word_1_485' title='bbox 397 3000 418 3021; x_wconf 83' lang='grc' dir='ltr'><em>α</em></span> <span class='ocrx_word' id='word_1_486' title='bbox 442 2994 546 3022; x_wconf 84' lang='lat' dir='ltr'>mente</span> <span class='ocrx_word' id='word_1_487' title='bbox 563 2991 587 3022; x_wconf 97' lang='lat' dir='ltr'>O</span> <span class='ocrx_word' id='word_1_488' title='bbox 613 3008 640 3012; x_wconf 88' lang='lat'>—</span> <span class='ocrx_word' id='word_1_489' title='bbox 670 2992 722 3022; x_wconf 74' lang='lat'>46.</span> <span class='ocrx_word' id='word_1_490' title='bbox 749 3000 815 3023; x_wconf 84' lang='lat' dir='ltr'>esse</span> <span class='ocrx_word' id='word_1_491' title='bbox 836 3001 955 3022; x_wconf 74' lang='lat' dir='ltr'>uerum</span> <span class='ocrx_word' id='word_1_492' title='bbox 979 2992 1073 3022; x_wconf 81' lang='lat' dir='ltr'>deum</span> <span class='ocrx_word' id='word_1_493' title='bbox 1091 2992 1116 3021; x_wconf 91' lang='lat' dir='ltr'>G</span> <span class='ocrx_word' id='word_1_494' title='bbox 1137 3008 1169 3013; x_wconf 91' lang='lat'><strong>—</strong></span> <span class='ocrx_word' id='word_1_495' title='bbox 1204 2992 1251 3022; x_wconf 74' lang='lat'>17.</span> <span class='ocrx_word' id='word_1_496' title='bbox 1278 3000 1417 3030; x_wconf 74' lang='lat' dir='ltr'>usquam</span> <span class='ocrx_word' id='word_1_497' title='bbox 1444 2992 1506 3022; x_wconf 76' lang='lat' dir='ltr'>AB</span> <span class='ocrx_word' id='word_1_498' title='bbox 1523 2991 1546 3022; x_wconf 89' lang='lat' dir='ltr'>E</span> <span class='ocrx_word' id='word_1_499' title='bbox 1561 3000 1596 3029; x_wconf 85' lang='lat' dir='ltr'>r,</span> <span class='ocrx_word' id='word_1_500' title='bbox 1624 3000 1769 3030; x_wconf 74' lang='lat' dir='ltr'>unquam</span> <span class='ocrx_word' id='word_1_501' title='bbox 1786 2993 1964 3032; x_wconf 76' lang='lat' dir='ltr'>quicquam</span> <span class='ocrx_word' id='word_1_502' title='bbox 1980 2995 2039 3024; x_wconf 86' lang='lat' dir='ltr'>Gv</span> 
     </span>
     <span class='ocr_line' id='line_1_46' title="bbox 278 3039 2035 3082; baseline 0.001 -10"><span class='ocrx_word' id='word_1_503' title='bbox 278 3059 312 3064; x_wconf 96' lang='lat'>—</span> <span class='ocrx_word' id='word_1_504' title='bbox 339 3044 367 3072; x_wconf 80' lang='lat' dir='ltr'>el</span> <span class='ocrx_word' id='word_1_505' title='bbox 390 3041 494 3081; x_wconf 69' lang='lat' dir='ltr'>conyl.</span> <span class='ocrx_word' id='word_1_506' title='bbox 522 3039 642 3072; x_wconf 89' lang='lat' dir='ltr'>Lamb.</span> <span class='ocrx_word' id='word_1_507' title='bbox 671 3057 706 3062; x_wconf 87' lang='lat'>—</span> <span class='ocrx_word' id='word_1_508' title='bbox 734 3041 786 3072; x_wconf 68' lang='lat'>20.</span> <span class='ocrx_word' id='word_1_509' title='bbox 814 3045 958 3082; x_wconf 77' lang='lat' dir='ltr'>quatuor</span> <span class='ocrx_word' id='word_1_510' title='bbox 981 3042 1135 3072; x_wconf 64' lang='lat' dir='ltr'>eraclitus</span> <span class='ocrx_word' id='word_1_511' title='bbox 1157 3043 1183 3072; x_wconf 79' lang='lat' dir='ltr'>A</span> <span class='ocrx_word' id='word_1_512' title='bbox 1213 3058 1246 3062; x_wconf 88' lang='lat'>—</span> <span class='ocrx_word' id='word_1_513' title='bbox 1273 3042 1325 3072; x_wconf 65' lang='lat'>2⁴2.</span> <span class='ocrx_word' id='word_1_514' title='bbox 1352 3042 1537 3080; x_wconf 69' lang='lat' dir='ltr'>recipiente..</span> <span class='ocrx_word' id='word_1_515' title='bbox 1566 3042 1591 3072; x_wconf 74' lang='lat' dir='ltr'>A</span> <span class='ocrx_word' id='word_1_516' title='bbox 1621 3059 1654 3063; x_wconf 78' lang='lat'>—</span> <span class='ocrx_word' id='word_1_517' title='bbox 1681 3050 1746 3073; x_wconf 86' lang='lat' dir='ltr'>esse</span> <span class='ocrx_word' id='word_1_518' title='bbox 1767 3042 1893 3082; x_wconf 76' lang='lat' dir='ltr'>saelum</span> <span class='ocrx_word' id='word_1_519' title='bbox 1915 3043 1975 3074; x_wconf 83' lang='lat' dir='ltr'>vO</span> <span class='ocrx_word' id='word_1_520' title='bbox 2001 3060 2035 3065; x_wconf 89' lang='lat'>—-</span> 
     </span>
     <span class='ocr_line' id='line_1_47' title="bbox 274 3090 2035 3128; baseline 0.001 -6"><span class='ocrx_word' id='word_1_521' title='bbox 274 3091 327 3122; x_wconf 71' lang='lat'>23.</span> <span class='ocrx_word' id='word_1_522' title='bbox 353 3100 396 3122; x_wconf 61' lang='lat' dir='ltr'>ex</span> <span class='ocrx_word' id='word_1_523' title='bbox 419 3092 462 3122; x_wconf 89' lang='lat' dir='ltr'>G:</span> <span class='ocrx_word' id='word_1_524' title='bbox 491 3099 560 3122; x_wconf 87' lang='lat' dir='ltr'>om.</span> <span class='ocrx_word' id='word_1_525' title='bbox 583 3091 643 3122; x_wconf 77' lang='lat' dir='ltr'>AB</span> <span class='ocrx_word' id='word_1_526' title='bbox 660 3091 701 3128; x_wconf 85' lang='grc' dir='ltr'>Ε,</span> <span class='ocrx_word' id='word_1_527' title='bbox 729 3090 805 3122; x_wconf 84' lang='lat' dir='ltr'>fort.</span> <span class='ocrx_word' id='word_1_528' title='bbox 832 3101 853 3122; x_wconf 87' lang='lat' dir='ltr'>a</span> <span class='ocrx_word' id='word_1_529' title='bbox 877 3091 1049 3123; x_wconf 82' lang='lat' dir='ltr'>intercidit</span> <span class='ocrx_word' id='word_1_530' title='bbox 1070 3108 1104 3112; x_wconf 90' lang='lat'>—</span> <span class='ocrx_word' id='word_1_531' title='bbox 1132 3100 1176 3121; x_wconf 83' lang='lat' dir='ltr'>nu</span> <span class='ocrx_word' id='word_1_532' title='bbox 1199 3092 1232 3122; x_wconf 90' lang='lat' dir='ltr'>in</span> <span class='ocrx_word' id='word_1_533' title='bbox 1258 3092 1401 3122; x_wconf 80' lang='lat' dir='ltr'>numeris</span> <span class='ocrx_word' id='word_1_534' title='bbox 1424 3094 1449 3122; x_wconf 82' lang='lat' dir='ltr'>A</span> <span class='ocrx_word' id='word_1_535' title='bbox 1475 3092 1509 3122; x_wconf 89' lang='lat' dir='ltr'>in</span> <span class='ocrx_word' id='word_1_536' title='bbox 1534 3100 1603 3122; x_wconf 82' lang='lat' dir='ltr'>ras.</span> <span class='ocrx_word' id='word_1_537' title='bbox 1624 3090 1730 3122; x_wconf 86' lang='lat' dir='ltr'>habet</span> <span class='ocrx_word' id='word_1_538' title='bbox 1752 3108 1786 3112; x_wconf 93' lang='lat'><strong>—</strong></span> <span class='ocrx_word' id='word_1_539' title='bbox 1814 3095 1842 3123; x_wconf 80' lang='lat' dir='ltr'>et</span> <span class='ocrx_word' id='word_1_540' title='bbox 1867 3101 1936 3123; x_wconf 90' lang='lat' dir='ltr'>om.</span> <span class='ocrx_word' id='word_1_541' title='bbox 1957 3093 1982 3123; x_wconf 93' lang='lat' dir='ltr'>G</span> <span class='ocrx_word' id='word_1_542' title='bbox 2003 3110 2035 3114; x_wconf 95' lang='lat'>—</span> 
     </span>
     <span class='ocr_line' id='line_1_48' title="bbox 275 3139 2034 3181; baseline 0 -10"><span class='ocrx_word' id='word_1_543' title='bbox 275 3139 327 3172; x_wconf 68' lang='lat'>⁵24.</span> <span class='ocrx_word' id='word_1_544' title='bbox 354 3149 396 3171; x_wconf 61' lang='lat' dir='ltr'>ex:</span> <span class='ocrx_word' id='word_1_545' title='bbox 421 3140 448 3171; x_wconf 78' lang='lat' dir='ltr'>is</span> <span class='ocrx_word' id='word_1_546' title='bbox 470 3142 515 3178; x_wconf 74' lang='lat' dir='ltr'>A,</span> <span class='ocrx_word' id='word_1_547' title='bbox 553 3149 594 3171; x_wconf 57' lang='lat' dir='ltr'>ez</span> <span class='ocrx_word' id='word_1_548' title='bbox 625 3140 686 3170; x_wconf 82' lang='lat' dir='ltr'>hiis</span> <span class='ocrx_word' id='word_1_549' title='bbox 710 3140 733 3171; x_wconf 90' lang='lat' dir='ltr'>B</span> <span class='ocrx_word' id='word_1_550' title='bbox 769 3158 802 3161; x_wconf 86' lang='lat'>—</span> <span class='ocrx_word' id='word_1_551' title='bbox 841 3141 938 3181; x_wconf 66' lang='lat' dir='ltr'>eleget</span> <span class='ocrx_word' id='word_1_552' title='bbox 962 3140 1001 3172; x_wconf 78' lang='grc' dir='ltr'>Α1</span> <span class='ocrx_word' id='word_1_553' title='bbox 1029 3158 1062 3162; x_wconf 77' lang='lat'>—</span> <span class='ocrx_word' id='word_1_554' title='bbox 1102 3141 1153 3171; x_wconf 62' lang='lat'>⁶25</span> <span class='ocrx_word' id='word_1_555' title='bbox 1182 3141 1347 3171; x_wconf 73' lang='lat' dir='ltr'>discedant</span> <span class='ocrx_word' id='word_1_556' title='bbox 1372 3142 1395 3171; x_wconf 89' lang='lat' dir='ltr'>G</span> <span class='ocrx_word' id='word_1_557' title='bbox 1432 3158 1465 3162; x_wconf 86' lang='lat'><em>—</em></span> <span class='ocrx_word' id='word_1_558' title='bbox 1498 3141 1549 3172; x_wconf 69' lang='lat'>27.</span> <span class='ocrx_word' id='word_1_559' title='bbox 1578 3150 1662 3172; x_wconf 78' lang='lat' dir='ltr'>nunc</span> <span class='ocrx_word' id='word_1_560' title='bbox 1686 3140 1727 3172; x_wconf 84' lang='lat' dir='ltr'>b:</span> <span class='ocrx_word' id='word_1_561' title='bbox 1768 3150 1845 3172; x_wconf 80' lang='lat' dir='ltr'>num</span> <span class='ocrx_word' id='word_1_562' title='bbox 1870 3141 1972 3173; x_wconf 92' lang='lat' dir='ltr'>codd.</span> <span class='ocrx_word' id='word_1_563' title='bbox 2000 3158 2034 3162; x_wconf 87' lang='lat'>--</span> 
     </span>
     <span class='ocr_line' id='line_1_49' title="bbox 274 3190 2039 3231; baseline -0.001 -10"><span class='ocrx_word' id='word_1_564' title='bbox 274 3190 328 3221; x_wconf 70' lang='lat'>29.</span> <span class='ocrx_word' id='word_1_565' title='bbox 355 3198 440 3229; x_wconf 83' lang='lat' dir='ltr'>quae</span> <span class='ocrx_word' id='word_1_566' title='bbox 463 3198 495 3221; x_wconf 89' lang='lat' dir='ltr'>se</span> <span class='ocrx_word' id='word_1_567' title='bbox 518 3190 542 3220; x_wconf 87' lang='lat' dir='ltr'>B</span> <span class='ocrx_word' id='word_1_568' title='bbox 570 3207 604 3211; x_wconf 97' lang='lat'><strong>—</strong></span> <span class='ocrx_word' id='word_1_569' title='bbox 632 3190 683 3221; x_wconf 86' lang='lat'>30.</span> <span class='ocrx_word' id='word_1_570' title='bbox 711 3190 740 3220; x_wconf 80' lang='lat' dir='ltr'>ei</span> <span class='ocrx_word' id='word_1_571' title='bbox 763 3198 832 3221; x_wconf 86' lang='lat' dir='ltr'>om.</span> <span class='ocrx_word' id='word_1_572' title='bbox 861 3191 884 3221; x_wconf 83' lang='grc' dir='ltr'>Ε</span> <span class='ocrx_word' id='word_1_573' title='bbox 911 3207 944 3212; x_wconf 85' lang='grc'>-</span> <span class='ocrx_word' id='word_1_574' title='bbox 973 3190 1025 3221; x_wconf 84' lang='grc'>31.</span> <span class='ocrx_word' id='word_1_575' title='bbox 1048 3194 1219 3229; x_wconf 80' lang='lat' dir='ltr'>permanet</span> <span class='ocrx_word' id='word_1_576' title='bbox 1245 3191 1297 3221; x_wconf 68' lang='lat' dir='ltr'>Gx</span> <span class='ocrx_word' id='word_1_577' title='bbox 1317 3200 1322 3219; x_wconf 91' lang='lat'>:</span> <span class='ocrx_word' id='word_1_578' title='bbox 1345 3193 1488 3229; x_wconf 79' lang='lat' dir='ltr'>permeet</span> <span class='ocrx_word' id='word_1_579' title='bbox 1512 3191 1662 3229; x_wconf 77' lang='lat' dir='ltr'>ABEr,</span> <span class='ocrx_word' id='word_1_580' title='bbox 1689 3190 1749 3222; x_wconf 80' lang='lat' dir='ltr'>sed</span> <span class='ocrx_word' id='word_1_581' title='bbox 1776 3193 1802 3222; x_wconf 81' lang='lat' dir='ltr'><strong>A</strong></span> <span class='ocrx_word' id='word_1_582' title='bbox 1823 3193 1980 3231; x_wconf 56' lang='lat' dir='ltr'>permestt</span> <span class='ocrx_word' id='word_1_583' title='bbox 2004 3191 2039 3221; x_wconf 90' lang='lat' dir='ltr'>et</span> 
     </span>
     <span class='ocr_line' id='line_1_50' title="bbox 276 3239 2038 3281; baseline 0.001 -10"><span class='ocrx_word' id='word_1_584' title='bbox 276 3241 434 3271; x_wconf 80' lang='lat' dir='ltr'>extrema</span> <span class='ocrx_word' id='word_1_585' title='bbox 457 3248 473 3271; x_wconf 89' lang='lat' dir='ltr'>e</span> <span class='ocrx_word' id='word_1_586' title='bbox 497 3239 530 3270; x_wconf 90' lang='lat' dir='ltr'>in</span> <span class='ocrx_word' id='word_1_587' title='bbox 555 3248 637 3278; x_wconf 67' lang='lat' dir='ltr'>ras,</span> <span class='ocrx_word' id='word_1_588' title='bbox 671 3239 703 3270; x_wconf 89' lang='lat' dir='ltr'>in</span> <span class='ocrx_word' id='word_1_589' title='bbox 728 3240 752 3270; x_wconf 87' lang='lat' dir='ltr'>B</span> <span class='ocrx_word' id='word_1_590' title='bbox 778 3240 872 3280; x_wconf 85' lang='lat' dir='ltr'>prior</span> <span class='ocrx_word' id='word_1_591' title='bbox 895 3249 910 3271; x_wconf 84' lang='lat' dir='ltr'>e</span> <span class='ocrx_word' id='word_1_592' title='bbox 935 3240 968 3271; x_wconf 88' lang='lat' dir='ltr'>in</span> <span class='ocrx_word' id='word_1_593' title='bbox 993 3239 1069 3281; x_wconf 76' lang='lat' dir='ltr'>syll.</span> <span class='ocrx_word' id='word_1_594' title='bbox 1095 3249 1146 3272; x_wconf 82' lang='lat' dir='ltr'>me</span> <span class='ocrx_word' id='word_1_595' title='bbox 1170 3241 1221 3272; x_wconf 86' lang='lat' dir='ltr'>est</span> <span class='ocrx_word' id='word_1_596' title='bbox 1254 3241 1287 3271; x_wconf 87' lang='lat' dir='ltr'>in</span> <span class='ocrx_word' id='word_1_597' title='bbox 1311 3248 1380 3272; x_wconf 85' lang='lat' dir='ltr'>ras.</span> <span class='ocrx_word' id='word_1_598' title='bbox 1407 3240 1555 3272; x_wconf 87' lang='lat' dir='ltr'>duarum</span> <span class='ocrx_word' id='word_1_599' title='bbox 1579 3239 1773 3272; x_wconf 84' lang='lat' dir='ltr'>litterarum</span> <span class='ocrx_word' id='word_1_600' title='bbox 1801 3260 1835 3265; x_wconf 88' lang='lat'>—-</span> <span class='ocrx_word' id='word_1_601' title='bbox 1866 3241 1918 3274; x_wconf 89' lang='grc'>36.</span> <span class='ocrx_word' id='word_1_602' title='bbox 1944 3241 2038 3272; x_wconf 85' lang='lat' dir='ltr'>silla-</span> 
     </span>
    </p>
   </div>
   <div class='ocr_carea' id='block_1_5' title="bbox 276 3288 1107 3322">
    <p class='ocr_par' dir='ltr' id='par_1_5' title="bbox 276 3288 1107 3322">
     <span class='ocr_line' id='line_1_51' title="bbox 276 3288 1107 3322; baseline 0 -2"><span class='ocrx_word' id='word_1_603' title='bbox 276 3289 378 3320; x_wconf 81' lang='lat' dir='ltr'>batim</span> <span class='ocrx_word' id='word_1_604' title='bbox 400 3290 427 3321; x_wconf 83' lang='grc' dir='ltr'><strong>Α</strong></span> <span class='ocrx_word' id='word_1_605' title='bbox 455 3306 488 3311; x_wconf 87' lang='lat'>——</span> <span class='ocrx_word' id='word_1_606' title='bbox 515 3288 687 3321; x_wconf 69' lang='lat' dir='ltr'>dictaverit</span> <span class='ocrx_word' id='word_1_607' title='bbox 711 3289 854 3321; x_wconf 86' lang='lat' dir='ltr'>Durand</span> <span class='ocrx_word' id='word_1_608' title='bbox 879 3290 911 3321; x_wconf 92' lang='lat' dir='ltr'>in</span> <span class='ocrx_word' id='word_1_609' title='bbox 937 3299 1009 3321; x_wconf 88' lang='lat' dir='ltr'>cur.</span> <span class='ocrx_word' id='word_1_610' title='bbox 1036 3299 1107 3322; x_wconf 83' lang='lat' dir='ltr'>sec.</span> 
     </span>
    </p>
   </div>
  </div>
 </body>
</html>
