2249 3624
944 243 1282 287 FRAGMENTA.
1908 237 1989 280 953

593 347 662 383 Ubi
688 348 890 383 nominabit
918 348 1149 389 Phaedriam,
1182 355 1218 384 tu
1249 350 1478 394 Pamphilam

590 409 776 446 Continuo.
833 410 874 445 sa·
903 413 1047 456 quando
1076 413 1139 446 illa
1167 414 1271 454 dicet,
1304 413 1520 446 Phaedriam
1550 414 1606 446 in-

588 476 830 508 tromittamus
858 476 1109 510 comissatum:
1142 482 1191 514 lu,
1227 476 1455 519 Pamphilam

593 535 782 572 Cantatum
808 548 1052 582 provocemus.
1110 538 1150 573 Si
1178 539 1341 573 laudabit
1369 539 1454 573 haec

588 598 692 634 Illius
721 601 891 643 sormam,
926 606 961 634 la
989 601 1094 634 haias
1124 606 1261 636 contra.
1316 600 1476 645 Denique
2007 598 2023 627 5

588 661 661 696 Par
686 673 752 707 pro
779 664 864 707 pari
890 664 1035 706 referto,
1068 665 1163 708 qaod
1189 675 1266 698 eam
1296 665 1467 698 mordeat.

342 723 407 763 Sic
435 721 558 774 petivi
585 734 607 760 a
634 721 853 771 iudicibus,
884 728 940 771 ut,
972 723 1161 772 quoniam
1191 723 1356 774 quidam
1387 723 1543 760 nobiles
1571 722 1751 759 homines
1781 726 1820 758 ct
1848 720 1898 757 de
1927 732 1989 757 me

244 786 391 839 optime
426 784 556 823 meriti
597 784 715 822 nimis
754 791 939 823 amarent
975 786 1179 823 inimicum
1219 798 1372 834 meum,
1409 798 1555 837 meque
1586 786 1838 835 inspectante
1867 795 1991 832 saepe

243 847 399 888 eumin
428 851 573 884 senatu
612 845 731 884 modo
770 858 914 884 severe
952 847 1221 896 seducerent,
1264 847 1382 885 modo
1424 848 1669 885 familiariter
1706 852 1826 895 atque
1868 844 1991 882 liilare

243 909 593 961 amplexarentur,
626 910 904 959 quoniamque
933 908 986 947 illi
1015 909 1215 948 haberent
1243 923 1361 948 suum
1390 910 1595 957 Publium,
1626 909 1770 946 darent
1797 908 1887 945 milii
1916 907 2041 957 ipsil0

243 973 361 1013 alium
390 971 588 1020 Publium,
619 972 658 1009 in
679 983 759 1022 quo
788 984 954 1023 possem
983 972 1140 1011 illorum
1170 973 1325 1011 animos
1355 973 1614 1011 mediocriter
1633 971 1861 1016 lacessitus,
1890 969 1992 1006 levi-

242 1041 302 1074 ter
325 1045 569 1086 repungere.
626 1034 739 1083 (Cic.
770 1033 823 1072 ad
854 1035 940 1073 Div.
971 1034 994 1073 1.
1025 1035 1053 1072 1.
1087 1047 1150 1086 ep.
1185 1038 1220 1074 9.
1251 1036 1284 1082 ξ.
1318 1035 1388 1084 19.)

337 1111 372 1149 2.
415 1109 719 1149 Scholiasta
747 1110 906 1149 Bobie
927 1111 1041 1149 nsis
1070 1110 1120 1149 ad
1149 1111 1344 1161 Interrog.
1376 1111 1506 1149 Vatin.
1538 1122 1571 1148 c.
1603 1111 1637 1147 6.
1697 1111 1746 1146 Ta
1775 1112 1836 1156 qui
1865 1115 1893 1143 te
1923 1109 1993 1154 Py-

242 1176 447 1221 thaqoream
485 1175 573 1209 soles
613 1170 742 1226 dicere]
791 1173 874 1211 Hoc
910 1173 1043 1224 ipsum
1082 1173 1317 1224 plenissime
1357 1173 1544 1224 purgavit
1579 1178 1700 1222 atquc
1741 1170 1919 1208 defendit
1955 1174 1994 1206 et

242 1247 321 1274 non
349 1235 436 1274 sine
465 1233 586 1273 laude
616 1235 805 1286 probavit
840 1235 879 1273 in
909 1247 954 1274 ea
984 1236 1192 1284 oratione,
1234 1247 1355 1286 quam
1392 1247 1465 1286 pro
1499 1236 1586 1286 ipso
1623 1233 1774 1272 Vatinio
1812 1231 2043 1270 scribere&

243 1297 464 1348 adgressus
492 1303 568 1336 est.

339 1361 373 1398 3.
419 1361 507 1408 Leye
533 1372 607 1411 pro
635 1360 794 1398 Vatinio
823 1359 1140 1410 oratiunculam,
1171 1367 1202 1397 et
1231 1363 1346 1406 alias,
1376 1363 1438 1397 abi
1466 1358 1749 1397 sodaliciorum
1777 1361 1906 1394 mentm
1940 1360 1990 1404 fit.

243 1423 518 1474 (Hieronymus
545 1421 637 1461 adv,
674 1423 805 1463 Rufin.
833 1424 919 1462 Lib.
948 1424 1009 1462 111.
1038 1424 1082 1462 T.
1113 1425 1175 1462 lv.
1205 1425 1240 1463 2.
1271 1437 1310 1476 p.
1341 1424 1426 1462 469.
1456 1423 1530 1462 Ed.
1561 1422 1726 1470 Bened.)

686 1517 791 1559 XIX.
845 1518 950 1560 PRO
983 1519 1032 1560 M.
1065 1519 1283 1561 AEMlLlO
1317 1518 1540 1561 SCAURO.

242 1600 312 1647 (Ex
346 1600 547 1635 recensione
583 1598 705 1635 Caroli
742 1600 878 1647 Beieri,
916 1612 995 1636 cum
1031 1601 1281 1646 supplementis
1321 1602 1497 1640 eiusdem,
1542 1611 1634 1645 qaae
1673 1599 1784 1633 literis
1825 1596 2040 1632 inclinacii‘o

241 1664 446 1699 excudenda
477 1664 604 1698 curavi
632 1668 662 1698 et
696 1658 754 1714 []
818 1664 861 1699 A.
893 1669 941 1698 est
969 1664 1222 1708 Palimpsestas
1257 1664 1536 1706 Ambrosianus,
1580 1662 1618 1697 T.
1654 1661 1905 1700 Taurinensts,
1935 1657 1988 1694 Μ.

569 1725 665 1762 Maii
694 1726 816 1761 Editio
845 1727 960 1761 altera
998 1725 1100 1762 1817
1123 1754 1132 1770 ,
1163 1727 1203 1761 P.
1234 1727 1385 1772 Peyron,
1418 1727 1459 1761 B.
1493 1725 1668 1770 Beieras.)

643 1801 697 1832 DE
725 1801 808 1832 ΗΑΓ.
835 1802 1044 1833 ORATIONE
1070 1802 1272 1834 ASCONHJS
1300 1803 1410 1833 HAEC
1439 1802 1592 1832 HABET:

338 1854 449 1893 Hanc
486 1866 650 1906 quoque
687 1855 910 1893 orationem
949 1854 1102 1893 eisdem
1134 1855 1370 1893 consulibus
1400 1855 1511 1903 dixit,
1543 1854 1691 1905 quibus
1720 1866 1792 1903 pro
1822 1849 1993 1890 Vatinio,

244 1919 284 1957 L.
318 1918 487 1957 Domitio
507 1917 753 1957 Aenobarbo
782 1923 822 1956 et
842 1918 972 1969 Appio
1002 1917 1170 1956 Claudio
1201 1918 1342 1956 Pulcro
1372 1931 1475 1956 coss.
1529 1918 1719 1956 Summus
1748 1914 1881 1953 iudicii
1909 1912 1994 1951 dies
2009 1916 2044 1944 2¹5

246 1981 316 2020 fuit
341 1993 376 2021 a.
407 1980 445 2019 d.
476 1981 558 2019 1111.
587 1981 723 2019 Nonas
753 1980 985 2032 Septembr.
1021 1978 1071 2033 [a.
1103 1992 1140 2018 u.
1171 1993 1206 2018 c.
1235 1979 1338 2033 7uO.]

862 2057 1154 2089 ARGUMENTUM
1182 2057 1262 2088 HOC
1290 2058 1382 2088 EST:

339 2113 388 2152 M.
411 2112 605 2161 Scaurus,
634 2113 682 2150 M.
704 2111 844 2150 Scauri
875 2111 994 2159 filius,
1025 2112 1092 2161 qui
1117 2111 1309 2162 princeps
1339 2117 1506 2149 senatus
1532 2111 1614 2157 suit,
1647 2110 1828 2148 vitricum
1858 2107 1995 2146 habuit

243 2173 417 2214 Sullam:
459 2186 539 2225 quo
571 2174 723 2212 victore
753 2178 792 2211 et
819 2173 1008 2211 munifico
1039 2173 1077 2211 in
1109 2173 1240 2211 socios
1270 2173 1462 2210 victoriae
1500 2173 1550 2210 ita
1587 2172 1796 2210 abstinens
1826 2172 1914 2218 suit,
1953 2176 1995 2208 ut

242 2237 336 2276 nihil
365 2250 500 2289 neque
527 2236 668 2276 donari
702 2237 777 2275 sibi
797 2235 970 2274 voluerit
990 2247 1123 2287 neque
1145 2235 1195 2274 ab
1217 2236 1329 2274 basta
1353 2236 1505 2273 emerit.
1562 2234 1817 2273 Aedilitatem
1839 2245 1993 2271 summa
2009 2240 2044 2268 30

242 2300 538 2351 magnificentia
558 2300 698 2349 gessit,
729 2298 832 2338 adeo
854 2305 896 2337 ut
917 2299 956 2336 in
979 2299 1064 2336 eius
1094 2299 1300 2349 impensas
1331 2310 1429 2349 opes
1460 2310 1554 2335 suas
1584 2296 1859 2346 absumpserit
1880 2308 1994 2344 mag—

243 2374 422 2414 numque
450 2375 520 2402 aes
552 2362 727 2401 alienum
758 2361 1016 2399 contraxerit.
1079 2361 1138 2398 Ex
1166 2366 1356 2411 praetura
1386 2360 1634 2410 provinciam
1663 2358 1888 2396 Sardiniam
1918 2356 1995 2394 ob-

245 2425 371 2475 tinuit,
401 2425 440 2463 in
469 2436 548 2476 qua
576 2436 711 2474 neque
741 2424 839 2462 satis
867 2423 1122 2461 abstinenter
1150 2435 1194 2459 se
1227 2423 1406 2472 gessisse
1436 2423 1687 2460 existimatus
1723 2426 1784 2458 cst
1812 2426 1850 2457 et
1879 2418 1995 2456 valde

243 2487 506 2538 adroganter:
550 2487 661 2539 quod
702 2498 831 2537 genus
865 2498 1022 2523 morum
1051 2485 1090 2522 in
1119 2496 1166 2522 eo
1195 2490 1410 2534 paternum
1451 2484 1688 2530 videbatur,
1731 2494 1821 2520 cum
1862 2487 1996 2519 cetera

243 2550 438 2589 industria
466 2562 728 2601 nequaquam
759 2555 869 2587 esset
895 2560 981 2598 par.
1035 2547 1130 2585 Erat
1158 2552 1293 2585 tamon
1322 2545 1539 2596 aliquando
1562 2547 1666 2583 inter
1686 2550 1877 2595 patronos
1904 2556 1994 2582 cau·
2009 2551 2045 2578 35

246 2624 393 2652 sarum.
450 2612 533 2651 Sed
562 2618 777 2663 postquam
806 2623 855 2648 ex
884 2610 1090 2661 provincia
1119 2607 1309 2657 redierat,
1341 2608 1498 2646 dixerat
1518 2621 1589 2658 pro
1613 2608 1656 2646 C.
1681 2608 1849 2655 (latone,
1880 2607 1996 2656 isque

245 2680 330 2714 erat
356 2674 568 2714 absolutus
597 2687 633 2713 a.
665 2673 705 2711 d.
736 2673 796 2711 lll.
829 2674 965 2711 Nonas
993 2672 1153 2719 Quinc-t.
1218 2671 1331 2721 Ipse,
1363 2683 1452 2708 cum
1489 2670 1539 2707 ad
1569 2669 1803 2707 consulatus
1833 2669 1996 2718 petitio-

242 2748 333 2775 nem
361 2750 397 2777 a.
429 2738 468 2776 d.
508 2738 570 2776 111.
598 2736 684 2775 Kal.
715 2736 875 2783 Quinct.
914 2736 1079 2773 Romam
1118 2732 1313 2781 redisset,
1357 2733 1625 2783 querentibus
1658 2731 1708 2768 de
1748 2744 1794 2769 eo
1841 2730 1994 2779 Sardis,

243 2810 264 2837 a
295 2800 332 2838 P.
364 2799 522 2838 Valerio
551 2800 718 2847 Triario,
749 2797 1011 2836 adolescente
1040 2802 1181 2847 parato
1213 2795 1263 2834 ad
1294 2794 1509 2833 dicendum
1543 2800 1582 2831 et
1609 2801 1727 2831 notae
1757 2793 1994 2837 industriae,

243 2860 320 2899 filio
351 2862 452 2911 eius,
486 2863 553 2913 qui
582 2862 622 2900 in
651 2859 837 2900 Sardinia
866 2864 1004 2897 contra
1033 2860 1079 2897 M.
1111 2857 1305 2909 Lepidum
1336 2870 1445 2895 arina
1476 2856 1621 2894 tulerat
1650 2862 1688 2894 et
1722 2862 1813 2906 post
1842 2855 1880 2892 in
1902 2855 2046 2892 Asi-ato

243 2923 448 2974 Pontoque
498 2923 655 2974 legatus
686 2924 727 2961 L.
760 2921 913 2960 Luculli
958 2921 1108 2969 suerat,
1157 2933 1246 2958 cuni
1284 2920 1315 2957 is
1356 2918 1505 2957 belluni
1549 2924 1686 2955 eontra
1731 2915 1995 2954 Mithridatem

243 2991 423 3036 gereret,
455 2986 684 3038 postulatus
713 2990 776 3024 est
804 2983 912 3036 apud
939 2985 988 3022 M.
1020 2985 1214 3023 Catonem
1251 2988 1479 3033 praetorem
1515 2980 1857 3030 repetundarum,
1888 2985 1930 3016 ut
1958 2978 1995 3015 in

244 3047 341 3086 actis
371 3048 568 3100 scriptum
599 3054 680 3090 est,
713 3046 908 3099 postridie
940 3047 1075 3084 Nonas
1104 3044 1292 3092 Quinctil.
1324 3049 1416 3094 post
1444 3042 1549 3080 diem
1580 3044 1764 3089 tertium,
1799 3053 1919 3091 quam
1950 3041 1994 3079 C.

246 3108 341 3147 Cato
369 3116 456 3149 erat
483 3110 709 3150 absolutus.
766 3109 1109 3159 Subscripserunt
1137 3107 1286 3144 Triario
1320 3106 1359 3142 in
1389 3105 1586 3142 Scaurum
1615 3106 1655 3142 L.
1687 3104 1833 3141 Marius
1861 3103 1901 3140 L.
1937 3103 1994 3148 F„

244 3170 293 3208 Μ.
322 3178 360 3210 et
388 3174 435 3220 Q.
464 3174 624 3212 Pacuvii
660 3174 830 3219 fratres,
864 3171 1101 3221 cognomine
1131 3167 1311 3216 Claudii,
1348 3167 1414 3218 qui
1447 3167 1748 3217 inquisitionem
1787 3166 1826 3202 in
1855 3163 1995 3202 Sardi-
2011 3168 2046 3197 45

247 3232 352 3272 niam
378 3234 556 3286 itemque
585 3237 625 3274 in
654 3236 862 3275 Corsicam
889 3233 1043 3272 insulas
1072 3232 1160 3271 dies
1190 3232 1363 3270 tricenos
1391 3235 1640 3280 acceperunt
1667 3240 1802 3279 neque
1831 3226 1996 3278 profecti

247 3300 341 3335 sunt
365 3296 418 3336 ad
442 3297 743 3349 inquirendum.
815 3296 939 3336 Cuius
972 3296 1030 3334 rei
1062 3295 1166 3333 hano
1203 3305 1367 3331 causam
1404 3290 1654 3341 reddebant,
1696 3289 1806 3342 quod
1841 3290 1995 3327 interea
