2249 3624
702 589 755 647 M.
792 588 974 647 TULLII
1016 586 1320 646 CICERONIS

281 739 984 799 TUSCULANARUM
1024 737 1731 799 DiSPUTATtONUM

818 893 886 932 ΑΙ)
918 894 970 932 Μ.
1003 893 1220 932 BRUTUM

709 1032 913 1079 LIBER
942 1032 1314 1080 SECUNDUS.

270 1366 299 1404 1.
341 1362 378 1404 ·1.
418 1365 715 1418 Neoptolemus
765 1365 935 1418 quidem
985 1364 1094 1418 apud
1139 1365 1321 1404 Ennium
1373 1364 1659 1418 philosophari
1711 1365 1788 1405 sibi
1839 1364 1897 1405 ait

129 1442 301 1469 necesse
348 1441 458 1474 esse,
501 1427 574 1467 sed
621 1428 789 1480 paucis3
839 1441 934 1468 nam
975 1428 1146 1467 omnino
1192 1426 1304 1467 haud
1355 1427 1534 1480 placere.
1602 1427 1690 1479 Ego
1737 1433 1896 1474 autem,

128 1494 276 1539 Brute,
318 1503 487 1530 necesse
519 1491 619 1530 mihi
652 1490 822 1543 quidem
855 1504 947 1531 esse
979 1491 1156 1530 arbitror
1187 1490 1496 1545 philosophari:
1539 1503 1632 1530 nam
1666 1488 1769 1542 quid
1801 1502 1898 1542 pos-

128 1568 239 1602 sum,
283 1553 529 1607 praesertim
570 1553 674 1592 nihil
714 1567 864 1606 agens,
905 1567 1027 1607 agere
1067 1554 1245 1594 melius?
1287 1554 1361 1594 sed
1404 1567 1489 1594 non
1533 1552 1700 1607 paucis,
1741 1557 1784 1590 ut
1814 1551 1897 1591 ille.

127 1615 304 1657 Difficile
343 1621 406 1656 est
444 1615 554 1655 enim
593 1616 637 1654 in
673 1615 943 1669 philosophia
982 1629 1116 1670 pauca
1154 1630 1245 1656 esse
1277 1617 1314 1656 ei
1344 1622 1463 1664 nota,
1504 1616 1568 1656 cui
1601 1628 1685 1654 non
1717 1613 1799 1653 sint
1828 1618 1929 1652 aut5

127 1681 329 1734 pleraque
360 1683 430 1718 aut
461 1677 615 1717 omnia.
665 1679 767 1717 Nam
799 1691 874 1717 nec
904 1692 1036 1732 pauca
1067 1679 1149 1718 nisi
1181 1693 1202 1718 e
1234 1679 1374 1719 multis
1397 1679 1494 1731 eligi
1528 1681 1704 1731 possunt
1725 1688 1801 1714 nec
1825 1676 1898 1727 qui

127 1754 261 1796 pauca
303 1740 540 1793 perceperit
579 1753 664 1778 non
706 1740 817 1779 idem
850 1741 1011 1793 reliqua
1043 1741 1188 1781 eodem
1223 1741 1360 1781 studio
1392 1745 1684 1795 persequetur.
1744 1736 1783 1776 ⁶2.
1817 1737 1898 1776 Sed

128 1811 266 1845 tamen
310 1804 351 1843 in
383 1803 467 1842 vita
497 1808 698 1855 occupata
729 1808 880 1856 atque,
925 1809 968 1841 ut
998 1803 1264 1855 Neoptolemi
1296 1808 1382 1843 tum
1415 1808 1521 1850 erat,
1563 1800 1733 1841 militari
1766 1812 1899 1853 pauca

129 1868 219 1921 ipsa
259 1866 432 1905 multum
465 1879 590 1918 saepe
629 1872 803 1919 prosunt
834 1872 874 1906 et
905 1866 1045 1906 ferunt
1074 1866 1253 1913 fructus,
1295 1866 1328 1905 si
1360 1879 1442 1905 non
1476 1870 1632 1912 tantos,
1674 1863 1815 1916 quanti
1847 1875 1899 1901 ex

131 1929 326 1969 universa
357 1927 625 1981 philosophia
657 1929 814 1981 percipi
847 1934 1044 1982 possunt,
1078 1934 1215 1968 tamen
1239 1942 1335 1975 eos,
1368 1927 1520 1981 quibus
1544 1927 1684 1980 aliqua
1707 1939 1759 1965 ex
1783 1930 1949 1978 partem

129 1991 338 2031 interdum
377 1996 449 2029 aut
491 1990 718 2042 cupiditate
756 1997 826 2030 aut
864 1991 1126 2042 aegritudine
1167 1996 1238 2029 aut
1270 1995 1380 2030 metu
1418 1989 1662 2035 liberemur;
1703 1988 1816 2028 velut
1847 2001 1899 2026 ex

131 2067 179 2094 ea
211 2053 516 2106 disputatione,
551 2065 657 2105 quae
690 2053 789 2091 mihi
823 2067 957 2105 nuper
989 2053 1128 2092 habita
1161 2058 1224 2092 est
1255 2053 1296 2091 in
1326 2052 1583 2099 Tusculano,
1616 2064 1764 2103 magna
1787 2050 1900 2090 vide-

126 2116 248 2155 batur
290 2114 432 2154 mortis
471 2115 617 2153 effecta
647 2115 928 2168 contemptio,
971 2128 1078 2168 quae
1119 2128 1203 2154 non
1243 2115 1461 2153 minimum
1492 2114 1602 2153 valet
1632 2113 1684 2153 ad
1717 2114 1898 2153 animum
1951 2112 1955 2120 ’

128 2183 239 2217 metu
273 2176 548 2216 liberandum.
599 2178 699 2216 Nam
732 2176 890 2229 quiid,
923 2179 1035 2230 quod
1060 2178 1180 2217 vitari
1205 2191 1290 2216 non
1312 2182 1472 2231 potest,
1506 2177 1672 2223 metuit,
1704 2177 1738 2216 is
1760 2176 1899 2215 vivere

127 2240 267 2279 animo
302 2239 446 2292 quieto
480 2238 596 2277 nullo
630 2238 754 2277 modo
786 2244 948 2291 potest3
989 2239 1061 2278 sed
1096 2240 1190 2292 qui,
1224 2252 1306 2278 non
1341 2238 1467 2278 modo
1501 2238 1603 2292 quia
1635 2252 1805 2278 necesse
1838 2244 1950 2278 estiis

129 2302 253 2348 mori,
285 2314 427 2341 verum
460 2301 584 2340 etiam
617 2301 716 2353 quia
749 2300 852 2339 nihil
883 2300 1010 2340 habet
1042 2315 1150 2341 mors
1184 2301 1298 2354 quod
1331 2301 1385 2340 sit
1414 2300 1693 2347 horrendum,
1727 2305 1898 2339 mortem

129 2377 213 2403 non
259 2364 394 2410 timet,
434 2375 630 2415 magnum
677 2363 711 2402 is
752 2363 830 2401 sibi
871 2363 1127 2415 praesidium
1167 2364 1218 2402 ad
1261 2363 1424 2402 beatam
1466 2364 1591 2402 vitam
1635 2362 1899 2415 comparavit.

128 2424 168 2465 3.
205 2426 470 2479 Quamquam
511 2439 592 2465 non
633 2439 774 2465 sumus
817 2425 949 2478 ignari
990 2426 1141 2464 multos
1183 2425 1372 2464 studiose
1405 2430 1547 2464 contra
1579 2437 1670 2463 esse
1702 2423 1900 2470 dicturos,

129 2489 240 2542 quod
272 2489 400 2528 vitare
432 2488 548 2527 nullo
581 2487 705 2527 modo
737 2488 974 2540 potuimus,
1012 2487 1092 2526 nisi
1124 2488 1229 2527 nihil
1262 2488 1434 2528 omnino
1466 2487 1755 2527 scriberemus.
1805 2486 1900 2525 Ete-

214 2687 249 2708 n.
276 2685 382 2709 τσιιιι
406 2685 578 2710 coefflioxis
603 2685 855 2710 rr‘sci'mmfltffl
879 2686 975 2709 Lmen
999 2686 1169 2709 sumnus
1193 2686 1319 2709 ιΝσιΡιΤ
1343 2679 1388 2714 G;
1414 2686 1450 2708 n.
1478 2685 1585 2708 Τιἰιιι
1608 2685 1780 2709 mentions
1804 2685 1900 2708 ιιΒΕκ

126 2735 296 2759 secrsnrs
320 2736 445 2759 mmm
470 2728 510 2759 B:
538 2728 764 2767 inscriptione
791 2730 887 2759 caret
913 2729 935 2759 R
955 2745 989 2750 -
1019 2728 1050 2758 5.
1076 2729 1110 2758 in
1131 2736 1201 2758 om.
1225 2728 1248 2758 (2
1271 2745 1304 2748 —
1332 2727 1363 2757 7.
1387 2727 1571 2766 perceperit
1594 2728 1638 2757 C:
1662 2727 1807 2765 percepit
1832 2725 1898 2758 alii.

130 2776 236 2808 »Nihil
262 2777 339 2815 fuit,
367 2785 429 2808 cur
452 2778 615 2818 primaria
644 2786 724 2816 pars
747 2778 910 2817 generatis
934 2778 1128 2808 sententiae
1154 2778 1268 2807 tuturo
1294 2778 1453 2816 tempore
1477 2776 1714 2816 (persequetur)
1739 2777 1901 2807 enuntia-

129 2829 236 2864 retur,
263 2826 470 2857 secundaria
497 2836 563 2857 non
591 2828 692 2860 item:
720 2827 762 2857 ef.
784 2827 802 2867 g
821 2827 879 2858 46:
906 2828 999 2858 erit-
1013 2844 1052 2865 -,
1079 2827 1134 2865 qui
1151 2843 1168 2848 -
1182 2844 1198 2848 -
1212 2826 1426 2865 persuaserit.
1454 2826 1552 2863 Quod
1569 2826 1598 2856 si
1615 2826 1737 2857 Cicero
1757 2827 1901 2865 percepit

128 2876 342 2916 scripsisset,
370 2876 462 2907 idem
484 2877 693 2916 persequitur
718 2877 910 2917 posuisset·,
940 2877 982 2907 ct.
1006 2877 1030 2911 Ι,
1051 2876 1103 2907 58.
1131 2875 1269 2914 Madvig
1294 2874 1392 2914 §335
1419 2883 1450 2905 n.
1472 2876 1522 2904 t.»
1550 2876 1603 2906 W.
1626 2893 1659 2897 -—
1683 2880 1902 2916 persequatur

129 2934 219 2956 corr.
246 2926 278 2956 in
298 2930 513 2964 persequetur
536 2926 614 2957 sort.
633 2927 743 2966 prima
770 2935 817 2958 m.
839 2927 862 2958 R
883 2943 917 2947 -
945 2926 976 2957 8.
1001 2929 1037 2956 ut
1061 2923 1235 2965 supplevit
1262 2924 1350 2954 inter
1375 2932 1497 2955 versus
1521 2924 1555 2955 in
1574 2926 1598 2955 G
1624 2934 1748 2957 manus
1774 2934 1900 2957 recen-

129 2975 206 3011 tior,
233 2974 295 3005 sed
321 2976 475 3014 antiqua.
506 2993 539 2998 —
569 2976 599 3007 9.
624 2975 662 3016 si]
688 2976 742 3006 sed
767 2976 790 3007 C
819 2993 851 2997 —
883 2976 934 3007 tt.
962 2974 1140 3006 liberentur
1165 2974 1188 3005 C
1219 2991 1251 2995 ——
1286 2974 1337 3004 47.
1363 2975 1571 3013 comparavit
1594 2975 1784 3006 Manutius:
1811 2984 1900 3006 com—

125 3027 227 3062 parat
253 3024 276 3054 C
292 3024 329 3054 O.
357 3025 496 3063 «Agitur
519 3024 563 3055 de
587 3026 824 3064 contemptione
845 3025 962 3056 mortis
986 3026 1053 3056 iam
1078 3026 1210 3063 effectam
1238 3023 1294 3062 qui
1318 3025 1436 3054 autem
1460 3027 1598 3056 mortem
1622 3025 1689 3056 iam
1714 3035 1779 3056 non
1799 3027 1899 3061 timet,

131 3073 159 3104 is
184 3081 251 3103 non
279 3081 370 3104 nune
395 3073 539 3105 demum
561 3076 764 3113 praesidium
788 3074 830 3106 ad
856 3074 999 3106 beatam
1022 3075 1127 3105 vitum
1150 3076 1344 3111 comparat,
1370 3073 1433 3104 sed
1459 3074 1527 3105 iam
1551 3076 1643 3110 tum,
1671 3084 1750 3105 cuni
1777 3075 1899 3106 timere

131 3122 234 3154 desiit
259 3122 389 3162 (didicit
413 3132 480 3154 non
507 3124 664 3162 timere),
695 3125 912 3163 comparavit.
947 3124 998 3155 (js.
1026 3124 1064 3162 V,
1091 3122 1150 3154 74:
1188 3123 1255 3153 Nec
1284 3131 1361 3153 vero
1390 3123 1448 3154 illa
1475 3124 1535 3155 sibi
1563 3125 1709 3155 remedia
1739 3133 1900 3164 compa—

130 3172 241 3203 ravit
272 3173 315 3203 ad
346 3172 554 3204 tolerandum
584 3173 811 3212 dolorem-—,
843 3175 897 3205 sed
926 3183 996 3205 una
1018 3183 1051 3206 se
1074 3174 1151 3205 dicit
1181 3173 1410 3205 recordatione
1439 3175 1701 3213 acquiescere
1732 3177 1820 3210 eet,;
1854 3174 1896 3205 cs.

134 3221 251 3253 Famil.
277 3223 362 3260 vul,
388 3223 419 3261 9,
445 3223 465 3254 2
489 3221 562 3262 (ubi
587 3230 651 3262 ego
676 3224 798 3264 scripsi
823 3224 1067 3264 interpellavit).
1094 3224 1130 3254 T.
1156 3223 1196 3254 D.
1223 3222 1263 3261 V,
1289 3223 1342 3254 72.
1368 3222 1428 3254 ubi
1452 3224 1627 3256 contrario
1643 3223 1724 3255 vitio
1742 3224 1765 3254 G
1782 3224 1817 3261 R,
1844 3221 1899 3254 alii

133 3272 309 3312 definivit.»
333 3273 389 3304 W.
414 3272 501 3304 Vide
527 3273 632 3305 etiam
655 3272 699 3304 ad
722 3274 736 3304 l
759 3272 778 3313 S
803 3273 877 3305 ⁴03.
