2249 3624
518 136 603 175 Lm.
635 135 684 174 11.
723 133 818 174 cn.
850 131 1232 172 xxm-xxvii.
1269 128 1328 182 §§
1359 126 1549 168 81—87.
1835 123 1905 164 ηπ

170 250 348 291 Puteolis
379 248 594 300 granaria?
627 247 783 298 Collige
816 247 972 291 onmia,
1005 258 1111 298 quae
1141 243 1297 283 soletis.
1347 241 1626 282 «Praesidium
1649 240 1913 279 amicorum.»

170 314 274 353 Satis
306 318 365 351 est
398 311 470 350 tibi
504 311 543 349 in
576 316 636 354 te,
669 310 768 349 satis
801 310 840 347 in
874 309 1056 360 legibus,
1090 308 1188 346 satis
1221 306 1263 345 in
1288 305 1564 345 mediocribus
1585 301 1776 342 amicitiis
1800 313 1916 353 prae-

168 377 286 415 sidii:
320 377 397 415 iam
429 373 635 412 contemni
669 385 750 411 non
783 372 957 424 poteris:
991 370 1132 409 odium
1155 375 1291 408 autem
1316 375 1355 407 et
1384 367 1580 407 invidiam
1603 364 1723 404 facile
1745 362 1915 407 vitabis;

168 439 217 478 ad
250 452 318 477 eas
349 437 457 476 enim
492 449 556 474 res
587 435 637 474 ab
668 435 848 486 Epicuro
882 439 1099 485 praecepta
1131 432 1290 471 dantur.
1333 432 1383 469 Et
1415 436 1550 469 tamen
1584 428 1707 467 tantis
1739 425 1916 476 vectiga-

169 502 272 541 libus
312 501 361 538 ad
404 497 687 536 liberalitatem
730 503 850 535 utens
891 496 1012 534 otiam
1045 496 1134 533 sine
1169 494 1243 533 liae
1275 492 1453 546 Pyladea
1484 490 1663 530 amicitia
1694 488 1949 528 multorums

169 570 206 603 te
237 560 525 602 benevolentia
558 559 767 610 praeclare
800 558 967 596 tuebere
1000 564 1039 596 et
1072 558 1245 596 munies.
1297 555 1362 594 853.
1394 557 1445 594 At
1476 554 1644 607 quicum
1678 552 1766 591 ioca
1798 549 1917 596 seria,

169 632 207 666 ut
233 623 397 667 dicitur,
429 621 595 674 quicum
617 634 784 666 arcana,
817 621 985 672 quicum
1008 620 1164 658 occulta
1187 620 1355 659 omnia?
1388 619 1540 656 Tecum
1564 615 1734 668 optime,
1766 612 1918 652 deinde

167 689 290 728 etiam
322 698 413 724 cum
445 682 642 722 mediocri
676 683 822 722 amico.
884 682 962 720 Sed
996 682 1057 720 fac
1091 682 1166 720 ista
1199 695 1290 720 esse
1322 694 1402 719 non
1437 680 1691 732 importuna,
1736 675 1835 730 quid
1867 675 1916 714 ad

166 749 380 790 utilitatem
415 752 552 785 tantae
585 745 818 798 pecuniae?
865 744 989 783 Vides
1021 743 1161 795 igitur,
1204 744 1236 782 si
1276 743 1497 782 amicitiam
1530 755 1602 781 sua
1633 741 1804 780 caritate
1836 750 1919 778 me-

165 813 286 857 tiare,
327 809 430 849 nihil
474 822 563 847 esse.
605 808 906 859 praestantius,
947 806 1012 844 sin
1052 806 1353 850 emolumento,
1394 817 1577 843 summas
1617 802 1918 843 familiaritates
1937 810 1970 838 ιο

165 873 427 928 praediorum
450 870 756 909 fructuosorum
781 868 971 908 mercede
994 868 1191 920 superari.
1224 868 1288 906 Me
1310 868 1434 919 igitur
1454 868 1588 919 ipsum
1610 878 1722 905 ames
1740 867 1918 917 oportet,

164 949 245 977 non
279 948 387 979 mea,
418 933 452 972 si
484 933 568 971 veri
599 931 720 971 amici
752 930 878 971 futuri
911 943 1066 969 sumus.

275 996 444 1036 XXVII.
487 993 566 1033 Sed
607 995 646 1032 in
688 993 812 1033 rebus
851 993 1123 1046 apertissimis
1165 992 1335 1032 nimium
1375 992 1487 1044 longi
1519 1005 1672 1031 sumus.
1728 989 1916 1030 Perfecto

165 1062 273 1102 enim
317 1065 355 1099 et
397 1057 594 1097 concluso
626 1069 763 1109 neque
795 1055 1014 1095 virtutibus
1045 1068 1181 1106 neque
1211 1054 1405 1094 amicitiis
1438 1067 1613 1107 usquam
1646 1054 1781 1093 locum
1813 1065 1918 1099 esse,

163 1125 195 1163 si
229 1122 278 1162 ad
311 1121 565 1173 voluptatem
598 1119 737 1158 omnia
768 1118 1018 1164 referantur,
1051 1117 1154 1156 nibil
1186 1123 1403 1169 praeterea
1434 1122 1497 1157 est
1529 1130 1677 1169 magno
1707 1129 1834 1169 opere
1856 1115 1967 1154 di-l5

164 1185 354 1226 cendum.
406 1184 463 1221 Ae
504 1187 661 1227 tamen,
704 1195 753 1220 ne
795 1181 861 1220 cui
896 1180 989 1219 loco
1022 1194 1104 1219 non
1137 1179 1324 1219 videatur
1355 1192 1446 1219 esse
1478 1192 1746 1232 responsum,
1786 1189 1918 1230 pauca

163 1248 285 1288 etiam
327 1258 434 1285 nunc
473 1244 606 1283 dicam
648 1244 698 1283 ad
738 1243 935 1296 reliquam
979 1242 1209 1281 orationem
1250 1247 1377 1281 tuam.
1442 1240 1508 1281 86.
1541 1242 1750 1290 Quoniam
1792 1240 1919 1293 igitur

163 1310 296 1350 omnis
342 1320 500 1346 summa
544 1305 832 1359 philosophiae
875 1305 926 1344 ad
967 1305 1087 1344 beate
1117 1304 1342 1344 vivendum
1382 1304 1580 1352 refertur,
1621 1304 1749 1357 idque
1790 1315 1916 1341 unum

163 1375 405 1424 expetentes
439 1368 624 1407 homiues
656 1380 699 1407 se
730 1367 779 1407 ad
812 1367 891 1406 hoc
923 1367 1102 1406 studium
1135 1367 1425 1414 contulerunt,
1456 1365 1577 1407 beate
1608 1371 1746 1407 autem
1778 1365 1917 1404 vivere

163 1435 231 1474 alii
274 1434 314 1472 in
355 1431 455 1477 alio,
496 1443 569 1469 vos
601 1430 644 1468 in
677 1430 888 1482 voluptate
918 1429 1093 1483 ponitis,
1135 1429 1234 1468 item
1265 1435 1408 1469 contra
1439 1430 1646 1469 miseriam
1679 1440 1845 1468 omnem
1876 1428 1918 1466 in
1932 1437 1969 1465 ‘20

163 1496 327 1541 dolore,
359 1493 399 1532 id
433 1494 606 1546 primum
640 1493 870 1539 videamus,
901 1492 1020 1531 beate
1053 1493 1190 1531 vivere
1222 1496 1403 1532 vestrum
1425 1492 1550 1546 quale
1573 1493 1637 1532 sit.
1678 1492 1816 1544 Atque
1841 1490 1916 1529 hoc

164 1558 338 1604 dabitis,
372 1561 415 1595 ut
446 1555 612 1608 opinor,
645 1556 680 1594 si
713 1554 836 1594 modo
867 1555 919 1594 sit
950 1554 1109 1608 aliquid
1143 1568 1233 1595 esse
1265 1555 1455 1602 beatum,
1486 1554 1528 1594 id
1561 1558 1755 1607 oportere
1786 1557 1917 1593 totum

166 1622 263 1674 poni
296 1620 337 1659 in
369 1623 574 1672 potestate
607 1618 816 1670 sapientis.
876 1619 978 1657 Nam
1011 1617 1044 1657 si
1075 1618 1205 1657 amitti
1228 1618 1311 1657 vita
1342 1618 1462 1658 beata
1492 1622 1645 1671 potest,
1676 1617 1798 1656 beata
1827 1628 1917 1654 esse

165 1695 246 1722 non
279 1686 426 1734 potest.
478 1680 580 1728 Quis
613 1680 721 1719 enim
755 1678 922 1719 confidit
952 1694 1116 1733 semper
1146 1680 1222 1720 sibi
1253 1680 1356 1720 illud
1388 1681 1534 1720 stabile
1561 1685 1602 1720 et
1631 1680 1795 1719 firmum
1825 1690 1919 1731 per-

164 1757 421 1790 mansurum,
455 1742 567 1795 quod
599 1742 744 1795 fragile
777 1747 815 1782 et
847 1743 1046 1782 caducum
1080 1743 1162 1782 sit?
1203 1743 1285 1790 Qui
1316 1747 1454 1782 autem
1478 1742 1630 1782 diffidit
1651 1740 1966 1795 perpetuitati25

163 1807 364 1846 bonorum
397 1819 585 1852 suorum,
619 1806 755 1845 timeat
786 1819 955 1845 necesse
988 1811 1050 1845 est
1082 1819 1131 1844 ne
1164 1805 1393 1858 aliquando
1415 1805 1578 1844 amissis
1601 1805 1685 1845 illis
1708 1806 1760 1844 sit
1781 1804 1916 1843 miser.

167 1870 312 1907 Beatus
334 1873 467 1906 autem
492 1882 581 1907 esse
614 1868 654 1906 in
686 1868 955 1907 maximarum
985 1882 1121 1907 rerum
1146 1868 1293 1907 timore
1316 1880 1437 1906 nemo
1459 1873 1617 1921 potest:
1649 1880 1770 1907 nemo
1794 1866 1919 1918 igitur

164 1944 253 1970 esse
284 1930 429 1969 beatus
467 1936 614 1984 potest.
674 1928 739 1969 87.
772 1932 912 1983 Neque
944 1932 1054 1971 enim
1086 1932 1127 1970 in
1160 1930 1298 1983 aliqua
1332 1936 1468 1983 parte,
1515 1931 1586 1970 sed
1627 1932 1669 1970 in
1710 1928 1920 1984 perpetui-

166 1998 246 2031 tate
277 1992 472 2044 temporis
504 1994 584 2032 vita
616 1992 734 2032 beata
767 1993 847 2032 dici
879 1994 1004 2040 solet,
1037 2008 1113 2033 nec
1145 1993 1381 2046 appellatur
1412 1995 1580 2033 omnino
1604 1994 1687 2033 vita
1717 1992 1797 2032 nisi
1821 2004 1918 2030 con-

164 2054 268 2093 fecta
298 2059 422 2106 atque
453 2055 657 2101 absoluta,
690 2068 765 2095 nec
795 2061 931 2108 potest
964 2057 1187 2109 quisquam
1211 2056 1313 2095 alias
1336 2055 1483 2095 beatus
1506 2070 1618 2103 esse,
1649 2056 1751 2096 alias
1774 2055 1967 2093 miserzzso

164 2118 233 2169 qui
266 2117 374 2156 enim
407 2116 655 2156 existimabit
686 2130 808 2169 posse
840 2132 883 2157 se
917 2119 1113 2158 miserum
1146 2132 1258 2166 esse,
1290 2118 1437 2158 beatus
1459 2132 1541 2158 non
1568 2120 1657 2159 erit.
1701 2119 1803 2157 Nam
1825 2131 1916 2156 cum

163 2185 353 2231 suscepta
397 2179 523 2218 semel
569 2185 631 2218 est
668 2179 786 2219 beata
826 2181 928 2227 vita,
976 2186 1055 2220 tam
1099 2185 1313 2232 permanet
1344 2194 1468 2233 quam
1507 2181 1596 2234 ipsa
1627 2181 1699 2220 illa
1730 2180 1917 2221 effectrix

162 2241 306 2280 heatae
349 2242 453 2280 vitae
496 2242 694 2295 sapientia
732 2256 869 2295 neque
907 2248 1122 2296 exspectat
1161 2244 1353 2282 ultimum
1397 2249 1558 2296 tempus
1598 2244 1763 2290 aetatis,
1803 2241 1916 2295 quod

165 2303 315 2343 Croeso
347 2304 484 2343 scribit
516 2304 748 2344 Herodotus
781 2311 1045 2358 praeceptum
1079 2320 1100 2344 a
1135 2306 1301 2345 Solone.
1352 2306 1403 2344 At
1437 2306 1559 2352 enim,
1592 2319 1713 2357 quem
1747 2304 1796 2344 ad
1831 2318 1917 2343 mo-

163 2364 257 2405 dum
301 2371 384 2405 tute
428 2366 609 2413 dicebas,
654 2373 778 2420 negat
819 2368 1023 2421 Epicurus
1070 2368 1386 2407 diuturnitatem
1425 2368 1594 2421 quidem
1635 2368 1834 2421 temporis
1866 2367 1967 2407 ad35

245 2558 274 2587 4.
300 2557 474 2597 ymnaria]
498 2566 662 2598 φάιηαηα
687 2560 733 2595 A}
759 2560 930 2599 φάυἰαηα
955 2562 997 2596 Β;
1024 2562 1181 2601 gramina
1205 2560 1308 2592 codd.
1336 2562 1543 2593 deteriores.
1572 2579 1607 2584 -
1634 2562 1665 2593 2.
1688 2562 1847 2601 praesidii
1872 2564 1915 2593 (⁷13

157 2607 357 2644 praesidium
381 2609 404 2637 A
419 2607 441 2638 B
456 2608 480 2638 O
500 2625 532 2629 —
562 2607 591 2639 4.
613 2617 662 2638 res
686 2609 771 2639 enim
794 2610 817 2639 Β
831 2610 855 2640 Ε
874 2612 972 2649 (enim
991 2621 1058 2642 non
1078 2620 1148 2643 oni.
1169 2612 1203 2649 E)
1226 2629 1261 2634 —-
1288 2612 1319 2642 5.
1346 2606 1567 2642 libertatcm'A
1583 2612 1606 2642 B
1623 2613 1649 2643 D
1671 2629 1705 2633 —
1731 2612 1829 2644 eliam
1847 2613 1917 2643 Ma-

160 2657 290 2687 nutius:
317 2665 390 2686 eam
415 2657 477 2687 ΑΒ
494 2657 540 2694 Ι);
566 2659 610 2689 eis
633 2659 657 2689 O
676 2676 707 2681 —
738 2659 767 2689 6.
795 2662 823 2690 te
847 2669 915 2691 om.
939 2663 962 2692 D
985 2680 1019 2684 —
1047 2661 1261 2693 beniuolentia
1286 2662 1311 2692 A
1327 2661 1350 2691 Β
1373 2679 1406 2683 -
1431 2662 1607 2700 praeclare
1630 2665 1652 2693 t.
1681 2663 1721 2692 Βῑ
1745 2662 1919 2701 praeclare

159 2709 186 2736 el
209 2710 230 2736 t.
256 2707 352 2737 ADO
374 2724 405 2728 —
432 2707 563 2738 tuebare
586 2708 609 2738 Β
621 2709 644 2738 Η
666 2727 699 2731 -
726 2709 799 2739 ioca
823 2713 852 2740 et
874 2711 961 2741 seria
979 2713 1004 2742 A
1028 2728 1057 2733 —
1089 2711 1118 2741 8.
1150 2710 1258 2751 etiam]
1284 2714 1312 2741 et
1337 2711 1360 2740 Β
1381 2727 1415 2731 --
1442 2711 1526 2751 cum]
1552 2711 1609 2750 qui
1632 2712 1656 2742 E
1678 2729 1709 2733 —
1737 2712 1802 2750 fac]
1826 2712 1918 2749 facta

161 2755 182 2785 Β
202 2772 236 2776 -
265 2755 440 2794 inportuna
465 2758 557 2788 A¹Bt
587 2759 785 2797 inoportuna
809 2768 898 2790 corr.
920 2762 943 2791 A
963 2761 1039 2791 sort.
1066 2761 1176 2801 prima
1204 2769 1329 2796 manu;
1357 2760 1580 2799 inopportuna
1598 2762 1622 2792 O
1642 2779 1675 2783 —
1705 2762 1756 2793 40.
1775 2761 1835 2799 sin]
1860 2771 1917 2791 suo

161 2805 183 2835 Β
212 2821 244 2826 -
268 2805 519 2847 fructuosorum]
542 2809 764 2846 preciosorum
789 2811 812 2840 (j
836 2827 868 2830 —
897 2810 948 2840 41.
981 2810 1081 2849 igilur
1106 2811 1210 2849 ipsum
1235 2812 1256 2840 Α
1275 2810 1320 2840 B:
1347 2809 1452 2848 ipsum
1475 2810 1579 2850 i9itw·
1602 2811 1626 2842 O
1648 2829 1682 2834 -
1712 2812 1762 2842 43.
1790 2811 1863 2849 Sext]
1882 2812 1917 2841 δέ

163 2854 183 2883 Β
211 2871 243 2874 -
270 2854 356 2893 longi
378 2855 498 2893 fuimus
521 2857 545 2887 E
574 2875 606 2879 —
633 2858 785 2898 Perfecto]
808 2859 954 2897 profecto
978 2858 1016 2889 Αἱ
1042 2877 1077 2881 -
1114 2859 1164 2890 Η».
1191 2859 1351 2899 concluso]
1376 2860 1532 2891 concludo
1560 2860 1598 2891 A¹
1627 2878 1661 2882 -—
1697 2861 1749 2891 115.
1775 2869 1915 2899 wasme»

158 2911 233 2941 pere
262 2903 323 2934 AB
353 2921 393 2926 —
425 2905 475 2935 46.
501 2915 540 2936 ac
570 2909 677 2937 lamen
708 2908 790 2938 AB:
822 2909 971 2938 Attamen
997 2910 1021 2939 t)
1054 2926 1088 2929 —
1125 2909 1175 2939 48.
1203 2910 1306 2939 omnis
1336 2917 1465 2940 summa
1489 2911 1532 2941 A:
1566 2919 1695 2941 summa
1719 2911 1822 2941 omnis
1848 2911 1869 2941 Β
1885 2911 1915 2941 M

165 2970 196 2973 Ἀ
217 2952 267 2982 ΞΟ.
294 2952 325 2982 in
342 2953 459 2994 dolore]
486 2955 589 2986 indole
614 2956 636 2987 Ε
658 2974 688 2977 -
718 2956 769 2987 23.
790 2956 885 2987 beata
910 2959 988 2988 ante
1014 2967 1079 2988 esse
1103 2966 1173 2989 om.
1201 2959 1223 2988 Β
1245 2976 1278 2980 —
1306 2957 1359 2989 ⁵24.
1389 2959 1472 2997 Quid
1496 2959 1554 2990 BE
1573 2977 1608 2982 —
1635 2969 1761 2999 semper
1784 2960 1842 2990 sibi
1868 2962 1912 2990 A:

159 3001 217 3031 sibi
239 3010 363 3040 semper
385 3002 408 3032 Β
421 3004 481 3034 ΜΟ
504 3022 534 3025 —
563 3005 642 3036 illud
666 3009 689 3036 A
706 3006 745 3036 B:
774 3007 804 3036 id
831 3007 926 3037 {3310
956 3026 988 3029 —
1017 3008 1069 3038 025.
1096 3008 1213 3047 diffidit
1238 3008 1260 3037 Β
1275 3008 1315 3038 E:
1344 3008 1467 3048 diffidet
1489 3010 1557 3041 AM
1575 3026 1612 3032 -
1638 3010 1690 3041 28.
1718 3018 1782 3040 esse
1806 3008 1916 3040 beatus

160 3055 183 3082 A
200 3052 242 3082 B:
275 3051 386 3082 beatus
409 3062 472 3084 esse
498 3055 564 3086 EM
595 3072 629 3077 —
663 3057 714 3087 29.
742 3056 816 3096 dici]
842 3057 915 3087 (luci
939 3058 964 3087 A
981 3057 1003 3087 Β
1038 3074 1071 3078 ——
1109 3066 1165 3087 nec
1191 3059 1214 3088 A
1231 3058 1252 3086 Β
1269 3060 1310 3087 G:
1344 3066 1448 3096 neque
1471 3059 1541 3089 ΜΟ
1569 3076 1603 3080 m
1637 3059 1708 3090 uita
1732 3061 1757 3090 Α
1773 3060 1813 3090 B:
1847 3059 1915 3089 rita

159 3101 251 3131 beata
277 3102 341 3132 ΜΟ
357 3121 398 3124 -
422 3103 473 3133 30.
493 3103 639 3136 absoluta
658 3114 726 3136 om.
744 3107 767 3136 Β
784 3123 818 3127 -
846 3106 897 3136 32.
917 3110 961 3136 est
985 3106 1080 3137 semel
1098 3107 1119 3136 Β
1139 3108 1219 3144 (non
1239 3106 1272 3144 Β)
1291 3124 1325 3127 -
1353 3105 1405 3137 34.
1424 3107 1463 3138 Aa
1479 3108 1564 3138 euim
1583 3109 1773 3139 Manutius:
1800 3109 1916 3139 etenim

159 3149 259 3180 codd.
277 3169 309 3172 —
337 3151 388 3181 35.
408 3152 545 3183 ducebas
568 3154 625 3185 1313
646 3172 680 3176 —
708 3155 957 3187 diuturnitatem
976 3158 1000 3187 A
1016 3158 1059 3187 G:
1088 3165 1144 3187 nec
1167 3156 1384 3187 diuturnitate
1408 3158 1485 3195 BE;
1513 3167 1570 3188 nec
1593 3158 1842 3188 ‹liuturuitatem
1867 3158 1911 3194 Ο;

167 3202 178 3238 ’ς
204 3210 260 3231 nec
283 3201 530 3234 diuturnitatem
554 3205 584 3236 M
612 3223 645 3227 ——
673 3206 801 3244 quidem
825 3214 893 3237 om.
923 3208 949 3235 (i
973 3207 1007 3236 et
1031 3205 1219 3236 Lambinus
1246 3206 1294 3245 (ne
1318 3206 1568 3238 diuturnitatem
1592 3208 1719 3246 quidem
1746 3206 1914 3246 Madvigio

158 3252 299 3282 auctore
324 3250 495 3286 Klotziusl.
