2249 3624
250 178 302 222 4⁶2.
768 181 1194 223 ACADEMICORUM
1221 180 1460 221 PRIORUM

249 308 331 347 quo
363 308 385 335 e
414 296 513 336 vitio
545 300 584 336 et
613 295 884 336 amicitiarum
915 293 1172 347 proditiones
1203 296 1244 332 et
1272 306 1408 332 rerum
1433 292 1692 345 publicarum
1714 292 1830 333 nasci
1853 294 2001 334 solent.

247 357 339 397 Non
371 364 510 411 potest
540 359 664 411 igitur
695 357 875 397 dubitari
906 355 1008 408 quin
1039 355 1251 394 decretum
1282 354 1442 394 nullum
1474 354 1625 394 falsum
1655 355 1788 407 possit
1819 367 1910 395 esse
1939 370 2003 396 sa-

247 420 420 474 pientis,
452 434 589 474 neque
621 420 718 460 satis
749 418 803 458 sit
832 431 916 457 non
944 430 1035 456 esse
1056 416 1220 464 falsum,
1253 416 1327 456 sed
1350 417 1473 456 etiam
1497 416 1667 464 stabile,
1698 414 1840 464 fixum,
1872 423 2003 458 ratum

248 496 340 522 esse
379 483 545 530 debeat,
587 482 699 536 quod
740 493 908 521 movere
948 479 1062 519 nulla
1091 478 1196 518 ratio
1228 484 1366 532 queat.
1426 480 1544 520 Talia
1574 485 1712 519 autem
1744 494 1882 534 neque
1913 495 2005 521 esse

216 557 386 599 5neque
417 545 547 586 videri
578 548 755 598 possunt
786 556 929 583 eorum
961 542 1141 588 ratione,
1174 542 1243 594 qui
1275 542 1347 582 illa
1376 542 1485 590 visa,
1529 556 1550 582 e
1582 542 1734 595 quibus
1766 543 1905 582 omnia
1936 543 2007 582 de-

248 613 357 647 creta
397 613 493 648 sunt
533 612 650 653 nata,
688 610 843 658 negant
873 605 1098 658 quicquam
1131 617 1152 643 3
1182 603 1296 644 falsis
1326 604 1543 644 interesse.
1601 602 1668 644 ⁶28.
1700 605 1763 644 Ex
1792 605 1872 645 1106
1901 605 2006 645 illud

248 676 311 709 est
340 676 502 718 natum,
536 670 648 723 quod
679 668 917 722 postulabat
947 667 1216 714 Hortensius,
1248 673 1294 708 ut
1323 668 1367 707 id
1390 668 1527 721 ipsum
1550 667 1695 707 saltem
1721 673 1962 721 perceptum
1983 681 2008 708 a

247 732 436 783 sapiente
468 731 683 777 diceretis,
724 730 829 770 nihil
859 743 984 782 posse
1015 729 1188 783 percipi.
1251 729 1332 769 Sed
1363 730 1580 783 Antipatro
1611 729 1692 769 hoc
1722 730 1832 770 idem
1863 736 2008 783 postu-

246 793 370 840 lanti,
403 808 495 833 cum
527 794 704 840 diceret,
745 792 805 840 ei,
839 792 911 845 qui
943 790 1180 831 adfirmaret
1209 791 1315 831 nihil
1345 805 1468 845 posse
1499 791 1680 845 percipi,
1711 806 1837 832 unum
1869 797 2008 832 tamen

198 855 349 897 ioillud
381 855 519 895 dicere
550 855 708 908 percipi
738 868 864 908 posse
895 859 1224 895 consentaneum
1256 868 1368 901 esse,
1399 858 1445 894 ut
1475 854 1555 893 alia
1577 868 1659 894 non
1687 859 1876 908 possent,
1911 855 2010 895 Car-

246 917 401 957 neades
432 918 594 958 acutius
625 918 860 958 resistebat.
918 918 1022 957 Nam
1056 922 1214 957 tantum
1246 917 1390 956 abesse
1423 917 1606 963 dicebat,
1644 922 1691 956 ut
1724 914 1797 970 [id]
1833 931 2009 957 consen-

246 984 413 1019 taneum
445 986 574 1028 esset,
605 986 651 1021 ut
681 982 860 1020 maxime
894 980 1016 1020 etiam
1048 984 1313 1033 repugnaret.
1356 979 1437 1028 Qui
1460 980 1570 1018 enim
1592 985 1761 1032 negaret
1782 981 2009 1034 quicquam

247 1055 337 1082 esse
370 1043 481 1096 quod
512 1044 822 1096 perciperetur,
855 1055 950 1082 eum
972 1042 1077 1082 nihil
1100 1043 1314 1095 excipere:
1346 1041 1405 1081 ita
1425 1055 1598 1081 necesse
1621 1056 1713 1082 esse
1734 1056 1786 1083 ne
1808 1043 1849 1082 id
1871 1044 2009 1096 ipsum

248 1105 436 1158 quidem,
477 1106 589 1160 quod
632 1111 852 1158 exceptum
889 1119 973 1144 non
1014 1110 1143 1151 esset,
1185 1103 1469 1158 conprehendi
1507 1109 1547 1144 et
1576 1106 1735 1158 percipi
1765 1106 1851 1146 ullo
1884 1106 2008 1147 modo

198 1179 232 1207 15
246 1182 384 1238 posse.
434 1167 500 1209 29.
522 1168 752 1209 Antiochus
784 1167 835 1208 ad
867 1168 989 1208 isium
1021 1168 1156 1208 locum
1187 1167 1372 1220 pressius
1394 1167 1614 1206 videbatur
1635 1169 1846 1208 accedere.
1898 1169 2011 1217 Quo-

245 1231 357 1271 niam
399 1232 509 1271 enim
546 1230 588 1270 id
630 1231 834 1270 haberent
871 1230 1109 1270 Academici
1154 1231 1367 1270 decretum
1396 1251 1450 1256 —
1482 1229 1646 1269 sentitis
1678 1230 1787 1269 enim
1819 1231 1899 1270 iam
1931 1231 2012 1271 hoc

246 1307 311 1333 me
342 1289 427 1348 (501
426 1311 486 1335 αα
518 1293 656 1333 dicere
677 1315 756 1340 —,
787 1293 891 1333 nihil
922 1306 1046 1346 posse
1076 1293 1254 1346 peicipi,
1287 1305 1370 1331 non
1402 1291 1553 1331 debere
1576 1304 1645 1332 eos
1667 1292 1709 1332 in
1732 1305 1807 1332 suo
1830 1292 2012 1339 decreto,

247 1356 355 1396 sicut
385 1356 426 1395 in
460 1357 608 1396 ceteris
638 1356 777 1403 rebus,
809 1355 1011 1402 fluctuari,
1042 1356 1286 1408 piaesertim
1310 1367 1403 1394 cum
1426 1355 1465 1393 in
1491 1367 1540 1394 eo
1564 1368 1724 1394 summa
1747 1342 2013 1395 consisteret.

244 1418 352 1458 hanc
394 1419 505 1458 enim
545 1432 637 1458 esse
677 1418 865 1471 regulam
896 1418 1026 1457 totius
1061 1416 1378 1471 philosophiae,
1419 1416 1758 1456 constitutionem
1789 1417 1875 1456 veri
1905 1417 2014 1465 falsi,

195 1491 231 1520 ρο
247 1481 400 1535 cogniti
428 1481 656 1534 incogniti:
690 1494 814 1534 quam
845 1480 1050 1520 rationem
1074 1479 1270 1532 quoniam
1303 1479 1565 1532 susciperent
1587 1479 1822 1533 docereque
1844 1480 2013 1528 vellent,

247 1557 354 1597 quae
384 1543 473 1584 visa
500 1543 630 1597 accipi
663 1548 876 1597 oporteret
906 1548 947 1582 et
977 1555 1084 1596 quae
1116 1542 1350 1595 repudiari,
1393 1547 1501 1581 certe
1539 1541 1617 1581 hoc
1648 1542 1805 1595 ipsum,
1846 1556 1899 1583 ex
1930 1556 2012 1595 quo

246 1619 370 1646 omne
400 1606 486 1645 veri
516 1605 696 1659 falsique
732 1606 932 1645 iudicium
967 1610 1096 1653 esset,
1139 1605 1351 1658 percipere
1384 1617 1456 1644 eos
1487 1604 1704 1644 debuisse:
1745 1606 1899 1646 etenim
1930 1606 2013 1646 duo

247 1682 338 1709 esse
368 1669 471 1709 haec
502 1669 684 1708 maxima
715 1668 758 1707 in
788 1668 1078 1721 philosophia,
1110 1668 1310 1707 iudicium
1342 1668 1429 1707 veri
1460 1672 1500 1706 et
1531 1664 1654 1706 finem
1676 1667 1906 1716 bonorum,
1937 1682 2014 1708 nec

246 1732 478 1784 sapientem
510 1744 633 1784 posse
665 1745 778 1779 esse,
811 1732 883 1784 qui
914 1737 986 1771 aut
1017 1731 1296 1784 cognoscendi
1330 1743 1421 1770 esse
1452 1730 1616 1770 initium
1647 1730 1812 1782 ignoret
1841 1735 1913 1771 aut
1943 1745 2015 1771 ex-

195 1804 232 1832 65
246 1800 421 1835 tremum
455 1794 701 1848 expetendi,
740 1800 786 1833 ut
817 1799 889 1833 aut
917 1794 1030 1833 unde
1060 1793 1351 1846 proficiscatur
1381 1798 1451 1833 aut
1482 1806 1565 1846 quo
1598 1793 1928 1845 perveniendum
1961 1794 2015 1834 sit

247 1858 423 1898 nesciat:
464 1857 566 1897 haec
600 1862 738 1896 autem
769 1856 922 1896 habere
956 1856 1080 1895 dubia
1110 1869 1188 1895 nec
1218 1856 1269 1894 iis
1301 1855 1359 1894 ita
1391 1853 1622 1902 confidere,
1664 1860 1709 1894 ut
1739 1857 1899 1896 moveri
1930 1870 2015 1897 non

247 1921 434 1974 possint,
473 1920 698 1960 abhorrere
731 1933 754 1959 3
785 1921 988 1973 sapientia
1026 1919 1265 1972 plurimum.
1324 1918 1415 1957 Hoc
1446 1919 1572 1971 igitur
1602 1918 1724 1957 modo
1755 1919 1894 1972 potius
1927 1925 2016 1959 erat

248 1984 298 2024 ab
329 1984 393 2023 his
425 1983 734 2037 postulandum,
765 1988 810 2021 ut
841 1983 918 2022 hoc
947 1995 1075 2021 unum
1100 1982 1260 2027 saltem,
1292 1981 1452 2034 percipi
1476 1980 1579 2019 nihil
1604 1994 1740 2033 posse,
1772 1986 2015 2034 perceptum

250 2059 340 2085 esse
384 2046 585 2085 dicerent.
649 2044 731 2085 Sed
779 2044 829 2083 de
872 2045 1151 2084 inconstantia
1190 2044 1315 2084 totius
1357 2044 1524 2083 illorum
1563 2044 1816 2091 sententiae,
1862 2045 1895 2083 si
1931 2044 2016 2084 ulla

199 2117 234 2146 30
249 2110 455 2149 sententia
487 2109 731 2162 cuiusquam
765 2121 856 2148 esse
887 2113 1024 2161 potest
1055 2107 1159 2147 nihil
1191 2107 1483 2160 adprobantis,
1527 2111 1612 2154 est,
1655 2112 1698 2147 ut
1738 2106 1910 2159 opinor,
1954 2105 2016 2145 di-

249 2176 362 2210 ctum
393 2171 506 2210 satis.

362 2233 413 2272 X.
445 2231 510 2272 30.
544 2234 742 2286 Sequitur
772 2233 997 2286 disputatio
1030 2233 1199 2286 copiosa
1229 2232 1301 2272 illa
1323 2232 1506 2286 quidem,
1539 2233 1611 2272 sed
1638 2232 1763 2285 paulo
1786 2231 2015 2272 abstrusior

248 2319 304 2324 —
332 2295 458 2336 habet
488 2296 599 2335 enim
631 2296 890 2349 aliquantum
922 2308 945 2334 a
975 2295 1160 2348 physicis
1191 2316 1264 2341 —-,
1296 2301 1343 2334 ut
1373 2308 1517 2334 verear
1546 2308 1598 2334 ne
1631 2296 1829 2334 maiorem
1861 2294 2016 2347 largiar

251 2358 308 2405 ei,
355 2359 427 2411 qui
471 2365 615 2398 contra
660 2358 846 2398 dicturus
896 2363 978 2405 est,
1025 2358 1257 2398 libertatem
1289 2362 1329 2397 et
1369 2358 1594 2397 licentiam.
1654 2359 1757 2397 Nam
1789 2357 1889 2410 quid
1922 2370 2013 2396 eum

201 2429 236 2458 35
249 2421 454 2461 facturum
486 2427 627 2474 putem
660 2421 711 2459 de
743 2421 894 2460 abditis
926 2421 1048 2461 rebus
1072 2427 1111 2461 et
1133 2422 1336 2468 obscuris,
1368 2421 1440 2474 qui
1469 2420 1605 2460 lucem
1629 2420 1789 2473 eripere
1812 2421 2014 2459 conetur?

198 2479 334 2523 ‘'Sed
374 2483 575 2537 disputari
615 2488 777 2536 poterat
817 2483 1047 2531 subtiliter,
1092 2489 1248 2537 quanto
1282 2484 1402 2537 quasi
1433 2481 1606 2523 artificio
1639 2488 1787 2523 natura
1817 2481 2016 2522 fabricata

337 2677 368 2707 ⁶2.
394 2676 550 2714 sapientis
583 2685 685 2715 neque
713 2677 791 2707 satis
820 2677 859 2707 sil
896 2677 922 2707 A
954 2675 1033 2715 (sed
1059 2676 1112 2706 est
1135 2683 1208 2713 neq:
1241 2675 1272 2706 in
1299 2674 1399 2713 135),
1439 2675 1475 2705 ut
1499 2674 1588 2705 coni.
1616 2675 1760 2705 Davies:
1798 2674 2018 2714 sapientisque

251 2727 330 2757 salis
353 2728 391 2757 sit
416 2727 499 2762 BV;
526 2727 728 2766 sapientique
751 2727 829 2757 saris
854 2736 915 2757 non
941 2727 981 2757 sit
998 2726 1169 2757 Manutius
1196 2726 1230 2755 et
1256 2726 1280 2755 O
1301 2743 1335 2747 —
1363 2725 1394 2755 5.
1420 2726 1499 2765 post
1523 2725 1595 2754 uisa
1613 2725 1646 2755 in
1665 2725 1687 2755 B
1706 2733 1825 2755 rasura
1845 2726 1898 2755 est
1915 2724 2017 2763 quin-

252 2785 320 2816 que
344 2775 551 2808 litterarum.
581 2794 614 2798 —
641 2777 672 2808 8.
699 2777 816 2807 diceret
840 2776 887 2806 his
913 2776 938 2805 V
964 2793 998 2797 —
1032 2779 1106 2806 aule
1128 2778 1225 2813 patro
1251 2774 1288 2805 A¹
1314 2792 1346 2796 —
1374 2774 1404 2805 9.
1432 2775 1459 2804 ei
1484 2775 1539 2813 qui
1562 2772 1619 2812 Αἱ,
1646 2775 1682 2804 111
1706 2774 1796 2805 60111.
1823 2774 2014 2805 Manutius:

252 2827 342 2865 eique
367 2825 442 2857 A‘2B
459 2826 485 2856 V
512 2844 546 2848 —-
573 2835 675 2856 mmm
695 2851 700 2857 .
720 2835 833 2865 ‚posse
857 2829 1109 2857 consentaneum
1132 2833 1196 2855 esse
1220 2825 1266 2854 V:
1294 2828 1545 2854 conscnmneum
1567 2833 1632 2855 6556
1654 2833 1778 2855 unum.
1800 2833 1916 2863 .posse
1938 2832 2018 2854 eon-

251 2880 441 2907 senluncum
464 2884 528 2907 esse
551 2878 576 2907 Α
592 2877 633 2911 Β;
660 2880 909 2907 consentancum
934 2884 998 2906 6556
1022 2884 1122 2905 unum
1142 2900 1147 2905 .
1167 2900 1172 2905 .
1191 2883 1283 2913 posse
1308 2874 1332 2905 Ο
1358 2891 1392 2896 —
1424 2874 1473 2905 10.
1501 2875 1619 2904 (liceret
1643 2874 1681 2911 V,
1708 2874 1786 2904 fort.
1814 2882 1855 2904 ex
1879 2873 1959 2904 illud
1982 2877 2019 2904 ut

253 2926 372 2956 diceret
398 2942 431 2946 —
460 2926 512 2956 11.
539 2926 645 2956 actius
669 2925 706 2957 Αι
735 2944 767 2948 —
796 2929 830 2956 ut
855 2926 886 2956 id
910 2927 992 2957 AB:
1019 2928 1054 2955 uc
1078 2925 1105 2955 ci
1130 2924 1169 2963 V,
1196 2923 1289 2955 unde
1316 2922 1420 2954 nolim
1446 2932 1526 2954 cuin
1552 2922 1674 2954 Lamb.
1700 2926 1734 2954 ut
1759 2924 1792 2954 id
1816 2924 1863 2961 ei,
1890 2923 1952 2954 sed
1971 2924 2018 2954 vi-

254 2974 357 3006 detur
380 2976 445 3006 ulei
468 2978 568 3007 vetus
594 2976 704 3007 forma
728 2985 791 3016 pro
816 2977 864 3006 uli
885 2994 918 2998 —
947 2974 998 3007 44..
1024 2978 1151 3014 ceptum
1176 2975 1198 3005 B
1220 2992 1253 2995 ——
1280 2974 1457 3012 conprendi
1480 2974 1522 3009 Β,
1549 2974 1736 3012 comprendi
1760 2973 1786 3002 V
1806 2990 1841 2995 —-
1870 2974 1921 3004 45.
1945 2982 2019 3013 pos-

253 3028 297 3056 561
319 3022 361 3055 W
387 3041 421 3046 —
445 3025 613 3063 praessius
637 3029 663 3056 A
692 3044 724 3047 —
754 3025 804 3056 18.
830 3025 988 3065 fluctuari
1013 3025 1057 3055 C:
1081 3025 1244 3064 slucluarc
1265 3023 1291 3053 V
1316 3032 1391 3063 sup.
1418 3022 1474 3054 lin.
1502 3026 1537 3054 et
1561 3023 1585 3054 O
1605 3040 1639 3044 —-
1667 3032 1719 3054 605
1742 3021 1779 3054 13¹
1800 3042 1833 3046 —
1860 3024 1914 3054 21.
1935 3032 2019 3063 quae

252 3075 327 3105 uisa
351 3075 496 3114 scripsi:
531 3075 666 3113 00061ιί5
692 3075 714 3106 C
731 3075 755 3105 E
771 3076 815 3109 G;
849 3084 932 3113 quae
955 3083 975 3104 α
1000 3074 1113 3112 quovis
1137 3072 1216 3104 edd.
1243 3073 1365 3104 vitiosa
1392 3074 1458 3104 iam
1485 3074 1648 3104 orationis
1673 3072 1794 3104 forma.
1825 3091 1860 3095 —
1892 3077 1921 3104 et
1945 3082 2014 3104 om.

255 3126 278 3156 A
295 3124 391 3156 BEv
417 3123 493 3155 sort.
521 3126 616 3155 recte
645 3142 676 3145 —
706 3123 758 3155 24..
785 3132 849 3155 6556
873 3125 904 3155 111
930 3126 955 3155 Α
982 3132 1139 3161 erasum,
1167 3123 1260 3163 quod
1285 3123 1475 3155 delendum
1501 3132 1578 3155 esse
1604 3122 1725 3154 Lamh.
1753 3123 1855 3159 coni.;
1889 3123 2018 3153 initium

255 3220 320 3242 6556
343 3211 367 3242 Ε
388 3229 421 3232 -
448 3211 500 3242 ⁶25.
528 3211 689 3250 mpetum
713 3211 748 3242 Β1
769 3227 803 3231 -
830 3211 882 3241 ⁶26.
909 3220 1011 3250 neque
1035 3211 1059 3241 Ο
1076 3228 1119 3233 -
1142 3210 1168 3240 is
1191 3210 1237 3243 V,
1264 3181 1311 3241 liils
1328 3212 1373 3248 A,
1399 3211 1447 3241 his
1470 3211 1492 3241 B
1509 3211 1533 3241 O
1561 3228 1594 3232 —
1621 3210 1674 3241 ⁶27.
1697 3213 1833 3249 possunt
1850 3210 1891 3246 133
1915 3209 2017 3248 possit

258 3262 317 3301 (sc.
344 3261 493 3301 sapiens)
519 3260 660 3292 Walkcr
680 3278 711 3282 —-
741 3260 791 3292 30.
819 3264 863 3292 esc
885 3264 919 3291 uc
945 3261 1102 3292 Ernesti:
1128 3261 1168 3291 sit
1189 3263 1224 3291 ut
1243 3260 1286 3298 C,
1314 3258 1397 3301 [sit,]
1423 3262 1457 3290 uc
1477 3260 1500 3290 O
1522 3276 1554 3281 -
1583 3258 1635 3292 34.
1662 3260 1689 3291 ei
1712 3260 1736 3291 B
1762 3259 1796 3291 in
1821 3267 1889 3291 ras.
1908 3257 2015 3290 habet

256 3329 299 3335 -—
323 3310 375 3342 36.
399 3311 559 3351 suplililer
582 3312 604 3342 B
620 3311 659 3342 V.
