2249 3624
326 132 407 175 392
923 129 993 169 DE
1023 128 1249 170 DEORUM
1277 127 1493 169 NATURA

328 245 511 281 mentem
542 239 725 292 aliquam
757 238 1051 292 sempiternam
1083 237 1126 276 in
1149 236 1322 277 deorum
1352 239 1502 275 natura
1523 237 1712 288 ponere?
1742 236 1973 290 Numquam
1995 237 2093 286 vidi,

328 303 484 357 inquit,
522 302 701 342 animam
743 301 914 342 rationis
947 299 1198 353 consiliique
1231 299 1474 353 participem
1506 298 1549 337 in
1580 298 1667 338 ulla
1696 298 1779 338 alia
1808 299 1887 339 nisi
1916 299 2096 341 humana

328 364 474 419 figura.
507 364 647 413 Quid?
679 364 779 404 solis
810 377 908 403 num
933 362 1135 416 quidnam
1166 367 1238 403 aut
1268 362 1392 402 lunae
1423 361 1703 414 autquinque
1735 362 1959 401 errantium
1985 362 2098 403 side-

327 442 419 468 rum
459 427 593 467 simile
633 427 806 467 vidisti?
863 426 934 466 Sol
977 424 1139 464 duabus
1178 424 1303 463 unius
1335 422 1447 462 orbis
1486 422 1646 462 ultimis
1676 423 1866 476 partibus
1897 421 2097 464 definiens

296 496 484 533 amotum
517 503 662 529 cursus
692 501 854 528 annuos
886 485 1065 527 conficit.
1114 486 1249 526 Huius
1279 486 1388 525 hanc
1408 485 1698 525 lustrationem
1720 485 1909 526 eiusdem
1928 487 2101 528 incensa

328 553 456 594 radiis
501 556 715 591 menstruo
757 550 892 603 spatio
932 549 1033 588 luna
1074 548 1269 601 complet.
1320 547 1518 600 Quinque
1559 552 1699 587 autem
1737 548 1882 588 stellae
1917 549 2099 589 eundem

329 616 471 655 orbem
502 619 692 654 tenentes
723 613 829 652 aliae
856 611 1029 665 propius
1051 623 1075 650 a
1096 611 1237 657 terris,
1269 610 1374 650 aliae
1406 611 1608 650 remotius
1639 611 1690 650 ab
1725 611 1856 651 isdem
1888 612 2099 665 principiis

329 678 565 731 disparibus
597 675 855 729 temporibus
887 673 1031 713 eadem
1063 673 1197 727 spatia
1228 671 1467 713 conficiunt.
1517 674 1623 712 Num
1647 673 1747 726 quid
1779 674 1875 721 tale,
1904 675 2100 727 Epicure,

327 741 504 781 vidisti?
564 737 630 778 88.
662 739 722 777 Ne
755 737 808 776 sit
838 737 964 789 igitur
994 736 1079 783 sol,
1119 749 1170 775 ne
1202 736 1321 783 luna,
1361 750 1414 775 ne
1446 734 1609 782 stellae,
1643 737 1840 788 quoniam
1872 736 1975 775 nihil
2007 750 2099 777 esse

279 809 466 857 topotest
495 802 574 842 nisi
608 800 721 854 quod
753 800 966 852 attigimus
997 804 1069 838 aut
1099 798 1292 839 vidimus.
1344 799 1492 848 Quid?
1530 799 1654 839 deum
1686 799 1822 854 ipsum
1856 814 2009 841 numne
2040 801 2103 841 vi-

329 867 461 907 disti?
500 880 574 906 cur
612 865 738 917 igitur
774 863 909 903 credis
952 864 1077 902 esse?
1123 861 1274 901 Omnia
1306 862 1500 901 tollamus
1534 875 1654 913 ergo,
1688 875 1797 915 quae
1829 868 1898 903 aut
1926 863 2103 904 historia

328 930 446 971 nobis
477 933 548 968 aut
577 928 680 967 ratio
712 939 819 966 nova
850 925 997 965 adfert.
1054 926 1115 964 Ita
1146 924 1192 964 fit
1231 930 1276 964 ut
1312 924 1605 964 mediterranei
1638 937 1750 964 mare
1783 938 1874 965 esse
1903 939 1989 966 non
2014 938 2104 966 cre-

328 991 440 1031 dant.
490 991 607 1039 Quae
640 994 737 1029 sunt
768 993 907 1029 tantae
940 988 1066 1028 animi
1097 987 1342 1039 angustiae?
1384 986 1453 1033 Ut,
1485 987 1519 1026 si
1552 986 1716 1040 Seriphi
1745 993 1867 1027 natus
1891 1001 2003 1028 esses
2026 1002 2102 1029 nec

326 1066 527 1106 umquam
559 1065 751 1105 egressus
783 1065 834 1091 ex
867 1051 1026 1098 insula,
1058 1050 1101 1089 in
1133 1063 1216 1103 qua
1249 1050 1488 1102 lepusculos
1521 1050 1850 1104 vulpeculasque
1884 1065 2006 1106 saepe
2038 1053 2101 1092 vi-

279 1130 313 1159 45
328 1117 483 1163 disses,
522 1129 606 1155 non
639 1114 832 1155 crederes
865 1114 1009 1154 leones
1042 1119 1082 1154 et
1121 1113 1347 1167 pantheras
1380 1127 1495 1161 esse,
1536 1127 1627 1153 cum
1658 1113 1731 1153 tibi
1778 1113 1922 1167 quales
1964 1119 2105 1155 essent

328 1177 559 1226 diceretur,
603 1178 637 1218 si
678 1191 779 1217 vero
821 1177 871 1216 de
914 1177 1138 1229 elephanto
1171 1176 1265 1229 quis
1299 1176 1478 1224 diceret,
1526 1177 1649 1216 etiam
1680 1176 1807 1216 rideri
1839 1183 1879 1217 te
1922 1182 2103 1230 putares.

328 1239 393 1281 89.
426 1242 478 1281 Et
516 1246 559 1281 tu
600 1241 788 1295 quidem,
825 1240 979 1286 Vellei,
1022 1252 1108 1278 non
1139 1244 1277 1278 vestro
1311 1252 1446 1287 more,
1488 1239 1562 1278 sed
1600 1239 1937 1286 dialecticorum,
1981 1253 2105 1292 quem

327 1304 516 1344 funditus
547 1316 648 1357 gens
680 1308 817 1344 vestra
848 1316 931 1342 non
963 1303 1099 1349 novit,
1131 1306 1377 1354 argumenta
1405 1300 1636 1340 sententiae
1659 1301 1926 1341 conclusisti:
1958 1302 2103 1341 beatos

329 1380 420 1406 esse
452 1367 552 1406 deos
583 1365 812 1419 sumpsisti.
862 1364 1149 1405 Concedimus.
1195 1365 1366 1404 Beatum
1399 1369 1538 1403 autem
1572 1377 1662 1403 esse
1685 1364 1774 1403 sine
1798 1365 1951 1404 virtute
1973 1365 2106 1404 nemi-

278 1443 423 1473 aonem
456 1443 592 1482 posse.
643 1428 819 1468 XXXII.
850 1427 897 1467 Id
931 1441 1102 1481 quoque
1125 1427 1291 1474 damus,
1323 1432 1365 1466 et
1384 1426 1564 1465 libenter
1589 1426 1774 1480 quidem.
1806 1426 2009 1466 Virtutem
2033 1441 2108 1468 au-

330 1498 412 1532 tem
445 1492 534 1531 sine
566 1491 727 1531 ratione
758 1495 949 1531 constare
981 1504 1063 1529 non
1096 1503 1230 1543 posse.
1285 1489 1515 1529 Conveniat
1545 1489 1585 1528 id
1619 1503 1789 1542 quoque
1821 1503 1994 1529 necesse
2027 1495 2106 1530 est.

328 1555 551 1608 Adiungis,
583 1566 660 1593 nec
691 1553 895 1593 rationem
928 1565 1019 1592 esse
1051 1553 1129 1593 nisi
1165 1554 1205 1592 in
1238 1551 1422 1592 hominis
1455 1549 1598 1604 figura.
1651 1551 1786 1598 Quem
1821 1552 1893 1592 tibi
1924 1552 2004 1592 hoc
2037 1552 2108 1592 da-

329 1624 467 1658 turum
500 1618 654 1671 putas?
687 1616 719 1656 si
753 1616 863 1656 enim
894 1616 950 1656 ita
983 1620 1112 1662 esset,
1146 1615 1247 1669 quid
1271 1628 1377 1667 opus
1400 1619 1488 1653 erat
1519 1620 1558 1653 te
1590 1614 1793 1666 gradatim
1825 1615 1932 1655 istuc
1962 1629 2108 1669 perve-

329 1681 453 1720 nire?
487 1679 737 1731 sumpsisses
770 1683 842 1719 tuo
874 1680 977 1718 iure.
1027 1677 1137 1726 Quid
1169 1683 1306 1718 autem
1339 1683 1402 1717 est
1423 1678 1530 1717 istnc
1549 1676 1782 1730 gradatim?
1813 1691 1909 1717 nam
1932 1679 2107 1719 abeatis

279 1756 316 1786 25
330 1743 382 1783 ad
414 1742 631 1789 virtutem,
663 1755 685 1781 a
717 1741 869 1781 virtute
901 1740 952 1781 ad
985 1741 1189 1780 rationem
1222 1740 1343 1780 video
1377 1745 1417 1779 te
1448 1740 1614 1779 venisse
1645 1739 1866 1792 gradibus:
1897 1755 1920 1781 a
1946 1742 2107 1781 ratione

330 1804 382 1845 ad
413 1805 638 1844 humanam
670 1803 844 1856 figuram
879 1816 962 1857 quo
994 1803 1118 1842 modo
1151 1801 1347 1842 accedis?
1380 1802 1658 1854 Praecipitare
1689 1802 1795 1842 istuc
1829 1803 1999 1856 quidem
2032 1809 2107 1851 est,

329 1880 414 1907 non
457 1866 725 1906 descendere.
785 1864 852 1905 90.
894 1867 977 1906 Nec
1016 1879 1115 1905 vero
1155 1865 1377 1918 intellego,
1419 1878 1493 1904 cur
1531 1864 1726 1904 maluerit
1766 1865 1970 1918 Epicurus
2007 1866 2107 1906 deos

329 1930 544 1970 hominum
577 1929 734 1969 similes
766 1928 905 1968 dicere
938 1942 1062 1982 quam
1095 1928 1286 1968 homines
1309 1926 1498 1967 deorum.
1549 1927 1757 1975 Quaeres,
1790 1927 1891 1981 quid
1923 1928 2107 1969 intersit:

331 1995 364 2035 si
397 1995 506 2035 enim
537 1995 616 2034 hoc
647 1994 708 2033 illi
741 1994 876 2033 simile
909 1993 980 2041 sit,
1024 2005 1116 2032 esse
1159 1990 1263 2030 illud
1299 1990 1408 2030 huic.
1459 1990 1617 2037 Video,
1655 1989 1728 2028 sed
1765 1990 1844 2030 hoc
1878 1990 1992 2038 dico,
2024 2005 2109 2031 non

280 2071 316 2100 30
331 2057 381 2097 ab
412 2056 655 2096 hominibus
686 2055 844 2095 formae
876 2053 1047 2108 figuram
1070 2054 1234 2094 venisse
1267 2052 1318 2092 ad
1351 2052 1475 2100 deos;
1509 2052 1550 2091 di
1582 2052 1693 2091 enim
1725 2066 1891 2105 semper
1921 2052 2106 2102 fuerunt,

330 2120 416 2160 nati
456 2132 683 2173 numquam
724 2124 838 2165 sunt,
882 2119 915 2158 si
959 2118 1132 2172 quidem
1174 2116 1331 2155 aeterni
1368 2121 1465 2155 sunt
1494 2114 1650 2155 futuri:
1698 2119 1739 2154 at
1768 2114 1960 2155 homines
1992 2116 2106 2165 nati3

332 2187 425 2222 ante
465 2182 593 2234 igitur
630 2181 812 2221 humana
851 2180 984 2220 forma
1026 2194 1151 2234 quam
1192 2178 1387 2218 homines
1429 2192 1495 2225 ea,
1538 2190 1621 2232 qua
1659 2183 1776 2217 erant
1812 2177 1944 2218 forma
1976 2179 2018 2218 di
2047 2179 2111 2218 in-

333 2244 543 2284 mortales.
593 2244 687 2283 Non
730 2257 828 2297 ergo
871 2243 1038 2283 illorum
1071 2242 1250 2282 humana
1281 2241 1438 2289 forma,
1477 2241 1549 2280 sed
1582 2247 1726 2281 nostra
1759 2241 1900 2280 divina
1931 2240 2111 2280 dicenda

335 2312 408 2346 est.
461 2308 612 2346 Verum
643 2306 722 2346 hoc
754 2306 944 2359 quidem,
977 2311 1022 2345 ut
1042 2305 1221 2345 voletis:
1253 2303 1359 2343 illud
1383 2317 1555 2357 quaero,
1588 2316 1695 2356 quae
1726 2303 1855 2342 fuerit
1886 2308 1999 2343 tanta
2029 2302 2111 2343 for-

424 2469 455 2500 4.
482 2467 617 2508 natura]
642 2476 778 2498 numero
803 2465 1000 2498 Walkerus.
1022 2484 1056 2488 -
1084 2466 1115 2497 3.
1142 2467 1222 2505 quid
1245 2474 1336 2497 corr.
1364 2475 1403 2496 ex
1430 2466 1516 2504 quod
1540 2466 1565 2496 Α
1587 2483 1621 2487 -
1649 2466 1680 2496 5.
1707 2465 1828 2494 annuis
1851 2473 2029 2504 superscr.
2049 2473 2067 2496 0
2085 2467 2112 2497 Α

338 2537 372 2542 -
398 2519 482 2550 hanc
506 2519 772 2549 inlustrationem
796 2518 819 2548 B
835 2518 858 2548 C
875 2518 922 2551 E;
949 2518 1034 2547 hanc
1058 2517 1361 2547 inlusa-ataricum
1378 2518 1403 2547 A
1426 2533 1457 2537 —
1485 2516 1516 2546 7.
1542 2515 1643 2547 isdem
1668 2517 1693 2546 A
1708 2515 1755 2546 B:
1782 2515 1905 2546 hisdem
1922 2515 1966 2550 E;
1993 2516 2112 2547 eisdem

336 2570 359 2600 C
376 2569 400 2600 Ο
422 2586 452 2591 -—
483 2569 513 2599 8.
540 2568 701 2608 numquid
726 2576 815 2598 corr.
844 2576 883 2598 ex
909 2576 996 2598 nune
1021 2567 1100 2607 qnid
1124 2567 1171 2603 B3
1198 2566 1367 2603 nune-quid
1386 2566 1408 2596 C
1432 2582 1467 2588 —
1493 2565 1539 2595 10.
1560 2565 1739 2604 adliyimus
1763 2566 1812 2600 Ας
1840 2565 2034 2604 attingimus
2050 2565 2111 2596 CE

338 2638 372 2642 —
399 2627 518 2649 numne
543 2627 632 2649 corr.
660 2626 701 2648 ex
725 2618 859 2648 numine
882 2618 906 2648 B
936 2635 970 2640 —
999 2618 1052 2649 41.
1081 2616 1242 2647 Tollamus
1265 2625 1342 2655 erqo
1367 2616 1478 2646 omnia
1503 2615 1528 2645 O
1557 2632 1588 2637 -
1629 2614 1680 2646 42.
1706 2615 1746 2645 sic
1772 2614 1795 2645 C
1824 2631 1858 2636 —
1885 2616 2113 2647 mediterranii

336 2671 438 2708 (corr.
459 2677 500 2699 ex
523 2668 752 2707 mediterrani)
771 2669 819 2700 A:
845 2668 1061 2698 medum-rani
1083 2668 1107 2698 B
1128 2683 1162 2688 —
1190 2666 1242 2697 43.
1269 2669 1382 2696 tantae
1407 2674 1476 2696 om.
1498 2663 1536 2696 Α1
1552 2682 1587 2687 —-
1614 2665 1820 2704 anyvsciae?
1848 2665 1901 2702 Ul,
1928 2665 1954 2695 si
1979 2665 2113 2697 Madvi-

337 2719 411 2759 gius
443 2718 501 2757 (ad
532 2719 601 2749 Cic.
630 2718 673 2749 de
706 2718 775 2749 Fin.
802 2727 835 2759 p.
861 2718 955 2756 53f1):
994 2717 1187 2758 anqustiae,
1221 2719 1274 2754 ut,
1310 2718 1336 2747 si
1368 2716 1393 2747 O
1420 2733 1453 2736 —
1489 2718 1567 2746 esset
1593 2716 1614 2745 Β
1644 2732 1678 2736 -
1708 2714 1759 2746 44.
1786 2715 2038 2754 uulpiculasque
2063 2716 2109 2749 A:

335 2768 525 2807 unlpeeulas
550 2776 634 2807 quae
657 2767 733 2807 (litt.
761 2777 782 2799 a
807 2766 992 2808 expuncta)
1018 2768 1042 2798 B
1070 2785 1104 2790 -
1134 2768 1185 2798 45.
1210 2767 1393 2806 pantheras
1419 2766 1442 2797 C
1472 2783 1505 2787 —
1534 2766 1586 2796 46.
1614 2766 1799 2796 dicerentur
1824 2764 1851 2797 Ql
1872 2782 1907 2786 —
1936 2766 1986 2796 47.
2013 2766 2055 2797 Et
2078 2766 2112 2796 in

337 2826 405 2849 ras.
425 2826 472 2848 m.
492 2826 562 2849 sec.
583 2819 608 2848 A
629 2835 663 2839 —
691 2825 786 2855 quem
805 2818 996 2849 Manutius:
1023 2826 1085 2857 que
1102 2818 1147 2854 Α;
1175 2825 1261 2857 quae
1284 2817 1308 2847 B
1322 2817 1344 2847 C
1362 2815 1385 2846 E
1401 2816 1424 2846 O
1446 2833 1479 2837 —
1502 2816 1551 2846 48.
1574 2818 1771 2855 argumenta.
1787 2815 1964 2845 sentenliae
1979 2814 2112 2845 Schoe-

338 2875 487 2897 mannus
513 2866 602 2905 (coll.
632 2866 803 2907 Madvigio
829 2867 872 2897 ad
899 2867 970 2898 Cic.
999 2867 1042 2898 de
1069 2867 1138 2897 Fin.
1166 2874 1199 2906 p.
1219 2866 1288 2903 66);
1323 2865 1512 2905 aryzcmenti
1544 2866 1739 2896 sententiam
1763 2864 1846 2903 ⁵210,
1883 2872 1972 2904 quae
2006 2865 2110 2895 etiam

338 2917 370 2946 in
403 2917 591 2955 arqumenti
620 2925 784 2948 summam
815 2917 997 2948 emendari
1028 2925 1132 2957 posse
1163 2915 1353 2946 arbitratur
1383 2915 1662 2946 Schoeniannus.
1692 2933 1727 2936 —
1763 2915 1813 2946 49.
1841 2917 1952 2945 autem
1979 2922 2111 2945 esse--

337 2966 499 2996 neminem
519 2975 610 3004 posse
636 2967 657 2997 B
675 2976 681 2996 :
709 2970 823 2998 autem
838 2984 856 2989 -
869 2985 886 2989 —
902 2967 1064 2998 neminem
1082 2975 1177 3006 posse
1200 2968 1225 2997 Α
1241 2966 1265 2997 C
1283 2975 1288 2996 z
1324 2969 1433 2996 autem
1450 2982 1467 2987 -
1481 2982 1498 2987 -
1516 2966 1675 2995 neminem
1699 2974 1764 2996 esse
1788 2966 1812 2996 E
1829 2974 1835 3002 ;
1862 2968 1972 2995 aulem
1989 2981 2006 2987 -
2018 2983 2038 2989 -
2053 2973 2111 2995 ne-

338 3017 457 3047 minem
481 3025 546 3047 esse
566 3025 658 3054 posse
683 3016 708 3047 O
732 3034 775 3040 —
798 3018 851 3048 22.
878 3026 935 3048 nec
959 3025 1029 3048 om.
1056 3018 1082 3048 Α
1112 3034 1144 3038 —-
1172 3015 1224 3047 Ἡ.
1252 3016 1440 3054 sumpsisses
1465 3018 1520 3045 tuo
1545 3016 1617 3046 iure
1645 3018 1724 3056 post
1747 3017 1831 3047 istuc
1852 3015 2023 3055 gradatim
2048 3015 2112 3045 ha-

339 3065 425 3096 bent
442 3064 486 3098 ⁸212
516 3067 731 3105 transposuit
756 3066 983 3098 Facciolatus.
1007 3084 1040 3089 —
1070 3068 1155 3106 Quid
1175 3070 1284 3098 aulem
1301 3083 1349 3088 -—
1366 3067 1536 3106 qratialim
1559 3067 1676 3106 spuria
1703 3066 1839 3097 censuit
1856 3065 2052 3097 Walkerus.
2073 3081 2107 3086 —

341 3116 434 3154 Quod
457 3114 485 3147 Qt
512 3116 592 3154 (AB
609 3116 632 3146 C
659 3124 722 3155 per
739 3116 1020 3157 compendium);
1049 3118 1112 3156 Qui
1135 3117 1401 3148 Schoemannus
1424 3115 1499 3147 coll.
1520 3117 1544 3147 ΙΙ
1573 3116 1590 3156 5
1615 3117 1634 3147 5
1653 3118 1687 3146 et
1704 3116 1756 3148 38.
1780 3134 1815 3138 —
1841 3124 1921 3146 nam
1945 3124 1966 3146 a
1990 3116 2023 3146 in
2041 3122 2108 3145 ras.

342 3174 388 3197 m.
416 3173 488 3196 sec.
515 3168 540 3196 A
568 3182 602 3186 —
630 3165 682 3196 ⁶29.
709 3165 772 3196 illis
796 3167 818 3197 B
848 3183 881 3189 -
910 3166 961 3199 30.
988 3167 1062 3197 deos
1085 3167 1132 3198 dii
1155 3167 1242 3197 enim
1266 3167 1292 3196 si
1315 3174 1440 3205 semper
1457 3165 1516 3206 (dii
1540 3167 1571 3197 in
1590 3174 1731 3202 rasura;
1758 3166 1845 3196 enim
1864 3173 2060 3206 superscr.;
2085 3163 2112 3194 si

341 3215 418 3247 fort.
446 3213 510 3245 alia
534 3215 594 3254 m.)
619 3215 662 3250 B;
689 3216 763 3246 deos
784 3216 812 3246 si
834 3226 856 3247 n
879 3225 1006 3256 semper
1030 3217 1055 3248 E
1083 3234 1117 3239 —-
1145 3216 1198 3248 34.
1224 3216 1296 3247 nati
1317 3225 1500 3255 numquam
1522 3219 1596 3246 sanc
1620 3216 1700 3254 quia
1724 3215 1850 3246 aeterni
1873 3217 1958 3245 sunt.
1983 3214 2010 3245 si
2034 3213 2111 3253 qui-

341 3265 413 3296 dem
436 3264 563 3296 aeterni
586 3267 661 3296 sunt
681 3264 790 3306 futuri
814 3266 838 3298 C
868 3283 904 3289 -
930 3266 977 3307 at]
1003 3267 1047 3298 ad
1071 3266 1109 3298 A¹
1124 3265 1162 3298 Βι
1188 3283 1224 3290 -
1253 3265 1305 3298 32.
1323 3266 1433 3307 forma
1458 3267 1537 3298 ante
1563 3266 1596 3297 di
1620 3263 1762 3297 seclusit
1787 3264 1978 3296 Ernestius.
