2249 3624
973 213 1304 258 FRAGMENTA.
1907 218 2008 260 ’1051

256 318 442 370 Iuppiter
468 316 631 357 excelsa
660 318 843 358 clarabat
869 323 1032 370 sceptra
1066 318 1267 368 columna;

257 381 307 420 Et
333 379 472 420 clades
498 381 655 432 patriae
684 381 845 421 flamma
872 382 1064 432 ferroque
1091 388 1233 432 parata

257 442 439 483 Vocibus
465 441 730 493 Allobrogum
758 443 945 494 patribus
974 443 1208 495 populoque
1242 445 1421 496 patebat.
1967 447 2014 487 65

256 506 343 545 Rite
370 505 491 556 igitur
516 511 702 555 veteres,
733 517 907 557 quorum
935 512 1196 546 monumenta
1228 508 1403 557 tenetis,

257 569 334 616 Qui
362 566 536 619 populos
564 567 761 620 urbisque
790 569 911 608 modo
940 580 987 608 ac
1013 568 1162 607 virtute
1191 569 1414 620 regebant,
2029 587 2047 614 5

255 631 344 670 Rite
372 630 493 669 etiam
522 631 646 669 vestri
675 643 846 683 quorum
874 633 1089 683 pietasque
1119 631 1305 683 fidesque

254 694 460 734 Praestitit
486 706 533 733 ac
560 694 678 745 longe
707 695 803 733 vicit
831 694 1030 746 sapientia
1065 699 1257 744 cunctos,

254 756 479 807 Praecipue
509 755 672 795 coluere
700 757 852 807 vigenti
880 757 1046 795 numine
1075 754 1204 795 divos.
1966 764 2015 801 70

253 819 364 858 Haec
391 817 494 858 adeo
522 820 688 870 penitus
717 831 814 858 cura
840 818 980 858 videre
1009 819 1145 869 sagaci

255 881 346 921 Otia
375 882 443 933 qui
472 881 617 920 studiis
646 881 739 921 laeti
768 887 937 920 tenuere
967 879 1149 930 decoris,
2031 899 2065 927 40

254 945 384 996 Inque
410 943 631 983 Academia
659 943 879 983 umbrifera
907 942 1117 994 nitidoque
1152 944 1283 995 Lyceo

253 1005 465 1046 Fuderunt
493 1005 624 1046 claras
652 1005 815 1046 secundi
843 1006 1022 1058 pectoris
1057 1007 1178 1045 artis:
1266 1055 1269 1057 ‚

253 1069 285 1108 E
314 1067 464 1120 quibus
493 1074 679 1121 ereptum
706 1070 836 1121 primo
863 1069 943 1108 iam
971 1080 992 1107 a
1019 1068 1119 1107 flore
1148 1070 1358 1119 iuventae,
1967 1073 2015 1111 75

255 1131 311 1169 Te
339 1132 469 1182 patria
496 1131 537 1170 in
564 1131 699 1170 media
728 1132 919 1170 virtutum
946 1130 1052 1169 mole
1088 1130 1247 1170 locavit.

255 1194 315 1232 Tu
342 1200 480 1233 tamen
508 1194 710 1233 anxiferas
739 1205 859 1233 curas
886 1194 1073 1245 requiete
1101 1193 1310 1237 relaxans,
2030 1210 2065 1238 45

261 1254 378 1304 Quod
404 1257 571 1307 patriae·
589 1262 721 1306 vacat,
749 1255 789 1295 id
818 1256 962 1295 studiis
990 1255 1193 1307 nobisque
1222 1258 1406 1296 sacrasti.

567 1319 771 1369 (Cicero
801 1318 852 1358 de
880 1319 1054 1358 Divinat.
1086 1318 1110 1357 l.
1142 1320 1173 1357 I.
1205 1331 1239 1357 c.
1272 1320 1430 1359 11—13.
1468 1320 1504 1371 ξ.
1547 1321 1720 1369 17-22.)

257 1381 389 1432 Atque
419 1381 552 1420 animo
579 1380 770 1433 pendens
799 1383 826 1432 ἦ
853 1387 976 1420 noctu
1004 1386 1149 1420 eventa
1181 1381 1363 1421 timebat.

354 1443 564 1490 (Nonius
590 1457 628 1483 v.
656 1444 839 1484 Eventus
867 1457 908 1496 p.
947 1444 1047 1493 204.)

253 1506 435 1553 Quorum
460 1505 644 1546 luxuries
672 1508 700 1557 ἦ-
727 1508 929 1546 fortunata
967 1518 1091 1545 censa
1124 1507 1297 1558 peperit.
2029 1523 2065 1552 ρο

359 1569 577 1618 (Nonius
605 1582 642 1608 v.
674 1570 834 1609 Census
862 1582 901 1622 p.
939 1570 1048 1618 202.)

1026 1657 1131 1695 LIB.
1176 1658 1247 1695 ΙΙΙ.

258 1758 419 1795 Interea
448 1767 617 1805 cursus,
647 1767 750 1806 quos
777 1757 909 1807 prima
937 1769 958 1796 a
986 1762 1102 1808 parte
1137 1758 1348 1807 iuventae,

255 1820 452 1869 Quosque
481 1817 583 1857 adeo
613 1817 754 1857 consul
784 1820 932 1858 virtute
961 1820 1177 1870 animoque
1208 1820 1372 1871 petisti,

253 1881 335 1920 Hos
366 1882 498 1920 retine
527 1887 650 1933 atque
679 1893 782 1932 auge
810 1882 957 1920 samam
983 1881 1212 1933 laudesque
1242 1882 1457 1921 bonorum.
2028 1910 2065 1939 25

719 1944 920 1993 (Cicero
948 1943 1001 1984 ad
1027 1946 1107 1983 Att.
1139 1944 1164 1982 l.
1193 1945 1238 1984 Il.
1269 1957 1333 1996 cp.
1364 1946 1398 1983 3.
1431 1946 1468 1995 ξ.
1499 1946 1556 1994 3.)

832 2046 1093 2085 FRAGMENTUM
1119 2056 1305 2084 menania
1335 2058 1452 2084 sanis.

351 2146 395 2182 In
422 2148 582 2183 montes
609 2145 765 2196 patrios
794 2150 834 2184 et
860 2145 913 2184 ad
939 2144 1187 2184 incunabula
1214 2150 1353 2184 nostra

350 2207 536 2257 Pergam.
581 2207 794 2256 (Cicero
831 2208 882 2247 ad
915 2210 994 2246 Att.
1036 2207 1060 2245 l.
1091 2209 1140 2246 ΙΙ.
1173 2220 1237 2258 ep.
1271 2208 1328 2247 15.
1359 2208 1394 2257 ξ.
1426 2209 1461 2246 3.
1492 2206 1724 2246 Tunstallus
1752 2207 1824 2258 Ep.
1856 2219 1895 2258 p.
1929 2208 2010 2246 109.

251 2266 304 2307 ad
329 2269 499 2308 Marium
527 2269 688 2319 refert.)

782 2358 831 2399 x.
894 2358 960 2400 DF.
993 2358 1106 2402 suis
1138 2358 1485 2403 TEMPORIBUS.
2026 2389 2063 2418 30

351 2463 409 2501 De
449 2462 534 2501 suis
574 2463 830 2514 temporibus
872 2464 1016 2504 Cicero
1058 2469 1141 2502 tres
1184 2464 1408 2502 carminum
1448 2462 1574 2501 libros
1603 2474 1647 2501 se
1676 2463 1891 2514 scripsisse
1923 2465 2012 2515 ipse

251 2525 369 2564 testis
409 2530 485 2564 est.
517 2525 587 2574 (ad
614 2525 753 2564 Famil.
790 2525 815 2564 l.
856 2529 887 2565 I.
919 2539 983 2578 ep.
1014 2528 1049 2565 9.
1082 2526 1116 2576 ξ.
1148 2527 1230 2574 23.)
1285 2527 1365 2564 Hos
1393 2526 1627 2564 meritorum
1658 2524 1814 2564 Lentuli
1845 2538 1938 2576 erga
1967 2539 2012 2565 se

251 2592 290 2626 et
317 2599 416 2627 suae
443 2587 483 2626 in
510 2587 617 2626 hunc
644 2588 805 2638 pietatis
833 2594 961 2627 testes
991 2601 1083 2628 esse
1113 2588 1250 2627 voluit.
1305 2589 1446 2639 Itaque
1476 2600 1556 2625 nou
1586 2587 1636 2625 de
1673 2588 1887 2627 consulatu
1919 2595 2012 2628 tan-

250 2655 363 2699 tum,
397 2649 472 2688 sed
500 2650 621 2689 etiam
651 2650 702 2688 de
731 2650 873 2689 exsilio
902 2656 942 2689 et
971 2651 1020 2690 de
1052 2650 1187 2689 reditu
1215 2652 1254 2688 in
1284 2650 1455 2701 patriam
1485 2662 1558 2688 suo
1587 2649 1647 2688 his
1676 2651 1716 2688 in
1750 2650 1866 2689 libris
1901 2652 2012 2690 ceci-

249 2712 360 2750 nisse
397 2712 606 2763 putandus
641 2717 714 2751 est.
767 2713 1003 2752 Eorundem
1044 2720 1178 2752 autem
1218 2713 1416 2751 confectio
1456 2712 1564 2750 cadit
1600 2713 1640 2750 in
1676 2725 1824 2751 annum
1854 2726 1892 2752 u.
1923 2716 2064 2764 700,35

249 2785 329 2825 quo
364 2773 554 2813 consules
587 2775 700 2813 fuere
736 2776 933 2814 Domitius
974 2782 1014 2815 et
1040 2777 1197 2827 Appius
1226 2774 1408 2813 Pulcher.
1464 2775 1609 2812 Nomia.
1666 2775 1899 2814 Tunstallus
1935 2777 2008 2827 Ep.

248 2848 290 2887 p.
330 2837 412 2876 102.
453 2835 682 2888 distinguit:
725 2839 755 2875 Ῐ.
787 2838 935 2876 Poe'ma
964 2837 1014 2876 de
1044 2837 1257 2877 consulatu
1285 2849 1372 2885 su0,
1403 2837 1596 2887 scriptum
1627 2843 1719 2874 ante
1748 2838 1868 2876 finem
1896 2851 1931 2877 a.
1970 2851 2008 2882 u,

249 2911 284 2938 c.
315 2900 400 2938 694.
431 2901 481 2937 11.
512 2901 659 2938 Po'ema
687 2899 738 2938 de
767 2901 850 2939 suis
879 2901 1133 2951 temporibus
1161 2902 1185 2938 i.
1218 2912 1252 2937 e.
1285 2898 1335 2936 de
1357 2897 1476 2936 exilio
1497 2911 1543 2936 ac
1563 2898 1712 2948 reditu,
1743 2902 2011 2950 compositum

249 2973 285 3001 a.
327 2973 366 3000 u.
411 2973 445 3000 c.
478 2963 564 3001 698.
605 2961 665 3000 Ill.
706 2963 853 3001 Poema
884 2961 955 3011 [ad
983 2959 1219 3014 Caesarem]
1253 2960 1303 2999 ad
1332 2962 1448 2998 Attic.
1482 2961 1517 3008 4,
1547 2961 1581 2999 5.
1618 2961 2010 3013 «subturpicula

249 3025 509 3071 παλινῳδία.»
566 3023 800 3063 Tunstallus
827 3030 961 3064 tamen
982 3025 1057 3063 hoc
1075 3026 1209 3075 potius
1225 3023 1276 3062 ad
1298 3023 1531 3072 Pompeium
1554 3023 1721 3061 missum
1743 3023 1873 3062 credit
1888 3030 2010 3075 atque
2025 3033 2061 3063 120

248 3085 290 3124 in
317 3086 592 3137 optimatium,
621 3087 822 3124 Hortensii
858 3088 1117 3137 praesertim,
1148 3085 1355 3132 invidiam,
1387 3086 1567 3136 Pompeii
1604 3087 1774 3135 gratiam
1813 3088 2009 3137 scriptum

249 3150 306 3195 (a.
349 3159 388 3186 u.
434 3159 468 3186 c.
510 3148 616 3196 698).
658 3148 716 3187 Cf.
760 3149 881 3187 etiam
922 3148 1118 3200 Spalding
1153 3147 1204 3186 ad
1236 3146 1470 3193 Quintiliani
1502 3148 1561 3197 11,
1593 3149 1626 3193 1,
1656 3147 1715 3185 24.
1771 3148 2009 3187 Leutschius

338 3286 392 3319 48.
419 3286 509 3319 Fort.
536 3290 709 3319 nocturna.
737 3288 795 3320 On.
822 3306 863 3311 -
888 3289 940 3320 ⁵20.
966 3289 1120 3329 fortunae
1145 3296 1242 3319 censa
1261 3287 1389 3327 peredit
1412 3288 1548 3328 Lipsius
1572 3288 1687 3330 Antiq.
1713 3289 1822 3320 Lectt.
1848 3288 1879 3327 5,
1907 3288 1958 3320 42.
