2249 3624
235 173 317 216 730
959 168 1029 207 DE
1062 166 1288 207 OFFICIIS

460 281 575 320 Nam
613 278 652 318 si
691 274 988 317 violandum
1028 278 1103 313 est
1140 273 1237 320 ius,
1276 270 1522 324 regnandi
1561 270 1722 323 gratia

460 340 762 382 Violandum
803 342 905 377 est:
950 336 1067 376 aliis
1106 335 1251 375 rebus
1291 334 1538 387 pietatem
1579 333 1730 372 colas.

236 405 433 460 Capitalis
469 403 664 444 Eteocles
704 401 771 442 vel
811 400 949 454 potius
991 398 1235 452 EuripideS,
1280 396 1350 449 qui
1392 395 1433 434 id
1475 409 1628 442 unum,
1669 394 1782 448 quod
1815 395 2004 434 omnium

235 467 604 510 sceleratissimum
644 464 793 511 fuerit,
836 462 1063 515 exceperit.
1133 458 1201 499 83.
1249 458 1360 507 Quid
1397 458 1524 510 igitur
1562 458 1722 497 minuta
1753 457 2005 510 colligimus,

203 531 510 576 5hereditates‚
553 532 829 573 mercaturas,
869 524 1135 564 venditiones
1174 522 1489 562 fraudulentas?
1548 521 1655 559 Ecce
1687 520 1784 567 tibi,
1825 521 1896 573 qui
1929 533 2006 559 rex

234 593 380 648 populi
423 590 597 631 Romani
638 588 921 641 dominusque
963 586 1149 626 omnium
1191 585 1380 638 gentium
1423 596 1515 623 esse
1555 582 1842 636 concupiverit
1879 583 2006 636 idque

234 655 470 710 perfecerit.
530 653 647 692 Hanc
689 651 958 704 cupiditatem
999 650 1033 689 si
1071 648 1291 688 honestam
1331 647 1428 700 quis
1460 659 1551 685 esse
1583 645 1706 692 dicit,
1747 659 1891 685 amens
1922 651 2006 694 est3

235 719 384 772 probat
423 717 533 757 enim
574 715 715 767 legum
757 719 797 753 et
827 712 1032 752 libertatis
1065 712 1280 751 interitum
1313 723 1542 762 earumque
1574 708 1890 761 oppressionem
1921 714 2008 748 tae-

235 787 340 821 tram
372 786 413 820 et
443 778 733 819 detestabilem
766 777 992 830 gloriosam
1023 779 1153 827 putat.
1207 773 1290 821 Qui
1324 777 1463 812 autem
1494 771 1648 810 fatetur
1678 770 1901 810 honestum
1923 785 2008 811 non

186 855 221 884 ⁴0
236 858 328 884 esse
367 844 409 884 in
448 856 498 882 ea
538 841 727 887 civitate,
773 851 883 893 quae
922 838 1054 877 libera
1096 835 1223 876 suerit
1254 848 1447 889 quaeque
1480 847 1572 874 esse
1604 833 1776 881 debeat,
1818 847 2009 887 regnare,

235 907 309 948 sed
342 906 406 954 ei,
431 904 502 959 qui
537 903 578 943 id
610 903 747 942 facere
779 902 933 955 possit,
967 913 1059 940 esse
1090 900 1208 946 utile,
1243 912 1325 952 qua
1356 898 1466 937 hunc
1498 897 1788 949 obiurgatione
1822 903 1893 937 aut
1924 910 2008 950 quo

235 969 376 1023 potius
408 966 591 1008 convitio
622 979 645 1005 a
677 970 792 1005 tanto
823 977 963 1003 errore
996 976 1122 1003 coner
1153 961 1364 1001 avellere?
1424 962 1567 1000 Potest
1600 959 1733 1006 enim,
1767 959 1807 999 di
1840 960 2011 999 immor-

236 1032 363 1072 talesl
399 1030 594 1084 cuiquam
617 1041 710 1068 esse
732 1028 834 1067 utile
856 1026 1145 1066 foedissimum
1176 1030 1218 1064 et
1239 1023 1524 1064 taeterrimum
1549 1022 1815 1075 parricidium
1838 1022 2010 1074 patriae,

237 1093 429 1147 quamvis
461 1092 519 1139 is,
558 1091 629 1145 qui
663 1103 707 1130 se
739 1104 788 1130 eo
820 1089 1112 1135 obstrinxerit,
1157 1088 1207 1126 ab
1249 1086 1463 1139 oppressis
1504 1085 1661 1124 civibus
1694 1097 1845 1137 parens
1877 1084 2012 1124 nomi-

187 1167 221 1196 45
236 1158 386 1197 netur?
446 1155 678 1194 Honestate
709 1154 838 1206 igitur
868 1152 1086 1204 dirigenda
1118 1150 1277 1190 utilitas
1310 1155 1395 1195 est,
1434 1154 1475 1188 et
1507 1148 1676 1201 quidem
1709 1149 1787 1195 sic,
1832 1152 1877 1187 ut
1907 1147 2012 1187 haec

237 1219 320 1259 duo
359 1217 486 1259 verbo
527 1218 637 1257 inter
674 1230 719 1256 se
762 1215 1022 1267 discrepare,
1065 1228 1108 1253 re
1150 1226 1280 1251 unum
1324 1224 1472 1251 sonare
1513 1210 1748 1250 videantur.
1815 1207 1880 1248 84.
1920 1211 2013 1250 Non

235 1282 372 1322 habeo
403 1281 454 1320 ad
486 1280 600 1332 volgi
634 1279 878 1332 opinionem
912 1290 1018 1330 quae
1051 1275 1184 1316 maior
1216 1274 1371 1314 utilitas
1404 1287 1528 1326 quam
1562 1274 1765 1326 regnandi
1795 1286 1886 1313 esse
1916 1286 2014 1327 pos·

237 1345 303 1392 sit,
333 1344 438 1384 nihil
469 1348 614 1384 contra
644 1341 836 1381 inutilius
869 1340 921 1387 ei,
953 1340 1025 1392 qui
1057 1338 1099 1377 id
1132 1338 1286 1377 iniuste
1319 1342 1570 1376 consecutus
1603 1336 1667 1382 sit,
1701 1335 1887 1383 invenio,
1920 1350 2013 1375 cum

237 1408 289 1448 ad
320 1407 538 1447 veritatem
571 1405 690 1457 coepi
723 1416 920 1443 revocare
956 1402 1175 1441 rationem.
1226 1401 1405 1439 Possunt
1437 1399 1548 1438 enim
1582 1398 1779 1451 cuiquam
1812 1411 1904 1438 esse
1934 1399 2014 1438 uti-

187 1471 300 1511 aoles
338 1482 538 1523 angores,
580 1465 910 1511 sollicitudines,
954 1463 1091 1503 diurni
1131 1469 1172 1502 et
1211 1462 1405 1502 nocturni
1448 1466 1607 1507 metus,
1649 1461 1737 1501 vita
1766 1461 2013 1501 insidiarum

237 1533 610 1587 periculorumque
641 1529 919 1582 plenissima?

407 1594 551 1635 Multi
590 1593 757 1645 iniqui
794 1596 948 1643 atque
986 1589 1235 1629 infideles
1274 1600 1450 1639 regno,
1490 1587 1638 1640 pauci
1677 1586 1943 1634 beneuoli,

237 1661 376 1714 inquit
407 1658 572 1698 Accius.
635 1657 687 1694 At
720 1654 785 1694 cui
816 1655 976 1705 regno?
1019 1651 1132 1705 quod
1165 1665 1187 1690 a
1219 1651 1394 1690 Tantalo
1427 1656 1466 1690 et
1496 1650 1649 1702 Pelope
1680 1649 1894 1702 proditum
1925 1649 2016 1689 iure

239 1723 518 1778 optinebatur.
578 1720 682 1758 Nam
715 1722 871 1770 quanto
904 1715 1037 1769 pluris
1070 1715 1107 1754 ei
1140 1714 1226 1766 regi
1259 1718 1403 1766 putas,
1438 1713 1508 1766 qui
1542 1712 1726 1751 exercitu
1758 1711 1905 1764 populi
1935 1713 2016 1751 Ro-

187 1786 353 1826 25mani
390 1783 595 1837 populum
636 1782 774 1834 ipsum
815 1780 1045 1818 Romanum
1092 1777 1372 1830 oppressisset
1418 1777 1715 1828 civitatemque
1762 1787 1846 1814 non
1891 1775 2016 1815 modo

238 1848 431 1894 liberam,
455 1845 529 1885 sed
552 1843 675 1883 etiam
699 1842 891 1895 gentibus
914 1842 1191 1893 imperantem
1216 1838 1373 1878 servire
1403 1838 1483 1877 sibi
1506 1838 1745 1890 coegisset?
1797 1835 1864 1876 85.
1895 1837 2018 1877 Hunc

238 1916 283 1951 tu
316 1923 420 1964 quas
443 1907 721 1948 conscientiae
744 1905 860 1944 labes
883 1904 925 1942 in
948 1904 1088 1942 animo
1112 1915 1258 1941 censes
1282 1901 1492 1947 habuisse,
1517 1913 1625 1952 quae
1648 1900 1852 1939 vulnera?
1888 1900 2016 1940 Cuius

239 1977 379 2014 autem
410 1971 497 2010 vita
526 1970 607 2023 ipsi
641 1973 776 2021 potest
810 1967 919 2006 utilis
951 1979 1057 2012 csse,
1090 1979 1183 2004 cum
1218 1964 1307 2003 eius
1340 1963 1447 2002 vitae
1480 1976 1528 2001 ea
1561 1962 1747 2001 conditio
1780 1962 1845 2009 sit,
1877 1962 2017 2015 utqui

238 2036 354 2076 illam
386 2032 590 2086 eripuerit
620 2032 663 2070 in
695 2031 876 2069 maxima
910 2034 950 2069 et
981 2029 1112 2081 gratia
1142 2027 1308 2066 futurus
1341 2027 1391 2065 sit
1425 2031 1466 2065 et
1497 2025 1660 2077 gloria?
1713 2024 1836 2072 Quod
1858 2026 1891 2065 si
1913 2025 2017 2065 haec

189 2097 359 2137 30utilia
396 2109 482 2135 non
519 2099 639 2140 sunt,
682 2105 790 2146 quae
830 2092 1012 2130 maxime
1045 2090 1263 2136 videntur,
1306 2089 1404 2141 quia
1435 2088 1560 2142 plena
1592 2092 1689 2127 sunt
1721 2087 1938 2127 dedecoris
1970 2101 2017 2127 ac

240 2158 537 2212 turpitudinis,
570 2156 671 2196 satis
702 2167 950 2208 persuasum
983 2166 1074 2192 esse
1107 2152 1230 2192 debet
1260 2151 1366 2190 nibil
1399 2164 1491 2191 esse
1523 2150 1649 2197 utile,
1682 2150 1794 2202 quod
1824 2163 1909 2189 non
1941 2151 2018 2189 ho-

241 2227 407 2261 nestum
441 2221 508 2260 sit.

355 2283 490 2322 XXII.
521 2281 588 2321 86.
623 2281 887 2334 Quamquam
922 2279 963 2318 id
998 2278 1168 2332 quidem
1201 2291 1292 2317 cum
1325 2290 1450 2330 saepe
1482 2276 1599 2322 alias,
1630 2281 1718 2315 tum
1739 2275 1886 2329 Pyrrhi
1908 2275 2020 2315 bello

242 2360 266 2386 a
298 2346 341 2386 C.
374 2345 565 2385 Fabricio
607 2344 780 2384 consule
818 2344 970 2382 iterum
1011 2346 1052 2380 et
1090 2354 1112 2380 a
1153 2345 1300 2380 senatu
1339 2344 1483 2379 nostro
1515 2338 1744 2378 iudicatum
1779 2343 1855 2377 est.
1917 2338 2019 2377 Cum

192 2419 228 2448 35
244 2409 355 2449 enim
393 2421 469 2448 rex
506 2407 690 2461 Pyrrhus
730 2405 887 2458 populo
928 2405 1116 2444 Romano
1157 2403 1314 2442 bellum
1356 2402 1466 2442 ultro
1505 2401 1720 2441 intulisset
1757 2413 1936 2454 cumque
1968 2400 2020 2440 de

354 2608 385 2639 3.
413 2607 565 2639 etheocles
588 2607 612 2637 B
629 2607 653 2637 H
673 2631 679 2643 ,
718 2605 867 2637 ethiocles
898 2612 915 2634 c
957 2620 990 2624 —
1035 2602 1194 2641 Capitalis
1218 2602 1392 2640 Euripides
1415 2600 1468 2630 uel
1486 2600 1598 2639 potius
1620 2600 1766 2631 Eteocles
1794 2600 1961 2631 Pearcius
1987 2601 2022 2631 et

246 2661 441 2694 Gesneru83
477 2657 636 2696 Capitalis
660 2655 803 2687 Eteocles
828 2654 888 2693 [rel
909 2653 1017 2692 potius
1041 2651 1226 2690 Euripides]
1255 2650 1547 2690 wyttenbachius
1573 2651 1607 2680 et
1631 2652 1826 2685 Porsonus;
1860 2648 2023 2687 Capitalis

244 2708 388 2739 Eteocles
410 2708 460 2738 vel
480 2709 590 2746 polius
613 2707 678 2745 ipse
709 2704 800 2744 (scil.
829 2705 886 2744 qui
911 2703 976 2734 hos
1001 2710 1126 2732 versus
1150 2710 1294 2741 semper
1319 2702 1351 2731 in
1377 2709 1437 2731 ore
1465 2699 1636 2737 habebat)
1664 2701 1788 2739 Unger.
1839 2699 1919 2730 Mihi
1951 2707 2022 2730 non

245 2756 358 2789 solum
382 2757 492 2788 verba
515 2757 565 2788 vel
583 2758 694 2796 potius
710 2755 898 2793 Euripides,
924 2753 988 2784 sed
1015 2753 1119 2783 eiiam
1145 2751 1239 2791 quoii
1267 2750 1448 2791 praecedit
1464 2750 1608 2780 Eteocles
1632 2749 1815 2789 glossatori
1834 2748 2022 2779 tribuenda

246 2807 420 2838 videntur.
450 2825 484 2828 ——
512 2807 568 2846 qui
592 2806 634 2845 id]
663 2806 742 2843 quid
765 2806 785 2836 b
812 2821 846 2825 —
875 2804 906 2834 5.
933 2804 1016 2833 Ecce
1039 2802 1092 2832 ille
1116 2801 1171 2831 tibi
1196 2809 1213 2831 c
1240 2818 1281 2822 —
1314 2801 1342 2831 6.
1370 2800 1516 2840 flentium
1540 2800 1686 2830 omnium
1712 2800 1738 2830 ll
1766 2815 1800 2820 —
1829 2803 1857 2830 et
1881 2799 1915 2829 id
1939 2807 1956 2829 c
1984 2816 2020 2821 —-

246 2858 278 2888 7.
296 2858 412 2895 siquis
427 2858 594 2887 honestam
610 2864 676 2886 esse
692 2855 770 2885 dicia
795 2854 871 2893 (csse
889 2860 1065 2893 superscr.
1087 2851 1164 2882 ead.
1186 2851 1246 2888 in.)
1272 2859 1289 2881 c
1318 2867 1350 2871 —
1379 2850 1412 2880 S.
1438 2850 1524 2882 enim
1547 2853 1576 2880 et
1600 2850 1708 2889 lequm
1733 2857 1751 2879 e
1780 2867 1814 2871 —
1844 2848 1897 2878 40.
1922 2847 2023 2886 fuerit

248 2906 360 2946 (faerit
382 2914 507 2945 queque
530 2906 574 2937 ab
600 2905 678 2937 ead.
699 2913 744 2936 ni.
765 2905 796 2934 in
817 2911 925 2942 marg.
945 2901 1060 2939 habet)
1088 2910 1122 2931 c:
1149 2901 1211 2940 sui(
1237 2902 1259 2931 B
1277 2902 1300 2931 11
1318 2901 1404 2932 abo
1434 2918 1465 2923 -
1501 2900 1553 2930 Μ.
1581 2900 1637 2940 qui
1661 2899 1694 2929 id
1718 2907 1751 2929 c:
1783 2898 1862 2938 quid
1886 2899 1908 2929 B
1925 2898 1950 2929 H
1968 2899 2022 2929 ab

247 2974 290 2980 —
315 2956 366 2986 42.
392 2956 535 2987 conuitio
560 2957 582 2986 B
599 2956 644 2986 H:
672 2954 830 2985 cumicilio
855 2962 887 2991 a,
914 2952 1068 2982 conuiuio
1092 2952 1132 2985 b;
1159 2951 1304 2981 convicio
1330 2959 1347 2980 c
1363 2959 1381 2982 o
1411 2968 1446 2972 —-
1474 2950 1560 2981 enim
1584 2957 1655 2980 om.
1673 2950 1694 2980 b
1728 2966 1763 2970 -
1800 2948 1852 2979 43.
1878 2948 2023 2979 ueterri-

247 3014 338 3036 mum
362 3013 380 3036 ο
418 3021 453 3026 -
492 3004 545 3036 ili.
571 3006 598 3035 is
622 3013 799 3044 superscr.
827 3004 859 3033 in
885 3003 912 3033 ll
952 3019 986 3024 —
1026 3010 1061 3032 eo
1085 3010 1117 3031 se
1142 3009 1159 3031 c
1197 3017 1231 3022 -—-
1271 3002 1322 3031 45.
1350 3004 1405 3031 est.
1426 3000 1585 3038 Equidem
1610 3007 1628 3029 c
1655 3016 1690 3020 —-
1718 2999 1832 3029 sit.ut-
1856 3006 1877 3029 a
1904 3014 1939 3019 —
1967 2997 2019 3028 46.

248 3055 351 3086 uerba
375 3063 396 3086 a
423 3072 456 3076 —
483 3063 519 3085 re
543 3063 577 3085 c:
605 3063 674 3085 om.
696 3055 718 3084 B
736 3054 760 3084 11
776 3054 829 3084 ab
858 3069 891 3073 —
919 3061 983 3082 non
1007 3050 1101 3081 habet
1126 3059 1147 3081 a
1175 3067 1208 3072 -
1237 3051 1288 3080 ia.
1308 3051 1363 3088 qui
1388 3050 1421 3079 id
1446 3050 1468 3079 B
1487 3050 1545 3080 lib
1561 3058 1598 3079 c:
1628 3049 1706 3087 quid
1730 3057 1769 3083 a;
1797 3048 1851 3086 qui
1878 3048 1959 3087 (om.
1977 3047 2020 3085 id)

250 3104 316 3136 alii.
357 3121 392 3125 —
430 3104 482 3134 ⁵22.
507 3104 607 3142 pauci
631 3104 776 3134 beneuoli
800 3101 1037 3140 Sliirenburg:
1074 3101 1173 3139 pauci
1198 3100 1271 3130 Iso-ni
1297 3103 1370 3129 sunt
1402 3100 1425 3130 Β
1442 3100 1466 3130 ll
1483 3100 1554 3134 ab;
1590 3099 1690 3137 pauci
1715 3098 1853 3128 benivoli
1876 3100 1952 3128 sunt
1982 3105 2018 3130 cz

246 3154 348 3194 pauci
370 3156 444 3184 sunt
468 3153 541 3183 boni
565 3160 603 3185 ος
641 3153 752 3192 [pauci
776 3153 849 3183 boni
872 3151 957 3190 sunt]
985 3152 1109 3190 Unger.
1151 3168 1184 3171 —
1223 3150 1275 3180 2³3.
1303 3151 1409 3179 aelius
1433 3158 1450 3179 c
1490 3165 1524 3171 —
1564 3150 1608 3179 ad
1631 3149 1684 3179 cui
1707 3149 1727 3179 b
1765 3164 1799 3168 —
1838 3146 1891 3178 ¹24.
1915 3145 2023 3184 pluris

252 3205 275 3235 B
291 3203 329 3234 w
345 3211 416 3234 ac:
442 3202 553 3241 plures
577 3200 681 3233 ll²b0
711 3220 744 3224 -—
783 3203 836 3233 (Ξὸ.
861 3202 1019 3241 populum,
1035 3226 1040 3231 .
1057 3201 1078 3231 Ιί
1097 3225 1101 3230 .
1118 3200 1225 3239 ipsum
1250 3207 1268 3229 c
1297 3217 1330 3222 —
1358 3200 1650 3239 ‹riuicaftenzque--
1668 3199 1886 3237 inmorantem
1909 3203 1978 3226 om.
1998 3202 2016 3225 c

253 3270 288 3275 -
316 3254 368 3284 27.
395 3260 501 3283 censes
524 3252 558 3281 in
582 3253 693 3282 animo
717 3261 735 3282 c
764 3270 797 3274 —
825 3253 877 3282 ⁶29.
904 3252 944 3282 sic
969 3260 1038 3282 om.
1058 3259 1075 3281 c
1103 3268 1137 3272 -
1166 3250 1218 3280 31.
1245 3250 1326 3279 niliil
1349 3258 1418 3280 oni.
1439 3258 1460 3280 a.
1488 3266 1521 3270 ——
1554 3249 1722 3279 honestum
1746 3256 1811 3278 uon
1836 3254 1854 3277 c
1892 3263 1927 3267 -
1965 3243 2016 3275 34.

253 3303 292 3335 G.
319 3303 347 3335 H
376 3320 410 3325 —
437 3302 488 3334 35.
516 3310 578 3333 rea>
602 3310 671 3333 om.
691 3310 713 3334 a
739 3319 772 3323 —
800 3310 938 3341 cumque
961 3302 1000 3333 de
1021 3300 1159 3340 imperio
1175 3316 1193 3322 -
1209 3316 1227 3322 -
1244 3308 1285 3330 ac
1305 3299 1429 3339 potenti
1453 3299 1585 3330 Nonius
1609 3307 1643 3339 p.
1662 3296 1736 3329 4118,
