2249 3624
299 121 381 164 602
1011 123 1151 164 CATO
1181 124 1355 165 MAIOR

300 252 355 260 —-
385 231 503 271 abest
534 232 643 271 enim
675 244 758 271 non
790 231 914 283 longe
945 244 968 269 a
1000 244 1064 270 me
1087 252 1140 259 -
1162 230 1359 270 admirari
1391 230 1491 270 satis
1522 243 1606 270 non
1640 244 1809 283 possum
1840 232 1907 271 vel
1932 230 2066 275 homi-

299 293 364 333 nis
393 293 527 347 ipsius
558 294 856 334 continentiam
890 293 954 332 vel
988 298 1219 344 temporum
1252 292 1528 345 disciplinam.
1588 291 1655 332 56.
1689 292 1813 333 Curio
1846 295 1896 334 ad
1927 294 2064 336 focum

300 355 462 395 sedenti
495 369 688 408 magnum
727 355 817 394 auri
855 355 1019 407 pondus
1053 354 1260 394 Samnites
1293 368 1384 394 cum
1418 355 1674 403 attulissent,
1713 356 1925 408 repudiati
1957 363 2066 398 sunt.

299 417 393 457 Non
425 419 534 458 enirn
568 431 714 458 aurum
745 417 900 457 habere
932 416 1189 470 praeclarum
1224 414 1302 455 sibi
1334 415 1465 455 videri
1500 416 1624 464 dixit,
1663 418 1735 457 sed
1769 419 1849 465 eis,
1894 419 1965 472 qui
1996 419 2069 460 ha-

268 479 447 520 5berent
473 493 635 527 aurum,
666 481 887 532 imperare.
938 480 1159 518 Poteratne
1193 483 1332 517 tantus
1363 478 1525 517 animus
1549 478 1714 519 efficere
1736 493 1821 519 non
1845 481 2069 522 iucundam

300 544 588 582 senectutem?
643 542 725 581 Sed
759 541 883 581 venio
916 540 967 580 ad
999 540 1226 592 agricolas,
1258 554 1310 580 ne
1343 553 1364 580 a
1398 553 1462 579 me
1492 541 1584 593 ipso
1617 541 1822 582 recedam.
1882 544 1927 582 In
1961 544 2069 596 agris

300 609 418 645 erant
449 610 535 643 tum
567 610 804 651 senatores,
836 604 878 643 id
911 609 974 643 est
1005 616 1147 650 senes,
1180 604 1214 642 si
1247 602 1417 656 quidem
1450 604 1583 643 aranti
1615 605 1660 643 L.
1685 604 1882 652 Quinctio
1906 605 2069 646 Cincin-

298 672 397 707 nato
430 666 665 707 nuntiatum
698 672 761 706 est
800 680 894 706 eum
927 666 1173 705 dictatorem
1206 679 1298 705 esse
1330 665 1515 705 factum:
1557 667 1677 706 cuius
1709 667 1924 707 dictatoris
1955 669 2072 709 iussu

300 728 499 781 magister
538 729 726 782 equitum
767 729 808 768 C.
843 729 1043 768 Servilius
1075 728 1207 768 Ahala
1248 729 1317 781 Sp.
1351 727 1548 767 Maelium
1592 741 1765 781 regnum
1803 730 2070 782 adpetentem

249 799 285 827 4ο
300 795 551 844 occupatum
581 791 805 831 interemit.
851 793 884 830 A
909 791 1006 830 villa
1037 791 1078 830 in
1112 796 1302 830 senatum
1334 790 1626 830 arcessebatur
1647 796 1687 830 et
1713 791 1860 831 Curius
1884 798 1924 832 et
1946 794 2071 835 ceteri

300 867 445 901 senes,
487 867 539 893 ex
570 867 652 907 quo
684 853 756 907 qui
789 866 860 893 eos
892 853 1159 893 arcessebant
1189 853 1369 892 viatores
1401 853 1604 892 nominati
1637 858 1745 893 sunt.
1806 855 1913 894 Num
1945 855 2073 908 igitur

298 916 448 955 horum
481 921 675 956 senectus
707 913 960 955 miserabilis
992 915 1082 962 fuit,
1118 916 1189 967 qui
1223 928 1266 954 se
1299 915 1386 967 agri
1419 914 1605 954 cultione
1639 916 1928 956 oblectabant?
1979 917 2071 958 Mea

300 978 473 1032 quidem
515 978 724 1018 sententia
760 978 870 1017 haud
913 979 996 1018 scio
1029 992 1080 1018 an
1114 978 1227 1017 nulla
1258 977 1419 1016 beatior
1448 977 1580 1030 possit
1612 991 1725 1025 esse,
1766 992 1903 1032 neque
1935 979 2071 1020 solum

300 1040 462 1088 officio,
506 1041 620 1094 quod
660 1041 878 1080 hominum
921 1041 1063 1092 generi
1107 1041 1304 1079 universo
1347 1039 1509 1078 cultura
1545 1053 1738 1092 agrorum
1771 1047 1833 1081 est
1862 1043 2073 1091 salutaris,

249 1109 284 1138 ⁴5
300 1103 373 1143 sed
405 1110 444 1144 et
476 1104 776 1150 delectatione,
819 1117 943 1156 quam
979 1103 1090 1150 dixi,
1133 1108 1172 1142 et
1203 1102 1422 1142 saturitate
1464 1103 1670 1155 copiaque
1702 1116 1839 1143 rerum
1872 1106 2073 1153 omnium,

299 1179 408 1219 quae
439 1165 492 1206 ad
525 1166 679 1205 victum
711 1165 954 1213 hominum,
987 1164 1038 1204 ad
1071 1165 1230 1204 cultum
1263 1164 1389 1203 etiam
1422 1162 1594 1203 deorum
1626 1165 1847 1217 pertinent,
1879 1172 1937 1214 ut,
1969 1180 2075 1220 quo-

301 1228 416 1268 niam
446 1229 549 1268 haec
582 1228 753 1281 quidam
787 1227 1041 1275 desiderant,
1076 1227 1115 1266 in
1151 1227 1323 1279 gratiam
1356 1227 1436 1265 iarn
1470 1240 1561 1266 cum
1592 1228 1808 1280 voluptate
1840 1230 2074 1270 redeamus.

300 1291 475 1345 Semper
508 1291 618 1330 enim
650 1290 750 1330 boni
783 1290 1026 1343 assiduique
1059 1289 1217 1329 domini
1251 1288 1401 1328 referta
1424 1289 1528 1329 cella
1551 1290 1727 1336 vinaria,
1754 1291 1927 1339 olearia,
1951 1293 2073 1333 etiam

299 1354 471 1406 penaria
502 1359 565 1392 est
595 1352 780 1406 villaque
813 1357 899 1392 tota
931 1352 1121 1404 locuples
1154 1357 1239 1399 est;
1273 1351 1460 1391 abundat
1481 1365 1624 1404 porco,
1656 1352 1806 1400 haedo,
1838 1367 1957 1406 agno,
1989 1355 2076 1407 gal-

248 1422 284 1451 20
299 1416 405 1463 lina,
437 1416 562 1463 lacte,
595 1428 740 1462 caseo,
771 1414 909 1455 melle.
970 1415 1055 1453 Iam
1087 1414 1253 1453 hortum
1288 1414 1366 1466 ipsi
1398 1414 1608 1466 agricolae
1641 1415 1869 1455 succidiam
1900 1416 2075 1456 alteram

297 1478 526 1531 appellant.
587 1477 832 1517 Conditiora
875 1477 975 1516 facit
1014 1477 1116 1516 haec
1155 1477 1479 1528 supervacaneis
1519 1477 1641 1516 etiam
1676 1478 1817 1529 operis
1849 1480 2075 1531 aucupium

297 1546 425 1594 atque
455 1541 638 1580 venatio.
699 1539 764 1579 57.
800 1540 910 1587 Quid
945 1539 996 1579 de
1028 1545 1243 1593 pratorum
1275 1538 1481 1579 viriditate
1521 1545 1593 1579 aut
1628 1540 1824 1580 arborum
1857 1540 2074 1580 ordinibus

299 1610 369 1645 aut
400 1604 615 1644 vinearum
648 1603 950 1642 olivetorumve
983 1604 1121 1655 specie
1154 1603 1275 1656 plura
1307 1603 1474 1642 dicam?
1524 1604 1647 1642 Brevi
1679 1603 1943 1655 praecidam:
1977 1616 2075 1656 agro

298 1667 406 1706 bene
448 1666 560 1706 culto
604 1665 708 1705 nihil
745 1670 884 1718 potest
925 1679 1017 1705 esse
1059 1679 1134 1705 nec
1176 1679 1253 1704 usu
1285 1665 1456 1704 uberius
1488 1679 1565 1705 nec
1598 1666 1736 1717 specie
1769 1666 1980 1714 ornatius,
2023 1666 2075 1706 ad

248 1733 284 1763 25
300 1741 425 1781 quem
458 1728 681 1768 fruendum
714 1741 797 1767 non
832 1728 957 1767 modo
990 1742 1075 1767 non
1108 1727 1302 1774 retardat,
1335 1741 1477 1766 verum
1512 1728 1636 1767 etiam
1668 1728 1816 1768 invitat
1846 1734 1972 1782 atque
2003 1728 2076 1768 ad-

299 1791 423 1831 lectat
454 1795 657 1830 senectus.
712 1790 786 1829 Ubi
818 1791 927 1830 enim
960 1795 1098 1843 potest
1129 1790 1198 1829 illa
1230 1796 1344 1830 aetas
1376 1796 1448 1830 aut
1479 1790 1688 1830 calescere
1720 1791 1785 1830 vel
1818 1792 2075 1844 apricatione

299 1853 449 1893 melius
488 1853 554 1892 vel
594 1853 681 1905 igni
720 1858 791 1893 aut
826 1853 1008 1893 vicissim
1040 1853 1199 1892 umbris
1231 1853 1402 1906 aquisve
1434 1853 1668 1905 refrigerari
1701 1854 1947 1894 salubrius?
2008 1853 2075 1894 58.

299 1915 490 1956 Habeant
519 1915 644 1968 igitur
675 1913 753 1955 sibi
787 1929 921 1962 arma,
955 1915 1034 1955 sibi
1067 1929 1220 1968 equos,
1253 1915 1333 1954 sibi
1365 1915 1525 1962 hastas,
1558 1916 1639 1955 sibi
1672 1916 1831 1955 clavam
1864 1921 1904 1956 et
1936 1916 2074 1969 pilam,

387 2102 418 2133 2.
444 2102 539 2133 istius
570 2102 592 2133 B
630 2119 663 2123 —
703 2101 813 2141 Cario]
832 2102 886 2133 cui
910 2102 953 2139 S,
992 2102 1092 2133 Cario
1109 2101 1338 2140 —-imperare
1367 2098 1574 2132 scholiastes
1601 2100 1771 2132 Iuvenalis
1802 2102 1863 2140 XI,
1885 2102 1937 2133 78.
1973 2119 2007 2124 —
2042 2103 2073 2135 3.

296 2152 426 2192 pondus
450 2152 527 2182 auri
553 2152 574 2182 B
605 2169 638 2173 -
671 2151 859 2183 obtulissent.
883 2151 994 2183 schol.
1014 2152 1134 2182 luven.
1164 2168 1198 2172 —-
1232 2150 1262 2182 4.
1290 2151 1344 2181 sed
1367 2151 1415 2181 liis
1439 2151 1463 2181 R
1490 2167 1525 2172 —-
1554 2151 1584 2181 5.
1612 2151 1738 2191 efficere
1761 2161 1826 2181 non
1850 2152 1981 2183 BIPS:
2012 2161 2078 2184 non

297 2203 424 2243 efficere
448 2202 541 2233 ERO
572 2219 603 2223 ——
638 2202 668 2233 6.
697 2202 867 2242 amiculas
893 2203 915 2233 B
947 2220 979 2224 —
1013 2202 1044 2232 7.
1071 2205 1147 2232 lunc
1171 2204 1269 2232 eram
1293 2202 1317 2232 R
1347 2219 1380 2222 κ
1413 2201 1521 2232 arenti
1546 2201 1569 2232 B
1596 2219 1638 2223 —
1666 2202 1792 2240 quintio
1816 2200 1870 2232 vel
1896 2203 2026 2241 quincio
2051 2203 2075 2234 C

301 2269 335 2273 —
355 2252 519 2283 cicinnato
536 2252 557 2282 S
578 2270 612 2274 —
641 2252 671 2283 8.
691 2261 757 2282 esse
781 2253 904 2283 (lictum
922 2253 945 2283 P.
970 2269 1002 2273 ——
1031 2251 1060 2282 9.
1080 2253 1177 2291 yaius
1200 2252 1213 2281 l
1241 2269 1273 2272 —
1303 2250 1437 2281 chalam
1462 2252 1485 2281 P
1503 2268 1544 2272 —
1568 2252 1719 2289 spurium
1744 2252 1820 2282 BIS
1848 2268 1882 2272 —
1908 2251 2036 2283 milium
2052 2251 2077 2283 E

302 2319 337 2324 --
359 2302 409 2333 ⁴0.
430 2301 658 2333 arcessebatur
682 2302 759 2333 BEI
773 2304 825 2333 PS
843 2312 848 2332 :
876 2301 1106 2333 accersebatur
1131 2302 1167 2339 R,
1195 2300 1448 2331 accersebantur
1468 2299 1486 2331 3
1505 2300 1575 2331 mei
1594 2300 1694 2338 dett„
1721 2300 1973 2331 arcessebantur
1996 2301 2021 2332 O
2039 2318 2073 2323 —

300 2353 352 2384 Μ.
372 2352 583 2383 accersebant
599 2353 657 2384 Eli
684 2369 720 2374 —
749 2353 926 2383 violatores
943 2354 979 2390 P,
1007 2351 1069 2383 sed
1087 2354 1117 2382 ct
1136 2352 1321 2391 punctatae
1352 2368 1384 2370 —
1418 2359 1498 2380 num
1514 2367 1532 2372 —
1546 2367 1563 2371 -
1581 2349 1786 2381 oblectabant
1811 2351 1939 2382 Nonius
1964 2359 1997 2392 p.
2015 2350 2077 2383 488

299 2420 342 2425 —-
370 2403 418 2434 12.
444 2403 507 2442 fnit
531 2412 601 2434 om.
622 2402 752 2433 Nonius
780 2420 813 2424 —
842 2402 1090 2433 obleclabanlw·
1116 2401 1138 2431 E
1167 2418 1201 2421 —-
1231 2399 1283 2430 43.
1304 2400 1385 2430 haut
1409 2400 1503 2431 BER
1534 2417 1566 2421 —
1595 2409 1638 2430 an
1655 2400 1748 2430 willa
1767 2400 1921 2431 Ernesti:
1948 2410 1992 2431 an
2008 2401 2077 2432 ulla

301 2452 360 2483 CO
387 2469 422 2473 ——
452 2453 503 2483 45.
530 2452 584 2483 sed
608 2452 715 2482 delect.
747 2452 770 2482 Ε
797 2453 830 2482 et
855 2450 942 2482 Gud.
971 2453 1052 2491 (non
1071 2452 1153 2482 item
1173 2452 1206 2488 P>
1234 2467 1267 2471 ——
1297 2459 1399 2489 quam
1423 2449 1534 2481 Oehl.:
1563 2459 1629 2489 qua
1655 2451 1677 2481 C
1707 2467 1742 2472 —
1774 2451 1825 2482 47.
1854 2449 1985 2488 quidem
2010 2451 2074 2481 1-

301 2502 352 2534 48.
379 2502 490 2533 domni
514 2502 534 2532 S
561 2519 594 2523 —-
638 2502 686 2533 49.
713 2502 846 2541 ferraria
870 2505 913 2532 esc
940 2502 962 2532 Β
992 2520 1025 2523 -
1064 2501 1117 2531 Ἦ).
1146 2504 1255 2531 orsum
1280 2501 1378 2536 IPR3
1407 2500 1476 2530 iani
1501 2503 1611 2531 ortum
1628 2518 1675 2523 --
1693 2501 1836 2532 alteram
1859 2503 1982 2531 uocant
2005 2499 2077 2540 (sic)

299 2553 432 2584 Nonius
457 2561 490 2593 p.
510 2552 582 2587 170,
603 2551 643 2583 33
670 2569 704 2572 —
734 2553 785 2583 21.
813 2552 1073 2590 superuacanea
1099 2552 1144 2582 P:
1171 2550 1412 2590 supervacanei
1438 2550 1506 2581 mei
1533 2549 1605 2581 rell.
1627 2552 1661 2581 et
1679 2551 1716 2582 Ο.
1746 2551 1898 2581 «Vereor
1922 2552 1959 2582 ut
1982 2552 2078 2582 recte

301 2601 438 2633 dicatur
466 2601 708 2640 supervacanei
738 2602 837 2632 etiam
869 2602 998 2640 operis;
1039 2610 1120 2632 nam
1153 2601 1335 2639 aucupium
1365 2601 1603 2639 supervacanei
1637 2601 1744 2640 operis
1779 2609 1848 2631 non
1881 2599 2079 2641 intelligitur

300 2653 463 2683 universe
490 2660 595 2682 omne
621 2652 823 2692 aucupium,
851 2651 943 2691 quod
970 2659 1114 2691 semper
1138 2658 1444 2691 supervacaneum
1470 2659 1559 2690 opus
1584 2650 1730 2689 habeat,
1757 2650 1820 2681 sed
1838 2650 1871 2681 id
1889 2651 2078 2691 aucupium

301 2701 347 2740 (id
373 2702 446 2733 eius
471 2702 592 2741 genus)
618 2701 712 2741 quod
738 2710 1046 2741 supervacaneum
1073 2710 1160 2742 opus
1186 2700 1337 2733 habeat:
1377 2709 1442 2731 nec
1469 2700 1502 2731 id
1527 2701 1643 2741 ipsum
1669 2702 1807 2732 rectum
1834 2702 1904 2738 est,
1940 2699 2078 2739 adiungi

300 2752 391 2783 hanc
417 2754 597 2792 tamquam
623 2751 899 2792 descriptionem
925 2752 1077 2792 aucupii,
1106 2758 1215 2790 quum
1240 2750 1329 2781 haec.
1354 2750 1470 2790 potius
1495 2751 1667 2781 sententia
1687 2751 1746 2788 sit,
1767 2750 1895 2781 ceteris
1911 2748 2078 2790 operibus

302 2802 511 2834 necessariis
536 2802 675 2841 adiungi
702 2804 870 2842 tanquam
896 2809 1160 2842 supervacanea
1188 2802 1222 2831 et
1247 2803 1364 2831 tamen
1391 2799 1516 2831 afferre
1543 2799 1672 2840 aliquid
1697 2801 1888 2840 aucupium
1913 2801 1948 2830 et
1971 2807 2078 2830 vena-

302 2853 445 2883 tionem.
494 2853 633 2883 Rectius
664 2852 766 2891 igitur
797 2852 829 2882 in
864 2853 904 2889 P,
941 2850 1092 2882 Palatino
1118 2850 1252 2890 primo,
1286 2850 1416 2890 optimo
1443 2850 1596 2888 Graevii,
1629 2849 1795 2880 scribitur
1819 2848 1970 2880 ablativo
1995 2856 2077 2881 casu

300 2902 556 2940 supervacaneis
579 2902 703 2940 operis,
736 2900 830 2941 quod
859 2900 1048 2932 Lambinus
1081 2908 1222 2940 quoque
1255 2899 1287 2929 in
1321 2900 1393 2930 suis
1424 2898 1522 2930 libris
1554 2901 1686 2939 reperit
1718 2901 1751 2931 et
1776 2899 1937 2940 probavit
1962 2900 2014 2936 et,
2049 2897 2078 2929 si

302 2952 470 2982 Graevius
495 2960 619 2982 verum
644 2951 744 2987 dicit,
780 2951 816 2982 C.
838 2951 1003 2990 Langius,
1039 2950 1186 2981 tortasse
1222 2950 1253 2980 in
1280 2948 1388 2980 altera
1415 2949 1602 2981 editione.»
1639 2950 1783 2980 M-mvm.
1822 2966 1856 2970 —
1898 2948 1951 2979 23.
1974 2950 2078 2988 plura

302 3001 474 3032 BEIPS:
501 3009 571 3032 oni.
599 3002 658 3033 ΗΟ
686 3018 719 3022 -
749 3001 891 3032 breuiter
914 3002 969 3031 DS
998 3018 1031 3022 —
1056 3001 1249 3040 praecidam
1277 3000 1356 3030 ER:
1380 3000 1577 3038 praedicam
1602 3000 1707 3030 BIPS
1733 3016 1767 3021 —-
1796 2998 1848 3030 24.
1868 2998 1967 3037 specie
1989 2999 2012 3029 P
2039 3014 2073 3019 —

303 3054 337 3082 αι
361 3059 451 3081 corr.
479 3059 550 3081 rec.
578 3052 610 3082 in
636 3052 679 3081 ad
705 3052 727 3081 P
755 3068 790 3072 —
818 3052 861 3081 ad
886 3060 980 3090 quem
999 3067 1045 3073 --
1063 3050 1204 3081 adleclat
1228 3053 1373 3079 seneclus
1402 3050 1532 3081 Nonius
1559 3058 1592 3090 p.
1609 3050 1661 3087 76,
1678 3050 1718 3080 ⁶26
1747 3067 1780 3072 —
1814 3049 1865 3080 ⁵25.
1893 3057 1958 3079 non
1981 3046 2075 3078 modo

302 3101 456 3131 retardat
479 3100 581 3131 codd.
608 3102 707 3132 Nonii
738 3119 768 3122 —
797 3110 862 3131 non
886 3102 989 3131 solum
1014 3109 1079 3130 nori
1105 3100 1127 3131 E
1157 3117 1189 3120 μ
1218 3100 1270 3129 Γ26.
1297 3099 1362 3139 πῖν’]
1381 3099 1443 3129 Sed
1460 3099 1502 3130 ibi
1529 3099 1564 3137 E,
1591 3099 1654 3130 sed
1680 3108 1722 3130 ex
1747 3108 1838 3130 corr.
1860 3107 1905 3129 m.
1925 3098 2070 3133 recent.;

303 3150 357 3181 ubi
382 3150 525 3181 enim--
549 3152 616 3190 tyni
642 3152 772 3182 Nonius
799 3160 831 3191 p.
849 3150 924 3189 482,
943 3152 993 3181 16.
1032 3168 1065 3171 -
1104 3153 1163 3180 aut
1188 3150 1211 3180 R
1238 3151 1271 3179 et.
1296 3149 1447 3179 Nonius:
1482 3157 1585 3187 acque
1610 3149 1684 3186 ΕΡ,
1717 3157 1820 3187 aeque
1844 3151 1902 3179 aut
1933 3147 2010 3178 BIS
2037 3163 2071 3168 —

302 3200 352 3230 vel
376 3201 455 3231 ante
481 3200 585 3239 apric.
613 3209 682 3231 om.
704 3202 833 3232 Nonius
861 3218 893 3222 —-
931 3201 983 3231 27.
1010 3200 1154 3230 uicissim
1172 3216 1217 3221 —·
1235 3199 1431 3239 refrigerari
1457 3199 1634 3230 Charisius
1660 3207 1692 3239 p.
1713 3198 1775 3229 224
1800 3198 1836 3228 K.
1868 3216 1902 3220 —
1934 3196 2074 3237 i·efri96-

302 3258 381 3282 rare
404 3251 427 3282 P
453 3267 495 3273 —-
519 3250 571 3282 28.
598 3250 738 3282 habeant
762 3251 864 3291 iyiiur
887 3250 947 3282 sibi
972 3251 1051 3282 EP:
1079 3249 1139 3282 sibi
1161 3249 1302 3281 habeant
1327 3250 1430 3289 iyiiar
1453 3249 1578 3281 BIRS
1594 3250 1619 3281 O
1647 3266 1682 3271 —
1706 3248 1777 3289 pila
1801 3249 1861 3280 BI.
