2249 3624
630 159 717 198 Lm.
750 158 778 196 1.
823 156 918 197 CAP.
951 156 1089 196 1-11,
1129 154 1188 208 §§
1221 152 1361 194 4-5.
1801 147 1882 190 ⁶209

117 266 364 319 accepimus,
396 266 527 304 Annis
554 260 695 316 [enim]
725 263 812 303 sere
834 262 1041 302 CCCCCX
1064 267 1158 315 post
1177 262 1346 300 Romam
1370 258 1577 299 conditam
1601 256 1742 295 Livius
1764 254 1883 294 fabu-

117 330 198 370 lam
231 329 347 368 dedit
369 331 409 369 C.
435 328 621 373 Claudio,
647 328 766 366 Caeci
799 326 898 372 tilio,
921 327 973 364 M.
997 325 1201 364 Tuditano
1225 322 1468 362 consulibus
1490 333 1599 360 anno
1621 324 1717 358 ante
1740 324 1882 357 natum

116 393 295 432 Ennium
331 389 418 445 [qui
450 390 527 430 fuit
559 391 690 431 maior
723 396 820 428 natu
855 401 978 440 quam
1012 387 1181 426 Plautus
1215 392 1255 425 et
1287 380 1496 435 Naeviusi.
1544 383 1591 422 ll.
1625 382 1726 421 Sero
1758 380 1884 432 igitur

115 468 138 494 a
179 455 329 494 nostris
372 458 521 506 potita(¹
561 453 624 492 vel
665 452 820 501 ‹rog-niti
856 451 916 489 vol
955 450 1121 501 recepti.
1175 451 1437 500 Quamquam
1472 446 1604 485 estin
1637 443 1882 494 Originibus

115 517 260 555 solitos
292 528 382 554 esse
415 515 456 553 in
489 514 624 566 epulis
657 526 806 551 cancri·
838 512 1034 551 convivas
1056 510 1106 550 ad
1131 511 1342 550 tibicinem
1368 509 1418 547 ‹le
1441 509 1646 547 clarorum
1671 506 1914 546 hominunm

114 577 355 620 virtutibus,
389 578 584 615 honorem
619 581 754 614 tami-u
789 573 883 613 huic
915 574 1055 625 generi
1086 586 1167 612 nou
1195 572 1322 611 fuiss(¹
1346 571 1529 610 declarat
1551 570 1681 609 oratio
1703 568 1882 613 Catonis,

114 639 153 677 in
197 650 278 690 qua
319 635 469 676 obiecit
504 644 548 676 ut
580 636 773 688 probrum
808 638 858 674 M.
894 636 1119 681 Nobiliori,
1162 634 1275 686 quod
1310 634 1342 673 is
1376 634 1416 672 in
1449 632 1706 685 provinciam
1740 634 1883 683 poiitas

113 700 325 745 duxissem
370 697 543 737 duxerat
583 705 720 737 autem
765 697 909 736 consul
949 697 1018 735 illc
1050 698 1089 735 in
1121 697 1351 742 Aetoliam,
1393 701 1436 734 ut
1476 696 1648 741 scimus,
1687 693 1883 732 Ennium.

114 762 207 809 Quo
252 761 388 799 minus
427 761 552 811 igitur
592 759 761 799 honoris
805 765 892 797 erat
931 759 1087 811 pos-tis,
1130 772 1179 796 eo
1222 758 1381 796 minora
1413 757 1548 796 studia
1580 756 1768 802 suerunt,
1810 768 1884 793 nec

114 829 272 869 tamen,
305 823 337 862 si
371 823 441 875 qui
473 823 632 873 magnis
665 822 843 873 ingeniis
875 822 915 860 iu
948 833 997 859 co
1030 833 1183 870 genere
1216 820 1466 866 extiterunt,
1507 833 1590 858 non
1627 819 1725 859 satis
1758 819 1934 857 (irae-⁴0

113 898 252 925 corum
297 884 455 936 gloriae
497 883 815 937 responderunt.
886 880 923 920 4.
966 884 1026 920 An
1078 896 1317 927 censemus,
1367 882 1400 920 si
1444 880 1586 928 Fabio,
1623 880 1884 920 nobilissimo

112 947 293 992 homini,
335 946 445 985 laudi
489 946 628 985 datum
661 951 771 984 esset
805 944 916 997 quod
961 945 1165 997 pingeret,
1209 958 1289 983 non
1323 944 1476 983 multos
1509 945 1632 983 etiam
1664 943 1774 996 apud
1808 956 1884 981 nos

112 1009 270 1048 futuros
302 1008 530 1061 Polyclitos
563 1014 603 1047 et
630 1007 872 1046 Parrhasios
895 1006 1053 1045 fuisse?
1087 1006 1230 1045 Honos
1254 1006 1326 1045 alit
1347 1011 1470 1053 artes,
1493 1019 1722 1059 omnesque
1745 1006 1885 1044 iucen-

112 1070 267 1110 duntur
306 1070 357 1110 ad
389 1070 527 1110 studia
559 1070 707 1123 gloria,
740 1070 962 1121 iacentque
995 1082 1041 1107 ea
1073 1081 1260 1120 semper,
1303 1082 1411 1121 quae
1443 1069 1554 1120 apud
1588 1082 1779 1121 quosque
1811 1068 1885 1106 im-

112 1134 351 1186 probantur.
410 1132 621 1171 Summam
662 1131 939 1170 eruditionem
984 1130 1131 1170 Graeci
1175 1130 1295 1170 sitam
1328 1130 1555 1169 censebant
1586 1131 1628 1169 in
1660 1144 1884 1169 nervorum
1900 1141 1935 1169 Ἰ15

113 1208 346 1248 vocumque
379 1194 594 1234 cantibus:
628 1194 754 1246 igitur
785 1199 825 1233 et
855 1192 1190 1246 Epaminondas,
1222 1194 1414 1246 princeps
1447 1206 1540 1232 meo
1572 1192 1727 1232 iudicio
1761 1192 1887 1231 Grae-

113 1257 214 1303 ciae,
258 1256 410 1295 fidibus
458 1256 671 1308 praeclare
717 1256 918 1295 cecinisse
950 1255 1121 1301 dicitur,
1169 1255 1556 1308 Themistoclesque
1599 1255 1760 1308 aliquot
1791 1260 1886 1294 ante

112 1320 256 1365 annis,
295 1332 389 1358 cum
427 1319 470 1357 in
509 1318 644 1370 epulis
687 1324 898 1357 recusaret
937 1318 1088 1371 lyram,
1130 1323 1191 1356 est
1223 1318 1390 1357 habitus
1422 1317 1642 1357 indoctior.
1704 1318 1814 1370 Ergo
1845 1317 1887 1356 in

113 1381 287 1421 Graecia
320 1381 465 1420 musici
499 1382 740 1427 floruerunt,
774 1380 1077 1433 discebantque
1108 1379 1151 1418 id
1175 1392 1334 1426 omnes,
1357 1393 1434 1419 nec
1457 1379 1530 1432 qui
1552 1379 1766 1420 nesciebat
1787 1379 1887 1418 satis

114 1444 305 1484 excultus
338 1442 525 1483 doctrina
556 1442 792 1495 putabatur.
853 1441 892 1481 5.
931 1442 977 1481 ln
1009 1455 1169 1482 summo
1201 1442 1313 1496 apud
1345 1443 1438 1483 illos
1468 1443 1628 1482 honore
1660 1440 1889 1494 geometria
1902 1453 1938 1481 20

202 1680 214 1710 l
259 1679 343 1710 enim
367 1680 409 1710 B:
445 1686 514 1710 om.
543 1679 566 1708 G
583 1678 624 1716 R,
661 1676 775 1718 «quod
801 1686 882 1716 non,
909 1680 945 1710 ut
971 1678 1126 1710 Bentleio
1151 1680 1263 1711 visum
1290 1681 1355 1717 est,
1387 1681 1517 1711 rectius
1541 1679 1654 1717 abest,
1682 1680 1762 1720 quia
1786 1681 1891 1720 igilur

115 1730 291 1771 sequitur;
320 1738 360 1761 ea
386 1730 478 1760 enim
505 1727 673 1769 particula
701 1728 765 1759 boc
791 1727 868 1759 loco
893 1737 961 1759 non
987 1729 1193 1770 simpliciter
1217 1728 1458 1761 concludentis
1483 1731 1549 1767 est,
1575 1729 1639 1761 sed
1664 1730 1889 1761 conclusione

115 1788 155 1811 ex
187 1779 387 1820 parenthesi
420 1778 510 1810 facta
542 1777 586 1808 ad
615 1778 794 1817 superiora
822 1778 1036 1810 redeuntis.»
1063 1780 1117 1810 W.
1147 1796 1179 1802 -
1210 1780 1368 1812 CCCCCX
1390 1780 1580 1811 ManutIus:
1614 1780 1747 1812 CCCCX
1768 1780 1829 1811 RB
1856 1781 1891 1811 et

117 1830 218 1870 (inter
242 1829 267 1861 C
290 1832 323 1860 et
347 1829 377 1860 X
398 1836 577 1869 superscr.
598 1826 674 1867 syll.
693 1828 741 1865 us)
765 1829 790 1858 G
810 1845 845 1850 —-
873 1829 903 1859 ἓ.
924 1829 973 1868 C.]
997 1830 1075 1869 ,qaio
1100 1832 1123 1859 G
1140 1830 1163 1861 B
1191 1829 1245 1867 (de
1265 1830 1290 1861 R
1316 1832 1460 1871 propter
1484 1829 1617 1861 laesam
1643 1830 1890 1861 membranam

114 1888 182 1910 non
207 1879 354 1917 constat)
383 1896 417 1900 —
444 1878 562 1909 claudo
586 1880 779 1918 (superscr.
805 1878 825 1915 i)
852 1880 878 1909 G
907 1897 936 1901 —
969 1877 1032 1911 cos.
1061 1880 1123 1911 GB
1153 1897 1187 1902 —
1215 1880 1244 1911 3.
1268 1881 1348 1912 Unci
1366 1879 1497 1912 absunt
1512 1879 1556 1911 ab
1575 1880 1614 1911 Ο.
1646 1881 1763 1918 «Quae
1781 1879 1891 1911 verba

113 1929 310 1969 Tregderus
336 1937 377 1959 ex
402 1928 541 1959 Buherii
571 1928 771 1959 coniectura
798 1927 927 1959 delevit
950 1930 1006 1969 qui
1033 1930 1081 1966 (2-
1104 1930 1131 1960 is
1153 1934 1264 1961 autem
1288 1931 1309 1961 i.
1330 1939 1360 1962 e.
1385 1929 1511 1969 Livius)
1535 1930 1599 1970 fuit
1615 1950 1632 1956 -
1649 1950 1663 1955 -
1681 1934 1710 1962 et
1732 1931 1889 1970 Naevius,

114 1988 183 2011 non
215 1978 320 2010 modo
350 1986 417 2008 non
450 1977 534 2009 falsa
561 1977 614 2017 [ct.
640 1978 734 2009 Brut.
763 1977 815 2015 48,
843 1979 882 2009 72
909 1978 978 2019 sq.)
1010 1988 1125 2019 neque
1150 1988 1432 2021 supervacanea,
1471 1979 1534 2011 sed
1560 1979 1602 2010 ad
1628 1979 1729 2018 illud,
1762 1981 1795 2011 in
1821 1989 1890 2021 quo

114 2030 183 2060 tota
209 2028 462 2068 argumentatio
488 2028 662 2062 consistit,
694 2027 981 2065 significandum.
1011 2030 1161 2068 primum
1185 2030 1342 2062 omnium
1374 2030 1507 2061 Livium
1534 2027 1687 2061 fabulam
1713 2029 1888 2069 docuisse,

114 2077 215 2120 plane
248 2079 449 2109 necessaria
482 2080 573 2110 sunt.
612 2078 830 2110 pronominis
854 2078 896 2109 ad
923 2087 1052 2110 nomen
1077 2081 1247 2111 remotius
1272 2078 1352 2111 illud
1380 2079 1537 2120 quidem,
1563 2079 1627 2111 sed
1652 2079 1696 2111 de
1722 2089 1791 2121 quo
1816 2083 1890 2113 tum

115 2128 266 2160 maxime
292 2130 467 2167 ageretur,
494 2127 592 2160 relati
617 2127 778 2168 exempla
803 2129 831 2159 si
857 2129 1028 2168 requiras,
1057 2129 1098 2160 cf.
1126 2129 1144 2170 g
1169 2131 1221 2161 27.
1244 2130 1285 2162 74
1312 2131 1406 2169 (idem
1426 2130 1447 2161 i.
1468 2139 1498 2161 e.
1519 2130 1706 2171 Socrates).
1741 2131 1781 2162 75
1797 2132 1889 2172 (quo,

116 2177 230 2220 quam)
255 2178 294 2215 11,
322 2177 362 2208 37
387 2178 511 2218 (quae).
548 2179 601 2215 IV,
629 2177 669 2209 49
696 2178 826 2217 (cuius).
867 2177 962 2210 Catil.
990 2179 1046 2218 IV,
1074 2180 1112 2210 47
1138 2179 1294 2220 (quorum
1319 2180 1338 2210 i.
1360 2190 1390 2211 e.
1418 2188 1562 2219 eorum,
1591 2181 1649 2220 qui
1675 2181 1709 2212 in
1734 2180 1890 2214 tabernis

116 2228 219 2266 sunt).
245 2227 382 2258 Verrin.
402 2228 441 2265 V,
462 2228 501 2259 98
526 2228 625 2267 (quae
648 2231 805 2267 superata
822 2228 893 2268 est).
920 2227 1035 2260 Milon.
1056 2229 1109 2259 70.
1136 2239 1168 2270 p.
1188 2229 1295 2261 Tullio
1313 2231 1366 2263 50,
1394 2230 1452 2261 ubi
1479 2231 1534 2270 qui
1559 2230 1601 2262 ad
1619 2232 1764 2263 maiores
1788 2234 1892 2265 nostri

115 2278 179 2318 (49)
205 2277 432 2309 referendum
458 2279 510 2309 est
535 2277 587 2317 (cs.
617 2277 788 2309 Emendd.
817 2278 886 2309 Cic.
915 2279 1020 2319 Epist.
1049 2279 1159 2310 Haun.
1188 2280 1271 2312 4840
1297 2289 1329 2320 p.
1358 2281 1431 2312 422.
1468 2280 1565 2312 Catil.
1593 2281 1647 2317 ΙΙΙ,
1674 2281 1726 2313 22.
1754 2283 1888 2315 Muren.

116 2328 136 2369 ἓ
160 2328 212 2360 89,
240 2329 320 2359 Har.
341 2329 443 2367 Resp.
464 2327 516 2359 ⁶28.
535 2327 588 2359 58.
615 2326 710 2358 Balb.
731 2328 762 2358 9.
790 2327 880 2359 Lael.
901 2328 952 2363 68,
980 2327 1038 2359 ubi
1064 2328 1143 2360 vide
1169 2338 1212 2361 ne
1238 2338 1279 2360 ex
1305 2330 1466 2361 codicum
1483 2331 1637 2369 vestigiis
1661 2332 1891 2364 scribendum

116 2379 159 2410 sit
183 2379 252 2417 qui
276 2378 355 2408 locis
377 2378 456 2416 ipsis
471 2377 666 2409 delectemur
682 2378 754 2409 sive
772 2378 995 2417 delectamur).
1030 2379 1141 2410 Divin.
1160 2380 1199 2417 11,
1220 2380 1260 2410 70
1280 2381 1392 2418 (quam
1416 2382 1436 2411 i.
1458 2389 1488 2411 e.
1508 2382 1735 2423 opinionem).
1764 2383 1887 2424 Wopk.

116 2429 224 2460 Lectt.
250 2427 333 2459 Tull.
361 2437 393 2468 p.
414 2428 510 2459 1192.»
536 2428 591 2459 W.
634 2429 772 2460 Rectius
798 2428 1025 2459 Kuehnerus:
1054 2429 1163 2466 «Quid
1188 2430 1300 2460 vero?
1325 2432 1353 2461 si
1378 2430 1631 2468 concedamus,
1659 2434 1715 2470 qui
1732 2432 1891 2464 referen-

116 2479 201 2511 dum
227 2487 304 2510 esse
330 2478 372 2509 ad
399 2478 548 2514 Livium,
581 2479 618 2509 ut
643 2481 843 2519 temporum
869 2479 956 2509 ratio
982 2480 1134 2515 constet,
1170 2488 1284 2510 nonne
1310 2480 1401 2511 istud
1428 2480 1707 2513 additamentum
1733 2483 1890 2514 ieiunum

115 2528 219 2570 plane
249 2530 301 2559 est
333 2530 365 2559 et
397 2526 617 2567 languidum,
652 2528 719 2558 hoc
744 2527 906 2559 videlicet
938 2527 1029 2565 1000,
1062 2527 1121 2559 ubi
1148 2537 1215 2559 non
1241 2528 1284 2559 de
1310 2531 1511 2570 temporum
1536 2532 1670 2563 ratione
1696 2533 1889 2572 quaeritur,

116 2578 179 2610 sed
204 2577 318 2609 obiter
341 2579 477 2608 tantum
501 2578 585 2608 Livii
609 2579 706 2609 aetas
733 2580 1045 2609 commemoratur.
1084 2579 1200 2618 Longe
1226 2577 1290 2609 alia
1315 2587 1372 2609 res
1397 2580 1450 2610 est
1474 2580 1506 2610 in
1529 2580 1634 2611 Bruto
1651 2579 1671 2611 l.
1693 2580 1741 2619 d.‚
1768 2581 1828 2612 ubi
1847 2582 1890 2613 de

116 2627 286 2659 industria
311 2629 346 2658 et
370 2626 486 2658 dedita
512 2635 619 2667 opera
646 2628 679 2658 in
704 2628 787 2658 Livu
811 2629 962 2658 aetatem
997 2628 1192 2667 inquiritur.
1231 2629 1350 2668 ltaque
1377 2628 1542 2668 equidem
1568 2638 1636 2661 non
1662 2631 1782 2662 dubito
1807 2633 1889 2672 quin

116 2676 225 2708 verba
252 2678 308 2714 qui
324 2693 373 2699 -—
389 2678 534 2708 Naevius
558 2686 576 2708 a
602 2677 813 2718 glossatore,
848 2680 906 2718 qui
931 2677 998 2709 loci
1023 2678 1104 2710 dicti
1128 2680 1161 2709 in
1187 2679 1291 2709 Bruto
1317 2687 1456 2710 memor
1480 2681 1590 2717 esset,
1623 2680 1667 2711 ad
1691 2683 1890 2714 accuratius

117 2724 353 2757 definiendam
383 2727 466 2758 Livii
500 2728 653 2758 aetatem
684 2728 831 2767 margini
861 2728 1056 2769 adscripta,
1089 2730 1211 2769 postea
1244 2727 1358 2759 alieno
1389 2727 1464 2758 loco
1498 2729 1531 2758 in
1557 2729 1671 2769 ipsum
1697 2731 1890 2763 verborum

119 2773 280 2806 ordinem
304 2775 436 2807 adscita
461 2777 562 2808 sint.»
597 2777 706 2817 (Conf.
734 2778 862 2809 Ritschl
892 2780 1042 2818 Parerga
1067 2778 1222 2810 Plautina
1247 2779 1258 2808 1
1286 2786 1317 2818 p.
1338 2777 1378 2808 48
1403 2777 1494 2817 sqq.)
1522 2795 1557 2799 —
1585 2778 1615 2809 7.
1641 2779 1702 2820 M.)
1725 2789 1840 2812 marco
1866 2781 1890 2812 C

120 2840 154 2845 —
183 2824 233 2855 40.
260 2824 288 2855 si
311 2826 367 2864 qui
391 2825 493 2864 (corr.
520 2826 564 2857 ab
590 2827 716 2858 eadem
743 2836 848 2859 manu
874 2836 916 2859 ex
939 2829 985 2858 sic
1009 2829 1080 2868 qui)
1104 2829 1148 2859 13:
1182 2829 1228 2858 sic
1260 2829 1316 2866 qui
1349 2828 1426 2858 GR.
1466 2840 1480 2855 α
1493 2827 1590 2865 Quod
1624 2830 1822 2870 Tregderus
1850 2840 1891 2863 ex

120 2874 194 2911 GR,
220 2872 305 2911 aliis,
332 2875 472 2916 scripsit
493 2885 551 2907 nec
575 2880 683 2908 tamen
707 2878 785 2914 sic,
816 2879 873 2916 qui
901 2895 950 2914 —,
982 2886 1066 2909 num
1093 2878 1364 2909 Ciceronianum
1388 2878 1443 2911 sit.
1471 2877 1637 2916 equidem
1660 2879 1893 2912 vehementer

121 2922 252 2955 dubito.
287 2924 388 2961 Quod
413 2927 506 2957 enim
530 2927 575 2957 sic
599 2935 678 2958 esse
703 2926 838 2964 volunt,
874 2927 908 2959 id
940 2929 1009 2959 iam
1032 2928 1065 2959 in
1091 2931 1198 2958 tamen
1226 2928 1326 2958 inest.
1365 2926 1576 2958 Modestiore
1601 2930 1720 2959 autem
1746 2928 1799 2960 illa
1825 2929 1891 2960 du-

120 2970 305 3010 bitatione,
338 2983 444 3014 quam
476 2975 583 3007 habet
614 2978 640 3008 εἰ
664 2977 737 3015 qui,
771 2976 855 3016 quid
880 2978 914 3008 in
938 2977 1028 3008 hanc
1054 2978 1291 3008 Romanorum
1316 2984 1397 3007 cum
1423 2977 1563 3008 Graecis
1589 2979 1891 3019 comparationem

121 3023 230 3063 magis
255 3025 446 3055 convenit?
473 3025 722 3057 particularum
748 3027 775 3056 si
801 3029 835 3057 et
857 3028 903 3057 sic
927 3026 1085 3058 confusio
1110 3035 1190 3057 cum
1216 3026 1499 3065 frequentissima
1526 3028 1579 3057 est
1604 3027 1670 3065 (111,
1698 3028 1738 3058 ⁵22
1765 3027 1893 3059 GR¹B¹

121 3072 148 3103 si
171 3081 234 3112 pro
257 3073 334 3112 sic),
368 3075 443 3104 tum
471 3073 506 3104 h.
533 3073 553 3106 l.
581 3076 755 3114 geminato
780 3077 960 3116 sequentis
984 3075 1119 3107 litterae
1145 3084 1231 3107 sono
1257 3073 1416 3105 facillima
1444 3074 1503 3106 tuit
1526 3075 1580 3114 (V,
1607 3075 1648 3107 54
1674 3076 1776 3107 codd.
1804 3086 1893 3108 non—

122 3120 204 3152 nulli
227 3123 271 3153 sic
294 3132 369 3153 cum
393 3131 456 3163 pro
480 3124 507 3154 si
531 3125 652 3162 cum).=›
677 3125 732 3155 W.
758 3142 792 3146 -
821 3126 873 3155 ll.
900 3134 1057 3156 cessemus
1080 3126 1104 3156 R
1132 3141 1168 3146 —
1197 3124 1248 3155 43.
1275 3124 1450 3162 Polycletus
1473 3124 1498 3155 Ο
1526 3141 1559 3146 -
1587 3124 1758 3156 Honos-—
1775 3134 1894 3157 accen-

122 3170 555 3211 duntur--improbantur
584 3174 795 3213 Augustinus
827 3174 871 3205 de
902 3175 967 3206 civ.
995 3175 1050 3206 dei
1078 3175 1115 3212 V,
1143 3174 1195 3205 43.
1227 3191 1270 3196 —
1300 3174 1508 3204 incendimur
1537 3174 1683 3214 Bentley
1717 3177 1751 3206 et
1782 3175 1893 3207 Cobet

121 3219 292 3252 Mnemos.
318 3221 357 3258 V,
376 3221 450 3253 -247,
473 3239 507 3244 -
536 3222 587 3253 46.
613 3224 742 3262 graecis
766 3223 789 3254 C
818 3240 852 3245 —
880 3224 933 3255 47.
960 3224 1213 3263 temistoclesque
1237 3225 1262 3254 G
1289 3239 1323 3245 -
1353 3224 1404 3255 ⁴8.
1431 3233 1535 3255 annos
1552 3225 1589 3256 C.
1618 3224 1668 3256 Ct'.
1688 3225 1788 3257 Hand
1805 3225 1893 3257 Tur-

123 3267 196 3300 sen.
222 3269 247 3307 l,
274 3276 308 3309 p.
335 3269 397 3302 370
422 3279 500 3312 sqq.
530 3288 564 3294 —
591 3271 692 3303 liram
717 3272 741 3303 C
770 3288 804 3294 -
832 3275 877 3304 est
898 3272 1029 3305 habitus
1051 3274 1216 3305 indoctior
1240 3272 1470 3311 Quintilianus
1494 3275 1520 3314 1,
1547 3274 1599 3311 40,
1626 3273 1678 3306 49.

194 3334 310 3365 cler-:no
331 3335 365 3365 Τ.
385 3336 433 3367 1V.
1571 3332 1587 3375 11
1598 3334 1624 3374 4
