2249 3624
353 170 435 214 290
792 173 1217 213 TUSCULANARUM
1249 170 1685 212 DISPUTATIONUM

352 279 536 334 aliquem
579 278 836 319 Socraticum
873 278 1064 318 libellum
1096 278 1234 325 dabis,
1273 276 1467 330 hydrauli
1496 275 1717 316 hortabere
1749 280 1794 316 ut
1824 276 1967 316 audiat
1995 290 2120 318 voces

351 342 491 395 potius
523 355 648 395 quam
679 340 884 388 Platonis,
916 353 1103 393 expones
1136 353 1243 393 quae
1275 344 1436 392 spectet
1466 338 1615 379 florida
1646 343 1686 378 et
1710 338 1844 386 varia,
1874 337 2121 379 fasciculum

352 403 405 443 ad
444 404 557 443 naris
595 403 863 450 admovebis,
899 402 1099 442 incendes
1142 401 1313 449 odores,
1356 402 1476 441 sertis
1513 400 1700 440 redimiri
1729 400 1892 441 iubebis
1923 405 1965 441 et
1993 402 2121 442 rosa‘t

354 465 397 505 Si
427 479 526 505 vero
557 464 718 518 aliquid
750 465 874 505 etiam
904 487 981 512 —,
1012 470 1100 504 tum
1130 464 1255 517 plane
1287 463 1445 503 luctum
1479 476 1646 503 omnem
1677 462 1937 504 absterseris.

319 532 340 562 5
466 528 579 567 XIX.
612 524 677 566 44.
709 528 822 567 Haec
852 527 1036 579 Epicuro
1069 524 1304 566 confitenda
1333 531 1431 566 sunt
1451 531 1522 566 aut
1544 539 1614 573 ea,
1647 538 1754 579 quae
1776 527 1901 565 modo
1925 539 2125 579 expressa

353 589 405 630 ad
435 590 610 630 verbum
642 589 752 637 dixi,
783 589 970 629 tollenda
1003 588 1053 628 de
1085 589 1192 628 libro
1223 588 1290 628 vel
1320 594 1433 628 totus
1464 588 1569 628 liber
1598 588 1738 642 potius
1760 588 2030 636 abiciundus3
2063 592 2126 627 est

354 650 465 690 enim
499 652 709 692 confertus
741 651 1039 706 voluptatibus.
1084 650 1383 699 Quaerendum
1414 651 1542 703 igitur
1573 664 1696 704 quem
1728 651 1780 690 ad
1801 651 1970 691 modum
1993 650 2122 703 aegri-

352 713 499 754 tudine
530 715 741 768 privemus
774 728 891 762 eum,
924 714 996 768 qui
1028 714 1087 753 ita
1118 713 1252 754 dicat:

467 798 485 805 -
542 801 560 807 -
619 801 636 807 -
694 778 787 818 Pol
828 777 952 817 mihi
988 776 1209 816 fortuna
1239 776 1405 829 magis
1437 789 1573 816 nunc
1606 776 1741 817 defit
1773 789 1916 830 quam
1947 788 2126 829 genus.

302 845 338 873 ⁴0
466 841 703 893 Namque
734 853 945 892 regnum
978 839 1301 892 suppetebat
1331 838 1416 886 mi,
1448 844 1502 879 ut
1532 839 1672 879 scias
1703 844 1901 892 quanto
1933 851 1955 877 e
1986 836 2126 884 loco,

466 902 693 950 Quantis
726 903 941 956 opibus,
974 903 1172 955 quibus
1204 901 1261 941 de
1293 900 1449 940 rebus
1480 901 1632 954 lapsa
1662 900 1877 940 fortuna
1898 898 2126 940 accidat.

353 964 495 1013 Quid?
527 965 624 1005 huic
657 966 764 1005 calix
794 965 917 1005 mulsi
947 963 1243 1017 impingendus
1276 968 1357 1010 est,
1390 968 1436 1002 ut
1466 963 1632 1016 plorare
1654 963 1840 1010 desinat,
1871 967 1944 1003 aut
1964 961 2125 1015 aliquid

351 1027 439 1067 eius
471 1028 613 1067 modi?
653 1028 761 1067 Ecce
791 1027 866 1067 tibi
899 1041 951 1067 ex
982 1027 1110 1066 altera
1142 1032 1257 1080 parte
1289 1026 1338 1065 ab
1372 1025 1521 1065 eodem
1553 1030 1700 1078 poe'ta:

463 1090 535 1129 Ex
567 1089 755 1143 opibus
788 1089 998 1129 summis
1031 1089 1148 1141 opis
1181 1101 1362 1141 egens,
1393 1088 1604 1136 Hector,
1636 1092 1766 1128 tuae.

301 1157 336 1186 45
351 1152 460 1192 Huic
491 1152 714 1192 subvenire
746 1152 969 1199 debemus3
1002 1150 1168 1204 quaerit
1198 1150 1309 1189 enim
1341 1150 1568 1190 auxilium:

465 1215 604 1263 Quid
636 1220 811 1268 petam
842 1213 1082 1268 praesidi
1115 1218 1202 1253 aut
1233 1226 1489 1266 exequar,
1523 1225 1701 1266 quove
1731 1225 1867 1252 nunc

464 1278 687 1318 Auxilio
721 1277 857 1317 exili
888 1281 975 1316 aut
1004 1275 1125 1329 fuga
1156 1275 1298 1315 freta
1328 1275 1448 1315 sim?

464 1342 596 1380 Arce
628 1345 679 1380 et
707 1339 839 1379 urbe
872 1339 999 1378 orba
1030 1352 1150 1378 sum.
1201 1339 1308 1386 Quo
1342 1337 1606 1378 accidam‘?
1641 1351 1739 1391 quo
1771 1336 2068 1391 applicem?

466 1403 555 1444 Cui
598 1416 697 1443 nec
744 1415 860 1442 arae
903 1401 1114 1455 patriae
1158 1400 1301 1440 domi
1332 1406 1497 1448 stant,
1541 1400 1752 1441 fractae
1785 1406 1833 1441 et
1863 1401 2128 1441 disiectae

1098 1464 1304 1511 iacent,

300 1538 337 1568 20
462 1530 599 1568 Fana
628 1527 833 1567 flamma
864 1526 1175 1579 deflagrata,
1207 1526 1339 1566 tosti
1371 1525 1471 1565 alti
1503 1531 1651 1567 stant
1680 1526 1918 1579 parietes

462 1590 760 1630 Deformati
791 1595 950 1643 atque
980 1589 1157 1629 abiete
1189 1589 1369 1642 crispa
1403 1619 1627 1629 ......

352 1652 474 1693 Scitis
508 1665 615 1706 quae
648 1658 878 1705 sequantur
909 1657 948 1691 et
978 1651 1050 1691 illa
1079 1653 1123 1690 in
1153 1651 1324 1704 primis:

466 1715 498 1755 Ο
532 1720 707 1769 pater,
739 1728 762 1754 o
795 1715 996 1767 patria,
1029 1728 1053 1753 o
1084 1714 1268 1753 Priami
1302 1714 1502 1762 domus,

465 1778 709 1831 Saeptum
741 1777 982 1817 altisono
1015 1776 1233 1816 cardine
1265 1776 1540 1829 templum,

300 1849 336 1879 25
462 1840 581 1881 Vidi
613 1853 705 1893 ego
736 1845 802 1887 te,
834 1840 1086 1880 adstante
1120 1852 1214 1892 ope
1247 1839 1543 1887 barbarica,

464 1904 639 1943 Tectis
673 1902 927 1950 caelatis,
960 1902 1253 1955 laqueatis,

463 1967 624 2013 Auro,
658 1965 813 2005 ebore
846 1965 1160 2004 instructam
1190 1964 1428 2017 regifice.

351 2025 418 2068 45.
452 2028 485 2068 O
518 2033 686 2082 poetam
718 2028 955 2081 egregium!
992 2040 1246 2081 quamquam
1278 2028 1328 2068 ab
1361 2028 1424 2067 his
1458 2028 1693 2068 cantoribus
1715 2027 1998 2081 Euphorionis
2030 2040 2127 2067 con-

351 2091 562 2131 temnitur.
618 2091 753 2130 Sentit
784 2091 924 2129 omnia
963 2091 1183 2143 repentina
1216 2096 1256 2130 et
1286 2091 1536 2143 necopinata
1567 2104 1657 2130 esse
1689 2091 1890 2144 graviora.
1937 2091 2128 2143 Exagge-

301 2161 338 2191 3ο
351 2154 449 2194 ratis
471 2155 596 2207 igitur
617 2153 744 2206 regiis
768 2153 931 2206 opibus,
956 2166 1064 2205 quae
1087 2152 1337 2192 videbantur
1358 2154 1637 2206 sempiternae
1659 2153 1761 2202 fore,
1784 2153 1884 2207 quid
1907 2152 2127 2205 adiungit?

463 2217 603 2256 Haec
635 2215 813 2255 omnia
843 2215 952 2255 vidi
984 2213 1340 2264 inflammari,

463 2279 670 2319 Priamo
701 2278 747 2317 vi
779 2278 941 2318 vitam
974 2278 1193 2326 evitari,

464 2341 613 2382 Iovis
644 2353 782 2379 aram
814 2340 1075 2392 sanguine
1107 2341 1326 2395 turpari.

352 2400 418 2442 46.
450 2402 713 2443 Praeclarum
751 2403 943 2443 carmen!
988 2409 1051 2442 est
1088 2403 1198 2442 enim
1230 2409 1270 2443 et
1300 2403 1423 2443 rebus
1456 2408 1497 2443 et
1527 2402 1666 2443 verbis
1698 2407 1739 2442 et
1771 2402 1904 2442 modis
1935 2400 2126 2454 lugubre.

301 2474 338 2503 35
350 2465 587 2518 Eripiamus
619 2465 714 2505 huic
745 2464 1068 2518 aegritudinem.
1121 2465 1213 2513 Quo
1237 2465 1392 2505 modo?
1425 2465 1692 2506 conlocemus
1714 2465 1758 2504 in
1780 2464 1927 2504 culcita
1946 2464 2126 2518 plumea,

351 2528 566 2580 psaltriam
588 2526 866 2575 adducamus,
897 2526 1100 2580 hedychri
1123 2527 1393 2568 incendamus
1417 2527 1648 2576 scutellam,
1682 2526 1916 2567 dulciculae
1938 2526 2124 2580 potionis

442 2702 473 2732 t.
499 2701 631 2740 hydratt
656 2701 679 2732 C
700 2718 734 2722 —
762 2701 794 2731 2.
821 2709 985 2740 exponens
1010 2701 1034 2732 C
1056 2718 1089 2722 —
1118 2700 1149 2731 3.
1172 2701 1266 2731 sertis
1282 2699 1449 2732 Wolfius:
1476 2703 1507 2732 et
1528 2700 1623 2731 sertis
1640 2700 1682 2737 (ἒς
1710 2699 1761 2740 [et]
1787 2700 1883 2732 sertis
1899 2700 1923 2732 O
1943 2718 1977 2722 —
2005 2702 2037 2733 5.
2057 2699 2126 2742 aut]

352 2754 388 2782 ut
413 2751 451 2781 G¹
477 2768 511 2773 —
547 2751 576 2782 7.
604 2751 759 2790 confertis
784 2749 822 2781 G¹
847 2768 882 2772 —
919 2750 948 2781 8.
973 2751 1148 2789 prtuemur
1179 2750 1242 2780 GR
1270 2766 1305 2772 —
1339 2750 1388 2781 210.
1417 2750 1462 2781 mi
1487 2750 1623 2781 Grotius
1649 2750 1683 2780 et
1706 2750 1896 2782 Manutius:
1931 2750 2011 2781 mihi
2035 2750 2059 2782 C
2087 2767 2123 2772 —

354 2801 406 2832 Μ.
435 2801 561 2832 occidat
586 2801 631 2832 O.
657 2801 745 2832 Vide
771 2801 807 2832 O.
828 2799 1007 2831 Ribbeckii
1033 2800 1166 2839 Tragic.
1194 2800 1265 2830 Lat.
1293 2800 1428 2840 Fragm.
1448 2809 1482 2840 p.
1501 2800 1553 2830 57.
1576 2815 1611 2821 —
1640 2799 1691 2830 1¹2.
1712 2798 1817 2838 quid?
1840 2799 2128 2840 huic--plorare

353 2858 384 2881 se
408 2850 533 2881 desinat
555 2851 685 2882 Nonius
711 2859 744 2891 p.
763 2850 838 2882 545.
869 2868 903 2872 —-
932 2850 983 2881 46.
1007 2849 1167 2890 praesidii
1191 2849 1215 2880 C
1243 2866 1278 2870 —
1307 2850 1356 2881 47.
1376 2850 1511 2881 Ausonio
1536 2853 1594 2880 aut
1617 2849 1699 2881 exili
1722 2848 1890 2882 Ribbeck.
1921 2866 1956 2872 —
1983 2849 2076 2881 exitii
2100 2848 2124 2880 C

357 2916 392 2921 -
417 2899 518 2939 fuyae
542 2900 566 2931 Ο
595 2917 630 2924 -
658 2900 708 2931 48.
737 2901 893 2932 accedam
917 2900 942 2931 C
970 2917 1005 2922 —
1032 2900 1084 2931 20.
1111 2899 1182 2940 atti]
1208 2899 1266 2929 alii
1292 2900 1315 2930 C
1346 2917 1379 2922 —
1406 2900 1460 2930 21.
1488 2899 1608 2931 abiecte
1633 2899 1660 2939 (c
1684 2901 1869 2940 expuncta)
1888 2900 1915 2931 G
1934 2917 1969 2922 —-
1995 2899 2048 2931 22.
2066 2898 2127 2930 illa

354 2950 388 2980 in
411 2949 626 2989 Tregderus:
654 2950 746 2981 illum
772 2951 815 2987 C;
842 2950 924 2981 illud
946 2951 978 2981 in
1005 2950 1030 2981 O
1059 2967 1091 2972 ——
1122 2950 1174 2980 25.
1202 2950 1387 2981 adstantem
1412 2950 1456 2986 C;
1491 2950 1534 2982 cf.
1558 2951 1570 2981 Ι
1595 2949 1612 2990 ἓ
1638 2949 1691 2981 85.
1720 2967 1755 2972 —
1780 2949 1833 2980 26.
1859 2949 1972 2981 celatis
1996 2949 2061 2980 GR
2086 2964 2122 2970 —-

354 2999 407 3031 27.
434 2999 597 3039 reyificem
622 3002 645 3031 G
661 3001 686 3031 R
711 3002 745 3032 et
769 3009 801 3031 m
826 3000 941 3032 deleta
965 3001 989 3031 B
1018 3016 1052 3022 —
1079 2999 1132 3031 28.
1159 3000 1311 3039 neyrtum
1328 3001 1383 3037 G1,
1411 3001 1602 3040 aeyreyium
1626 3000 1652 3031 R
1680 3016 1715 3022 —
1743 2998 1795 3030 30.
1813 2999 1902 3039 regis
1918 2999 1956 3031 C.
1984 2998 2126 3039 «A-ptius

354 3046 493 3078 videtur
516 3049 613 3088 regiis
636 3049 656 3079 i.
678 3058 708 3080 e.
729 3048 850 3089 quales
876 3050 1105 3080 Troianorum
1130 3057 1254 3089 regum
1280 3049 1438 3085 fuerumt.
1466 3049 1508 3081 cf.
1528 3050 1546 3089 g
1566 3047 1621 3080 44:
1653 3051 1682 3080 te
1697 3049 1960 3080 ——instructam
1982 3048 2125 3089 reyifice.

355 3098 393 3128 In
425 3097 675 3136 antiquissimis
708 3098 811 3130 codd.
846 3107 908 3139 pro
933 3099 957 3129 ii
984 3106 1156 3139 persaepe
1181 3100 1192 3129 i
1225 3098 1331 3129 scribi
1357 3101 1480 3130 notum
1506 3100 1576 3136 est,
1609 3099 1647 3129 ut
1675 3099 1709 3129 in
1741 3098 1809 3129 hoc
1838 3098 1914 3139 ipso
1943 3098 2045 3139 reyiis
2072 3096 2127 3137 (de

355 3147 440 3186 Rep.
466 3146 495 3176 ll
521 3145 560 3186 §S
584 3147 637 3177 29.
665 3146 751 3186 31).»
777 3148 832 3179 W.
862 3165 896 3170 -—
929 3149 1148 3187 sempiternae
1173 3148 1204 3187 (a
1229 3146 1353 3183 deleta>
1380 3149 1406 3179 R
1432 3165 1466 3170 —
1503 3148 1555 3179 33.
1581 3148 1666 3179 Iovis
1689 3156 1789 3178 aram
1811 3147 1972 3188 sanquine
1995 3145 2130 3186 turpari

356 3195 488 3227 Nonius
514 3203 546 3235 p.
567 3195 640 3227 481.
663 3213 697 3218 -
724 3197 918 3237 sanquinem
943 3199 968 3229 G
984 3199 1009 3229 R
1035 3197 1109 3237 (sed
1134 3199 1167 3228 in
1193 3198 1218 3229 R
1242 3206 1275 3228 m
1295 3196 1409 3228 deleta
1435 3199 1497 3238 est)
1519 3215 1554 3220 —
1581 3198 1633 3230 35.
1661 3198 1909 3237 eripiamus--
1926 3197 2133 3228 adducamus

356 3245 486 3276 Nonius
519 3253 553 3285 p.
580 3245 655 3277 542.
685 3263 717 3269 -
758 3246 809 3278 36.
838 3248 1061 3286 adducamus,
1099 3247 1252 3286 hedychri
1280 3248 1496 3279 incendamus
1529 3248 1718 3286 scutellam,
1757 3246 1940 3278 dulciculae
1973 3244 2127 3285 Madvig:

356 3294 562 3326 adducamus
586 3295 637 3334 (in
663 3296 687 3326 G
702 3295 726 3327 R
752 3304 842 3328 corr.
870 3306 912 3330 ex
937 3299 1181 3339 aducamus)
1208 3298 1324 3329 damus
1346 3297 1525 3336 hedrycum
1550 3297 1735 3336 <aedricum
1759 3297 1795 3337 G)
1819 3295 2036 3328 incendamus
2057 3301 2133 3326 scu—
