2249 3624
253 181 334 223 874
979 182 1046 222 DE
1077 180 1304 220 LEGIBUS

367 289 480 329 XXI.
521 288 603 329 Aa.
633 289 744 340 Ergo
775 287 1000 327 adsentiris
1020 285 1230 327 Antiocho
1261 285 1456 325 familiari
1488 298 1582 324 meo
1605 308 1657 313 --
1680 284 1878 337 magistro
1911 285 2021 324 enim

252 366 337 392 non
367 350 504 391 audeo
537 351 675 391 dicere
698 372 765 398 —,
797 363 979 403 quocum
1011 349 1097 388 vixi
1128 355 1169 388 et
1200 349 1273 402 qui
1304 361 1370 387 me
1402 361 1455 388 ex
1485 348 1637 388 nostris
1668 360 1801 402 paene
1824 347 2023 386 convellit

252 413 431 453 hortulis
471 413 731 465 deduxitque
768 414 810 452 in
849 412 1117 451 Academiam
1156 409 1423 464 perpauculis
1462 410 1671 464 passibus.
1740 409 1796 449 M.
1833 409 1907 448 Vir
1944 409 2022 448 iste

251 476 330 516 fuit
359 476 431 515 ille
464 475 635 528 quidem
667 474 850 528 prudens
891 480 930 514 et
967 479 1113 513 acutus
1146 478 1187 512 et
1217 474 1260 512 in
1291 485 1367 511 suo
1400 485 1551 524 genere
1583 471 1788 525 perfectus
1820 471 2022 524 mihique,

228 544 300 578 5ut
329 539 430 585 seis,
471 536 709 583 familiaris,
751 537 853 590 quoi
891 542 1031 576 tamen
1073 549 1150 588 ego
1188 534 1401 574 adsentiar
1443 535 1485 573 in
1525 534 1718 574 omnibus
1757 546 1891 572 necne
1923 546 2024 573 mox

253 600 421 641 videro:
452 600 532 639 hoc
563 599 668 646 dico,
701 599 1031 638 controversiam
1062 604 1191 637 totam
1222 598 1342 636 istam
1371 609 1496 649 posse
1519 596 1669 636 sedari.
1729 595 1795 635 55.
1827 596 1907 635 Act.
1939 596 2022 644 Qui

253 663 359 703 istuc
390 662 556 702 tandem
589 660 735 700 vides?
795 661 849 700 M.
893 661 1021 708 Quia,
1054 660 1110 706 si,
1142 665 1188 699 ut
1220 658 1346 698 Chius
1378 659 1515 698 Aristo
1558 658 1664 698 dixit
1700 658 1835 698 solum
1867 659 2023 698 bonum

256 737 348 765 esse
381 724 494 777 quod
525 723 751 762 honestum
784 729 916 770 esset,
960 723 1203 775 malumque
1244 722 1359 774 quod
1402 727 1542 774 turpe,
1584 726 1745 760 ceteras
1781 735 1848 761 res
1889 721 2025 761 omnis

254 788 380 841 plane
420 786 532 839 paris
573 798 620 824 ac
658 798 711 824 ne
743 785 961 824 minimum
995 785 1165 838 quidem
1198 789 1334 823 utrum
1367 783 1563 824 adessent
1593 797 1646 823 an
1676 783 1872 823 abessent
1899 783 2027 823 inter-

209 860 370 897 ioesse‚
410 849 530 888 valde
561 861 584 887 a
617 849 856 887 Xenocrate
889 854 929 887 et
959 847 1181 887 Aristotele
1215 853 1255 886 et
1285 846 1336 886 ab
1368 846 1440 886 illa
1471 846 1656 886 Platonis
1687 845 1842 885 familia
1873 846 2027 885 discre-

256 920 376 968 paret
412 919 446 952 et
485 916 595 951 esset
634 912 744 950 inter
775 924 847 950 eos
880 912 931 950 de
963 924 1006 950 re
1039 910 1220 949 maxima
1251 915 1291 948 et
1323 909 1374 948 de
1406 910 1519 948 omni
1550 907 1716 947 vivendi
1749 909 1912 947 ratione
1943 907 2026 947 dis-

257 976 417 1016 sensio:
464 987 575 1013 nunc
615 986 734 1020 vero,
782 986 910 1026 quom
951 974 1100 1022 decus,
1140 974 1251 1027 quod
1293 974 1454 1026 antiqui
1493 987 1699 1013 summum
1739 973 1895 1011 bonum
1935 984 2028 1011 esse

257 1038 464 1084 dixerant,
494 1036 561 1076 hie
594 1036 731 1075 solum
762 1036 919 1075 bonum
951 1036 1075 1084 dicat,
1107 1037 1291 1089 itemque
1324 1036 1506 1075 dedecus
1538 1036 1599 1074 illi
1627 1048 1832 1074 summum
1859 1034 2027 1081 malum,

256 1100 324 1139 hic
356 1099 504 1146 solum,
537 1098 719 1145 divitias,
747 1099 1043 1146 valetudinem,
1077 1099 1432 1152 pulchritudinem
1464 1098 1704 1138 commodas
1736 1109 1800 1136 res
1831 1096 2028 1149 appellet,

209 1174 243 1202 45
258 1175 342 1201 non
372 1162 524 1207 bonas,
556 1167 865 1214 paupertatem,
899 1160 1178 1208 debilitatem,
1211 1160 1394 1201 dolorem
1427 1159 1731 1205 incommodas,
1765 1172 1848 1198 non
1883 1158 2028 1203 malas,

258 1225 385 1265 sentit
414 1223 525 1263 idem
558 1223 671 1277 quod
703 1224 976 1270 Xenocrates,
1010 1224 1124 1277 qnod
1156 1224 1416 1270 Aristoteles,
1449 1223 1636 1275 loquitur
1666 1221 1748 1261 alio
1782 1219 1920 1260 modo·
1965 1221 2028 1259 Ex

256 1287 335 1327 hac
366 1292 505 1326 autem
537 1300 621 1326 non
653 1299 805 1333 rerum,
838 1287 911 1326 sed
943 1287 1162 1326 verborum
1195 1286 1404 1326 discordia
1435 1284 1721 1324 controversia
1753 1288 1816 1322 est
1847 1288 1944 1322 nata
1976 1281 2028 1321 de

257 1348 433 1390 finibus:
482 1349 525 1388 in
558 1361 662 1402 qua,
695 1349 896 1403 quoniam
927 1362 1029 1388 usus
1061 1350 1278 1402 capionein
1310 1347 1532 1387 duodecim
1564 1347 1731 1386 tabulae
1764 1346 1872 1385 intra
1904 1345 2027 1398 quin-

259 1426 342 1466 que
374 1411 503 1464 pedes
536 1424 626 1451 esse
659 1412 904 1458 noluerunt,
944 1411 1115 1465 depasci
1146 1417 1329 1450 veterem
1363 1410 1674 1462 possessionem
1707 1407 1947 1448 academiae
1978 1407 2029 1446 ab

208 1475 337 1516 eohoe
375 1480 497 1514 acuto
538 1474 706 1514 homine
746 1487 830 1513 non
872 1474 1083 1522 sinemus,
1124 1487 1198 1514 nec
1232 1473 1415 1513 Mamilia
1446 1472 1538 1524 lege
1569 1471 1747 1524 singuli,
1792 1470 1865 1510 sed
1903 1484 1925 1510 e
1966 1483 2029 1509 xil

259 1544 341 1578 tres
373 1537 519 1576 arbitri
551 1534 642 1576 finis
673 1550 880 1589 regemus.
931 1535 998 1576 56.
1033 1538 1079 1586 Q.
1113 1537 1347 1585 Quamnam
1379 1535 1504 1587 igitur
1535 1533 1783 1573 sententiam
1821 1532 2029 1572 dicimus?

258 1602 313 1641 M.
360 1600 534 1653 Requiri
577 1599 743 1652 placere
783 1600 1007 1646 terminos,
1054 1613 1158 1652 qnos
1203 1599 1397 1638 Socrates
1438 1597 1627 1650 pegerit,
1675 1596 1811 1648 iisque
1864 1607 2028 1647 parere.

263 1663 311 1712 Q.
354 1661 595 1708 Praeclare,
634 1661 786 1709 frater,
824 1662 907 1701 iam
947 1675 1058 1701 nuuc
1095 1675 1117 1701 a
1155 1667 1195 1701 te
1235 1661 1361 1699 verba
1399 1665 1653 1712 usurpantur
1684 1658 1819 1697 civilis
1851 1656 1954 1695 iuris
1987 1661 2029 1695 et

260 1726 421 1778 legum,
463 1738 547 1777 quo
580 1724 630 1763 de
662 1737 814 1776 genere
846 1730 1046 1776 exspecto
1080 1723 1407 1776 disputationem
1439 1728 1572 1769 tuam3
1613 1733 1710 1759 nam
1749 1720 1828 1758 ista
1859 1718 2030 1772 quidem

213 1800 248 1829 -25
264 1799 411 1839 magna
443 1786 686 1825 diiudicatio
720 1792 804 1833 est,
837 1793 882 1825 ut
913 1799 965 1825 ex
996 1791 1035 1825 te
1067 1786 1159 1838 ipso
1191 1798 1316 1837 saepe
1349 1785 1538 1837 cognovi.
1600 1781 1699 1831 [Sed
1732 1788 1843 1821 certe
1875 1782 1933 1820 ita
1964 1793 2030 1819 res

264 1862 307 1889 se
339 1848 483 1895 habet,
522 1854 566 1888 ut
597 1862 650 1888 ex
681 1855 829 1889 natura
860 1849 998 1888 vivere
1030 1862 1236 1887 summum
1268 1848 1424 1885 bonum
1456 1847 1530 1893 sit,
1563 1846 1605 1885 id
1637 1852 1720 1891 est,
1754 1844 1838 1883 vita
1866 1842 2033 1883 modica

265 1918 306 1951 et
336 1917 430 1964 apta
460 1911 611 1950 virtute
643 1911 823 1964 perfrui,
856 1917 926 1950 aut
956 1916 1146 1950 naturam
1179 1910 1297 1962 sequi
1331 1915 1372 1948 et
1402 1911 1492 1948 eius
1524 1909 1643 1961 quasi
1674 1908 1766 1959 lege
1797 1906 1960 1953 vivere,
1990 1904 2033 1944 id

266 1980 349 2021 est,
381 1974 509 2020 nihil,
542 1981 740 2026 quantum
772 1975 814 2012 in
847 1975 937 2027 ipso
970 1975 1043 2020 sit,
1076 1971 1411 2025 praetermittere
1443 1984 1525 2023 quo
1557 1970 1693 2009 minus
1726 1982 1787 2015 ea,
1821 1980 1929 2021 quae
1960 1979 2033 2006 na-

265 2043 356 2077 tura
386 2036 592 2090 postulet,
625 2042 927 2090 consequatur,
961 2036 1075 2089 quod
1106 2035 1213 2074 inter
1242 2035 1344 2073 haec
1376 2032 1477 2072 velit
1510 2032 1661 2073 virtute
1693 2036 1908 2084 tamquam
1939 2029 2032 2082 lege

352 2220 381 2252 Ξ.
407 2227 570 2258 quoquom
594 2217 633 2249 Α1
673 2235 704 2240 ·—-
745 2227 794 2248 me
817 2226 860 2248 ca>
883 2226 924 2247 no
957 2219 981 2247 A
1013 2217 1047 2247 in
1070 2224 1139 2246 ras.
1166 2214 1274 2245 habet
1313 2232 1346 2236 —
1385 2212 1541 2243 conuellet
1565 2209 1656 2243 A¹B¹
1695 2229 1729 2234 —-
1768 2209 1798 2241 4.
1824 2210 1886 2249 fuit
1909 2209 1963 2240 ille
1987 2210 2033 2240 H:

262 2269 354 2310 futile
379 2270 434 2300 AB
475 2286 509 2291 —-
547 2268 676 2306 quidem
701 2267 782 2298 edd.
808 2268 906 2297 vett:
934 2274 1003 2297 oin.
1023 2266 1047 2297 C
1087 2282 1121 2286 —-
1160 2267 1277 2295 aculus
1300 2266 1329 2294 ec
1348 2263 1495 2301 prudens
1519 2262 1546 2292 H
1585 2278 1621 2282 —
1658 2261 1689 2292 5.
1717 2261 1794 2299 quoi
1817 2262 1843 2292 A
1870 2268 1959 2291 corr.
1986 2268 2034 2291 m.

265 2327 332 2359 pr.:
359 2327 422 2357 quo
446 2318 547 2355 A1ss1,
573 2318 627 2348 cui
652 2316 690 2348 [3²
704 2318 770 2348 llO
798 2333 832 2338 —
869 2317 898 2346 6.
926 2317 984 2347 hoc
1007 2316 1099 2346 video
1126 2314 1216 2345 Bake
1245 2331 1278 2336 —
1307 2315 1363 2350 qui
1389 2312 1474 2343 dett.
1495 2310 1644 2350 aliquot:
1672 2311 1752 2349 quin
1777 2311 1801 2342 C
1829 2326 1864 2331 —
1892 2310 1924 2340 7.
1951 2309 2038 2340 istud

266 2369 291 2399 O
329 2385 364 2391 -
402 2368 526 2406 &lixit
550 2368 591 2405 O,
625 2371 660 2397 ut
683 2367 779 2398 Chius
802 2366 923 2402 Aristo,
950 2366 1069 2396 diceret
1101 2364 1245 2400 Davies,
1280 2363 1384 2400 dimit,
1404 2361 1539 2392 dixisset
1570 2359 1726 2399 Madvig,
1764 2362 1798 2390 at
1822 2368 1854 2390 v,
1881 2359 1972 2390 Bake
2004 2359 2039 2389 et

266 2416 475 2457 Feldhuegel
515 2434 550 2438 —
588 2418 618 2448 8.
645 2425 709 2448 esse
734 2417 819 2455 quod
842 2416 917 2446 Ιιοιι.
945 2423 1014 2445 om.
1037 2416 1061 2445 H
1098 2432 1131 2436 —
1169 2414 1337 2444 honestum
1362 2421 1427 2443 esse
1450 2412 1511 2442 AB
1551 2427 1586 2433 —-
1625 2410 1656 2441 9.
1681 2418 1780 2449 pares
1803 2407 1844 2441 A2
1856 2406 1974 2440 B2H0
2001 2424 2036 2429 —

264 2477 304 2498 ne
327 2468 465 2498 nimium
489 2467 546 2498 AB
587 2484 622 2489 —
664 2467 716 2497 40.
745 2466 784 2497 ab
808 2466 862 2496 illo
887 2465 938 2495 AB
979 2482 1011 2486 —
1052 2465 1104 2495 Μ.
1132 2468 1160 2495 et
1185 2468 1262 2494 esset
1287 2472 1370 2494 nos:
1397 2466 1475 2493 esset
1499 2458 1597 2497 B¹H‚
1631 2463 1774 2500 essetque
1805 2458 1942 2495 AB20‚
1975 2455 2039 2488 sed

266 2520 292 2549 A
317 2518 367 2549 sic
392 2518 424 2547 in
449 2525 518 2547 ras.
559 2533 594 2538 —
637 2517 687 2547 12.
715 2525 789 2546 cum
812 2516 907 2545 decus
932 2515 976 2553 H,
1012 2515 1097 2552 quod
1121 2515 1216 2544 decus
1242 2514 1298 2545 AB
1326 2522 1366 2543 ex
1393 2513 1555 2551 quodecus
1581 2528 1615 2532 -
1650 2510 1702 2543 43.
1728 2509 1886 2540 dixerunt
1909 2506 2040 2547 aliquot

267 2567 352 2598 dett.
382 2570 465 2605 {cum
482 2568 578 2597 decus
594 2567 724 2604 antiqui
740 2583 788 2588 --
805 2566 951 2595 dixerint
975 2564 1125 2602 Matlxig)
1154 2582 1187 2586 —
1216 2564 1362 2600 (ledet-iis,
1389 2562 1474 2601 quod
1497 2561 1546 2592 illi
1572 2558 1692 2591 Lamb.
1720 2560 1755 2589 et
1778 2559 1797 2589 ‘2
1822 2556 1924 2588 codd.
1953 2555 2038 2586 dett.

270 2634 305 2638 —
333 2616 384 2648 214.
410 2617 582 2647 commoda
606 2613 643 2647 ΑΙ
688 2633 720 2637 -
763 2615 814 2645 47.
841 2618 923 2645 nata
947 2618 991 2645 est
1021 2614 1063 2644 O:
1102 2616 1146 2643 est
1168 2616 1250 2643 mzla
1274 2612 1431 2653 definibus
1460 2614 1487 2642 A
1512 2612 1546 2642 in
1570 2618 1638 2642 ras.
1666 2608 1774 2640 habet
1810 2625 1845 2630 —
1886 2607 1937 2638 ⁴8.
1963 2614 2042 2637 usus

266 2667 438 2706 capionem
468 2667 533 2697 ΒΗ
568 2666 618 2704 (m
642 2666 672 2695 in
700 2665 722 2695 B
750 2666 948 2704 punctata):
986 2664 1222 2701 usucapionem
1247 2663 1291 2698 03
1323 2662 1596 2700 wusccipioness-ss·
1615 2659 1717 2689 decim
1750 2659 1845 2698 (sup.
1871 2655 1930 2688 lin.
1957 2656 2037 2687 add.

268 2717 342 2755 duo)
369 2720 393 2747 Α
423 2734 456 2737 -
491 2717 581 2745 intra
606 2715 660 2745 eil.
682 2714 822 2754 Steplr:
850 2715 935 2745 iulet·
960 2714 983 2743 C
1013 2730 1048 2734 —
1091 2713 1136 2743 ¹9.
1164 2713 1339 2742 noluerunt
1364 2710 1531 2742 Alc-intus:
1566 2709 1733 2739 voluerint
1758 2707 1781 2738 C
1821 2724 1856 2728 —-
1893 2706 1945 2737 ἛΟ.
1972 2707 2041 2736 εἰη-

267 2766 336 2806 guli
359 2767 413 2797 sed
437 2775 452 2796 e
474 2774 523 2796 111
546 2768 612 2795 tres
637 2765 856 2795 Rani-onctus
883 2763 955 2801 (sed
980 2764 1116 2800 caesim:
1144 2761 1281 2800 sin-cyulis
1304 2761 1357 2791 sed
1381 2769 1422 2790 ew
1447 2761 1472 2789 is
1497 2759 1554 2798 (his
1573 2759 1609 2795 H)
1634 2766 1686 2788 res
1712 2758 1757 2793 (Σς
1784 2755 1906 2795 sinquli
1928 2756 1982 2786 sed
1998 2763 2043 2786 ex

268 2816 316 2845 his
339 2819 403 2845 [res
427 2816 451 2845 O
477 2823 558 2845 cuni
584 2815 755 2846 Manutio3
789 2816 822 2843 at
849 2822 878 2842 v.
902 2812 1032 2843 Vahlen
1065 2813 1096 2841 in
1120 2811 1271 2841 Zcilschr.
1297 2810 1354 2849 fiir
1378 2811 1429 2840 die
1453 2813 1568 2840 (ister-r.
1589 2807 1788 2846 Gymnasien
1815 2806 1911 2843 4860,
1938 2814 1971 2845 p.
1987 2805 2040 2836 30.

271 2881 305 2886 —-
334 2865 385 2895 21.
410 2865 485 2904 finis
509 2866 549 2894 (Ξῖ
578 2866 658 2903 fines
682 2865 706 2894 O
734 2881 765 2884 -
794 2864 932 2893 dicimus
957 2863 1000 2892 C:
1028 2862 1171 2892 dicemus
1195 2862 1219 2891 O
1246 2870 1326 2891 cuni
1355 2862 1364 2891 l
1396 2860 1472 2890 eod.
1494 2859 1563 2890 det.
1600 2876 1634 2880 -ss
1673 2858 1726 2888 022.
1753 2857 1892 2887 socratis
1917 2856 1978 2886 ΑΒ
2004 2871 2039 2877 ——

267 2916 391 2954 pcgyerit
416 2914 495 2944 AB:
528 2914 692 2953 ρρρίρενὶί,
718 2914 763 2948 ΙΙ;
802 2913 892 2943 cont.
922 2912 1025 2942 Prisc.
1046 2912 1090 2947 X,
1111 2912 1142 2947 ὃ,
1163 2910 1202 2940 32
1230 2918 1260 2949 p.
1278 2910 1339 2940 5213
1367 2910 1480 2940 Hertz.
1510 2925 1543 2930 ——
1576 2915 1705 2946 parare
1728 2907 1754 2936 A
1793 2922 1827 2927 —-
1866 2904 1918 2936 24.
1944 2904 2042 2935 isla*

270 2965 400 3005 quidem
423 2971 573 3003 moytia*
598 2966 622 2993 Α
651 2980 684 2984 -
726 2964 775 2993 25.
804 2962 982 2993 diiudicalo
1006 2960 1045 2991 ΑΙ
1075 2978 1104 2981 m
1136 2960 1243 2990 xerlizi
1267 2961 1320 2990 sed
1344 2963 1428 2989 certe
1445 2977 1491 2981 --
1508 2960 1631 2994 vivere,
1658 2955 1816 2996 pluribus
1844 2953 2043 2985 nominibus

270 3016 453 3053 suspecta,
480 3013 553 3043 aliis
580 3011 830 3051 praeeuntibus
857 3013 892 3041 ut
917 3011 1062 3041 insiticia
1090 3010 1223 3040 uncinis
1249 3008 1602 3046 cireninscripsimus.
1651 3007 1787 3043 Longae
1812 3003 2042 3034 litteratorum

271 3064 452 3094 hominum
485 3062 527 3092 de
558 3061 634 3092 loco
667 3062 922 3101 disputationes
956 3069 995 3090 ex
1023 3060 1115 3091 Bakii
1146 3062 1180 3088 et
1209 3067 1249 3087 cx
1277 3055 1510 3094 Feliltiuegelii
1535 3054 1745 3086 editionibus
1771 3054 1933 3092 cognosci
1960 3061 2043 3093 pos—

272 3114 363 3144 sunt.
394 3128 427 3132 —
456 3120 506 3141 res
529 3112 575 3142 im
601 3113 624 3140 ()
662 3129 704 3133 —
740 3112 791 3141 ⁴26.
819 3116 910 3141 ,sc-22²*
930 3111 961 3148 (i,
983 3119 1012 3138 e.
1032 3115 1108 3141 sese,
1128 3107 1162 3135 nt
1182 3108 1337 3145 appareti
1364 3107 1389 3135 A
1430 3122 1463 3125 —-
1501 3104 1597 3134 habet
1623 3103 1775 3134 Ernesti:
1812 3103 1929 3133 habent
1952 3103 1976 3133 C
2006 3119 2037 3124 -

272 3163 399 3191 uiueret
424 3158 460 3190 Βι
498 3177 531 3181 -
573 3161 624 3190 ⁵27.
651 3164 730 3197 sipla
756 3160 836 3190 edd.
858 3160 955 3188 vett:
984 3160 1102 3195 aperla
1127 3158 1149 3185 (I
1178 3157 1250 3193 (per
1276 3156 1306 3184 in
1334 3158 1354 3185 A
1384 3164 1446 3194 per
1470 3158 1620 3193 conip.):
1658 3156 1737 3191 αμία
1763 3161 1778 3183 e
1801 3154 1921 3182 virtute
1944 3154 1982 3182 Α.
2003 3152 2040 3181 G.

273 3212 396 3250 Zumpt
434 3225 468 3230 —
501 3210 631 3247 perfrui
655 3212 676 3237 Α
706 3211 737 3237 in
766 3216 831 3237 riis.
860 3206 966 3237 habet
1005 3223 1037 3227 --
1077 3205 1189 3242 sequi-2<
1215 3206 1252 3238 Α,
1279 3205 1381 3242 saluii
1409 3202 1443 3234 [3¹
1482 3219 1515 3224 —·
1555 3206 1583 3233 et
1609 3207 1668 3238 tea:
1691 3200 1739 3240 w)
1765 3202 1834 3232 eius
1857 3201 1951 3239 quasi
1975 3199 2042 3239 leye

275 3261 370 3291 3211:
398 3260 465 3290 eius
489 3268 556 3295 qn.
582 3280 587 3287 .
614 3281 620 3287 .
646 3267 711 3295 qua
736 3257 842 3296 (qnasi
867 3258 970 3294 corr)
996 3256 1063 3295 lesse
1087 3257 1113 3285 A
1140 3254 1272 3293 (menna
1299 3256 1350 3283 cst
1377 3260 1503 3283 norem
1529 3251 1699 3283 decemve
1724 3249 1948 3290 litterarum);
1975 3249 2042 3280 eius

275 3310 369 3348 quasi
392 3310 427 3337 ut
454 3308 493 3346 (ec
517 3305 623 3344 corr.)
648 3307 742 3345 quasi
766 3307 833 3346 lcyc
858 3304 894 3337 B¹
932 3322 966 3327 —
1007 3305 1059 3336 ⁴29.
1085 3305 1163 3335 haee
1188 3300 1243 3334 15²:
1277 3303 1335 3333 hoc
1360 3304 1397 3333 (j.
