2249 3624
251 132 333 173 684
965 137 1033 176 DE
1066 136 1289 176 OFFICIIS

253 241 410 281 cultum
452 247 493 281 et
532 242 582 281 ad
624 255 764 281 earum
803 254 964 289 rerum,
1010 241 1163 295 quibus
1194 246 1369 282 utuntur
1396 242 1612 290 homines,
1653 242 1918 291 facultatem,
1955 242 2009 283 ad

252 316 377 356 opeS,
408 304 459 343 ad
490 304 645 356 copias.
707 301 767 356 [ln
799 316 882 356 quo
914 308 999 343 tum
1032 305 1177 357 quaeri
1208 304 1295 344 dixi
1327 305 1429 358 quid
1458 305 1583 352 utile,
1616 305 1716 359 quid
1738 305 1899 352 inutile,
1921 310 2009 345 tum

253 379 306 406 ex
334 366 506 406 utilibus
539 366 641 419 quid
672 366 817 405 utilius
848 371 920 406 aut
951 366 1052 419 quid
1084 367 1267 406 maxime
1296 364 1429 420 utile.]
1491 368 1550 406 De
1582 367 1736 420 quibus
1768 367 1907 408 dicere
1938 367 2010 407 ad-

251 428 428 481 grediar,
460 428 493 467 si
524 441 656 481 pauca
685 429 802 481 prius
834 429 884 468 de
915 428 1106 468 instituto
1138 442 1185 468 ac
1212 429 1263 469 de
1286 429 1442 469 iudicio
1466 443 1558 469 meo
1581 429 1742 469 dixero.
1792 428 1830 469 Ξ).
1855 430 2011 478 Quam-

219 499 377 544 5quam
408 491 516 530 enim
548 491 643 531 libri
675 491 804 531 nostri
836 491 1075 544 complures
1104 504 1191 530 non
1222 491 1345 531 modo
1385 492 1436 532 ad
1466 492 1658 545 legendi,
1699 492 1771 531 sed
1803 493 1926 532 etiam
1958 491 2011 531 ad

250 553 458 593 scribendi
499 554 684 593 studium
724 554 1034 601 excitaverunt,
1075 559 1213 594 tamen
1252 555 1461 594 interdum
1499 568 1648 595 vereor
1678 569 1730 595 ne
1762 554 2012 608 quibusdam

249 615 370 654 bonis
408 615 508 655 viris
547 616 842 670 philosophiae
883 629 1035 656 nomen
1078 616 1132 656 sit
1168 617 1350 657 invisum
1380 617 1668 671 mirenturque
1700 618 1741 656 in
1773 630 1820 656 ea
1850 621 2012 656 tantum

251 691 316 717 me
346 691 498 731 operae
529 684 571 718 et
600 678 797 731 temporis
827 692 998 733 ponere.
1056 679 1145 732 Ego
1175 684 1335 727 autem,
1374 693 1498 732 quam
1539 680 1611 719 diu
1641 693 1709 720 res
1740 679 1908 732 publica
1938 692 2015 731 per

251 753 322 780 eos
353 741 591 792 gerebatur,
635 741 787 795 quibus
819 755 862 781 se
894 742 985 793 ipsa
1017 742 1300 789 commiserat,
1333 742 1469 782 omnis
1502 755 1614 782 meas
1646 756 1765 782 curas
1797 741 2015 794 cogitatio-

200 809 237 839 ἰο
251 815 408 856 nesque
450 803 492 842 in
535 816 624 843 eam
668 803 946 844 conferebam.
1019 803 1120 843 Cum
1153 809 1292 844 autem
1325 805 1540 844 dominatu
1572 806 1697 844 unius
1729 805 1867 844 omnia
1898 809 2015 843 tene-

250 870 397 904 rentur
426 879 564 918 neque
595 871 706 906 esset
737 879 914 920 usquam
946 866 1120 905 consilio
1154 873 1225 905 aut
1254 867 1493 906 auctoritati
1515 867 1649 914 locus,
1672 867 1810 907 socios
1833 866 2015 919 denique

250 926 429 967 tuendae
460 929 520 967 rei
550 929 761 982 publicae,
784 943 970 969 summos
992 929 1125 975 viros,
1147 929 1402 976 amisissem,
1424 943 1500 969 nec
1523 943 1588 969 me
1610 930 1836 983 angoribus
1858 928 2014 975 dedidi,

252 990 405 1043 quibus
437 1004 570 1031 essem
603 992 828 1040 confectus,
861 992 940 1031 nisi
972 991 1022 1030 iis
1053 991 1316 1038 restitissem,
1349 1005 1426 1031 nec
1452 1005 1616 1032 rursum
1640 992 1824 1044 indignis
1846 991 2015 1031 bomine

252 1052 374 1092 docto
405 1053 698 1107 voluptatibus.
759 1052 797 1093 3.
829 1056 966 1107 Atque
998 1054 1157 1092 utinam
1189 1067 1254 1092 res
1286 1054 1454 1106 publica
1487 1056 1674 1094 stetisset
1704 1068 1788 1108 quo
1820 1057 2017 1107 coeperat

202 1119 360 1155 lfistatu
401 1129 478 1155 nec
519 1116 561 1154 in
603 1117 794 1157 homines
840 1131 921 1156 non
970 1122 1052 1155 tam
1097 1117 1481 1155 commutandarum
1527 1130 1652 1170 quam
1698 1116 2015 1156 evertendarum

250 1191 389 1217 rerum
431 1178 606 1233 cupidos
646 1179 885 1219 incidisset!
950 1179 1130 1218 Primum
1163 1178 1294 1226 enim,
1335 1184 1380 1218 ut
1421 1184 1555 1219 stante
1596 1193 1639 1219 re
1680 1179 1847 1232 publica
1877 1177 2015 1218 facere

252 1240 501 1291 solebamus,
534 1243 577 1282 in
608 1242 772 1294 agendo
805 1242 896 1295 plus
929 1254 1053 1295 quam
1085 1241 1127 1279 in
1152 1240 1372 1280 scribendo
1396 1254 1549 1294 operae
1571 1254 1841 1295 poneremuS‚
1865 1241 2016 1281 deinde

251 1304 354 1357 ipsis
386 1305 548 1358 scriptis
579 1318 663 1344 non
695 1318 762 1352 ea,
806 1318 912 1358 quae
945 1317 1077 1351 nunc,
1110 1303 1182 1343 sed
1216 1303 1402 1343 actiones
1433 1310 1597 1344 nostras
1628 1304 1941 1351 mandaremus,
1970 1308 2018 1344 ut

252 1379 378 1419 saepe
408 1367 596 1408 fecimus.
657 1367 758 1407 Cum
790 1372 927 1406 autem
961 1380 1026 1406 res
1058 1366 1245 1419 publica,
1277 1366 1319 1405 in
1353 1379 1435 1419 qua
1467 1367 1601 1406 omnis
1634 1379 1725 1406 mea
1756 1379 1875 1414 cura,
1907 1367 2019 1419 cogi-

201 1435 239 1464 20
253 1430 374 1476 tatio,
407 1443 532 1483 opera
562 1430 660 1484 poni
693 1430 874 1477 solebat,
907 1430 1022 1468 nulla
1053 1434 1163 1468 esset
1194 1428 1377 1475 omnino,
1408 1428 1505 1468 illae
1537 1428 1694 1468 scilicet
1727 1429 1888 1469 litterae
1919 1442 2020 1469 con-

251 1494 462 1533 ticuerunt
492 1492 681 1532 forenses
713 1498 754 1532 et
784 1492 1032 1532 senatoriae.
1092 1489 1132 1530 4.
1166 1491 1278 1530 Nihil
1310 1504 1433 1543 agere
1464 1497 1604 1531 autem
1632 1503 1724 1530 cum
1747 1491 1912 1531 animus
1934 1505 2019 1532 non

252 1560 414 1610 posset,
456 1556 498 1594 in
530 1555 592 1595 his
625 1555 775 1594 studiis
815 1555 866 1594 ab
898 1555 1017 1594 initio
1050 1559 1237 1593 versatus
1270 1554 1417 1593 aetatis
1450 1554 1687 1594 existimavi
1720 1553 2018 1594 honestissime

253 1618 466 1658 molestias
504 1631 627 1671 posse
668 1618 846 1669 deponi,
889 1617 921 1656 si
961 1630 1025 1656 me
1063 1616 1114 1656 ad
1145 1616 1455 1670 philosophiam
1487 1616 1757 1656 rettulissem.
1819 1616 1894 1655 Cui
1926 1629 2020 1656 cum

253 1681 430 1721 multum
470 1680 715 1720 adulescens
760 1679 949 1719 discendi
989 1692 1114 1718 causa
1156 1679 1356 1731 temporis
1396 1679 1658 1726 tribuissem,
1704 1683 1851 1731 postea
1892 1692 2019 1732 quam

203 1742 481 1784 25h0n01·ibus
513 1743 715 1782 inservire
747 1743 864 1795 coepi
897 1755 1047 1795 meque
1080 1746 1214 1780 totum
1246 1741 1305 1780 rei
1338 1741 1528 1793 publicae
1555 1741 1728 1788 tradidi,
1751 1746 1910 1782 tantum
1932 1746 2021 1782 erat

253 1806 547 1859 philosophiae
578 1805 679 1852 loci,
707 1811 908 1858 quantum
932 1804 1194 1856 superfuerat
1216 1803 1442 1842 amicorum
1466 1809 1506 1843 et
1527 1805 1583 1843 rei
1606 1804 1798 1856 publicae
1822 1805 2021 1858 tempori-

254 1867 345 1908 bus.
391 1869 436 1908 Id
459 1875 596 1908 autem
622 1881 745 1907 omne
769 1866 1092 1906 consumebatur
1112 1866 1154 1904 in
1180 1865 1382 1917 legendo,
1405 1866 1615 1905 scribendi
1647 1866 1776 1906 otium
1807 1880 1890 1906 non
1920 1871 2020 1907 erat.

254 1932 304 1970 ΙΙ.
347 1929 386 1970 5.
428 1931 619 1970 Maximis
651 1930 777 1982 igitur
806 1930 848 1969 in
881 1929 1001 1968 malis
1034 1928 1112 1968 hoc
1144 1933 1292 1983 tamen
1314 1927 1411 1966 honi
1446 1928 1625 1968 assecuti
1657 1927 1871 1976 videmur,
1895 1935 1941 1969 ut
1972 1942 2022 1969 ea

255 1994 402 2033 litteris
435 1992 750 2038 mandaremus,
792 2005 899 2044 quae
940 2004 1018 2030 nec
1057 1995 1175 2029 erant
1215 1990 1314 2028 satis
1344 1995 1443 2029 nota
1475 1991 1628 2030 nostris
1661 1996 1701 2030 et
1732 1996 1850 2030 erant
1881 1991 2022 2044 cogni-

204 2061 241 2090 30
256 2057 368 2096 tione
401 2055 657 2108 dignissima.
722 2054 835 2102 Quid
868 2054 977 2094 enim
1011 2058 1094 2100 est,
1135 2066 1211 2106 per
1242 2052 1366 2099 deOS‚
1398 2050 1626 2104 optabilius
1658 2053 1886 2106 sapientia,
1918 2053 2022 2107 quid

255 2118 563 2172 praestantius,
606 2117 707 2170 quid
748 2116 908 2156 homini
942 2116 1115 2162 melius,
1161 2115 1262 2166 quid
1293 2115 1462 2154 homine
1495 2115 1689 2167 dignius?
1748 2115 1866 2155 Hanc
1897 2116 2024 2169 igitur

257 2181 329 2233 qui
371 2185 572 2233 expetunt
611 2178 853 2232 philosophi
894 2179 1185 2224 nominantur,
1226 2190 1302 2216 nec
1344 2177 1565 2230 quicquam
1598 2177 1711 2217 aliud
1743 2182 1806 2217 est
1836 2178 2024 2230 philoso-

256 2242 374 2295 phia,
405 2243 439 2282 si
470 2242 737 2294 interpretari
767 2241 892 2288 velis,
923 2246 1091 2294 praeter
1122 2239 1305 2279 studium
1338 2239 1579 2292 sapientiae.
1641 2239 1854 2293 Sapientia
1884 2245 2023 2280 autem

345 2423 374 2453 4.
401 2421 544 2452 homines
568 2421 611 2452 ad
633 2421 826 2460 facultatem
851 2428 869 2451 e
901 2437 935 2442 —
975 2421 1005 2451 2.
1032 2421 1068 2451 In
1094 2429 1158 2460 quo
1175 2438 1224 2444 --
1240 2421 1387 2451 maxime
1410 2420 1489 2451 utile
1512 2418 1580 2450 del.
1600 2420 1632 2451 S.
1653 2420 1689 2450 R.
1711 2419 1964 2452 Heumannnus
1989 2421 2024 2453 et

258 2471 481 2504 Facciolatus.
532 2472 594 2502 «ln
621 2472 776 2511 margine
808 2470 971 2501 videntur
1001 2470 1176 2511 adscripta
1205 2470 1324 2501 verbis
1354 2470 1437 2501 libro
1467 2470 1648 2509 superiore.
1696 2470 1746 2500 An
1772 2471 1875 2510 putas
1897 2471 1935 2501 In.
1958 2479 2023 2509 quo

257 2521 301 2553 ad
324 2522 412 2552 vitae
434 2521 557 2553 callum
587 2521 815 2553 referendum
847 2529 925 2552 esse
958 2522 992 2552 et
1014 2522 1063 2551 De
1087 2520 1204 2559 quibus
1227 2520 1270 2551 ad
1295 2521 1480 2560 officiorum
1502 2527 1626 2559 yenera
1649 2520 1852 2551 transverso
1878 2520 2024 2560 quidem

259 2570 382 2602 ordine
407 2571 627 2611 pertinere‘?»
653 2572 778 2602 Graxa.
809 2586 842 2592 -
883 2570 956 2601 (liri
980 2570 1073 2608 queri
1097 2578 1115 2601 c
1154 2587 1188 2592 —
1230 2573 1298 2601 lum
1322 2578 1366 2601 ex
1382 2569 1594 2600 -—maoei=me
1615 2569 1694 2600 utile
1717 2577 1782 2609 ep:
1809 2578 1880 2602 om.
1899 2570 2023 2604 BHab

259 2637 294 2643 —
322 2620 352 2652 4.
377 2621 526 2652 instituto
549 2625 579 2652 el
601 2621 722 2652 iudicio
746 2629 764 2652 c
799 2639 832 2643 -
868 2622 898 2652 5.
925 2620 1029 2651 nostri
1053 2619 1127 2650 libri
1151 2627 1170 2650 e
1207 2637 1242 2642 —
1274 2620 1305 2651 7.
1331 2620 1416 2650 uiris
1439 2619 1529 2650 bonis
1552 2627 1570 2650 c
1598 2637 1632 2642 —
1666 2620 1832 2650 mirentur
1853 2621 1889 2652 in
1911 2629 1951 2652 ea
1973 2629 2025 2652 me

258 2674 386 2701 tantam
410 2680 528 2710 operae
551 2675 580 2702 el
604 2673 757 2711 temporis
776 2679 899 2710 ponere
923 2670 1052 2701 Nonius
1076 2679 1110 2710 p.
1127 2670 1200 2701 368.
1231 2686 1264 2691 —
1292 2678 1342 2701 me
1364 2671 1399 2701 in
1423 2678 1462 2700 ea
1486 2672 1614 2700 tamum
1639 2677 1656 2700 c
1683 2686 1718 2690 —
1747 2669 1777 2700 8.
1804 2670 2024 2708 quamdiu--

257 2721 465 2751 commiserat
488 2721 618 2752 Nonius
643 2721 766 2762 p.⁶249.
793 2738 826 2743 -
861 2720 892 2751 9.
911 2729 943 2751 se
957 2717 1033 2758 ipsa
1052 2728 1090 2752 az
1116 2720 1190 2759 ipsa
1205 2728 1236 2750 se
1261 2727 1278 2750 c
1307 2737 1341 2741 -
1369 2719 1473 2750 omnis
1496 2727 1584 2750 meas
1599 2736 1647 2741 --
1663 2718 1870 2758 conferebam
1894 2719 2024 2751 Nonius

258 2779 292 2810 p.
308 2770 384 2801 268.
414 2788 447 2792 —
481 2779 589 2801 omnes
614 2772 668 2803 Co
696 2788 730 2792 —
758 2779 848 2801 meas
872 2778 942 2800 om.
962 2777 980 2800 c
1009 2787 1042 2792 -—
1071 2771 1123 2800 Μ.
1151 2773 1210 2800 aut
1234 2768 1488 2800 auctoritatibus
1513 2776 1531 2799 c
1559 2787 1592 2790 ——
1621 2770 1672 2799 42.
1692 2777 1750 2799 nec
1772 2776 1823 2799 me
1846 2768 2026 2809 angoribus

259 2820 377 2855 dedidi,
403 2820 519 2857 quibus
542 2829 635 2851 eram
657 2821 820 2859 confectus
843 2819 973 2852 Nonius
999 2827 1032 2859 p.
1048 2819 1123 2850 268.
1145 2836 1179 2841 -
1209 2819 1259 2850 43.
1285 2819 1334 2850 his
1357 2819 1489 2858 BHab,
1516 2819 1577 2857 hijs
1600 2827 1618 2849 c
1645 2835 1681 2840 —
1711 2818 1761 2849 46.
1780 2827 1893 2849 rerum
1917 2827 1986 2850 om.
2002 2827 2024 2859 p

262 2887 297 2892 —
325 2870 375 2900 47.
403 2870 515 2902 deinde
539 2873 654 2902 tertius
676 2873 756 2910 ipsis
779 2871 908 2910 seriptis
923 2887 968 2893 -—
983 2874 1019 2901 ul
1042 2878 1138 2906 saepe
1159 2869 1294 2909 fecimus
1319 2869 1448 2900 Nonius
1474 2877 1507 2909 p.
1524 2868 1598 2899 348.
1627 2885 1662 2891 —
1691 2868 1743 2899 48.
1769 2871 1805 2899 ut
1826 2876 1923 2907 saepe
1943 2868 2026 2908 feci-

259 2928 331 2950 mus
354 2927 423 2950 om.
442 2921 475 2958 b,
501 2920 563 2951 sed
588 2922 786 2953 omissionis
811 2921 909 2960 signo
935 2919 1064 2951 addito.
1090 2936 1133 2942 —-
1164 2920 1216 2949 21.
1243 2922 1354 2949 aulem
1378 2926 1477 2958 apere
1499 2918 1520 2949 b
1556 2936 1598 2940 ——
1632 2918 1684 2950 22.
1711 2917 1902 2948 eoeislimavi
1925 2918 2025 2949 hone-

259 2969 417 3001 stissimas
439 2971 604 3001 molestias
626 2980 718 3010 posse
742 2972 868 3010 deponi,
893 2971 959 3002 nisi
981 2979 1032 3001 me
1055 2970 1098 2999 ad
1119 2969 1358 3008 philosophiam
1380 2968 1563 2999 relulissent
1587 2968 1718 2999 Nonius
1743 2977 1776 3008 p.
1791 2967 1866 2998 279.
1893 2985 1934 2990 —-
1967 2967 2021 2999 23.

261 3020 427 3051 molestias
450 3028 496 3059 ep
522 3022 555 3051 et
572 3021 718 3052 Nonius:
745 3029 815 3052 om.
832 3021 953 3052 Bllab
973 3037 1007 3042 —
1034 3020 1087 3050 cui
1105 3019 1271 3057 quondam
1286 3018 1426 3048 mullum
1444 3026 1462 3049 c
1484 3035 1518 3039 —
1544 3017 1598 3049 26.
1618 3017 1815 3056 temporibus
1830 3017 2020 3048 Victorius:

262 3070 416 3109 temporis
439 3070 462 3099 B
477 3071 583 3106 llab3
611 3072 747 3110 tempori
772 3079 789 3102 c
818 3088 852 3092 -
880 3071 933 3102 ⁶27.
954 3069 1121 3101 scribendo
1145 3069 1165 3100 b
1192 3085 1226 3089 —
1254 3068 1306 3099 ⁵38.
1325 3068 1384 3098 hoc
1409 3071 1537 3099 lantum
1561 3067 1636 3097 boni
1658 3075 1676 3098 c
1705 3083 1739 3088 —
1766 3066 1818 3097 30.
1838 3066 1917 3105 quid
1938 3066 2025 3097 enim

261 3123 327 3157 est,
351 3127 412 3158 per
435 3120 509 3149 deos
530 3120 742 3159 irmnortaliS,
771 3120 947 3160 optabilius
969 3117 1158 3159 sapientia?
1192 3117 1270 3156 quid
1292 3117 1547 3156 praestabilius?
1582 3117 1714 3148 Nonius
1739 3125 1772 3157 p.
1788 3115 1862 3147 37⁴.
1902 3132 1937 3137 —
1978 3117 2024 3146 esl

261 3169 347 3201 enim
372 3176 390 3200 ο
429 3184 464 3191 -
503 3169 555 3200 34.
581 3170 706 3201 homine
731 3178 799 3202 om.
820 3178 837 3201 c
877 3185 912 3193 -
951 3170 1003 3201 3⁵3.
1029 3171 1184 3208 expetunt
1209 3175 1283 3206 ep:
1321 3170 1478 3206 expetant
1497 3165 1546 3203 H;
1573 3168 1748 3205 expectant
1772 3165 1855 3197 Bab
1890 3182 1932 3188 —
1967 3163 2019 3195 33.

263 3217 412 3258 Sapienti
441 3221 550 3250 aulem
578 3219 599 3250 b
641 3237 675 3242 -
715 3220 880 3259 sapientia
909 3223 954 3252 esl
982 3220 1171 3251 divinarum
1203 3220 1232 3248 et
1262 3217 1486 3248 humanarum
1514 3225 1627 3248 rerum
1655 3215 1790 3247 scientia
1824 3213 2020 3246 Lactantius

263 3269 352 3310 Epit.
379 3276 408 3300 c.
424 3267 478 3300 34.
