2249 3624
255 185 336 227 924
970 183 1312 225 FRAGMENTA.

256 292 391 334 calicis
414 299 579 346 ponant.
640 293 775 333 Cicero
806 292 850 331 de
880 289 1023 343 leyibus
1053 289 1188 330 tertio:
1229 289 1310 338 Qui
1342 289 1497 343 poterit
1526 288 1664 330 socios
1694 288 1823 337 tueri,
1855 289 1890 329 si
1921 289 2025 331 dile-

258 362 366 396 ctum
400 369 537 396 rerum
571 355 734 395 utilium
767 361 807 394 et
836 353 1047 393 inutilium
1080 366 1164 392 non
1196 352 1392 392 habebit?

370 417 409 458 7.
456 418 690 458 Macrobius
734 418 898 457 Saturn.
938 416 1012 463 VI,
1046 413 1092 462 4,
1124 413 1151 467 §
1174 413 1213 454 8.
1287 415 1388 454 Sunt
1427 412 1494 467 qui
1530 411 1729 454 aestiment
1766 413 1839 453 hoc
1867 413 2027 453 verbum

258 481 501 521 umbracula
538 478 697 533 Vir-qino
736 485 895 518 auctore
925 476 1185 530 conpositum,
1229 490 1318 516 cum
1354 478 1479 517 Varro
1510 489 1646 516 rerum
1674 474 1900 516 divinarum
1929 474 2026 516 libro

227 541 402 584 5decimo
431 540 600 582 dioeerz'l:
650 541 872 581 Nonnullis
909 540 1221 594 magistratibus
1262 540 1303 579 in
1344 540 1499 594 oppido
1542 539 1584 578 id
1625 552 1754 592 genus
1795 538 2025 579 umbraculi

259 619 517 653 concessum,
549 611 583 646 et
605 603 737 645 Cicero
768 602 809 642 in
839 601 972 656 quinto
1001 603 1046 642 de
1076 600 1238 654 leqibus:
1268 602 1397 642 Visne
1429 602 1568 655 igitur,
1601 602 1799 655 quoniam
1833 600 1896 640 sol
1925 614 2028 655 pau-

258 669 388 709 lulum
431 682 453 708 a
494 667 667 707 meridie
707 667 787 706 iam
830 666 1017 705 devexus
1057 666 1223 705 videtur
1264 666 1502 718 nequedum
1537 664 1637 704 satis
1668 664 1719 704 ab
1750 663 1816 704 his
1848 663 2027 704 novellis

259 731 478 771 arboribus
510 730 643 770 omnis
674 729 742 769 hic
772 729 888 768 locus
921 733 1142 780 opacatur,
1175 726 1478 767 descendamus
1508 726 1559 767 ad
1592 727 1719 767 Lirim
1753 739 1888 780 eaque
1919 738 2028 780 quae

259 799 418 833 restant
447 794 489 832 in
520 793 600 832 illis
633 792 822 832 alnorum
855 790 1109 830 umbraculis
1140 791 1473 844 persequamur?

348 937 377 967 l.
408 935 521 967 Verba
546 935 572 966 si
589 934 801 965 dilectum-—
818 932 945 964 habebit,
969 932 1222 963 interciderunt
1246 932 1337 972 apud
1356 930 1593 969 Macrobium3
1621 940 1700 963 nam
1727 930 1770 962 ab
1797 940 1838 962 eo
1856 931 2028 973 adscripta

261 996 339 1018 esse
372 995 411 1017 ex
446 987 518 1026 ipsa
553 984 853 1024 argumentatione
887 985 1050 1024 apparet:
1091 983 1243 1014 servavit
1272 982 1326 1014 illa
1358 983 1432 1013 eius
1464 982 1688 1022 epitomator.
1723 983 1853 1013 Auctor
1875 982 2030 1013 incertus

261 1038 304 1068 de
330 1036 440 1067 verbo
467 1045 543 1076 pag.
565 1036 625 1067 460
651 1035 707 1066 ed.
726 1033 883 1065 Endlich.
918 1052 960 1056 —
990 1035 1021 1064 2.
1047 1042 1160 1064 rerum
1185 1032 1387 1064 Endlicher:
1414 1040 1533 1062 uerum
1557 1031 1649 1067 cod.;
1676 1030 1767 1062 male
1793 1032 1910 1063 tamen
1936 1030 2030 1062 idem

261 1088 417 1118 deleehum
437 1085 568 1124 maluit,
588 1094 693 1126 quani
720 1085 958 1116 coniecturam
984 1082 1143 1125 cupidius
1168 1084 1310 1115 secutus
1336 1083 1390 1114 est
1413 1083 1472 1113 lan
1497 1082 1529 1113 in
1551 1081 1632 1113 edit.
1653 1079 1820 1114 Macrobii
1844 1081 1870 1118 1,
1889 1080 1963 1112 290.
1993 1097 2027 1102 —

262 1138 292 1169 8.
319 1138 532 1169 descendatur
557 1136 660 1168 codd.
680 1134 847 1168 Macrobii
873 1135 907 1166 et
931 1134 967 1165 O.
