2249 3624
267 189 348 232 920
987 189 1057 229 DE
1089 189 1313 230 LEGIBUS

267 303 350 338 tem
381 310 427 337 ac
457 296 719 342 voluntates,
751 294 824 335 sed
856 308 990 347 paene
1020 294 1159 335 vultus
1191 309 1348 342 eorum,
1379 296 1491 349 apud
1523 310 1629 350 quos
1660 298 1756 351 agit.
1818 299 1941 347 Quod
1974 307 2035 343 est

267 360 311 399 in
343 364 491 399 senatu
522 371 606 398 non
638 355 830 405 difficile3
862 362 924 396 est
955 357 1065 396 enim
1098 357 1185 410 ipse
1219 363 1388 398 senator
1417 359 1466 405 is,
1499 359 1615 399 cuius
1646 373 1730 400 non
1751 361 1801 401 ad
1823 369 2034 406 auctorem

267 421 471 462 referatur
511 421 694 467 animus,
739 418 811 459 sed
862 419 932 472 qui
973 431 1048 471 per
1089 432 1133 458 se
1173 419 1262 472 ipse
1295 421 1473 472 spectari
1504 421 1616 461 velit.
1676 422 1784 463 Huic
1813 424 1928 464 iussa
1956 427 2036 467 tria

267 490 384 525 sunt:
430 490 476 523 ut
506 483 635 531 adsit3
681 497 776 523 nam
809 483 1050 535 gravitatem
1082 496 1148 522 res
1180 482 1327 530 habet,
1377 497 1472 523 cum
1503 483 1700 538 frequens
1732 486 1834 526 ordo
1868 493 1953 528 est:
1992 495 2037 530 ut

234 548 361 587 bloco
394 546 517 594 dicat,
550 546 591 585 id
625 552 687 586 est
717 551 904 598 rogatus:
947 550 994 584 ut
1024 545 1164 592 modo,
1198 558 1249 584 ne
1281 546 1334 585 sit
1364 545 1578 594 infinitus3
1610 561 1706 587 nam
1737 548 1919 590 brevitas
1951 565 2035 592 non

267 609 391 650 modo
424 609 653 657 senatoris,
696 608 770 648 sed
803 608 927 647 etiam
960 608 1134 647 oratoris
1167 620 1315 660 magna
1346 608 1436 647 laus
1469 614 1531 648 est
1564 606 1617 661 [in
1651 608 1890 664 sententia}
1950 614 2035 654 Nec

269 679 331 712 est
371 685 569 726 umquam
611 672 736 725 longa
776 670 967 711 oratione
999 670 1225 717 utendum,
1266 670 1348 710 nisi
1379 676 1450 710 aut
1480 678 1680 724 peccante
1712 679 1882 721 senatu,
1920 676 2032 728 quod

267 732 312 775 fit
342 734 568 774 ambitione
601 733 859 788 saepissime,
890 733 1005 772 nullo
1038 734 1283 786 magistratu
1315 733 1539 773 adiuvante
1573 735 1662 774 tolli
1694 734 1802 775 diem
1834 736 1936 776 utile
1959 743 2035 785 est,

267 804 339 838 aut
380 812 473 837 cum
514 803 627 837 tanta
668 810 793 837 causa
824 801 907 843 est,
948 801 994 835 ut
1025 809 1129 848 opus
1162 797 1215 836 sit
1245 796 1423 836 oratoris
1455 797 1575 849 copia
1606 797 1671 837 vel
1703 797 1754 837 ad
1783 797 2034 840 hortandum

220 868 253 896 ¹0
267 861 333 901 vel
364 861 415 901 ad
448 860 703 900 docendum:
736 872 913 913 quorum
946 872 1147 911 generum
1179 857 1220 898 in
1253 864 1430 911 utroque
1462 872 1637 912 magnus
1668 865 1810 900 noster
1832 861 1931 902 Cato
1961 869 2035 903 est.

268 920 334 962 41.
368 922 577 976 Quodque
609 922 725 962 addit
760 934 970 961 «causas
1001 920 1178 974 populi
1210 925 1431 967 teneto»,
1464 926 1524 960 est
1549 921 1729 961 senatori
1752 924 2035 964 necessarium

266 999 391 1026 nosse
422 999 509 1025 rem
541 985 764 1039 publicam,
796 984 922 1037 idque
952 983 1034 1023 late
1068 989 1205 1036 patet:
1239 983 1338 1037 quid
1370 983 1521 1022 habeat
1552 985 1744 1032 militum,
1776 985 1878 1039 quid
1903 987 2037 1028 valeat

267 1048 452 1095 aerario,
484 1062 590 1102 quos
622 1048 759 1088 socios
792 1043 874 1100 [res
906 1043 1089 1099 publica]
1123 1046 1298 1092 habeat,
1331 1059 1436 1098 quos
1468 1046 1639 1093 amicos,
1672 1061 1778 1100 quos
1812 1047 2037 1100 stipendia-

267 1111 375 1158 rios,
409 1123 492 1164 qua
524 1111 703 1164 quisque
737 1110 790 1149 sit
818 1108 933 1162 lege,
965 1108 1235 1154 condicione,
1268 1107 1465 1156 foedere3
1507 1114 1652 1149 tenere
1686 1110 2036 1152 consuetudinem

218 1180 253 1208 15
268 1173 534 1221 decernendi,
565 1186 689 1213 nosse
722 1171 914 1225 exempla
946 1171 1166 1210 maiorum.
1210 1170 1370 1210 Videtis
1402 1171 1483 1210 iam
1515 1184 1645 1223 genus
1676 1171 1755 1212 hoc
1788 1186 1911 1214 omne
1944 1188 2035 1215 esse

268 1236 489 1283 scientiae,
531 1235 794 1288 diligentiae,
836 1233 1085 1280 memoriae,
1129 1233 1219 1273 sine
1262 1246 1346 1286 quo
1390 1239 1558 1286 paratus
1599 1247 1691 1274 esse
1722 1242 1890 1276 senator
1920 1237 2037 1277 nullo

266 1303 390 1352 pacto
423 1304 571 1351 potest.
639 1296 706 1337 4⁶2.
746 1297 956 1349 Deinceps
997 1301 1094 1335 sunt
1131 1309 1225 1335 cum
1257 1295 1413 1349 populo
1446 1296 1652 1344 actiones,
1692 1297 1735 1336 in
1770 1298 1921 1350 quibus
1954 1299 2038 1352 pri-

266 1374 381 1401 mum
412 1366 452 1401 et
482 1361 735 1401 maximum:
785 1359 859 1398 vis
899 1358 1088 1399 abesto.
1148 1359 1261 1397 Nihil
1293 1364 1356 1398 est
1389 1359 1497 1398 enim
1531 1360 1751 1399 exitiosius
1784 1360 2036 1410 civitatibus,

267 1423 373 1462 nihil
412 1429 495 1463 tam
539 1424 794 1463 contrarium
836 1421 918 1461 iuri
956 1433 1003 1460 ac
1041 1420 1229 1474 legibus,
1267 1421 1373 1460 nihil
1412 1422 1550 1461 minus
1582 1421 1703 1462 civile
1734 1428 1775 1461 et
1803 1422 2036 1464 humanum

218 1494 254 1523 20
269 1498 393 1538 quam
425 1487 659 1538 composita
690 1491 731 1525 et
761 1484 986 1524 constituta
1014 1495 1057 1523 re
1090 1483 1256 1537 publica
1289 1483 1511 1535 quicquam
1544 1484 1610 1537 agi
1642 1498 1715 1536 per
1746 1485 1842 1524 vim.
1887 1486 2036 1526 Parere

268 1548 383 1588 iubet
422 1548 714 1595 intercessori,
755 1561 838 1600 quo
879 1545 985 1586 nihil
1026 1546 1333 1598 praestantius3
1382 1545 1562 1598 inpediri
1603 1547 1714 1586 enim
1755 1544 1908 1587 bonam
1948 1561 2036 1588 rem

267 1610 416 1650 melius
449 1624 571 1664 quam
604 1609 778 1650 concedi
810 1609 957 1648 malae.

382 1674 495 1713 xlx,
542 1673 665 1722 Quod
708 1685 805 1713 vero
850 1671 1002 1711 actoris
1044 1670 1169 1710 iubeo
1210 1683 1302 1710 esse
1343 1669 1556 1718 fraudem,
1600 1671 1641 1711 id
1681 1676 1816 1712 totum
1857 1672 1944 1712 dixi
1984 1686 2035 1713 ex

271 1736 420 1783 Crassi,
452 1735 750 1790 sapientissimi
781 1734 978 1781 hominis,
1011 1733 1243 1773 sententia:
1276 1746 1402 1786 quem
1435 1739 1497 1772 est
1527 1739 1696 1773 senatus
1728 1740 1910 1782 secutus,
1943 1749 2036 1775 cum

219 1806 255 1835 ‘25
271 1798 524 1839 decrevisset
557 1799 598 1839 C.
625 1798 801 1838 Claudio
834 1796 1006 1837 consule
1039 1795 1090 1835 de
1124 1796 1195 1835 Cn.
1220 1796 1423 1836 Carbonis
1463 1795 1675 1835 seditione
1706 1796 1934 1844 referente,
1973 1798 2036 1837 in-

267 1862 352 1901 vito
385 1875 447 1908 eo,
480 1861 553 1914 qui
585 1873 677 1900 cum
710 1859 866 1912 populo
899 1863 1055 1911 ageret,
1088 1858 1338 1898 seditionem
1371 1872 1455 1897 non
1488 1872 1612 1911 posse
1645 1856 1746 1906 fieri,
1779 1859 1936 1913 quippe
1967 1860 2035 1900 cui

267 1925 391 1964 liceat
422 1923 657 1970 concilium,
691 1922 814 1962 simul
847 1928 973 1975 atque
1006 1922 1279 1961 intercessum
1311 1922 1553 1976 turbarique
1585 1928 1778 1975 coeptum
1811 1922 1875 1970 sit,
1898 1922 2036 1962 dimit·

266 1991 366 2026 tere.
430 1986 554 2034 Quod
598 1986 669 2038 qui
711 1990 947 2038 permovet,
987 1997 1082 2023 cum
1124 1983 1189 2036 agi
1229 1984 1334 2023 nihil
1373 1990 1532 2038 potest,
1576 1985 1658 2025 vim
1689 1985 1874 2037 quaerit,
1918 1985 2036 2026 euius

355 2130 384 2158 Ι1.
410 2129 464 2159 sed
485 2137 568 2167 prae
590 2128 700 2158 uultus
724 2128 747 2158 B
774 2144 808 2148 —
845 2127 931 2165 quod
955 2130 998 2158 est
1022 2128 1054 2158 in
1080 2136 1145 2158 sen.
1172 2136 1235 2158 non
1262 2128 1331 2166 diff.
1358 2127 1499 2167 scripsi:
1527 2127 1614 2167 quod
1637 2128 1664 2158 si
1687 2127 1721 2158 in
1744 2130 1861 2158 senatu
1882 2137 1948 2159 non
1971 2129 2037 2168 dis—

264 2177 349 2218 ficile
370 2178 444 2215 AB,
471 2178 558 2216 quod
582 2178 615 2208 in
639 2185 705 2208 sen.
731 2185 796 2207 non
820 2176 889 2216 diff.
916 2179 962 2207 est
986 2177 1010 2207 O
1049 2193 1083 2199 —
1121 2178 1152 2208 2.
1178 2179 1248 2217 ipse
1270 2178 1348 2209 AB:
1389 2186 1458 2208 om.
1479 2178 1503 2208 O
1542 2195 1578 2200 ——
1615 2186 1648 2208 se
1670 2177 1836 2208 senatur-is
1859 2177 1884 2208 B
1918 2195 1961 2200 —-
1995 2177 2037 2209 ab

267 2230 436 2258 auctorem
458 2228 538 2263 AB;
577 2227 622 2258 ad
645 2230 791 2257 actorem
815 2226 840 2257 O
866 2234 946 2257 cum
971 2226 1135 2258 Turnebo
1174 2244 1209 2249 —
1249 2226 1278 2258 3.
1306 2228 1372 2266 ipse
1395 2228 1538 2266 spectari
1560 2227 1639 2258 uelit
1662 2228 1689 2258 A
1712 2227 1745 2257 in
1770 2235 1839 2258 ras.
1865 2227 1973 2259 habet
1998 2245 2035 2250 ——

267 2278 298 2309 5.
324 2278 499 2308 modenesil
515 2278 539 2308 B
568 2295 602 2299 —-
630 2277 660 2308 6.
679 2277 732 2307 sed
755 2277 855 2307 eliam
878 2277 1023 2306 oratoris
1039 2277 1062 2307 B
1088 2277 1122 2308 in
1147 2285 1256 2316 marg.
1284 2276 1327 2308 ab
1353 2276 1417 2307 alia
1435 2285 1480 2307 m.
1500 2275 1609 2307 habet
1628 2294 1661 2298 —
1681 2276 1715 2306 in
1737 2277 1897 2307 sententia
1914 2275 2038 2308 Orellio

268 2330 410 2358 auctore
429 2326 568 2358 inclusi:
595 2327 629 2357 in
652 2330 733 2358 sent.
759 2326 895 2357 dicenda
919 2326 1079 2363 Schuetz,
1107 2326 1201 2366 quod
1226 2325 1440 2357 tolerabilius
1465 2326 1553 2356 soret
1577 2334 1683 2365 quam
1705 2324 1797 2365 quod
1815 2325 1931 2357 adhuc
1948 2324 2039 2366 lege-

266 2376 390 2415 batur,
422 2387 487 2409 nec
519 2380 637 2408 tamen
669 2377 712 2408 ad
743 2375 860 2407 locun]
891 2375 1155 2417 persananduni
1188 2376 1326 2407 sufficit.
1379 2375 1574 2416 Adscripsit
1604 2375 1710 2406 homo
1743 2375 1901 2406 curiosus
1931 2374 1975 2406 ad
2004 2384 2036 2406 v.

266 2428 427 2458 senatoris
456 2426 629 2466 glossema
662 2427 720 2457 «in
744 2427 940 2462 sententia»,
975 2425 1174 2465 significans
1208 2434 1276 2465 quo
1308 2428 1410 2466 pacto
1436 2423 1489 2455 illa
1514 2423 1589 2456 laus
1614 2424 1657 2455 ad
1682 2427 1884 2456 senatorem
1908 2434 2039 2457 conve-

268 2477 370 2508 niret.
394 2494 436 2499 —-
461 2477 491 2507 7.
519 2477 581 2508 nisi
606 2481 640 2507 ul
661 2479 817 2516 peccante
840 2476 900 2506 AB
930 2493 962 2496 —
991 2475 1022 2506 8.
1050 2475 1234 2515 ambitione]
1260 2475 1327 2506 hoc
1353 2474 1566 2506 vocabulum
1592 2476 1790 2506 extremum
1816 2477 1868 2506 est
1891 2476 2036 2516 paginae

269 2528 447 2557 extremae
474 2526 555 2565 (390,
583 2527 615 2557 in
642 2525 721 2557 cod.
747 2526 790 2563 B,
829 2526 892 2556 sed
924 2527 1061 2556 servata
1086 2528 1167 2556 sunt
1191 2526 1225 2556 in
1250 2534 1326 2565 pagv
1348 2525 1409 2556 388
1434 2533 1487 2564 sq.
1514 2523 1623 2554 verba
1655 2533 1729 2555 cum
1753 2525 1809 2564 a9i
1834 2525 1915 2556 nihil
1935 2529 2038 2564 potest

269 2576 336 2615 (ΙΙΙ,
363 2576 382 2615 §
401 2575 452 2614 42)
477 2584 589 2616 usque
616 2576 660 2607 ad
686 2576 843 2614 quoniam
867 2575 904 2605 de
929 2575 1085 2614 religione
1110 2576 1176 2614 (111,
1203 2575 1305 2615 348),
1344 2584 1382 2606 ex
1407 2584 1474 2615 qua
1499 2576 1598 2615 parte
1624 2574 1749 2605 Bakius
1773 2572 1940 2605 lectiones
1964 2574 2036 2606 dis·

269 2628 454 2665 crepantes
480 2625 680 2657 exscribere
706 2625 959 2666 praetermisit:
986 2623 1134 2664 reliqua.
1161 2634 1251 2665 quae
1277 2625 1406 2664 scripta
1431 2626 1529 2655 erant
1554 2624 1586 2654 in
1613 2622 1692 2653 solio
1716 2622 1874 2654 secundo
1898 2626 2038 2663 quater-

269 2675 380 2706 nionis
404 2675 476 2706 XXI
508 2684 589 2706 cum
619 2677 776 2706 extrema
808 2676 905 2715 parte
936 2672 1014 2704 libri
1039 2674 1081 2705 de
1108 2674 1176 2705 fato
1202 2675 1475 2710 interciderunt;
1508 2682 1540 2704 v.
1559 2673 1650 2703 Bake
1676 2681 1710 2713 p.
1730 2672 1804 2703 406.
1846 2689 1878 2693 -
1922 2672 1952 2703 9.
1979 2676 2037 2703 aul

269 2727 296 2755 A
322 2727 493 2755 mutatum
518 2733 564 2755 m.
584 2726 603 2756 :2
628 2725 661 2756 in
685 2722 762 2764 auf,
788 2725 807 2755 i.
828 2733 858 2755 e.
886 2727 996 2755 autem
1022 2741 1054 2745 —
1083 2728 1172 2755 tanle
1196 2727 1221 2756 A
1262 2743 1296 2747 —
1334 2728 1369 2755 al
1392 2724 1591 2755 hortandum
1616 2724 1655 2754 A¹
1695 2739 1730 2744 —-
1769 2723 1820 2753 42.
1848 2723 1904 2761 qui
1927 2722 2038 2754 ualeat

270 2772 321 2810 Αἱ,
348 2773 441 2805 idem
465 2775 600 2805 aerario
624 2775 657 2805 in
683 2783 750 2805 ras.
779 2773 885 2805 habet
913 2792 945 2796 —
975 2773 1025 2804 13.
1053 2783 1104 2804 res
1122 2774 1256 2813 publica
1280 2783 1360 2805 cum
1379 2773 1530 2804 Manutio
1555 2770 1758 2803 inclusimus
1785 2788 1820 2794 -
1849 2773 1899 2803 45.
1926 2781 2037 2804 recer-

269 2823 366 2853 nendi
390 2824 416 2854 A
443 2840 477 2844 —
502 2824 625 2854 uideles
647 2823 687 2855 Α1
711 2841 753 2846 —-
777 2832 870 2854 omne
893 2831 958 2854 esse
982 2823 1123 2863 scripsi:
1153 2832 1222 2854 oms
1245 2826 1270 2854 A
1298 2826 1370 2863 (pro
1395 2821 1494 2860 ovim:
1522 2830 1588 2852 esse
1612 2829 1682 2851 om.
1705 2821 1729 2851 O
1763 2838 1797 2843 —
1837 2821 1887 2852 46.
1912 2830 2036 2853 memo-

268 2874 325 2904 ria
344 2898 349 2903 .
368 2872 409 2904 ἔ.
430 2882 468 2904 nc
493 2873 547 2912 (de
573 2874 680 2912 corr.)
711 2882 775 2913 quo
799 2877 824 2904 Α
851 2872 940 2912 (scil.
965 2874 1144 2904 memoriae
1167 2874 1235 2904 sine
1259 2873 1342 2904 abiit
1366 2874 1400 2904 in
1423 2873 1670 2903 memoriaeslne
1694 2870 1726 2901 in
1752 2870 2035 2910 frequentissima

271 2921 472 2954 confusione
498 2921 557 2954 litt.
578 2924 588 2953 i
613 2925 647 2954 et
670 2923 711 2960 ti:
737 2923 917 2954 memoriae
941 2931 1018 2959 esse,
1044 2924 1113 2954 sine
1137 2932 1199 2962 quo
1224 2924 1248 2954 O
1276 2941 1310 2944 —
1337 2925 1418 2953 esset
1440 2924 1467 2953 A
1505 2938 1538 2942 —
1579 2921 1631 2951 Ι19.
1658 2929 1697 2951 ac
1720 2923 1746 2951 A
1773 2919 1846 2959 (sed
1872 2921 1905 2951 in
1930 2921 2033 2959 ras.):

271 2975 300 3003 ec
325 2972 348 3003 O
375 2980 454 3003 cum
480 2972 609 3009 aliquot
634 2975 750 3013 Lagg.;
778 2981 819 3003 an
846 2973 907 3003 suit
931 2973 1017 3002 auc?
1054 2990 1088 2994 —
1126 2975 1234 3004 minus
1256 2973 1350 3003 civile
1373 2976 1403 3004 et
1426 2973 1606 3003 humanum
1638 2978 1719 3001 nos:
1753 2970 1917 3000 vllitlus**
1941 2970 2036 3001 ciuile

271 3024 316 3052 esl
341 3022 396 3060 (est
419 3025 448 3052 el
472 3030 562 3052 corr.
590 3031 635 3053 m.
658 3024 688 3060 ’2)
713 3021 876 3053 humanus
902 3022 1088 3061 (hzmzanius
1111 3022 1160 3061 A'-‘)
1187 3025 1232 3059 A,
1270 3023 1377 3053 minus
1399 3027 1428 3053 et
1451 3023 1512 3053 civ.
1539 3024 1569 3052 et
1591 3021 1678 3051 hum.
1706 3021 1748 3056 O;
1785 3021 1893 3051 minus
1915 3023 1945 3051 el
1969 3021 2032 3052 civ.

271 3073 301 3102 el
323 3070 410 3101 hum.
437 3074 483 3101 est
508 3070 735 3111 Feldbuegel;
769 3074 801 3102 at
827 3072 854 3103 si
878 3075 924 3103 esc
947 3070 1150 3102 addendum
1175 3072 1235 3108 sit,
1262 3072 1375 3111 potius
1400 3073 1479 3112 post
1502 3072 1610 3101 vuinus
1633 3069 1771 3100 videtur
1795 3068 2030 3106 intercidisse3

272 3118 352 3150 vide
379 3128 420 3150 uc
446 3119 562 3150 suerit:
600 3122 680 3152 nihil
710 3122 817 3152 minus
848 3125 894 3153 esc
924 3122 1020 3153 ciuile
1053 3124 1112 3152 aut
1142 3121 1322 3152 humanum
1355 3121 1453 3159 (nihil
1476 3122 1584 3151 minus
1606 3123 1634 3151 el
1656 3119 1753 3151 ciuile
1775 3123 1804 3151 et
1826 3119 2035 3150 humanumsl

273 3167 416 3207 Vahlen)
453 3186 485 3190 >-
524 3169 575 3200 ΞΟ.
603 3172 780 3210 quicquam
805 3172 860 3211 aqi
884 3173 910 3202 Α
936 3171 969 3202 iu
994 3179 1061 3202 ras.
1092 3188 1125 3192 —
1153 3171 1205 3201 ΞΗ.
1228 3170 1372 3213 preslius
1394 3172 1421 3200 Α
1451 3187 1481 3191 -
1509 3168 1562 3200 23.
1589 3171 1718 3200 actores
1740 3171 1767 3200 A
1793 3185 1826 3189 —
1855 3168 1919 3199 dici
1942 3170 1969 3199 A
1997 3185 2030 3190 -

273 3216 326 3249 24.
352 3218 384 3248 P.
406 3218 514 3249 Crassi
538 3220 692 3250 Goerenz
717 3238 757 3242 —
781 3225 907 3251 seculus
931 3223 975 3251 A:
1002 3223 1190 3251 consecutus
1213 3220 1237 3250 O
1263 3228 1343 3251 cuin
1368 3220 1560 3252 Goerenzio
1592 3238 1634 3243 —-
1668 3221 1720 3252 25.
1747 3220 1785 3251 de
1809 3220 1865 3251 Cn.
1892 3218 2033 3250 Lambi-

275 3275 359 3299 nus:
386 3268 474 3308 diyn.
501 3270 539 3305 A,
566 3269 603 3299 de
627 3269 659 3300 C.
687 3270 710 3300 O
748 3287 780 3291 —
821 3271 872 3301 27.
900 3274 1058 3301 coerulum
1083 3271 1109 3301 A
1145 3269 1224 3300 add.
1249 3278 1270 3308 p
1296 3278 1372 3310 sup.
1399 3269 1478 3306 lin.;
1516 3267 1635 3301 malim
1659 3273 1808 3309 coeptum
1831 3271 1877 3301 est
1911 3285 1953 3292 --
1977 3268 2029 3300 28.

269 3321 439 3357 pet-mouet
462 3318 507 3357 A,
535 3318 596 3350 sed
621 3327 642 3349 u
666 3328 707 3350 ex
732 3328 822 3351 corr.
851 3337 885 3342 —-
912 3329 986 3352 cum
1009 3319 1076 3361 aqi]
1102 3319 1158 3351 hic
1182 3318 1271 3350 redit
1295 3319 1332 3359 B,
1358 3328 1390 3351 v.
1417 3327 1522 3360 supra
1547 3318 1591 3351 ad
1614 3328 1646 3351 v.
1665 3319 1696 3351 8.
