2249 3624
378 232 458 273 968
1117 233 1398 273 CICERONIS

934 370 987 426 D.
1052 365 1543 426 FRAGMENTA

1032 457 1485 501 EPISToLARUM.

718 609 743 647 l.
794 605 982 647 FRAGM.
1016 603 1306 646 EPISTOLAE
1339 603 1407 643 AD
1439 602 1490 642 M.
1523 602 1800 645 TITINNIUM.

481 691 512 728 1.
557 686 756 738 Equidem
785 685 981 723 memoria
1009 689 1144 730 teneo,
1174 683 1314 733 pueris
1342 681 1463 721 uobis
1491 682 1666 732 primum
1690 683 1829 721 Latine
1859 682 2009 721 docere
2039 695 2137 722 coe—

346 754 491 803 5pisse
519 753 560 789 L.
592 750 760 789 Plotium
790 747 1020 800 quendam:
1061 747 1112 785 ad
1143 759 1266 797 quem
1301 758 1392 784 cum
1420 746 1536 784 fieret
1564 758 1807 794 concursus,
1839 745 1948 796 quod
1977 746 2138 785 studio-

380 816 567 853 sissimus
597 813 773 864 quisque
803 809 913 862 apud
943 822 1035 848 eum
1066 813 1353 857 exerceretur,
1392 807 1582 846 dolebam
1620 808 1714 846 mihi
1752 807 1860 846 idem
1889 821 1971 847 non
1997 808 2136 847 licere.

380 875 632 916 Contiuebar
669 880 803 913 autem
841 873 1169 911 doctissimorum
1207 872 1412 909 bominum
1442 871 1704 919 auctoritate,
1736 872 1805 921 qui
1834 871 2138 919 existimabant,

380 940 547 979 Graecis
577 935 940 976 exercitationibus
961 934 1012 973 ali
1033 934 1179 972 melius
1208 934 1370 984 ingenia
1392 944 1528 984 posse.
1587 932 1625 982 (S
1640 939 1756 972 ueto
1769 946 1808 971 u.
1832 932 1882 970 de
1903 931 1999 971 clar.
2022 932 2137 972 Rhet.

379 1015 413 1041 c.
445 1004 480 1041 2.
535 1000 753 1039 Eusebii
785 999 972 1038 Chronic.
1004 999 1249 1049 Hieronymo
1278 998 1518 1048 interprete,
1549 994 1613 1034 ed.
1643 995 1819 1035 Loncall.
1848 1008 1889 1047 p.
1920 995 2018 1045 395.)

330 1105 365 1133 40
758 1089 805 1129 II.
858 1089 924 1129 AD
959 1086 1265 1130 CORNELIUM
1296 1085 1545 1127 NEPOTEM
1579 1085 1674 1125 LIB.
1710 1085 1757 1125 ll.

481 1159 512 1195 1.
557 1158 697 1207 Itaque
726 1156 879 1204 nostri,
918 1167 1010 1193 cum
1045 1155 1201 1203 onmia,
1241 1165 1347 1204 quae
1383 1153 1658 1202 dixissemus,
1698 1151 1803 1191 dicta
1833 1158 1995 1201 essent,
2033 1164 2138 1203 quae

379 1221 509 1259 facete
539 1225 578 1258 et
611 1219 792 1257 breviter
829 1224 869 1257 et
896 1224 1013 1256 acute
1049 1217 1171 1255 locuti
1205 1228 1417 1265 essemus,
1457 1228 1505 1254 ea
1538 1216 1703 1267 proprio
1741 1217 1902 1254 nomine
1940 1215 2138 1267 appellari

382 1282 520 1322 dicta
551 1282 780 1320 voluerunt.
838 1280 1072 1329 (Macrob.
1105 1281 1266 1318 Saturn.
1296 1278 1321 1316 l.
1351 1279 1395 1317 ΙΙ.
1426 1291 1460 1316 c.
1495 1280 1527 1317 1.
1559 1279 1607 1327 f.)

945 1346 1003 1382 An
1031 1356 1182 1382 Erxnmi
1209 1356 1255 1381 Ex
1285 1355 1357 1381 un.
1387 1353 1566 1381 lxcERTo.

331 1418 368 1446 45
487 1411 518 1447 1.
563 1409 643 1447 Hoc
665 1409 871 1446 restiterat
891 1408 1027 1455 etiam,
1054 1413 1096 1444 ut
1116 1420 1137 1445 a
1158 1412 1197 1444 te
1217 1406 1321 1444 fictis
1342 1404 1594 1455 adgrederer
1615 1405 1746 1444 donis.
1803 1406 1851 1453 (P
1864 1405 1972 1444 rise.
1994 1405 2017 1443 l.
2042 1406 2136 1445 VIII.

383 1485 417 1510 c.
448 1473 483 1511 4.
517 1472 552 1522 ξ.
587 1473 668 1512 17.)

481 1535 516 1572 2.
562 1535 636 1581 Qui
660 1533 794 1581 babet,
816 1533 920 1571 ultro
940 1532 1168 1584 adpetitur;
1200 1533 1268 1582 qui
1291 1537 1352 1570 est
1370 1543 1542 1583 pauper,
1563 1536 1819 1581 aspernatur.
1858 1530 1916 1580 (Id
1932 1543 2001 1569 em
2022 1530 2137 1581 ibid.)

483 1599 516 1635 3.
562 1596 665 1643 Quid
680 1597 697 1634 ἶ)
734 1602 937 1634 oratorum
968 1607 1088 1646 quem
1120 1595 1212 1633 huic
1240 1601 1467 1645 antepones
1494 1606 1649 1642 eorum,
1680 1594 1747 1645 qui
1776 1593 1872 1632 nihil
1901 1593 2008 1632 aliud
2040 1606 2138 1645 ege—

382 1663 498 1699 runt?
555 1661 653 1707 Quis
682 1659 895 1697 sententiis
933 1664 1002 1697 aut
1035 1659 1191 1696 acutior
1223 1662 1291 1696 aut
1319 1657 1529 1695 crebrior?
1569 1658 1660 1707 quis
1688 1656 1827 1695 verbis
1865 1661 1934 1695 aut
1959 1656 2140 1694 ornatior

332 1731 368 1759 20
384 1730 453 1763 aut
481 1723 734 1774 elegantior?
787 1722 1002 1769 (Sueton.
1032 1720 1104 1759 Iul.
1136 1721 1254 1759 Caes.
1285 1732 1318 1758 c,
1349 1720 1423 1769 55.)

482 1787 517 1823 4.
562 1786 703 1835 Neque
740 1785 847 1823 enim
885 1783 1108 1834 quidquam
1147 1781 1256 1821 aliud
1290 1788 1353 1821 est
1380 1782 1550 1820 felicitas
1586 1783 1663 1820 nisi
1702 1783 1964 1820 honestarum
2000 1794 2137 1820 rerum

384 1850 649 1900 prosperitas,
680 1846 756 1889 vel,
789 1852 831 1885 ut
860 1846 938 1885 alio
961 1844 1079 1883 modo
1100 1844 1306 1893 definiam,
1337 1844 1509 1883 felicitas
1539 1850 1602 1882 est
1628 1844 1800 1892 fortuna,
1830 1844 2008 1882 adiutrix
2035 1856 2136 1882 con—

383 1911 565 1949 siliorum
602 1910 825 1956 bonorum,
869 1907 1019 1958 quibus
1058 1908 1124 1956 qui
1165 1919 1244 1944 non
1277 1907 1418 1956 utitur,
1456 1906 1549 1944 felix
1579 1918 1671 1944 esse
1699 1905 1808 1943 nullo
1836 1911 1955 1957 pacto
1984 1911 2132 1957 potest.

382 1975 486 2023 Ergo
516 1975 554 2011 in
583 1972 754 2023 perditis
784 1971 1005 2021 impiisque
1033 1968 1228 2016 consiliis,
1259 1968 1410 2019 quibus
1431 1969 1594 2007 Caesar·
1613 1980 1710 2006 usus
1739 1973 1840 2014 erat⁷
1869 1967 1978 2007 nulla
2007 1969 2137 2019 potuit

331 2042 367 2071 25
384 2049 476 2074 esse
505 2035 690 2081 felicitas,
719 2033 958 2083 feliciorque
988 2044 1078 2070 meo
1106 2032 1256 2070 iudicio
1286 2031 1480 2069 Camillus
1509 2030 1703 2069 exsulans
1732 2043 1854 2081 quam
1881 2030 2137 2082 temporibus

383 2099 514 2137 isdem
542 2097 736 2145 Manlius,
768 2097 890 2134 etiam
920 2096 973 2143 si,
1003 2094 1045 2132 id
1065 2093 1175 2145 quod
1204 2095 1403 2144 cupierat,
1434 2105 1606 2144 regnare
1633 2094 1848 2143 potuisset.
1894 2093 2134 2142 (Ammian.

382 2160 601 2200 Marcell.
634 2160 657 2198 l.
689 2160 791 2198 XXI.
824 2171 857 2197 e.
891 2160 948 2197 16.
983 2158 1018 2208 ξ
1052 2159 1124 2206 13.)

482 2225 516 2262 5.
564 2224 722 2268 Quidam
748 2230 907 2259 veterum
928 2243 946 2249 -
965 2244 983 2249 -
1004 2224 1222 2268 coqnilz'ones
1252 2227 1395 2256 actuum
1427 2223 1614 2256 rariorum
1646 2221 1739 2255 stilis
1770 2221 1997 2255 uberioribus
2024 2220 2139 2265 expli-

384 2294 482 2324 catas
515 2300 586 2322 non
623 2289 763 2323 edidere
793 2288 1020 2332 superstites,
1069 2290 1107 2320 ul
1134 2289 1169 2319 in
1198 2287 1358 2330 quadam
1394 2281 1445 2321 ad
1485 2281 1717 2321 Cornelium
1753 2279 1950 2332 Nepotem
1987 2283 2138 2328 epistola

333 2352 368 2381 30
388 2352 524 2386 Tullius
551 2363 688 2396 quoque
716 2352 812 2385 {estis
840 2351 1051 2385 reverendus
1080 2350 1264 2394 adfirmat.
1322 2345 1467 2395 (Idem
1496 2344 1520 2383 l.
1553 2345 1691 2383 XXVI.
1724 2345 1757 2391 1,
1788 2346 1837 2393 2.)

789 2438 855 2478 III.
902 2437 969 2478 AI)
1005 2436 1047 2478 C.
1081 2436 1357 2478 CAESAREM
1390 2435 1548 2476 EPIST.
1582 2435 1676 2475 LIB.
1710 2434 1738 2474 I.

487 2505 518 2543 1.
563 2507 688 2555 Tunc,
718 2517 808 2543 eum
839 2517 907 2552 ea,
938 2516 1043 2554 quae
1073 2516 1116 2541 es
1145 2503 1196 2541 ab
1227 2509 1371 2541 senatu
1400 2514 1557 2541 summo
1589 2514 1679 2541 cum
1712 2501 1863 2539 honore
1891 2506 1958 2539 tuo
1986 2512 2135 2539 conse—

385 2574 514 2606 cutus
572 2569 786 2616 (Nonius
816 2581 852 2605 v.
885 2568 1091 2616 Consequi
1120 2579 1159 2616 p.
1191 2566 1274 2604 270.
1306 2579 1342 2602 v.
1373 2564 1509 2603 Honor
1536 2577 1575 2615 p.
1608 2565 1715 2611 320.)

483 2632 517 2669 2.
558 2631 725 2670 Balbum
763 2631 902 2681 quanti
941 2630 1085 2668 faciam
1122 2640 1330 2679 quamque
1359 2629 1394 2666 ei
1424 2640 1487 2665 me
1525 2633 1651 2665 totum
1685 2626 1929 2675 dicaverim,
1968 2638 2018 2664 ex
2045 2625 2134 2675 ipso

334 2702 370 2729 35
387 2695 506 2731 scies.
563 2692 717 2735 (Idem
747 2706 781 2730 v.
812 2693 956 2730 Dicare
985 2704 1024 2742 p.
1055 2692 1162 2736 287.)

486 2757 518 2793 3.
563 2755 697 2793 Debes
736 2754 873 2793 odisse
914 2753 1218 2804 improbitatem
1257 2753 1368 2801 eius,
1412 2752 1506 2802 quia
1546 2750 1946 2803 impudentissimum
1988 2760 2136 2787 nomen

388 2817 599 2864 delegerit.
656 2816 795 2865 (Idem
826 2830 860 2854 v.
891 2815 1124 2867 Improbum
1153 2827 1192 2865 p.
1223 2815 1331 2862 327.)

487 2881 520 2916 4.
565 2881 613 2919 Ut
632 2881 756 2918 sciret
775 2881 927 2918 maiore
955 2891 1050 2917 cura
1071 2876 1221 2916 tuenda
1241 2888 1334 2914 esse
1355 2888 1477 2927 quam
1495 2881 1610 2927 parta
1630 2880 1736 2914 sunt.
1784 2874 1936 2922 (Idem
1956 2887 1993 2912 V.
2016 2874 2135 2912 Tueri

388 2954 426 2992 p.
457 2942 563 2989 413.)

337 3010 373 3039 40
986 3005 1043 3041 An
1072 3014 1221 3040 remum
1248 3012 1366 3038 EPIST.
1396 3013 1467 3038 Lm.
1498 3012 1538 3039 11.

492 3066 522 3102 1.
568 3064 648 3103 Sed
679 3078 777 3114 ego,
809 3077 914 3115 quae
951 3065 1202 3103 monumenti
1233 3064 1333 3101 ratio
1364 3065 1436 3111 sit,
1478 3064 1639 3101 nomine
1668 3064 1756 3113 ipso
1785 3061 2018 3099 admoneor.
2074 3059 2137 3099 Ad

390 3127 625 3165 memoriam
656 3129 782 3175 magis
812 3133 998 3178 spectare
1028 3126 1151 3165 debet
1178 3127 1430 3176 posteritatis
1460 3137 1580 3176 quam
1609 3124 1661 3163 ad
1688 3123 1918 3175 praesentis
1941 3123 2135 3173 temporis

390 3189 572 3237 gratiam.
629 3188 779 3235 (Idem
812 3202 845 3227 v.
877 3190 1178 3227 illonumentum
1209 3201 1246 3238 p.
1278 3188 1356 3235 32.)

476 3302 526 3332 36.
564 3301 656 3340 quin]
682 3302 736 3341 qui
761 3303 857 3333 Nouii
884 3302 967 3333 Edd.
994 3302 1079 3334 Ven.
1107 3302 1235 3333 March.
