2249 3624
269 141 352 184 460
868 142 939 182 DE
972 139 1194 182 DEORUM
1224 138 1439 180 NATURA

273 264 380 299 rem,
411 253 458 290 ut
487 249 644 304 apertis
676 248 855 290 obscura
884 245 1196 300 adsequamur:
1229 249 1270 285 at
1300 245 1526 285 obscurum
1548 245 1627 286 deo
1650 244 1755 286 nihil
1777 250 1917 300 potest
1937 261 2043 290 esse.

271 315 374 354 Nam
406 313 583 360 iustitia,
615 324 724 365 quae
756 325 878 351 suum
910 309 1063 362 cuique
1097 308 1328 355 distribuit,
1370 307 1471 360 quid
1503 309 1682 362 pertinet
1711 308 1763 349 ad
1795 309 1930 349 deos?
1971 310 2046 351 ho-

273 378 431 417 minum
464 375 575 415 enim
607 376 785 415 societas
817 378 858 412 et
889 371 1179 418 communitas,
1213 376 1259 410 ut
1281 384 1353 411 vos
1376 370 1535 418 dicitis,
1567 371 1771 412 iustitiam
1798 373 2045 426 procreavit.

273 439 567 493 Temperantia
597 442 735 477 autem
767 439 930 476 constat
960 448 1012 474 ex
1040 433 1420 487 praetermittendis
1444 433 1725 486 voluptatibus
1748 437 1947 488 corporis,
1980 437 2047 476 cui

242 503 308 543 5si
340 503 457 543 locus
489 502 531 540 in
563 499 678 539 caelo
710 503 794 544 est,
835 503 899 537 est
937 497 1060 536 etiam
1092 495 1391 548 voluptatibus.
1443 497 1545 535 Nam
1577 495 1694 536 fortis
1727 496 1830 537 deus
1861 498 2048 551 intellegi

275 566 348 620 qui
389 568 530 618 potest
569 563 610 602 in
649 561 794 600 dolore
835 573 887 599 an
928 560 973 599 in
1004 559 1146 598 labore
1178 571 1229 598 an
1262 558 1302 597 in
1337 558 1545 611 periculo,
1578 572 1754 612 quorum
1789 559 1914 599 deum
1944 560 2050 600 nihil

275 627 476 680 attingit?
525 622 591 664 39.
624 625 707 663 Nec
740 622 898 662 ratione
929 623 1054 675 igitur
1085 626 1271 660 utentem
1292 634 1369 661 nec
1394 621 1544 660 virtute
1565 621 1650 660 ulla
1671 622 1903 674 praeditum
1927 623 2050 663 deum

273 689 517 742 intellegere
559 686 629 741 qui
667 687 928 739 possumus?
972 686 1057 723 Nec
1089 696 1185 723 vero
1218 683 1329 735 volgi
1362 689 1487 736 atque
1519 683 1808 736 imperitorum
1843 685 2051 725 inscitiam

277 751 495 804 despicere
527 763 720 803 possum,
752 762 842 787 cum
877 760 925 787 ea
948 746 1191 793 considero,
1224 760 1331 799 quae
1354 746 1550 786 dicuntur
1570 759 1593 785 a
1615 746 1791 794 Stoicis3
1824 753 1921 787 sunt
1942 747 2053 787 enim

225 814 346 854 willa
383 813 700 866 imperitorum:
742 811 899 863 piscem
942 809 1034 863 Syri
1077 814 1346 856 venerantur,
1389 822 1511 848 omne
1543 808 1630 847 fere
1661 822 1792 860 genus
1823 810 2053 850 bestiarum

275 875 468 928 Aegyptii
500 877 865 914 consecraverunt.
916 873 1002 912 Iam
1033 885 1132 911 vero
1163 872 1203 910 in
1228 871 1400 910 Graecia
1431 870 1584 910 multos
1615 871 1770 910 habent
1801 885 1853 911 ex
1875 871 2055 911 homini-

274 939 351 978 bus
374 937 502 977 deos:
534 936 793 976 Alabandum
811 935 1061 982 Alabandis,
1093 934 1267 973 Tenedii
1290 934 1483 979 Tennen‚
1513 931 1815 981 Leucotheam,
1848 948 1955 987 quae
1976 921 2056 976 fuit

276 1001 372 1048 Ino,
405 1005 447 1040 et
477 999 568 1039 eius
595 999 889 1038 Palaemonem
914 995 1044 1037 filium
1066 1002 1215 1036 cuncta
1238 995 1432 1041 Graecia,
1464 995 1711 1042 Herculem,
1744 997 2055 1050 Aesculapium,

276 1062 567 1117 Tyndaridas:
607 1061 833 1100 Romulum
872 1060 1004 1099 nostri
1045 1059 1235 1111 aliosque
1272 1058 1518 1110 compluris,
1561 1070 1667 1110 quos
1699 1059 1821 1110 quasi
1853 1072 1983 1099 novos
2016 1064 2057 1099 et

228 1137 263 1166 45
277 1124 566 1178 adscripticios
607 1123 720 1163 cives
750 1123 793 1162 in
825 1122 986 1162 caelum
1018 1126 1208 1174 receptos
1240 1126 1398 1174 putant.
1450 1120 1560 1159 XVI.
1593 1118 1659 1159 40.
1691 1121 1805 1160 Haec
1836 1121 1964 1173 igitur
1993 1122 2056 1161 in-

279 1187 403 1228 docti.
450 1186 562 1235 Quid
596 1199 668 1225 vos
701 1185 979 1239 philosophi?
1013 1185 1083 1238 qui
1108 1184 1316 1223 meliora?
1355 1182 1510 1222 Omitto
1542 1182 1634 1230 illa,
1668 1188 1765 1223 sunt
1795 1183 1907 1222 enim
1939 1195 2057 1237 prae-

279 1250 414 1290 clara:
446 1249 500 1289 sit
530 1261 630 1288 sane
662 1248 765 1288 deus
796 1249 886 1302 ipse
918 1247 1113 1287 mundus.
1159 1247 1250 1285 Hoc
1282 1244 1408 1285 credo
1439 1244 1540 1284 illud
1573 1258 1665 1284 esse

391 1335 445 1342 —
477 1311 748 1352 sublimen
780 1310 1032 1358 candens,
1065 1323 1215 1363 quem
1247 1309 1507 1349 invocant
1538 1321 1714 1348 omnes
1745 1308 1929 1347 Iovem.

281 1377 374 1426 Qua
413 1390 458 1417 re
499 1376 624 1429 igitur
654 1375 786 1429 pluris
818 1373 1083 1426 adiungimus
1115 1372 1249 1411 deos?
1291 1376 1446 1425 quanta
1477 1375 1617 1410 autem
1651 1375 1712 1410 est
1743 1383 1887 1410 eorum
1919 1371 2059 1411 multi-

229 1440 406 1480 ‘zotudot
442 1438 541 1479 mihi
574 1438 744 1492 quidem
777 1450 876 1477 sane
908 1436 1025 1476 multi
1058 1434 1265 1474 videntur.
1319 1433 1514 1486 Singulas
1547 1433 1657 1473 enim
1689 1433 1831 1473 stellas
1862 1447 2059 1475 numeras

281 1503 382 1543 deos
414 1514 572 1555 eosque
604 1506 675 1540 aut
704 1500 922 1540 beluarum
953 1499 1125 1539 nomine
1157 1497 1366 1551 appellas,
1407 1502 1452 1536 ut
1485 1496 1681 1549 Capram,
1724 1501 1770 1535 ut
1799 1497 1982 1548 Nepam,
2014 1501 2061 1537 ut

282 1567 482 1613 Taurum,
514 1569 559 1604 ut
590 1564 799 1610 Leonem,
832 1568 904 1602 aut
935 1575 1073 1601 rerum
1105 1561 1404 1606 inanimarum,
1436 1563 1481 1598 ut
1511 1561 1642 1611 Argo,
1673 1563 1717 1598 ut
1746 1560 1884 1605 Aram,
1915 1563 1960 1598 ut
1982 1558 2062 1598 Co-

282 1641 445 1670 ronam.
507 1623 576 1666 41.
620 1625 701 1666 Sed
745 1630 791 1665 ut
831 1627 934 1664 haec
973 1623 1279 1670 concedantur,
1320 1622 1482 1675 reliqua
1516 1621 1589 1674 qui
1622 1621 1788 1660 tandem
1821 1633 1906 1660 non
1937 1620 2062 1662 modo

283 1689 478 1737 concedi,
525 1689 598 1729 sed
641 1689 812 1728 omnino
853 1687 1042 1739 intellegi
1084 1687 1296 1739 possunt?
1343 1684 1446 1723 Cum
1484 1683 1625 1735 fruges
1659 1683 1874 1730 Cererem,
1919 1683 2062 1722 vinum

233 1768 270 1798 25
285 1754 480 1794 Liberum
507 1752 700 1798 dicimus,
726 1764 880 1804 genere
902 1764 979 1790 nos
1003 1749 1171 1803 quidem
1195 1746 1398 1787 sermonis
1420 1746 1578 1785 utimur
1599 1746 1768 1793 usitato,
1791 1745 1862 1785 sed
1888 1759 2063 1799 ecquem

286 1823 368 1857 tam
410 1821 615 1856 amentem
649 1828 740 1854 esse
772 1820 914 1867 putas,
956 1813 1027 1866 qui
1059 1812 1187 1857 illud,
1221 1824 1303 1863 quo
1338 1814 1552 1856 vescatur,
1601 1808 1724 1848 deum
1757 1809 1900 1848 credat
1935 1811 2062 1848 esse?

285 1882 387 1920 Nam
431 1893 537 1933 quos
574 1878 625 1918 ab
665 1877 907 1917 hominibus
940 1875 1183 1929 pervenisse
1215 1873 1320 1913 dicis
1357 1870 1407 1912 ad
1439 1872 1559 1918 deos,
1600 1877 1644 1911 tu
1676 1871 1826 1911 reddes
1860 1872 2063 1912 rationem

286 1956 410 1996 quem
442 1942 494 1982 ad
526 1940 693 1981 modum
735 1940 776 1979 id
818 1937 904 1979 fieri
944 1938 1130 1992 potuerit
1161 1941 1233 1976 aut
1263 1949 1338 1975 cur
1368 1932 1454 1974 [ieri
1488 1934 1682 1982 desierit,
1726 1940 1767 1974 et
1798 1947 1874 1986 ego
1907 1933 2063 1973 discam

287 2005 480 2044 libenter.
527 2003 621 2051 Quo
662 2002 786 2042 modo
824 2016 933 2042 nunc
966 2001 1137 2055 quidem
1170 2005 1254 2046 est,
1295 2012 1378 2037 non
1409 1997 1555 2044 video,
1598 2010 1680 2050 quo
1713 2002 1834 2050 pacto
1866 1996 1958 2043 ille,
1999 1995 2063 2036 cui

236 2081 273 2111 30
292 2067 363 2106 «in
396 2071 537 2105 monte
571 2065 726 2105 Oetaeo
758 2064 910 2104 inlatae
942 2062 1157 2115 lampades
1188 2061 1409 2107 fuerunt»,
1441 2065 1486 2099 ut
1515 2060 1573 2099 ait
1596 2060 1765 2106 Accius,
1802 2059 1871 2098 «in
1894 2059 2063 2098 domum

288 2134 497 2170 aeternam
530 2129 685 2181 patris»
721 2141 772 2167 ex
804 2127 874 2167 illo
906 2126 1054 2166 ardore
1086 2124 1347 2178 pervenerit,
1385 2136 1510 2175 quem
1542 2128 1682 2162 tamen
1714 2123 1920 2161 Homerus
1952 2121 2065 2174 apud

288 2192 445 2232 inferos
497 2190 711 2231 conveniri
757 2189 855 2229 facit
901 2189 952 2228 ab
998 2188 1118 2228 Ulixe
1165 2187 1271 2226 sicut
1318 2190 1499 2232 ceteros,
1546 2185 1619 2238 qui
1661 2189 1929 2224 excesserant
1969 2184 2065 2223 vita.

290 2253 356 2294 4⁶2.
390 2254 674 2307 Quamquam,
710 2266 834 2306 quem
867 2251 1132 2304 potissimum
1163 2248 1390 2289 Herculem
1420 2248 1618 2295 colamus,
1651 2247 1758 2287 scire
1789 2259 1889 2286 sane
1921 2245 2065 2294 velim;

290 2317 422 2373 pluris
455 2317 567 2357 enim
597 2315 766 2356 tradunt
796 2314 916 2354 nobis
948 2314 998 2360 ii,
1031 2313 1104 2366 qui
1131 2312 1352 2351 interiores
1376 2316 1613 2351 scrutantur
1635 2315 1676 2350 et
1697 2308 1934 2349 reconditas
1957 2309 2068 2349 litte-

381 2481 410 2511 4.
438 2488 615 2519 opscurum
638 2479 663 2509 A
693 2494 727 2499 —
756 2477 786 2508 Ξ.
813 2477 930 2515 cuique
953 2476 1067 2507 tribui(
1091 2477 1115 2507 E
1144 2493 1178 2497 —
1207 2476 1237 2506 5.
1265 2474 1430 2513 inlpllequi
1457 2482 1548 2505 corr.
1568 2482 1614 2503 m.
1636 2481 1708 2503 sec.
1729 2472 1761 2502 in
1779 2470 1922 2510 intellegi
1947 2470 2003 2509 qui
2020 2471 2066 2508 Α;

292 2531 434 2571 intellegyi
458 2531 539 2570 (om.
560 2529 628 2568 qui)
655 2528 678 2559 C
701 2546 735 2550 -
764 2527 794 2558 6,
816 2531 921 2566 potest
945 2527 1056 2557 dolore
1080 2536 1123 2556 an
1148 2527 1181 2556 in
1204 2524 1349 2564 periculo
1375 2534 1418 2555 an
1444 2525 1475 2554 ῖη
1500 2524 1611 2554 dolore
1628 2525 1651 2554 P
1673 2540 1706 2544 —
1735 2522 1764 2552 8.
1793 2521 1956 2552 inscitiam
1975 2528 2066 2551 corr.

294 2590 335 2612 ex
366 2581 518 2611 inscitum
548 2579 616 2610 AV
644 2596 677 2601 —
711 2578 741 2608 9.
769 2577 890 2608 dicitur
911 2576 953 2606 Vl
979 2594 1020 2598 —
1044 2577 1129 2607 enim
1158 2576 1280 2606 similia
1312 2575 1415 2605 Bake.
1445 2591 1480 2596 —
1517 2574 1568 2604 1¹2.
1595 2572 1775 2604 Alabandis
1806 2567 2068 2611 (Ἁλαβανόεῖς)

292 2632 465 2663 Bouhier:
492 2630 656 2662 Alabandi
680 2628 760 2660 ⁸210.
789 2628 838 2659 Cf.
869 2627 1068 2658 Lachmann
1094 2625 1137 2655 ad
1164 2626 1299 2656 Luc-ret.
1328 2634 1361 2664 p.
1391 2624 1463 2655 281.
1493 2641 1528 2645 —
1559 2622 1688 2653 Tenedti
1713 2622 1869 2652 Marsus:
1901 2621 2013 2652 Tenedi
2038 2618 2068 2652 ‘M

294 2682 370 2721 (nisi
395 2680 489 2721 quod
514 2681 546 2711 in
572 2681 597 2711 A
623 2680 702 2710 ante
728 2680 748 2709 d
772 2686 948 2718 superscr.
977 2678 1028 2707 est
1055 2686 1092 2712 η,
1121 2678 1156 2705 ut
1182 2675 1225 2705 sit
1249 2674 1385 2711 leniendi¹¹
1414 2674 1437 2704 Ο
1467 2691 1500 2694 -
1528 2676 1641 2703 lennem
1669 2674 1692 2702 A
1713 2672 1734 2701 B
1752 2671 1814 2702 PV
1842 2671 1885 2709 (in
1910 2670 1934 2700 B
1961 2668 2070 2700 altera

292 2741 314 2761 η
338 2739 513 2772 superscr.
542 2730 628 2768 est):
663 2732 755 2759 tenen
781 2729 828 2763 C;
864 2731 990 2757 lennem
1014 2726 1062 2760 E:
1103 2726 1215 2756 Tenem-
1240 2725 1276 2756 O.
1313 2724 1362 2755 Cf.
1394 2724 1525 2754 Verrin.
1553 2722 1610 2753 lib.
1638 2723 1651 2752 Ι
1679 2722 1696 2761 g
1722 2721 1776 2756 49.
1804 2737 1837 2742 -
1871 2720 2071 2751 leucothea-m

295 2781 317 2811 B
333 2779 391 2810 V¹:
426 2780 646 2810 lcuchothcam
671 2780 695 2809 Α
711 2778 734 2809 C
753 2777 774 2808 E
790 2775 830 2806 VJ
849 2795 883 2799 —
911 2776 962 2806 43.
984 2775 1058 2805 inoo
1081 2776 1128 2813 (in
1149 2774 1278 2811 rasura)
1305 2775 1328 2804 B
1356 2791 1390 2795 —
1419 2773 1598 2812 asclepium
1623 2774 1810 2812 (superscr.
1831 2769 2068 2809 aesculapium)

295 2832 332 2862 C.
361 2830 410 2862 Cf.
437 2830 455 2869 S
481 2830 532 2861 45.
552 2830 605 2860 57.
625 2828 676 2860 83.
709 2845 740 2850 —
780 2825 832 2858 214.
860 2829 1007 2856 nostrum
1033 2824 1061 2857 ‘ll
1089 2843 1123 2847 -—
1157 2825 1207 2855 45.
1235 2825 1456 2863 adscriptitios
1481 2824 1546 2855 AC
1565 2849 1572 2862 ,
1599 2822 1806 2862 ascriptim'os
1829 2821 1857 2851 V
1887 2838 1918 2842 —
1950 2820 2071 2851 indocti

294 2881 350 2920 qui
376 2879 556 2918 philosophi
587 2880 668 2909 duos
696 2878 753 2919 qui
783 2877 922 2908 meliora
945 2878 967 2908 P
996 2893 1030 2898 —
1064 2876 1114 2906 47.
1140 2876 1281 2906 muudus
1305 2876 1381 2905 <leus
1405 2876 1473 2913 ipse
1498 2877 1520 2906 P
1550 2892 1584 2896 —
1614 2873 1664 2904 218.
1690 2873 1823 2903 sublime
1847 2869 1928 2903 2¹10.
1964 2869 2013 2901 Cf.
2040 2870 2069 2900 11

295 2930 402 2970 §4.-
429 2930 481 2960 49.
507 2932 618 2960 autem
641 2938 755 2960 eorum
777 2929 816 2958 sit
842 2926 1015 2958 mullitudo
1031 2927 1054 2957 P
1076 2944 1109 2947 —
1138 2926 1189 2956 ΞΟ.
1208 2924 1702 2963 innueramus--appellamus
1726 2921 1837 2953 Halm.
1861 2938 1895 2942 —
1922 2920 1974 2951 ⁶21.
1995 2928 2071 2951 eas-

295 2988 356 3019 que
380 2980 402 3010 P
431 2996 465 3001 —
491 2979 617 3018 Nepam
641 2979 800 3011 L'rsinus:
834 2978 947 3016 lupam
971 2974 1000 3008 <21
1029 2994 1059 2999 -
1091 2975 1141 3007 22.
1170 2975 1396 3005 mammarum
1420 2975 1482 3005 AB
1500 2975 1525 3004 V
1551 2975 1599 3014 (in
1625 2973 1689 3004 BV
1714 2981 1760 3003 m.
1788 2979 1859 3003 sec.
1887 2977 2066 3011 superscr.

295 3032 363 3066 tal:
397 3029 589 3059 animarum
614 3028 661 3063 C;
695 3029 964 3059 inanimatarum
988 3026 1061 3057 Eo.
1090 3025 1140 3055 Cf.
1170 3024 1304 3064 Madvig
1328 3024 1372 3054 ad
1398 3024 1468 3055 Cic.
1496 3024 1538 3055 de
1566 3024 1634 3054 Fin.
1663 3021 1783 3063 9544.
1807 3039 1841 3043 —
1869 3021 1921 3052 025.
1947 3029 2073 3051 sermo-

295 3087 350 3110 nes
374 3087 465 3110 corr.
493 3079 525 3109 in
549 3087 696 3110 sermone
720 3079 746 3108 V
770 3096 801 3100 -
829 3079 1005 3116 haecquem
1029 3078 1053 3107 A
1068 3076 1091 3106 B
1109 3076 1131 3106 C
1148 3077 1169 3106 P
1186 3075 1227 3112 V,
1253 3075 1408 3113 hecquem
1425 3075 1449 3105 E
1469 3091 1502 3096 —
1525 3074 1578 3104 ⁶26.
1601 3076 1759 3112 putamus
1777 3071 1800 3102 C
1824 3088 1856 3092 —
1877 3071 1930 3101 27.
1949 3078 2073 3109 perue-

296 3130 381 3160 nisse
405 3128 542 3159 dicimus
565 3129 638 3159 deos
663 3131 685 3159 P
713 3146 748 3151 —-
774 3129 888 3159 reddes
905 3128 968 3159 AB
984 3127 1007 3157 C
1023 3126 1083 3156 ΕΡ
1100 3124 1154 3154 V¹z
1184 3125 1280 3155 redde
1306 3124 1345 3153 W
1360 3125 1384 3155 O
1406 3143 1439 3147 —
1467 3124 1518 3155 28.
1545 3122 1589 3163 id]
1615 3120 1666 3153 id&
1692 3126 1715 3153 A
1732 3122 1755 3152 C
1783 3122 1817 3151 et
1841 3128 1962 3160 margo
1988 3120 2015 3150 V
2034 3136 2069 3141 —-

298 3179 351 3211 30.
384 3182 493 3209 oetaeo
518 3178 563 3209 C:
596 3182 740 3210 moetaeo
757 3180 782 3210 Α
798 3179 822 3209 E
837 3180 859 3209 P
874 3178 917 3215 V,
950 3180 1075 3208 metaeo
1100 3176 1123 3206 B
1158 3193 1191 3196 —
1217 3175 1350 3214 fuerim!
1375 3176 1398 3204 A
1418 3183 1424 3204 z
1455 3173 1577 3212 fuerint
1601 3173 1625 3203 B
1641 3172 1664 3203 C
1680 3171 1747 3202 EV
1778 3187 1812 3192 —
1847 3170 1958 3200 accius
1981 3169 2068 3200 AB:

299 3229 409 3261 aceias
433 3228 481 3264 C;
513 3229 660 3259 accacius
684 3229 745 3265 V¹;
777 3229 882 3258 actius
905 3227 965 3265 V2;
991 3226 1097 3257 Attius
1122 3224 1145 3256 E
1161 3225 1185 3255 O
1214 3242 1249 3246 —
1275 3224 1328 3255 31.
1355 3223 1536 3254 aetheriam
1560 3224 1585 3253 A
1610 3240 1651 3245 —
1677 3222 1729 3253 32.
1757 3223 1940 3251 excesserat
1964 3216 2005 3249 V¹
2028 3235 2070 3241 -

299 3280 372 3311 uita
396 3278 443 3319 (ta
460 3286 506 3310 m.
526 3286 598 3310 see.
618 3278 651 3309 in
669 3277 750 3318 ras.)
769 3286 973 3318 quamquam
989 3278 1038 3315 A3
1063 3276 1125 3307 uix
1148 3283 1285 3314 aquam.
1312 3282 1412 3314 quam
1435 3275 1458 3305 P
1486 3290 1522 3296 —
1548 3272 1598 3305 34.
1626 3272 1673 3303 hii
1694 3269 1823 3309 ABV;
1853 3269 1886 3301 hi
1909 3270 1945 3300 P.
