2249 3624
166 171 248 213 670
887 172 959 212 DE
991 171 1217 211 OFFICIIS

164 278 421 319 sutissimum
467 283 509 318 et
552 277 904 329 patientissimum
950 275 1331 317 Lacedaemonium
1373 276 1636 330 Lysandrum
1681 278 1934 331 accepimus,

163 347 390 393 contraque
414 339 719 386 Callicratidan,
751 339 825 392 qui
856 339 1094 392 praefectus
1126 339 1273 379 classis
1304 339 1523 391 proximus
1554 344 1652 392 post
1671 340 1934 395 Lysandrum

162 405 255 445 fuit.
329 404 519 456 Itemque
559 402 601 441 in
643 402 906 442 sermonibus
946 402 1155 456 aliquem,
1201 402 1391 455 quamvis
1432 407 1684 455 praepotens
1729 403 1800 450 sit,
1847 401 1936 444 effi-

163 480 257 507 cere
298 471 343 506 ut
380 478 487 505 unus
528 464 579 504 de
609 464 749 504 multis
781 477 873 504 esse
904 464 1119 504 videatur:
1161 465 1273 517 quod
1307 465 1350 504 in
1383 463 1554 512 Catulo,
1598 470 1640 504 et
1669 465 1712 505 in
1743 471 1863 519 patre
1895 470 1937 505 et

130 530 205 569 5in
236 527 344 576 filio,
384 528 570 580 itemque
611 527 657 566 in
701 527 751 575 Q.
782 528 922 567 Mucio
954 527 1119 567 Mancia
1162 527 1357 567 vidimus.
1426 526 1579 567 Audivi
1623 541 1675 567 ex
1706 527 1935 568 maioribus

161 598 285 640 natu,
326 592 408 631 hoc
448 590 560 630 idem
600 590 731 629 fuisse
772 590 815 629 in
854 591 897 629 P.
930 590 1127 642 Scipione
1159 589 1332 637 Nasica,
1374 595 1606 642 contraque
1638 596 1796 644 patrem
1829 590 1934 638 eius,

160 655 278 696 illum
320 654 392 708 qui
431 654 494 693 Ti.
526 652 701 693 Gracchi
744 660 918 693 conatus
962 653 1148 705 perditos
1191 652 1440 699 vindicavit,
1487 652 1647 693 nullam
1695 653 1936 693 comitatem

159 717 355 758 habuisse
388 716 592 756 sermonis
625 712 693 770 [ne
717 716 1001 756 Xenocratem
1033 714 1202 768 quidem
1227 715 1541 755 severissimum
1563 710 1935 769 philosophorum]

161 781 214 820 ob
246 793 424 833 eamque
454 792 543 818 rem
573 779 709 832 ipsam
740 792 937 831 magnum
978 783 1019 818 et
1057 778 1217 818 clarum
1259 777 1404 817 fuisse.
1469 777 1798 817 [nnumerabiles
1829 777 1937 817 aliae

112 855 147 883 ⁴0
163 841 529 883 dissimilitudines
561 848 659 882 sunt
688 846 862 881 naturae
893 854 1157 894 morumque,
1189 840 1362 881 minime
1385 845 1524 880 tamen
1545 840 1934 894 vituperandorum.

274 906 430 946 XXXI.
463 901 479 943 ll
492 901 557 943 ²10.
588 903 826 944 Admodum
858 910 996 943 autem
1029 903 1211 943 tenenda
1243 909 1341 942 sunt
1371 916 1447 942 sua
1477 903 1643 955 cuique,
1666 917 1750 943 non
1772 902 1936 950 vitiosa,

163 971 236 1012 sed
267 975 406 1010 tamen
438 967 632 1021 propria,
675 980 758 1020 quo
792 966 958 1006 facilius
991 966 1191 1005 decorum
1222 965 1352 1013 illud,
1396 965 1510 1019 quod
1543 966 1807 1018 quaerimus,
1837 965 1937 1004 reti-

160 1038 322 1074 neatur.
383 1031 450 1071 Sic
492 1031 603 1070 enim
646 1036 708 1070 est
745 1029 1006 1077 faciendum,
1047 1035 1091 1069 ut
1137 1034 1284 1068 contra
1322 1028 1560 1067 universam
1600 1032 1793 1067 naturam
1832 1026 1938 1066 nihil

160 1095 491 1140 contendamus,
536 1106 583 1132 ea
627 1098 766 1132 tamen
809 1098 1051 1132 conservata
1096 1092 1308 1144 propriam
1355 1096 1540 1130 nostram
1584 1103 1832 1143 sequamur,
1876 1094 1936 1138 ut,

110 1159 287 1199 i5etiam
329 1157 363 1197 si
404 1157 486 1196 sint
525 1156 607 1196 alia
647 1156 839 1208 graviora
877 1161 1004 1208 atque
1047 1154 1243 1201 meliora,
1292 1159 1431 1193 tamen
1479 1166 1556 1192 nos
1606 1153 1745 1192 studia
1792 1157 1937 1191 nostra

158 1227 327 1261 nostrae
358 1225 529 1259 naturae
559 1219 703 1271 regula
734 1219 975 1265 metiamur3
1007 1230 1144 1270 neque
1177 1217 1289 1256 enim
1321 1217 1469 1256 attinet
1500 1221 1674 1255 naturae
1696 1227 1934 1269 repugnare

159 1298 237 1324 nec
268 1283 495 1336 quicquam
527 1283 668 1335 sequi,
711 1281 824 1335 quod
857 1281 1027 1334 assequi
1057 1294 1139 1320 non
1172 1293 1324 1333 queas:
1372 1293 1426 1319 ex
1457 1293 1539 1333 quo
1581 1277 1712 1331 magis
1745 1277 1935 1329 emergit,

159 1347 283 1401 quale
315 1346 369 1386 sit
398 1346 599 1385 decorum
629 1344 757 1391 illud,
789 1343 884 1383 ideo
917 1344 1014 1396 quia
1044 1343 1148 1383 nihil
1179 1344 1300 1383 decet
1329 1343 1461 1382 invita
1492 1342 1694 1388 Minerva,
1726 1345 1772 1381 ut
1803 1340 1934 1388 aiunt,

158 1411 200 1450 id
232 1417 296 1451 est
325 1409 572 1449 adversante
605 1413 644 1446 et
675 1412 937 1459 repugnante
969 1412 1129 1446 natura.
1200 1403 1213 1443 'l
1234 1402 1241 1443 Ι
1262 1402 1292 1444 l.
1326 1405 1508 1445 Omnino
1540 1404 1575 1444 si
1608 1404 1838 1457 quicquam
1871 1407 1935 1442 est

112 1473 384 1519 20decorum‚
431 1470 532 1510 nihil
581 1476 644 1510 est
686 1468 875 1523 profecto
918 1469 1051 1522 magis
1094 1481 1218 1522 quam
1260 1467 1540 1522 aequabilitas
1584 1480 1674 1506 cum
1716 1465 1936 1505 universae

159 1538 292 1584 vitae,
332 1541 420 1575 tum
453 1533 712 1586 singularum
743 1533 978 1579 actionum,
1020 1545 1145 1585 quam
1177 1544 1426 1570 conservare
1458 1543 1541 1570 non
1574 1528 1731 1582 possis,
1771 1528 1805 1567 si
1835 1527 1937 1566 alio-

158 1613 251 1640 rum
283 1603 475 1638 naturam
506 1596 673 1635 imitans
705 1596 872 1634 omittas
902 1601 1029 1634 tuam.
1090 1594 1141 1633 Ut
1172 1594 1283 1633 enim
1316 1606 1510 1633 sermone
1543 1606 1592 1632 eo
1625 1591 1826 1632 debemus
1860 1589 1936 1636 uti,

161 1663 234 1716 qui
266 1664 431 1701 innatus
464 1666 527 1699 est
570 1659 714 1705 nobis,
755 1671 832 1705 ne,
874 1664 920 1698 ut
951 1658 1121 1710 quidam
1155 1656 1314 1696 Graeca
1353 1656 1479 1695 verba
1517 1654 1799 1700 inculcantes,
1842 1652 1933 1691 iure

161 1725 320 1778 optimo
352 1723 575 1768 rideamur‚
608 1721 667 1760 sic
698 1722 740 1760 in
771 1721 957 1760 actiones
990 1733 1242 1772 omnemque
1273 1719 1400 1758 vitam
1422 1718 1579 1758 nullam
1602 1714 1931 1769 discrepantiam

108 1795 144 1825 25
161 1788 351 1829 conferre
383 1785 598 1825 debemus.
659 1781 752 1822 «112.
786 1785 922 1836 Atque
954 1783 1057 1821 haec
1088 1782 1320 1821 differentia
1353 1787 1593 1820 naturarum
1625 1784 1780 1818 tantam
1807 1777 1935 1817 habet

158 1851 263 1898 vim,
295 1855 341 1889 ut
370 1862 453 1888 non
485 1860 715 1900 numquam
748 1852 923 1885 mortem
956 1845 1034 1884 sibi
1066 1845 1155 1897 ipse
1188 1844 1448 1884 consciscere
1479 1843 1589 1882 alius
1620 1841 1794 1888 debeat,
1825 1840 1933 1879 alius

162 1911 222 1967 [in
244 1913 388 1953 eadem
413 1907 553 1962 causa]
579 1923 662 1949 non
687 1910 850 1949 debeat.
913 1910 1019 1947 Num
1053 1908 1164 1947 enim
1196 1907 1278 1946 alia
1309 1907 1351 1946 in
1383 1919 1507 1946 causa
1529 1906 1584 1945 M.
1608 1904 1707 1944 Cato
1729 1904 1828 1951 fuit,
1851 1903 1935 1943 alia

160 1977 305 2022 ceteri,
339 1974 410 2028 qui
442 1986 485 2013 se
517 1974 558 2012 in
583 1972 721 2011 Africa
746 1970 910 2011 Caesari
944 1970 1238 2010 tradiderunt?
1285 1970 1413 2021 Atqui
1444 1967 1593 2008 ceteris
1623 1967 1800 2006 forsitan
1831 1966 1934 2006 vitio

160 2039 302 2079 datum
333 2042 465 2083 esset,
507 2036 540 2075 si
575 2049 617 2074 se
649 2034 983 2080 interemissent,
1025 2038 1251 2086 propterea
1292 2031 1406 2084 quod
1440 2031 1572 2070 lenior
1603 2043 1748 2070 eorum
1778 2029 1863 2069 vita
1893 2033 1936 2068 et

108 2108 146 2138 30
160 2114 296 2142 mores
326 2100 492 2139 fuerant
522 2098 752 2138 faciliores:
787 2097 934 2135 Catoni
967 2110 1061 2135 cum
1092 2095 1382 2135 incredibilem
1417 2094 1632 2133 tribuisset
1663 2098 1809 2132 natura
1840 2104 1933 2145 gra-

159 2164 354 2210 vitatem,
402 2175 580 2215 eamque
625 2162 715 2213 ipse
757 2165 964 2212 perpetua
1005 2159 1239 2198 constantia
1278 2157 1563 2196 roboravisset
1602 2167 1850 2208 semperque
1890 2154 1934 2194 in

159 2226 376 2280 proposito
419 2229 703 2277 susceptoque
745 2222 922 2262 consilio
964 2221 1288 2275 permansisset,
1330 2219 1592 2259 moriendum
1634 2218 1773 2271 potius
1807 2229 1933 2271 quam

247 2419 278 2450 ⁶2.
305 2416 543 2449 callicratidan
568 2415 647 2446 Ba:
675 2413 935 2444 callim-antium
960 2413 1007 2449 H,
1033 2411 1303 2443 callicranlidam
1327 2411 1366 2447 A,
1393 2408 1639 2440 callim-audam
1661 2408 1681 2439 b
1697 2415 1748 2439 co
1775 2424 1809 2430 —
1835 2406 1935 2439 classi

160 2477 179 2501 0
205 2484 239 2490 -—
273 2468 304 2499 3.
331 2468 491 2506 aliquem,
511 2465 664 2506 quamvis
686 2465 872 2496 Pearcius:
902 2463 1006 2493 alium
1031 2470 1188 2501 quemque
1213 2461 1366 2500 quamuis
1391 2460 1432 2496 C;
1472 2467 1630 2498 quemque
1655 2458 1760 2488 alium
1783 2457 1935 2497 quamvis

157 2529 198 2559 1³³
225 2518 338 2556 alium,
358 2517 509 2556 quamvis
534 2513 766 2549 Faccioiatus3
798 2513 900 2543 alium
927 2521 1033 2551 quem,
1061 2512 1213 2551 quamvis
1238 2519 1256 2541 ο
1290 2526 1325 2532 —-
1365 2509 1397 2541 4.
1424 2509 1580 2540 uideatur
1602 2517 1668 2539 esse
1691 2515 1709 2539 c
1740 2525 1775 2530 —
1812 2507 1935 2539 catullo

157 2569 218 2600 Ab
246 2585 280 2590 —
313 2572 342 2599 et
365 2569 399 2598 in
419 2570 517 2606 patre
540 2569 568 2596 et
592 2566 625 2595 in
648 2565 715 2604 filio
740 2563 854 2595 ABb:
887 2566 916 2593 el
939 2564 973 2592 in
993 2565 1092 2602 patre
1116 2565 1145 2592 et
1166 2562 1234 2601 filio
1261 2561 1338 2597 Πᾶς
1364 2562 1393 2591 ec
1414 2562 1512 2599 patre
1536 2562 1565 2590 et
1586 2559 1654 2599 filio
1679 2566 1698 2589 ο
1725 2574 1760 2580 -
1787 2558 1818 2590 5.
1838 2558 1934 2589 item-

158 2628 220 2659 que
249 2619 312 2649 H2:
349 2618 498 2655 idemque
522 2618 546 2647 Α
560 2614 698 2646 H¹abc
740 2631 774 2634 —-
816 2614 849 2643 in
882 2622 910 2651 q.
938 2613 1046 2643 mucio
1070 2612 1199 2642 manlia
1232 2612 1275 2648 B,
1312 2612 1347 2641 in
1373 2617 1405 2647 q.
1430 2609 1534 2640 mulio
1556 2609 1691 2639 mancia
1724 2609 1798 2646 Hc,
1842 2608 1876 2638 in
1901 2617 1931 2647 q.

156 2669 259 2700 mucio
283 2670 413 2699 mantia
437 2675 470 2701 a,
502 2666 600 2705 inque
623 2665 731 2695 mucio
755 2663 885 2694 mancia
917 2662 958 2698 b,
996 2663 1095 2700 inque
1118 2662 1221 2692 mutio
1247 2661 1375 2691 manlia
1399 2662 1444 2697 A,
1470 2660 1503 2689 in
1528 2668 1559 2698 q.
1584 2659 1713 2689 munito
1736 2658 1868 2689 mantia
1890 2665 1932 2697 μς

156 2720 191 2750 in
216 2720 253 2758 Q.
272 2718 381 2749 Mucio
398 2718 421 2756 η’-
436 2716 573 2748 Mancia
598 2715 720 2752 lleine.
747 2714 802 2744 cui
827 2712 1017 2751 legendum
1042 2711 1182 2742 ridetur
1204 2712 1236 2741 in
1266 2712 1302 2749 Q.
1318 2709 1427 2741 Mucio
1444 2709 1629 2740 etMarcio.
1660 2725 1695 2729 ——
1722 2708 1752 2739 7.
1772 2708 1808 2739 ti.
1828 2709 1932 2746 (corr.

157 2770 232 2801 int.
255 2770 291 2807 H)
317 2768 450 2808 qracchi
475 2766 583 2798 Alth:
610 2770 655 2803 ty.
671 2764 785 2805 graeci
810 2771 843 2796 c:
872 2766 894 2793 t.
914 2762 1048 2802 gracchi
1072 2762 1130 2792 Ba
1169 2778 1202 2783 -—
1241 2761 1273 2792 8.
1301 2760 1417 2791 Verba
1440 2768 1481 2790 we
1496 2757 1934 2797 Xenocratem——philoso-

155 2819 296 2859 phorum
320 2817 387 2849 del.
405 2818 651 2851 lleumannus;
681 2815 785 2846 etiam
811 2821 900 2852 quae
926 2813 1123 2851 sequuntur
1146 2810 1184 2841 ob
1209 2819 1346 2849 eamque
1361 2810 1526 2849 --fuisse
1549 2807 1790 2849 interpolatori
1814 2807 1935 2839 tribuit

158 2868 315 2900 Orellius.
339 2884 371 2889 ——
399 2876 439 2898 ne
453 2870 657 2897 xenocralen
683 2873 722 2897 a:
751 2872 806 2894 nec
829 2866 1031 2894 xenocratem
1057 2869 1075 2892 c
1105 2879 1137 2883 —
1173 2861 1203 2891 9.
1230 2865 1259 2891 ec
1283 2860 1414 2891 clarum
1439 2860 1482 2891 C:
1510 2859 1705 2897 clarumque
1728 2865 1747 2889 o
1774 2858 1854 2897 (non
1871 2856 1931 2894 ab)

158 2936 200 2941 —
218 2920 269 2949 ⁴2.
288 2918 373 2957 quod
388 2917 520 2956 facilius
538 2916 593 2947 Ab
621 2933 655 2938 —
684 2914 735 2945 «ii.
755 2916 904 2944 nostram
929 2914 1001 2951 Cp:
1030 2915 1187 2942 ruituram
1212 2918 1231 2941 o
1260 2927 1293 2932 —
1322 2913 1356 2940 ul
1382 2910 1451 2940 iam
1474 2911 1515 2940 sit
1539 2909 1669 2940 alia--
1685 2908 1796 2939 studia
1817 2910 1934 2938 nostra

158 2972 301 3000 naturae
325 2968 439 3006 requca
464 2968 616 2997 metimur
640 2964 769 2996 Nonius
795 2972 826 3003 p.
844 2964 918 2994 315.
949 2978 982 2983 —
1017 2965 1052 2991 ul
1076 2969 1148 2992 eam
1173 2961 1271 2991 ctiam
1295 2960 1352 2990 Ab
1381 2977 1411 2982 —
1451 2960 1503 2990 45.
1529 2959 1639 2989 studia
1663 2960 1777 2988 nostra
1799 2959 1934 2987 nostrae

158 3021 300 3050 naturae
324 3017 439 3056 regula
473 3016 672 3046 Ernestius:
704 3013 815 3044 studia
839 3016 951 3043 nostra
977 3015 1089 3042 nostra
1116 3014 1217 3047 (corr.
1238 3019 1280 3041 ex
1305 3010 1422 3047 noslri)
1449 3009 1566 3049 regula
1588 3010 1636 3042 A:
1668 3007 1778 3038 studia
1799 3010 1933 3037 nostrae

158 3068 294 3108 requlae
317 3067 360 3099 B:
387 3067 496 3096 studia
519 3069 652 3095 nostrae
676 3061 792 3103 regule}
819 3063 865 3097 1⁷12
892 3062 1002 3092 studia
1025 3064 1140 3090 nostra
1164 3060 1280 3099 regula
1307 3067 1345 3090 a:
1372 3059 1482 3089 studia
1507 3060 1615 3095 (corr.
1635 3057 1668 3088 in
1691 3057 1801 3095 studii)
1826 3054 1933 3087 nostri

158 3117 276 3157 reyula
303 3116 346 3147 b:
384 3116 492 3145 studia
515 3119 630 3145 nostra
655 3118 796 3144 naturae
820 3111 938 3152 regula
968 3119 986 3141 c
1017 3112 1051 3141 et
1081 3111 1223 3141 Nonius.
1263 3127 1304 3131 —-
1345 3109 1396 3139 [17.
1423 3109 1643 3147 nequicquam
1673 3114 1691 3138 c
1730 3123 1765 3128 —-
1807 3105 1859 3136 49.
1885 3106 1933 3136 sic

160 3168 338 3208 quicquam
362 3173 382 3195 a
416 3181 447 3186 -
482 3165 532 3194 20.
559 3173 633 3194 cum
660 3162 866 3194 Lambinus:
901 3170 970 3192 om.
992 3160 1047 3191 Co
1086 3176 1120 3180 ——
1159 3160 1211 3189 '2:3.
1238 3160 1371 3189 innatus
1396 3167 1477 3189 nos:
1512 3161 1607 3189 notus
1632 3157 1706 3189 Co:
1740 3159 1838 3186 natus
1861 3153 1928 3186 alii.

162 3235 197 3240 —
234 3217 288 3249 Ἡ.
313 3216 484 3246 rideantur
515 3214 556 3244 C:
595 3213 798 3244 irrideamur
821 3210 876 3242 alii
902 3212 987 3248 (non
1005 3209 1043 3250 a)
1082 3226 1117 3230 ——
1155 3210 1208 3239 26.
1235 3209 1321 3239 alius
1345 3217 1410 3238 non
1435 3207 1548 3238 debeat
1577 3215 1614 3238 a:
1653 3207 1738 3237 alius
1760 3206 1795 3235 in
1818 3204 1932 3236 eadem

160 3276 265 3299 causa
287 3275 352 3297 non
377 3264 487 3296 debeat
512 3270 603 3302 cpo;
642 3263 729 3293 haec
754 3262 871 3293 omnia
896 3269 965 3293 om.
984 3259 1113 3292 ABHb
1148 3276 1180 3280 —
1219 3259 1272 3290 ⁶27.
1299 3259 1372 3290 Non
1396 3259 1482 3289 enim
1506 3264 1524 3288 c
1559 3274 1594 3279 -
1627 3255 1680 3287 29.
1707 3254 1813 3286 leuior
1835 3253 1864 3285 H
1890 3267 1927 3276 σ-

162 3317 215 3349 30.
240 3314 440 3348 incredulem
463 3321 500 3352 a,
527 3312 732 3344 incredulam
755 3313 781 3343 A
795 3311 828 3343 b.
