2249 3624
279 123 361 166 540
925 128 994 167 DE
1024 126 1376 168 DIVINATIONE
1394 134 1414 139 ‘⁴

280 238 448 288 praeter
482 238 673 274 naturam
710 238 848 273 tamen
885 247 967 272 non
998 234 1130 285 possit
1160 234 1354 273 existere.
1423 233 1599 274 Causam
1636 234 1764 287 igitur
1798 234 2048 288 investigato

280 298 325 337 in
356 312 400 337 re
432 310 538 336 nova
571 302 696 349 atque
728 296 974 342 admirabili,
1008 297 1041 335 si
1074 296 1249 347 poteris;
1281 296 1316 335 si
1348 296 1506 335 nullam
1537 297 1743 349 reperies,
1774 297 1879 337 illud
1910 303 2049 338 tamen

280 359 541 412 exploratum
564 358 713 397 habeto
735 358 837 396 nihil
860 358 949 397 fieri
971 358 1159 411 potuisse
1181 359 1270 397 sine
1293 371 1439 405 causa,
1473 372 1656 412 eumque
1677 364 1901 407 terrorem,
1923 373 2048 413 quem

278 423 351 462 tibi
392 422 451 461 rei
493 421 655 460 novitas
695 421 900 467 attulerit,
942 426 1115 460 naturae
1155 420 1316 459 ratione
1354 421 1568 474 depellito.
1628 422 1690 461 Ita
1725 427 1765 460 te
1801 435 1878 461 nec
1915 427 2049 463 terrae

246 483 468 523 afremitus
499 496 574 522 nec
607 483 710 522 caeli
742 483 952 523 discessus
985 496 1061 522 nec
1093 482 1283 535 lapideus
1315 488 1385 522 aut
1416 483 1672 534 sanguineus
1704 483 1838 523 imber
1865 497 1940 524 nec
1969 490 2050 525 tra-

278 546 404 585 iectio
437 545 580 585 stellae
611 559 686 585 nec
718 546 830 585 faces
862 546 977 585 visae
1009 545 1238 584 terrebunt.
1299 541 1364 582 61.
1399 544 1588 592 Quorum
1621 546 1806 585 omnium
1838 560 1983 587 causas
2016 548 2051 588 si

278 620 301 646 a
325 606 555 660 Chrysippo
585 621 813 661 quaeram,
850 609 938 661 ipse
976 608 1046 647 ille
1086 607 1356 646 divinationis
1394 612 1539 646 auctor
1571 621 1800 659 numquam
1837 608 1909 648 illa
1940 609 2052 650 dicet

276 670 384 709 facta
423 670 594 709 fortuito
639 671 956 723 naturalemque
998 670 1200 709 rationem
1233 669 1418 708 omnium
1451 668 1614 707 reddet.
1674 668 1785 709 Nihil
1818 671 1927 709 enim
1959 671 2051 711 fieri

279 734 366 773 sine
407 746 532 772 causa
573 738 737 785 potest,
779 746 855 772 nec
888 734 1112 785 quicquam
1146 730 1209 778 fit,
1252 731 1365 785 quod
1400 729 1487 770 lieri
1517 745 1600 770 non
1632 738 1792 785 potest;
1834 747 1912 773 nec
1943 735 1977 774 si
2008 733 2051 773 id

229 795 429 835 ⁴0factum
462 802 542 843 est,
575 796 687 849 quod
720 795 857 849 potuit
888 793 999 840 lieri,
1033 799 1272 847 portentum
1307 794 1431 833 debet
1462 794 1614 832 videri:
1656 793 1770 834 nulla
1801 795 1928 847 igitur
1956 809 2054 849 por-

278 863 390 897 tenta
422 863 531 898 sunt.
592 861 695 898 Nam
728 859 774 905 si,
808 859 921 911 quod
953 871 1046 897 raro
1079 857 1137 902 fit,
1169 857 1210 896 id
1248 861 1484 909 portentum
1518 856 1747 907 putandum
1781 864 1855 903 est,
1888 858 2054 911 sapien-

278 925 360 959 tem
399 933 490 960 esse
528 927 770 974 portentum
803 926 892 967 est3
936 921 1104 972 saepius
1138 920 1248 958 enim
1281 919 1434 958 mulam
1467 918 1682 970 peperisse
1714 919 1895 959 arbitror
1926 934 2051 974 quam

277 982 508 1035 sapientem
541 984 685 1023 fuisse.
749 983 823 1022 Illa
854 983 981 1033 igitur
1010 982 1115 1021 ratio
1148 981 1429 1026 concluditur,
1469 994 1544 1020 nec
1576 980 1640 1026 id,
1674 981 1786 1034 quod
1818 996 1902 1022 non
1933 988 2054 1037 potu-

277 1047 354 1085 erit
383 1046 494 1092 fieri‚
526 1046 679 1086 factum
712 1059 911 1099 umquam
945 1059 1060 1091 esse,
1100 1058 1177 1084 nec
1209 1044 1322 1096 quod
1355 1044 1557 1096 potuerit,
1589 1044 1629 1082 id
1662 1050 1902 1097 portentum
1935 1059 2051 1086 esse:

228 1107 332 1147 mita
369 1108 540 1148 omnino
577 1109 735 1149 nullum
775 1122 866 1148 esse
904 1112 1157 1161 portentum.
1217 1104 1284 1145 62.
1320 1106 1444 1154 Quod
1477 1107 1601 1146 etiam
1634 1108 1849 1148 coniector
1880 1109 2052 1161 quidam

276 1176 316 1210 et
344 1170 550 1223 interpres
582 1177 868 1225 portentorum
900 1184 984 1210 non
1015 1171 1162 1210 inscite
1185 1169 1452 1223 respondisse
1477 1169 1630 1209 dicitur
1652 1169 1680 1221 ·1-
1703 1171 1765 1218 ei,
1790 1172 1861 1224 qui
1885 1185 1976 1211 cum
2000 1171 2050 1212 ad

277 1246 371 1273 eum
402 1234 616 1274 retulisset
654 1235 773 1288 quasi
814 1240 1048 1280 ostentum,
1093 1232 1205 1286 quod
1237 1231 1387 1284 anguis
1419 1232 1532 1271 domi
1565 1238 1726 1272 vectem
1760 1234 2052 1274 circumiectus

274 1295 445 1335 fuisset:
486 1302 602 1336 «tum
635 1303 793 1344 esset»,
826 1297 963 1348 inquit
1005 1300 1273 1341 «ostentum,
1313 1295 1346 1333 si
1378 1307 1557 1347 anguem
1594 1295 1725 1334 vectis
1764 1296 2055 1349 circumplica-

276 1360 446 1398 visset».
507 1360 596 1399 Hoc
626 1359 695 1398 ille
726 1372 928 1411 responso
961 1358 1060 1397 satis
1092 1362 1235 1410 aperte
1269 1355 1519 1403 declaravit,
1553 1356 1654 1397 nihil
1680 1355 1919 1398 habendum
1948 1371 2054 1406 esse,

224 1426 261 1455 ²0
276 1422 390 1475 quod
424 1419 510 1461 fieri
546 1427 708 1474 posset,
747 1426 972 1461 ostentum.

387 1485 543 1524 XXIX.
578 1484 620 1524 C.
643 1484 854 1523 Gracchus
877 1483 927 1522 ad
952 1484 1004 1522 M.
1029 1483 1303 1535 Pomponium
1336 1482 1501 1534 scripsit
1523 1482 1686 1522 duobus
1709 1483 1917 1536 anguibus
1940 1482 2055 1522 domi

276 1547 577 1600 conprehensis
609 1546 852 1600 haruspices
885 1559 906 1585 a
939 1552 1057 1599 patre
1089 1550 1351 1584 convocatos.
1408 1544 1489 1592 Qui
1523 1545 1655 1596 magis
1687 1545 1895 1598 anguibus
1929 1558 2054 1598 quam

276 1610 465 1657 lacertis,
508 1623 632 1663 quam
666 1606 889 1648 muribus?
950 1608 1058 1656 Quia
1090 1613 1186 1646 sunt
1217 1608 1317 1646 haec
1359 1607 1592 1653 cotidiana,
1634 1620 1791 1660 angues
1824 1622 1906 1647 non
1939 1609 2053 1647 item.

278 1673 406 1721 Quasi
439 1685 538 1711 vero
570 1671 743 1717 referat,
786 1672 898 1724 quod
932 1669 1017 1710 lieri
1053 1675 1211 1722 potest,
1254 1683 1379 1723 quam
1412 1670 1452 1708 id
1487 1682 1612 1721 saepe
1646 1668 1725 1710 fiat.
1788 1671 1877 1723 Ego
1913 1675 2053 1710 tamen

224 1740 260 1768 95
276 1736 417 1781 miror,
450 1735 482 1774 si
516 1735 686 1774 emissio
719 1734 898 1773 feminae
926 1734 1074 1785 anguis
1102 1738 1276 1771 mortem
1307 1732 1523 1771 adferebat
1554 1733 1616 1772 Ti.
1640 1732 1848 1779 Graccho,
1879 1732 2050 1772 emissio

274 1804 411 1837 autem
445 1798 568 1836 maris
600 1797 748 1849 anguis
781 1803 867 1836 erat
899 1796 1110 1836 mortifera
1135 1795 1376 1843 Corneliae,
1405 1808 1480 1834 cur
1501 1795 1672 1834 alteram
1698 1801 1829 1834 utram
1854 1795 2052 1834 emiserit.

273 1860 385 1899 Nihil
417 1860 526 1898 enim
561 1860 707 1899 scribit
737 1859 1004 1912 respondisse
1037 1858 1296 1910 haruspices,
1330 1857 1363 1896 si
1386 1863 1534 1897 neuter
1555 1858 1704 1910 anguis
1728 1857 1906 1896 emissus
1930 1863 2053 1904 esset,

275 1921 376 1975 quid
416 1927 526 1961 esset
564 1921 762 1961 futurum.
825 1924 876 1960 At
915 1935 1024 1960 mors
1063 1922 1253 1960 insecuta
1288 1920 1519 1959 Gracchum
1560 1925 1635 1959 est.
1700 1920 1834 1960 Causa
1866 1920 2053 1974 quidem,

276 1984 416 2030 credo,
448 1985 590 2038 aliqua
622 1985 753 2024 morbi
777 1984 999 2036 gravioris,
1024 1997 1105 2023 non
1129 1983 1356 2022 emissione
1379 1983 1611 2034 serpentis;
1645 1996 1784 2036 neque
1807 1983 1916 2022 enim
1941 1988 2054 2023 tanta

225 2052 261 2081 ³0
276 2053 338 2087 est
368 2046 591 2086 infelicitas
624 2047 914 2099 haruspicum,
946 2053 991 2086 ut
1021 2061 1073 2086 ne
1105 2059 1204 2085 casu
1237 2045 1407 2098 quidem
1438 2058 1638 2097 umquam
1670 2045 1765 2092 fiat,
1798 2046 1911 2099 quod
1943 2045 2055 2085 futu-

275 2123 366 2148 rum
400 2108 458 2148 illi
490 2123 581 2149 esse
614 2110 809 2149 dixerint.

389 2173 524 2211 XXX.
567 2171 634 2211 653.
671 2174 775 2211 Nam
815 2172 919 2211 illud
960 2172 1156 2218 mirarer,
1196 2171 1229 2211 si
1262 2169 1498 2216 crederem,
1537 2171 1650 2223 quod
1682 2171 1791 2224 apud
1824 2171 2053 2210 Homerum

278 2234 546 2275 Calchantem
578 2235 722 2274 dixisti
755 2248 805 2274 ex
840 2248 1054 2288 passerum
1087 2247 1261 2274 numero
1295 2231 1391 2272 belli
1417 2233 1587 2272 Troiani
1620 2246 1753 2273 annos
1776 2238 2051 2285 auguratum;

277 2296 327 2336 de
360 2297 476 2336 cuius
509 2299 746 2337 coniectura
778 2298 837 2336 sic
867 2296 978 2350 apud
1010 2296 1262 2343 Homerum,
1301 2300 1348 2335 ut
1378 2308 1456 2334 nos
1489 2295 1612 2334 otiosi
1645 2295 1951 2341 convertimus,
1994 2295 2055 2334 lo-

225 2364 261 2392 35
276 2360 417 2413 quitur
448 2361 758 2412 Agamemnon:

446 2423 624 2469 Ferte,
668 2423 802 2468 viri,
847 2427 897 2461 et
937 2422 1097 2461 duros
1139 2422 1317 2461 animo
1359 2420 1596 2460 tolerate
1637 2420 1876 2467 labores,

446 2486 684 2538 Auguris
725 2490 779 2523 ut
820 2484 992 2523 nostri
1038 2484 1348 2524 Calchantis
1390 2483 1499 2523 sata
1540 2496 1787 2536 queamus

447 2549 590 2588 Scire
632 2553 856 2587 ratosne
896 2546 1129 2586 habeant
1171 2559 1232 2585 an
1275 2559 1446 2585 vanos
1490 2546 1730 2598 pectoris
1774 2558 1940 2586 orsus.

445 2612 656 2663 Namque
698 2624 866 2650 omnes
907 2610 1119 2649 memori
1151 2614 1444 2662 portentum
1476 2613 1646 2648 mente
1677 2612 1968 2655 retentant,

363 2810 394 2840 ἱ).
419 2809 583 2848 repperies
608 2809 631 2838 R
668 2824 705 2830 —
744 2807 774 2838 3.
801 2811 962 2838 terrorem
988 2806 1199 2838 Lambinus:
1238 2815 1387 2837 errorem
1411 2807 1435 2838 C
1471 2823 1506 2828 —
1545 2805 1576 2837 4.
1604 2806 1687 2837 alul.
1714 2806 1739 2836 A
1775 2822 1810 2827 —
1853 2806 1883 2836 6.
1911 2814 2054 2845 quorum

276 2858 424 2891 salisb:
459 2867 602 2897 quarum
628 2858 651 2888 C
688 2874 722 2878 —
761 2858 791 2888 7.
820 2866 974 2895 quaerent
1000 2857 1051 2893 Vl.
1083 2865 1279 2897 quaererem
1305 2856 1345 2885 ΥΞ
1371 2873 1404 2878 -
1433 2857 1507 2895 ipsa
1530 2857 1570 2887 Al
1597 2875 1631 2880 -α
1667 2856 1697 2887 9.
1726 2856 1906 2894 quidquam
1931 2856 1988 2887 ΒΟ
2015 2874 2050 2879 —-

277 2909 328 2940 46.
356 2909 411 2948 qui
434 2917 508 2938 cum
530 2911 574 2943 Α,
602 2908 665 2939 sed
689 2917 763 2938 cum
787 2908 820 2938 in
846 2916 929 2938 ras:
958 2908 1012 2946 qui
1036 2908 1180 2944 quodam
1206 2908 1388 2946 (quoddam
1411 2906 1517 2945 corr.)
1543 2906 1590 2942 V;
1624 2906 1679 2944 qui
1704 2907 1871 2945 quon-dam
1894 2906 1973 2943 (aut
1996 2905 2053 2945 qui

276 2968 344 2990 om.
365 2960 448 2995 cum)
474 2960 562 2990 coni.
586 2959 726 2991 nai-ie&
755 2959 877 2989 dicitur
900 2966 974 2988 cum
999 2958 1135 2996 quidam
1160 2959 1249 2989 coni.
1274 2957 1371 2988 Halm
1392 2974 1426 2978 —
1453 2957 1506 2987 ⁶20.
1526 2964 1591 2986 esse
1615 2956 1700 2994 quod
1721 2956 1795 2995 fieri
1815 2958 1922 2994 posset
1945 2959 2053 2986 osten·

275 3013 344 3040 tum
368 3009 439 3044 ΑΒ,
467 3009 529 3039 nisi
556 3008 649 3048 quod
676 3009 707 3039 in
726 3009 749 3038 B
776 3011 936 3038 ostentum
960 3016 1036 3047 sup.
1065 3006 1122 3038 lin.
1149 3007 1306 3038 additum
1333 3009 1407 3038 est:
1435 3015 1499 3037 esse
1523 3007 1609 3044 quod
1631 3007 1704 3046 fieri
1725 3009 1831 3044 posset
1855 3005 1895 3043 V,
1923 3005 2052 3045 quibus

275 3058 394 3089 verbis
420 3059 451 3088 in
477 3059 634 3094 margine
661 3058 837 3089 adiectum
865 3059 918 3088 est
936 3060 1146 3096 portentum3
1173 3066 1238 3088 esse
1259 3061 1460 3096 portentum,
1487 3057 1573 3095 quod
1594 3056 1668 3096 fieri
1689 3058 1794 3095 posset
1816 3055 1841 3086 Ο
1875 3071 1910 3075 -
1944 3054 1997 3085 21.
2024 3053 2052 3085 G

277 3109 342 3145 AB,
369 3108 431 3139 sed
458 3109 489 3138 in
517 3109 539 3139 B
565 3117 640 3148 sup.
661 3107 733 3144 lin..
761 3117 830 3139 om.
850 3108 878 3137 V
898 3124 932 3129 —
959 3107 1102 3147 grachus
1119 3108 1140 3138 Β
1163 3125 1197 3129 -
1225 3108 1337 3139 scribit
1353 3106 1392 3139 Αι
1412 3125 1446 3130 -
1474 3107 1526 3138 23.
1547 3107 1744 3145 quotidiana
1761 3106 1786 3136 O
1805 3122 1839 3128 —
1866 3103 1918 3135 24.
1936 3103 2050 3144 potest]

273 3161 346 3197 post
370 3157 408 3189 Αι
435 3175 468 3180 -——
496 3159 549 3188 25.
579 3159 622 3188 Τι’.
643 3157 768 3198 vulgo:
804 3158 861 3188 tito
887 3158 911 3189 C
940 3174 974 3179 —
1011 3157 1064 3188 ⁶26.
1091 3158 1290 3188 alterutram
1315 3158 1356 3188 Αἱ)
1381 3173 1417 3180 -
1448 3157 1501 3187 ⁶27.
1527 3158 1646 3188 missus
1668 3156 1727 3187 ΑΒ
1760 3173 1794 3177 -
1829 3155 1883 3185 ⁵28.
1910 3153 2051 3185 Gracchi

277 3208 437 3240 Davisius
457 3225 491 3229 —
519 3207 571 3238 30.
590 3207 640 3248 ηε]
657 3217 713 3239 nec
738 3209 761 3239 B
785 3226 818 3230 —
847 3207 898 3239 34.
917 3208 1011 3239 cuius
1028 3204 1085 3238 V²z
1112 3208 1228 3246 quoius
1252 3206 1358 3239 ΑΒΥ1
1377 3225 1418 3230 --
1443 3207 1495 3238 35.
1513 3206 1715 3247 Agamemno
1741 3206 1778 3242 Ο,
1806 3204 1935 3238 Ulixem
1959 3205 2049 3236 haec

278 3257 371 3300 apud
396 3258 590 3290 Homerum
614 3257 650 3290 11.
677 3258 701 3290 B
726 3267 759 3290 v,
777 3258 840 3291 299
864 3266 943 3299 sqq.
970 3257 1065 3298 loqui
1089 3257 1172 3288 vidit
1198 3255 1408 3292 Politianus;
1436 3256 1479 3289 cf.
1506 3256 1553 3295 11,
1572 3255 1645 3297 582
1671 3272 1706 3278 -
1734 3254 1787 3287 36.
1806 3254 1948 3286 tolerare
1963 3254 2004 3285 A.
