2249 3624
674 185 762 225 Lm.
786 185 856 225 111.
896 186 991 225 Car.
1014 186 1268 227 VII—VIII.
1305 184 1364 239 §§
1387 183 1431 225 31
1450 182 1578 226 -37,
1928 184 2009 226 7117

246 291 485 334 viderentur
523 291 657 330 utilia.
728 291 841 330 Nihil
885 305 981 332 vero
1022 293 1145 340 utile,
1186 292 1298 346 quod
1340 306 1422 331 non
1465 293 1573 332 idem
1614 292 1861 339 honestum,
1908 291 2011 332 nihil

243 355 491 401 honestum,
522 352 634 407 quod
666 366 748 393 nou
780 353 892 393 idem
926 355 1027 394 utile
1060 356 1133 402 sit,
1173 368 1297 407 saepe
1331 360 1505 395 testatur
1536 360 1746 407 negatque
1778 355 1905 395 ullam
1938 370 2011 409 pe-

244 424 348 458 stem
381 417 581 456 maiorem
613 416 654 455 in
688 417 812 455 vitam
845 416 1062 456 hominum
1096 418 1298 457 invasisse
1332 431 1456 471 quam
1485 431 1627 457 eorum
1650 417 1914 470 opinionem,
1937 420 2009 472 qui

243 480 321 520 ista
352 479 639 519 distraxerint.
703 479 847 530 ltaque
880 492 976 525 non,
1011 486 1054 518 ut
1085 479 1313 532 aliquando
1345 487 1699 533 anteponeremus
1732 480 1847 520 utilia
1879 480 2010 521 hone-

242 543 329 589 stis,
361 541 435 582 sed
467 547 511 581 ut
542 554 590 580 ea
622 541 709 580 sine
743 554 880 581 errore
913 541 1252 588 diiudicarenius,
1286 543 1318 581 si
1355 542 1523 596 quando
1556 543 1813 590 incidissent,
1845 543 2042 584 induxit5

243 618 358 653 eam,
391 617 498 658 quae
531 603 746 643 videretur
777 617 891 650 esse,
924 618 1005 643 non
1039 618 1146 657 quae
1181 610 1311 651 esset,
1345 606 1677 657 repugnantiam.
1737 607 1852 645 llanc
1886 607 2010 659 igitur

241 673 399 720 partem
438 666 624 706 relictam
664 666 928 719 explebimus
972 666 1096 705 nullis
1138 666 1422 714 adminiculis,
1465 669 1559 714 sed,
1602 673 1645 707 ut
1676 668 1845 716 dieitur,
1878 671 2009 709 Marte

241 735 400 769 nostro.
462 730 610 782 Neque
654 728 765 768 enim
807 729 1033 781 quicquam
1074 734 1136 767 est
1177 729 1226 768 de
1265 729 1341 769 hac
1381 736 1497 782 parte
1539 736 1631 782 post
1663 731 1904 771 Panaetium
1938 746 2010 772 ex-

242 791 464 845 plicatum,
504 790 617 845 quod
658 790 829 843 quidem
862 790 963 829 mihi
997 790 1263 843 probaretur,
1307 792 1357 831 de
1390 793 1461 840 iis,
1504 806 1611 846 quae
1643 793 1684 832 in
1718 808 1863 835 manus
1896 808 2010 836 meas

243 859 459 894 venerunt.
2028 868 2063 897 40

355 916 462 955 vl11.
494 913 560 955 35.
595 915 695 956 Cum
728 916 852 969 igitur
882 915 1025 969 aliqua
1058 917 1217 969 species
1248 917 1438 957 utilitatis
1467 919 1630 959 obiecta
1654 925 1735 968 est,
1759 921 2013 961 commoveri

243 991 414 1018 necesse
447 984 521 1018 est.
587 978 669 1018 Sed
702 979 760 1026 si,
801 992 893 1018 cum
925 978 1111 1018 animum
1144 980 1396 1027 attenderis,
1437 982 1735 1034 turpitudinem
1768 982 1909 1023 videas
1941 983 2013 1023 ad-

243 1042 425 1081 iunctam
459 1041 498 1080 ei
529 1041 609 1088 rei,
642 1054 749 1094 quae
782 1041 967 1093 speeiem
1003 1041 1194 1081 utilitatis
1225 1043 1431 1090 attulerit,
1465 1049 1550 1083 tum
1583 1058 1666 1084 non
1699 1045 1855 1086 utilitas
1886 1046 2013 1086 relin-

243 1103 413 1157 quenda
444 1108 519 1151 est,
552 1102 625 1143 sed
656 1103 1004 1156 intellegendum,
1039 1104 1108 1143 ubi
1141 1104 1353 1157 turpitudo
1386 1105 1451 1152 sit,
1484 1106 1541 1145 ibi
1574 1107 1793 1148 utilitatem
1817 1122 1907 1149 esse
1929 1123 2012 1150 non

242 1178 379 1218 posse.
441 1165 562 1213 Quod
594 1165 629 1205 si
660 1165 765 1205 nihil
798 1171 860 1205 est
892 1171 973 1206 tam
1006 1171 1148 1206 contra
1178 1173 1367 1207 naturam
1410 1181 1533 1220 quam
1573 1171 1783 1223 turpitudo
1814 1194 1869 1200 —
1899 1178 2063 1213 rectam

243 1228 354 1267 enim
388 1233 429 1268 et
460 1228 752 1269 convenientia
793 1233 833 1268 et
864 1230 1098 1268 constantia
1130 1234 1278 1268 natura
1309 1229 1521 1270 desiderat
1550 1239 1880 1287 aspernaturque
1913 1248 2013 1275 con-

243 1290 369 1330 traria
391 1312 443 1317 —
475 1290 665 1344 nihilque
697 1296 779 1331 tam
811 1290 1043 1330 secundum
1075 1297 1268 1331 naturam
1302 1305 1426 1345 quam
1459 1293 1626 1340 utilitas,
1659 1301 1770 1335 certe
1802 1297 1842 1335 in
1865 1297 2013 1337 eadem

244 1367 287 1393 re
320 1352 475 1393 utilitas
508 1359 549 1393 et
580 1353 794 1407 turpitudo
827 1366 918 1393 esse
950 1367 1033 1393 non
1066 1359 1216 1406 potest.
1256 1355 1461 1407 Itemque,
1494 1356 1526 1395 si
1559 1356 1610 1396 ad
1642 1356 1904 1399 honestatem
1929 1360 2012 1400 nati

244 1429 388 1456 sumus
429 1429 565 1469 eaque
605 1422 677 1456 aut
716 1416 804 1456 sola
846 1416 1083 1468 expetenda
1125 1422 1208 1464 est,
1249 1422 1294 1456 ut
1325 1420 1483 1458 Zenoni
1517 1420 1646 1459 visum
1679 1427 1760 1468 est,
1799 1428 1869 1462 aut
1901 1428 2012 1463 certe

246 1479 358 1519 omni
399 1478 587 1532 pondere
629 1480 795 1532 gravior
834 1477 1024 1518 habenda
1065 1492 1190 1532 quam
1232 1479 1394 1531 reliqua
1435 1481 1595 1529 omnia,
1644 1484 1756 1535 quod
1797 1486 2011 1525 Aristoteli
2027 1494 2063 1523 20

246 1541 395 1594 placet,
427 1554 599 1581 necesse
632 1547 707 1588 est,
740 1541 851 1594 quod
883 1541 1106 1581 honestum
1139 1541 1204 1589 sit,
1235 1541 1277 1580 id
1310 1555 1402 1582 esse
1433 1548 1505 1583 aut
1536 1544 1672 1584 solum
1704 1552 1775 1586 aut
1804 1561 2012 1588 summum

245 1601 426 1651 bonum,
460 1604 571 1657 quod
604 1610 741 1644 autem
772 1604 953 1651 bonum,
985 1603 1025 1643 id
1060 1610 1171 1643 certe
1203 1604 1325 1650 utile,
1359 1606 1436 1653 ita,
1469 1606 1672 1659 quicquid
1704 1607 1940 1658 honestum,
1971 1608 2014 1650 id

245 1666 361 1706 utile.
427 1663 494 1705 36.
535 1666 629 1714 Qua
660 1680 702 1706 re
743 1679 859 1706 error
896 1666 1115 1706 hominum
1147 1679 1232 1705 non
1265 1667 1514 1719 proborum,
1553 1683 1646 1709 cum
1679 1670 1860 1724 aliquid,
1901 1673 2013 1726 quod

246 1729 345 1769 utile
376 1729 510 1769 visum
543 1734 627 1776 est,
667 1729 867 1782 arripuit,
899 1729 941 1768 id
973 1729 1173 1768 continuo
1205 1731 1387 1770 secernit
1418 1730 1469 1771 ab
1500 1731 1689 1772 honesto.
1748 1733 1857 1773 Hine
1888 1735 2013 1783 sicae,

243 1791 341 1831 hinc
373 1804 545 1838 venena,
576 1791 674 1831 hinc
705 1790 809 1831 falsa
841 1797 1091 1832 testamenta
1122 1797 1365 1839 nascuntur,
1397 1792 1496 1832 hine
1527 1793 1649 1842 furta,
1681 1796 1910 1848 peculatus,
1942 1811 2012 1838 ex·
2027 1806 2064 1834 25

245 1853 467 1907 pilationes
513 1854 854 1907 direptionesque
899 1854 1108 1893 sociorum
1156 1858 1196 1892 et
1241 1854 1416 1902 civium,
1463 1855 1559 1895 hine
1606 1870 1732 1909 opum
1775 1858 2013 1907 nimiarum,

243 1916 457 1969 potentiae
488 1929 573 1955 non
604 1915 823 1963 ferendae,
864 1922 1077 1969 postremo
1120 1915 1243 1955 etiam
1284 1916 1325 1954 in
1367 1917 1509 1957 liberis
1541 1918 1779 1959 civitatibus
1811 1922 2015 1974 regnandi

245 1979 453 2019 exsistunt
493 1978 771 2031 cupiditates,
815 1978 969 2031 quibus
1008 1978 1115 2017 nihil
1158 1990 1235 2017 nec
1277 1980 1449 2019 taetrius
1481 1994 1557 2020 nec
1589 1980 1754 2021 foedius
1787 1984 2015 2035 excogitari

243 2046 390 2094 potest.
450 2040 743 2080 Emolumenta
775 2041 888 2080 enim
919 2054 1060 2080 rerum
1090 2039 1311 2080 fallacibus
1343 2041 1509 2082 iudiciis
1541 2043 1698 2091 vident,
1730 2058 1908 2097 poenam
1932 2060 2015 2087 non

243 2103 336 2143 dico
368 2103 521 2155 legum,
554 2116 677 2157 quam
709 2116 834 2156 saepe
865 2108 1153 2155 perrumpunt,
1185 2103 1258 2143 sed
1290 2104 1422 2157 ipsius
1454 2106 1737 2159 turpitudinis,
1771 2121 1878 2161 quae
1903 2118 2064 2148 acer-30

243 2166 416 2206 bissima
447 2171 530 2214 est,
564 2179 649 2206 non
681 2165 837 2206 vident.
896 2164 962 2204 37.
1007 2165 1143 2214 Quam
1175 2166 1228 2206 ob
1260 2180 1346 2207 rem
1378 2167 1459 2207 hoc
1491 2168 1660 2221 quidem
1693 2169 2014 2210 deliberantium

244 2241 375 2281 genus
414 2228 596 2281 pellatur
634 2243 656 2268 e
697 2228 837 2268 medio
878 2253 931 2259 —
973 2233 1035 2267 est
1067 2228 1178 2268 enim
1211 2233 1343 2267 totum
1377 2230 1625 2270 sceleratum
1658 2236 1699 2270 et
1731 2231 1905 2284 impium
1937 2255 2011 2277 —-‚

244 2290 317 2343 qui
348 2290 596 2339 deliberant,
628 2297 769 2331 utrum
801 2291 842 2330 id
876 2296 1121 2345 sequantur,
1154 2291 1268 2344 quod
1300 2291 1521 2332 honestum
1554 2306 1644 2332 esse
1677 2293 1860 2341 videant,
1891 2307 1942 2333 an
1970 2307 2014 2334 se

244 2352 425 2392 scientes
466 2353 623 2393 scelere
664 2353 971 2402 eontaminent3
1018 2354 1061 2393 in
1101 2354 1190 2407 ipsa
1232 2354 1342 2392 enim
1384 2354 1647 2394 dubitatione
1686 2355 1850 2395 facinus
1890 2356 2012 2404 inest,

244 2415 368 2455 etiam
400 2416 435 2455 si
465 2415 516 2455 ad
549 2415 590 2455 id
622 2429 706 2455 non
738 2415 1020 2469 pervenerint.
1061 2416 1171 2468 Ergo
1204 2429 1253 2455 ea
1285 2416 1553 2457 deliberanda
1586 2418 1756 2457 omnino
1791 2431 1872 2458 non
1903 2424 2013 2467 sunt,
2027 2430 2064 2459 35

243 2477 286 2516 in
317 2477 470 2530 quibus
502 2482 566 2517 est
596 2478 727 2531 turpis
759 2479 851 2531 ipsa
882 2478 1142 2517 deliberatio.
1189 2479 1324 2532 Atque
1357 2479 1480 2518 etiam
1504 2492 1556 2518 ex
1578 2482 1689 2519 omni
1713 2478 2014 2521 deliberatione

243 2539 409 2579 celandi
451 2544 491 2580 et
533 2539 769 2580 occultandi
806 2554 902 2594 spes
934 2540 1164 2594 opinioque
1196 2541 1451 2581 removenda
1482 2547 1564 2590 est;
1606 2542 1705 2582 satis
1738 2543 1848 2582 enim
1880 2543 2013 2592 nobis,

245 2646 2014 2663 *m*

332 2719 363 2750 2.
390 2721 490 2759 neqat
515 2719 606 2750 illam
628 2722 748 2759 pestem
777 2720 798 2751 b
834 2736 869 2741 —
909 2721 939 2751 5.
967 2723 1001 2751 ut
1025 2728 1098 2750 eom
1124 2719 1420 2760 (repugnantiam)
1453 2720 1521 2750 sine
1545 2728 1658 2751 errore
1682 2721 1957 2762 dfiudieammus,
1988 2724 2016 2755 si

244 2769 376 2806 quando
400 2769 563 2800 incidisset
588 2770 712 2809 Unger.
741 2786 773 2791 —
803 2770 832 2800 9,
852 2771 892 2800 iis
916 2770 986 2801 Bb:
1014 2770 1064 2800 his
1088 2770 1155 2805 ila,
1183 2770 1243 2808 hiJ's
1268 2777 1286 2800 e
1315 2787 1349 2791 —
1390 2770 1440 2800 it).
1468 2773 1627 2800 venerunt
1650 2770 1838 2803 Manutius:
1867 2775 2017 2805 venerint

245 2818 269 2849 C
285 2826 303 2849 ο
331 2836 365 2840 -
393 2819 445 2849 42.
471 2822 500 2850 et
523 2819 561 2857 si,
587 2828 662 2850 cum
685 2820 835 2850 animum
852 2820 1027 2850 ——videas
1050 2819 1236 2850 adunatam
1260 2819 1390 2850 Nonius
1416 2828 1448 2858 p.
1469 2819 1540 2850 2338.
1571 2836 1604 2840 -
1640 2820 1692 2849 sed
1715 2821 1797 2852 sic-ut
1822 2823 1970 2854 animum
1994 2824 2014 2854 b

247 2884 282 2890 -
321 2867 373 2899 ⁴3.
399 2869 598 2908 requirenda
628 2877 649 2908 p
683 2886 717 2891 —
758 2869 808 2899 48.
835 2878 870 2900 re
892 2869 1019 2900 utilitas
1042 2872 1070 2899 et
1094 2870 1263 2908 turpitudo
1295 2876 1334 2899 c:
1373 2877 1408 2899 re
1432 2868 1506 2898 utili
1529 2869 1698 2907 turpitudo
1731 2871 1752 2901 B
1769 2870 1881 2908 llab;
1927 2881 1963 2903 re
1986 2876 2016 2903 et

243 2916 369 2947 utilitas
391 2921 420 2949 et
444 2919 614 2957 turpitudo
639 2918 841 2950 Lambinus.
872 2935 905 2941 —
936 2920 986 2950 49.
1014 2923 1073 2950 aut
1096 2923 1181 2950 certe
1205 2919 1292 2950 omni
1312 2919 1457 2957 pondere
1479 2920 1619 2958 pravior
1641 2919 1791 2950 habenda
1815 2924 1861 2952 est
1884 2922 2015 2953 Nonius

246 2973 278 3006 p.
295 2965 369 2998 344.
398 2983 434 2988 —
462 2968 513 2998 ⁶22.
540 2967 574 2998 id
597 2971 684 2999 certe
706 2968 783 2999 utile
807 2975 825 2998 c
853 2986 887 2990 —-
914 2968 966 3000 2⁵..
986 2969 1123 2999 secreuit
1148 2969 1185 2999 13¹
1205 2986 1239 2991 —
1268 2969 1319 2999 225.
1340 2969 1533 3005 nimiarum„
1549 2968 1716 3006 potentiae
1740 2970 1869 3009 L‘nger:
1896 2973 2017 3002 nimia-

244 3023 320 3045 rum
338 3017 504 3054 potentiae
527 3026 546 3049 0
585 3036 619 3040 —
658 3018 711 3049 27.
734 3018 942 3057 potentieque
966 3027 1029 3049 non
1054 3026 1071 3049 c
1110 3036 1141 3039 —
1178 3022 1344 3057 postremo
1368 3019 1467 3048 etiam
1485 3035 1532 3039 --
1552 3019 1738 3058 eoeeoyttari
1757 3024 1862 3059 potest
1885 3023 2015 3053 Nonius

246 3072 280 3104 p.
296 3063 369 3096 443.
398 3082 432 3088 —
462 3067 513 3098 28.
540 3076 597 3098 nec
621 3068 761 3099 deterius
784 3068 804 3098 b
832 3085 864 3089 -
892 3068 1034 3108 eogitari
1059 3068 1150 3098 Bake
1176 3067 1220 3098 ad
1239 3068 1308 3099 Cic.
1330 3067 1374 3098 de
1396 3067 1497 3106 Legg.
1517 3075 1549 3107 p.
1566 3067 1638 3098 451.
1669 3086 1704 3091 —
1731 3069 1783 3101 30.
1810 3080 1909 3109 quam
1936 3072 2012 3112 Cp:

246 3120 328 3151 quas
351 3121 382 3145 o.
415 3116 524 3147 «Cum
549 3116 596 3154 id,
623 3117 718 3156 quod
742 3117 949 3156 insequitur,
977 3126 1062 3156 quae
1077 3117 1286 3148 acerbissima
1305 3120 1360 3153 est,
1379 3116 1422 3146 ad
1443 3125 1592 3156 poenam
1611 3118 1685 3149 sine
1703 3118 1810 3149 dubio
1827 3121 2013 3160 pertineat,

246 3161 387 3194 videtur
411 3165 515 3196 etiam
540 3166 574 3196 in
595 3166 710 3206 priore
727 3167 900 3197 sententia
922 3176 1031 3206 poena
1055 3166 1278 3207 intelligenda
1304 3174 1395 3197 esse.
1434 3166 1474 3196 lit
1499 3175 1578 3197 cum
1604 3166 1699 3208 leges
1724 3172 2014 3210 pei-rumpuntur,

246 3214 484 3254 perrumpitur
508 3216 613 3246 etiam
638 3224 751 3256 poena
777 3214 912 3255 legibus
937 3217 1159 3248 constituta.»
1186 3217 1307 3247 Zifiurr.
1350 3216 1399 3246 Ct.
1428 3216 1542 3246 Partit.
1570 3219 1655 3248 orat.
1683 3218 1778 3257 gite.
1800 3227 2016 3259 perrumpere

243 3262 441 3299 periculum.
476 3264 574 3296 Verr.
593 3263 652 3296 lib.
679 3266 691 3296 1
717 3265 789 3306 §43
815 3267 1019 3304 quaestiones
1038 3274 1265 3306 perrumpere.
1295 3283 1328 3287 —
1363 3265 1540 3304 turpidinis
1563 3266 1584 3296 b
1610 3284 1645 3289 ·—
1673 3266 1724 3299 32.
1751 3271 1780 3300 et
1804 3269 1970 3308 impurum
1995 3276 2013 3299 o

250 3325 284 3332 —
312 3309 364 3342 36.
389 3313 489 3344 ettam
512 3321 582 3346 om.
601 3321 619 3345 o
646 3331 681 3336 —
709 3315 760 3347 37.
787 3315 960 3355 opinioque
983 3324 1023 3350 ea
1046 3315 1245 3348 remouenda
1269 3321 1299 3346 ο.
