2249 3624
279 113 360 155 570
1044 114 1114 153 DE
1146 112 1285 153 FATO

280 220 449 273 superbi
482 220 584 268 sint,
616 220 688 260 alii
719 220 868 260 talibus
901 219 1012 259 vitiis
1044 218 1321 257 abhorreant:
1364 218 1562 271 quoniam
1595 218 1737 270 igitur,
1767 218 1922 271 inquit,
1955 223 2044 259 tan-

278 288 365 322 tum
398 288 544 322 natura
574 296 608 323 a.
627 288 774 322 natura
807 282 944 328 distat,
975 281 1076 334 quid
1109 281 1257 320 mirum
1289 285 1351 320 est
1381 280 1455 320 has
1489 280 1851 320 dissimilitudines
1883 294 1935 320 ex
1967 281 2044 321 dif-

278 344 508 385 ferentibus
541 346 677 385 causis
711 359 801 384 esse
831 345 995 384 factas?

391 407 439 446 V.
481 406 518 447 9.
556 408 668 447 Haec
706 407 913 446 disserens
955 419 1037 459 qua
1076 405 1127 445 de
1158 419 1201 445 re
1233 410 1379 457 agatur
1417 410 1457 445 et
1492 405 1535 444 in
1575 419 1659 459 quo
1691 418 1814 445 causa
1846 407 2047 446 consistat

247 480 364 509 5non
395 469 521 508 videt.
580 471 670 509 Non
703 469 834 515 enim,
876 468 910 507 si
942 468 1010 507 alii
1043 467 1205 507 adalia
1238 469 1531 521 propensiores
1564 473 1662 507 sunt
1700 473 1871 521 propter
1901 481 2046 508 causas

278 531 478 571 naturalis
511 535 551 570 et
581 530 881 578 antecedentis,
912 530 1068 569 idcirco
1102 530 1226 569 etiam
1260 535 1492 570 nostrarum
1525 530 1784 570 voluntatum
1819 536 1945 583 atque
1976 530 2048 570 ad-

277 594 526 647 petitionum
567 600 663 634 sunt
703 607 853 633 causae
893 593 1107 632 naturales
1149 597 1189 631 et
1227 591 1551 640 antecedentes3
1598 606 1692 632 nam
1730 593 1834 631 nihil
1867 599 1974 631 esset
2005 593 2048 632 in

277 662 420 696 nostra
453 662 678 709 potestate,
721 657 755 695 si
787 656 844 695 ita
877 669 919 695 se
951 668 1016 694 res
1049 654 1231 694 haberet.
1294 656 1412 694 Nunc
1444 669 1542 695 vero
1575 655 1752 695 fatemur
1783 656 1891 695 acuti
1923 655 2050 695 hebe-

277 725 407 765 tesne,
440 719 623 759 valentes
655 719 896 758 inbecilline
930 718 1059 756 simus
1090 731 1173 756 non
1207 730 1299 757 esse
1330 718 1371 756 id
1403 718 1445 757 in
1478 718 1623 764 nobis;
1656 718 1727 770 qui
1754 724 1894 757 autem
1922 731 1972 757 ex
2000 732 2050 758 eo

230 793 264 820 lo
280 781 368 833 cogi
411 786 548 834 putat,
587 795 639 820 ne
672 787 715 821 ut
747 780 967 820 sedeamus
999 780 1167 832 quidem
1200 785 1271 819 aut
1300 780 1562 819 ambulemus
1594 780 1821 819 voluntatis
1854 793 1968 827 esse,
2014 781 2049 821 is

279 857 360 883 non
393 844 506 882 videt
539 857 646 896 quae
679 856 892 896 quamque
923 856 1009 882 rem
1041 856 1106 881 res
1138 849 1430 895 consequatur.
1482 843 1532 882 Ut
1564 843 1673 882 enim
1706 848 1746 881 et
1775 842 1980 895 ingeniosi
2013 849 2053 884 et

278 905 385 945 tardi
427 906 483 944 ita
524 912 748 945 nascantur
787 904 1129 945 antecedentibus
1171 905 1306 945 causis
1347 906 1531 958 itemque
1563 906 1749 945 valentes
1782 911 1823 945 et
1852 906 2051 955 inbecilli,

279 981 363 1007 non
394 969 585 1020 sequitur
616 974 753 1008 tamen
792 974 834 1008 ut
870 968 993 1007 etiam
1032 967 1177 1006 sedere
1210 981 1283 1007 eos
1317 973 1356 1007 et
1387 968 1598 1007 ambulare
1632 973 1672 1006 et
1704 981 1790 1007 rem
1823 981 1945 1020 agere
1977 969 2052 1010 ali-

279 1044 402 1084 quam
442 1031 741 1083 principalibus
781 1031 918 1070 causis
957 1029 1175 1069 definitum
1208 1036 1247 1069 et
1279 1030 1549 1069 constitutum
1582 1030 1648 1069 sit.
1710 1027 1774 1068 slO.
1808 1031 2050 1082 Stilponem,

230 1104 264 1132 45
279 1093 530 1144 Megaricum
563 1092 874 1146 philosophum,
906 1097 1070 1130 acutum
1105 1105 1204 1131 sane
1237 1092 1446 1132 hominem
1480 1098 1520 1131 et
1552 1093 1772 1144 probatum
1795 1094 2051 1145 temporibus

279 1155 362 1195 illis
393 1155 643 1207 accepimus.
689 1155 808 1194 Hunc
841 1154 1030 1193 scribunt
1061 1154 1193 1207 ipsius
1224 1154 1450 1194 familiares
1483 1161 1522 1195 et
1553 1156 1764 1195 ebriosum
1797 1161 1837 1195 et
1858 1157 2053 1196 muliero-

280 1232 370 1257 sum
402 1217 556 1257 fuisse:
599 1231 737 1271 neque
782 1218 884 1256 haec
923 1218 1113 1256 scribunt
1153 1217 1464 1269 vituperantes,
1509 1217 1580 1256 sed
1614 1218 1755 1270 potius
1786 1218 1837 1258 ad
1870 1219 2052 1259 laudem.

281 1281 482 1320 Vitiosam
516 1281 625 1320 euim
657 1286 848 1320 naturam
881 1280 930 1318 ab
964 1293 1012 1319 eo
1046 1280 1104 1318 sic
1128 1280 1352 1319 edomitam
1377 1285 1418 1319 et
1441 1293 1709 1332 conpressam
1734 1295 1826 1320 esse
1850 1281 2053 1329 doctrina,

279 1349 325 1383 ut
356 1358 478 1383 nemo
510 1357 709 1396 umquam
741 1343 1000 1383 vinolentum
1033 1343 1176 1389 illum,
1209 1356 1331 1381 nemo
1365 1343 1407 1382 in
1439 1356 1488 1382 eo
1521 1343 1709 1382 libidinis
1741 1344 1962 1396 vestigium
1994 1345 2055 1383 vi-

229 1416 265 1445 20
281 1407 400 1446 derit.
446 1407 592 1455 Quid?
626 1407 823 1446 Socraten
856 1420 997 1445 nonne
1029 1405 1205 1457 legimus
1240 1419 1364 1458 quem
1398 1406 1447 1444 ad
1480 1406 1650 1445 modurn
1683 1407 1839 1446 notarit
1868 1408 2054 1460 Zopyrus

279 1468 642 1522 physiognomon,
682 1470 753 1520 qui
792 1481 835 1507 se
877 1466 1148 1520 profitebatur
1179 1468 1393 1507 hominum
1429 1482 1562 1508 mores
1596 1475 1850 1522 naturasque
1883 1483 1934 1508 ex
1967 1483 2056 1509 cor-

280 1544 405 1583 pore,
439 1532 592 1578 oculis,
625 1532 765 1577 vultu,
796 1530 934 1570 fronte
959 1532 1244 1582 pernoscere?
1278 1531 1499 1584 Stupidum
1533 1545 1624 1570 esse
1648 1532 1848 1571 Socraten
1881 1531 1988 1571 dixit
2015 1537 2056 1572 et

280 1593 469 1640 bardum,
503 1594 614 1647 quod
648 1594 789 1646 iugula
821 1607 1000 1632 concava
1034 1607 1119 1632 non
1151 1593 1336 1639 haberet,
1370 1594 1602 1633 obstructas
1636 1607 1705 1632 eas
1738 1600 1877 1646 partes
1910 1600 1951 1633 et
1982 1595 2055 1634 ob-

281 1661 437 1695 turatas
470 1670 560 1695 esse
593 1656 781 1703 dicebat;
814 1656 974 1695 addidit
996 1656 1121 1694 etiam
1145 1656 1434 1701 mulierosum,
1458 1655 1499 1694 in
1522 1670 1605 1708 quo
1628 1655 1865 1695 Alcibiades
1889 1656 2055 1696 cachin-

231 1729 381 1759 25num
419 1719 572 1758 dicitur
610 1719 842 1758 sustulisse.
910 1716 968 1758 ll.
1011 1719 1091 1757 Sed
1123 1718 1227 1757 haec
1259 1732 1311 1757 ex
1343 1718 1603 1757 naturalibus
1635 1719 1772 1758 causis
1806 1719 1905 1759 vitia
1937 1720 2054 1759 nasci

281 1787 473 1835 possunt,
507 1782 705 1835 extirpari
738 1788 878 1822 autem
912 1788 951 1821 et
982 1782 1170 1821 funditus
1202 1782 1303 1827 tolli,
1336 1787 1381 1819 ut
1412 1782 1445 1820 is
1479 1781 1585 1833 ipse,
1619 1782 1690 1834 qui
1721 1781 1772 1819 ad
1801 1795 1846 1821 ea
1873 1796 2054 1835 propen-

283 1859 353 1884 sus
385 1844 529 1892 fuerit,
572 1858 593 1884 a
634 1846 757 1884 tantis
796 1845 907 1884 vitiis
946 1850 1164 1890 avocetur,
1208 1857 1290 1883 non
1332 1849 1393 1882 est
1431 1843 1472 1881 id
1506 1844 1688 1895 positum
1720 1843 1760 1882 in
1795 1845 2054 1884 naturalibus

283 1907 440 1954 causis,
471 1908 544 1946 sed
576 1907 617 1946 in
650 1908 881 1952 voluntate,
914 1907 1073 1953 studio,
1107 1906 1352 1958 disciplina3
1388 1918 1496 1958 quae
1529 1906 1731 1945 tolluntur
1761 1906 1914 1953 omnia,
1937 1907 1970 1945 si
1995 1907 2054 1946 vis

284 1975 324 2009 et
354 1976 503 2010 natura
535 1970 605 2010 fati
639 1984 691 2009 ex
723 1970 993 2009 divinationis
1025 1970 1186 2008 ratione
1220 1967 1462 2008 firmabitur.

231 2045 268 2073 30
398 2033 465 2071 VI.
496 2033 659 2072 Etenim
692 2033 725 2071 si
759 2038 821 2071 est
852 2032 1075 2077 divinatio,
1114 2031 1408 2083 qualibusnam
1440 2045 1462 2070 a
1496 2031 1702 2084 perceptis
1735 2031 1833 2070 artis
1867 2031 2056 2083 proficis-

284 2095 421 2134 citur?
472 2097 665 2148 Percepta
698 2095 887 2148 appello,
932 2108 1039 2147 quae
1072 2093 1269 2132 dicuntur
1300 2094 1457 2133 Graece
1489 2093 1764 2146 θεωρήματα.
1823 2095 1913 2133 Non
1947 2094 2056 2132 enim

284 2157 407 2197 credo
445 2158 560 2197 nullo
602 2165 799 2211 percepto
845 2164 915 2197 aut
955 2163 1117 2196 ceteros
1154 2156 1334 2195 artifices
1374 2157 1529 2196 versari
1573 2157 1615 2195 in
1658 2171 1732 2195 suo
1773 2170 1946 2196 munere
1989 2162 2058 2196 aut

285 2232 371 2266 θος,
403 2220 474 2272 qui
508 2221 765 2259 divinatione
797 2226 980 2266 utantur,
1012 2219 1148 2259 futura
1180 2219 1436 2271 praedicere.
1500 2216 1513 2257 1Ἰ
1528 2218 1569 2260 ⁵2.
1603 2220 1694 2258 Sint
1725 2220 1851 2271 igitur
1881 2220 2057 2259 astrolo-

285 2295 431 2334 gorum
455 2289 649 2335 percepta
672 2283 796 2322 huius
820 2284 958 2322 modi:
997 2283 1062 2321 «Si
1096 2283 1187 2334 quis
1222 2282 1336 2320 verbi
1371 2295 1495 2321 causa
1529 2283 1689 2321 oriente
1715 2282 1912 2321 Canicula
1937 2287 2057 2321 natus

232 2356 270 2385 35
286 2350 366 2391 est,
399 2345 433 2384 is
465 2346 507 2384 in
539 2345 640 2384 mari
675 2359 760 2384 non
792 2346 1030 2384 morietur.»
1095 2345 1246 2395 Vigila,
1281 2344 1533 2397 Chrysippe‚
1566 2358 1617 2383 ne
1649 2350 1762 2384 tuam
1795 2357 1983 2390 causam,
2016 2345 2057 2384 in

286 2421 369 2461 qua
401 2408 473 2447 tibi
505 2421 596 2448 cum
628 2408 839 2454 Diodoro,
882 2408 1046 2447 valente
1078 2407 1322 2452 dialectico,
1362 2419 1511 2458 magna
1544 2407 1713 2445 luctatio
1747 2412 1832 2453 est,
1870 2406 2054 2446 deseras.

287 2471 330 2510 Si
363 2471 473 2510 enim
508 2476 570 2510 est
600 2484 756 2517 verum,
791 2469 903 2523 quod
937 2470 994 2509 ita
1027 2470 1282 2509 conectitur:
1318 2469 1387 2508 «Si
1413 2469 1508 2522 quis
1531 2469 1692 2509 oriente
1718 2468 1915 2508 Canicula
1938 2474 2057 2508 natus

375 2697 404 2726 4.
432 2705 454 2726 a
477 2696 596 2726 talibus
628 2695 817 2727 Lambinus
856 2712 888 2717 —
933 2694 1111 2725 aborreant.
1136 2693 1163 2723 V
1202 2710 1236 2714 —
1278 2693 1393 2732 inquid
1424 2693 1446 2723 Β
1485 2710 1519 2714 -
1562 2693 1593 2724 2.
1621 2701 1643 2722 a
1667 2696 1791 2723 namra
1815 2696 1940 2723 natura
1970 2693 1994 2724 B
2019 2710 2060 2715 ·-

287 2746 317 2778 4.
345 2755 445 2785 qnam
473 2744 507 2777 Βι
543 2764 576 2767 -
615 2747 645 2776 5.
672 2747 735 2776 sint.
760 2745 895 2784 Erlang.
923 2745 947 2774 Ο
984 2762 1017 2765 --
1059 2744 1077 2774 6
1117 2744 1288 2773 naturales
1317 2747 1346 2773 ef
1379 2744 1602 2773 antecedenles
1624 2744 1648 2774 Α
1664 2743 1724 2773 VO
1761 2760 1795 2764 —
1834 2743 1941 2782 adque
1970 2744 1994 2774 B
2023 2759 2057 2764 —

287 2797 316 2827 8.
344 2805 395 2826 res
417 2797 466 2827 ita
488 2805 520 2827 se
544 2794 679 2834 Erlang.
708 2796 732 2826 O
763 2813 804 2817 -
840 2795 890 2825 10.
913 2797 1009 2832 puta!
1030 2801 1067 2823 c.
1089 2802 1128 2823 ne
1151 2797 1186 2823 ut
1212 2793 1233 2823 Β
1264 2810 1295 2814 -
1333 2796 1391 2823 aut
1414 2801 1491 2832 sup.
1511 2791 1567 2823 lin.
1588 2792 1745 2823 additum
1773 2795 1803 2823 in
1822 2795 1848 2824 Α
1872 2811 1905 2815 -
1941 2793 1966 2822 is
1989 2801 2058 2823 orn.

288 2846 310 2876 B
352 2864 384 2867 -—
425 2846 476 2876 43.
504 2849 613 2876 lamen
638 2854 654 2874 e
676 2848 711 2875 ‘ut
737 2844 774 2875 Βι
810 2862 842 2865 —
884 2844 934 2874 44.
961 2843 1122 2881 slilfcmem
1147 2845 1192 2879 Α,
1227 2843 1417 2881 slilphonem
1443 2842 1505 2873 BV
1544 2860 1577 2864 —
1622 2844 1671 2873 45.
1699 2843 1884 2883 megarium
1911 2841 2059 2881 Erlang.,

287 2898 479 2937 Μεῃανθιιηι
505 2895 684 2929 Cratan‹l,;
712 2897 746 2925 tu
772 2894 863 2931 vide,
891 2894 950 2930 sis,
978 2901 1067 2933 quae
1094 2893 1208 2923 Brenn
1235 2892 1275 2922 ad
1303 2893 1397 2923 hunc
1421 2891 1537 2923 locum
1563 2892 1752 2932 disputavit
1781 2909 1813 2913 —
1849 2892 1899 2922 47.
1919 2892 1998 2922 haec
2015 2891 2058 2922 C:

287 2946 346 2976 hoc
371 2946 495 2986 lirlang
534 2946 558 2976 O
587 2964 620 2966 —
657 2945 706 2975 48.
735 2949 762 2974 et
787 2953 862 2984 sup.
890 2942 945 2974 lin⁴
975 2942 1053 2973 add.
1083 2942 1105 2972 B
1136 2960 1166 2963 -
1196 2951 1430 2981 conpraessam
1454 2942 1511 2973 AB
1539 2958 1572 2962 —
1603 2942 1653 2972 49.
1681 2942 1887 2972 uinulentum
1910 2941 1999 2972 B1v2
2026 2958 2057 2962 —-

287 2996 320 3027 in
345 3005 381 3026 eo
405 2994 515 3026 A213²z
543 2996 576 3025 in
601 3004 673 3025 eum
699 2993 735 3025 Α1
752 2995 786 3025 13·-
803 2995 828 3023 V
857 3011 891 3015 -
919 2994 970 3024 20.
999 2993 1086 3030 qaod
1111 3001 1201 3023 corr.
1223 2994 1254 3023 in
1282 2993 1359 3031 quid
1385 2992 1439 3022 AV
1464 3010 1497 3013 —-
1526 2992 1695 3022 Socratem
1721 2991 1775 3021 hic
1801 2993 1834 3021 ct
1860 3000 1890 3022 v.
1907 2991 1947 3021 '⁴22
1971 2991 1996 3022 O
2025 3007 2058 3012 —-

288 3047 341 3077 23.
368 3046 556 3076 obstat-atas
581 3044 629 3081 3¹,
662 3048 836 3084 opturatas
860 3044 901 3073 W
930 3061 957 3065 -
996 3052 1051 3073 eas
1075 3051 1139 3073 esse
1165 3043 1186 3072 Β
1222 3061 1255 3064 —-
1292 3042 1344 3073 24.
1372 3043 1464 3072 addit
1489 3042 1511 3072 B
1541 3058 1574 3063 —
1610 3042 1661 3071 25
1689 3041 1857 3071 subtulzsse
1881 3041 1918 3071 B¹
1945 3057 1979 3062 ——
2007 3039 2058 3070 (26.

289 3098 425 3135 easslirp.
453 3092 493 3126 A²
515 3112 545 3116 —
578 3096 626 3126 27.
647 3096 763 3126 atatis
787 3095 838 3131 Ψ,
865 3096 983 3125 aetatis
1007 3092 1048 3123 V'2
1077 3111 1108 3114 -
1136 3093 1176 3123 ⁶29
1208 3092 1246 3132 el]
1267 3102 1308 3123 cat
1335 3092 1459 3132 (altera
1479 3100 1572 3122 man.
1592 3094 1622 3122 et
1638 3092 1828 3131 superscr.)
1849 3090 1875 3120 V
1902 3105 1936 3111 —
1964 3089 2015 3119 30.
2034 3089 2061 3119 si

290 3155 355 3178 csse
382 3146 417 3176 [3¹
438 3163 470 3166 —-
496 3146 682 3184 praeceplis
705 3147 739 3176 et
765 3144 848 3175 infra
873 3146 1050 3183 praecepta
1075 3141 1196 3173 Salisb.
1229 3159 1260 3163 —
1291 3143 1343 3173 31.
1370 3142 1474 3181 apello
1499 3142 1551 3172 AB
1582 3157 1614 3163 -
1643 3140 1696 3171 33.
1723 3144 1797 3170 sunl
1823 3138 1957 3179 Erlang.
1978 3139 2002 3169 O
2023 3155 2057 3159 —

290 3195 537 3235 astrologorum
561 3197 585 3225 A
616 3212 645 3216 ——
682 3195 733 3226 36.
762 3195 913 3225 dialetico
938 3195 961 3225 Α
993 3211 1025 3215 —-
1059 3193 1223 3222 desideras
1248 3201 1338 3223 corr.
1366 3193 1398 3223 in
1424 3192 1554 3222 deseras
1578 3192 1601 3222 B
1630 3209 1663 3213 -—
1692 3190 1743 3222 37.
1771 3191 1856 3223 enim
1880 3198 1949 3221 om.
1969 3189 1993 3220 B
2025 3205 2057 3210 -

291 3246 362 3286 quis
385 3247 519 3284 oriente,
546 3244 674 3286 quibus
701 3244 818 3276 verbis
844 3252 921 3285 sup.
941 3243 999 3275 lin.
1019 3242 1177 3274 additum
1201 3242 1292 3274 uerbi
1315 3250 1419 3274 causa
1443 3242 1476 3273 in
1500 3242 1537 3273 B.
