2249 3624
547 123 636 164 Lm.
663 123 715 164 ΙΙ.
755 123 853 165 CAP.
884 124 1238 165 XLVI—XLIX.
1268 123 1329 178 §§
1351 122 1571 167 95-101,
1871 127 1945 170 551

183 236 285 279 tum,
317 243 402 271 non
432 233 544 270 esset
573 229 777 278 desitum;
809 232 1018 272 neminem
1050 237 1189 272 autem
1222 231 1424 272 habemus
1456 237 1681 281 auctorem,
1714 234 1785 288 qui
1817 234 1860 274 id
1883 241 1954 276 aut

183 294 272 334 fieri
306 293 416 332 dicat
446 298 517 332 aut
548 291 702 332 factum
735 293 849 332 sciat.

295 355 459 394 XLVII.
501 354 684 395 Videsne
716 368 781 395 me
812 370 894 395 non
927 369 975 396 ea
1006 356 1168 403 dicere,
1201 370 1309 409 quae
1343 357 1601 405 Carneades,
1634 358 1706 398 sed
1739 372 1806 407 ea,
1846 373 1953 413 quae

183 419 378 474 princeps
411 417 647 457 Stoicorum
679 418 900 457 Panaetius
934 419 1123 458 dixerit?
1177 420 1264 472 Ego
1303 427 1440 460 autem
1480 420 1603 460 etiam
1636 420 1738 460 haec
1770 422 1954 474 requiro,

183 492 405 527 omnesne,
449 480 520 533 qui
562 480 769 520 Cannensi
812 494 950 534 pugna
989 481 1236 528 ceciderint,
1289 496 1372 522 uno
1410 489 1522 523 astro
1565 483 1755 524 suerint?
1816 485 1986 524 exitus5

183 543 352 597 quidem
393 542 578 580 omnium
622 556 726 581 unus
768 548 808 581 et
848 542 958 582 idem
999 543 1089 583 suit.
1151 544 1292 592 Quid?
1339 547 1411 598 qui
1444 546 1613 597 ingenio
1655 551 1781 599 atque
1813 546 1953 586 animo

181 604 429 657 singulares,
461 617 558 642 num
591 609 700 642 astro
734 617 907 657 quoque
939 608 1052 644 uno?
1096 605 1215 652 Quod
1251 608 1360 646 enim
1395 614 1570 661 tempus,
1604 622 1686 661 quo
1720 622 1801 647 non
1833 608 1955 647 innu-

181 666 400 708 merabiles
432 668 692 705 nascuntur?
739 672 780 705 at
811 672 921 705 certe
953 667 1101 706 similis
1134 680 1256 707 nemo
1292 670 1474 709 llomeri.
1535 669 1601 709 98.
1636 671 1684 709 Et
1717 671 1749 709 si
1782 671 1832 710 ad
1866 684 1952 710 rein

181 731 375 786 pertinet,
408 741 492 782 quo
516 728 641 766 modo
672 727 788 767 caelo
817 728 981 767 adfecto
1004 730 1322 782 conpositisque
1345 731 1552 772 sideribus
1581 732 1780 786 quodque
1802 733 1954 773 animal

180 794 360 839 oriatur,
392 791 527 830 valeat
561 789 602 828 id
635 802 807 829 neccsse
840 796 901 829 est
933 804 1015 829 non
1050 792 1089 830 in
1122 791 1361 832 hominibus
1393 795 1542 841 solum,
1578 810 1719 834 verum
1745 797 1785 834 iu
1808 797 2005 837 bestiisio

180 856 317 895 etiam.
350 853 445 901 Quo
464 852 564 906 quid
587 858 725 905 potest
748 852 828 891 dici
851 852 1104 892 absurdius?
1138 854 1290 893 Lucius
1314 856 1481 907 quidem
1505 858 1700 897 'l'arutius
1723 859 1954 905 Firmanus,

178 916 392 958 familiaris
424 920 587 962 noster,
626 914 665 953 iu
700 915 842 968 primis
876 915 1135 955 Chaldaeicis
1168 918 1401 958 rationibus
1433 921 1643 967 eruditus,
1683 921 1797 960 urbis
1830 921 1952 960 etiam

179 985 346 1020 nostrae
377 977 556 1017 natalem
589 978 697 1017 diem
730 978 945 1030 repetebat
976 978 1026 1017 ab
1060 979 1110 1018 iis
1142 979 1369 1027 Parilibus,
1411 982 1564 1034 quibus
1599 996 1689 1022 eam
1722 996 1744 1022 a
1776 983 1954 1022 Romulo

180 1040 385 1082 conditam
424 1040 683 1092 accepimus,
724 1041 1004 1094 Romamque,
1043 1041 1084 1080 in
1128 1042 1225 1093 iugo
1268 1055 1361 1082 cum
1395 1050 1506 1083 esset
1537 1044 1655 1091 luna,
1691 1051 1828 1084 natam
1861 1057 1953 1084 esse

180 1104 343 1144 dicebat
380 1116 456 1142 nec
499 1102 588 1142 eius
628 1102 711 1142 sata
751 1116 901 1142 canere
933 1103 1162 1143 dubitabat.
1223 1102 1289 1143 99.
1323 1105 1356 1141 ()
1390 1106 1472 1145 vim
1507 1120 1743 1146 maxumam
1776 1107 2006 1149 errorislis

178 1166 369 1207 Etiamne
411 1164 523 1205 urbis
560 1165 708 1205 natalis
742 1165 831 1204 dies
862 1166 913 1204 ad
947 1167 1028 1205 vim
1062 1166 1276 1206 stellarum
1320 1174 1359 1207 et
1404 1169 1527 1208 lunae
1560 1167 1823 1222 pertinebat?
1874 1170 1956 1208 Fac

179 1230 221 1269 in
252 1241 384 1281 puero
416 1227 586 1275 referre,
619 1241 671 1267 ex
703 1242 786 1281 qua
816 1227 1055 1268 adfectione
1082 1228 1186 1268 caeli
1210 1229 1388 1283 primum
1413 1231 1603 1284 spiritum
1627 1231 1822 1279 duxerit,
1855 1245 1954 1270 num

177 1291 257 1331 hoc
288 1291 330 1330 in
362 1290 491 1330 latere
522 1296 596 1330 aut
626 1291 668 1330 in
701 1296 929 1338 caemento,
962 1305 1013 1331 ex
1047 1292 1200 1345 quibus
1233 1292 1330 1332 urbs
1355 1294 1501 1334 effecta
1524 1300 1604 1341 est,
1628 1296 1762 1348 potuit
1784 1295 1954 1335 valere?

180 1353 261 1394 Sed
294 1351 396 1406 quid
428 1353 576 1406 plura?
628 1352 781 1393 cotidie
812 1353 1072 1393 refelluntur.
1134 1353 1268 1401 Quam
1303 1356 1434 1396 multa
1465 1370 1542 1410 ego
1575 1358 1798 1410 Pompeio,
1831 1371 1954 1412 quam

178 1416 308 1456 multa
341 1415 512 1463 Crasso,
553 1429 676 1469 quam
710 1416 838 1455 multa
869 1415 967 1455 huic
999 1416 1078 1469 ipsi
1113 1416 1279 1457 Caesari
1311 1431 1334 1457 a
1367 1418 1586 1459 Chaldaeis
1628 1419 1738 1459 dicta
1770 1420 1955 1468 memini,
1970 1434 2007 1462 20

178 1479 390 1519 neminem
422 1491 569 1518 eorum
601 1479 681 1518 nisi
714 1484 944 1525 senectute,
977 1479 1058 1519 nisi
1089 1478 1215 1527 domi,
1248 1480 1327 1519 nisi
1361 1494 1454 1521 cum
1488 1482 1677 1522 claritate
1709 1495 1801 1522 esse
1834 1483 1957 1522 mori-

178 1542 339 1581 turum!
374 1546 419 1580 ut
450 1541 551 1580 mihi
583 1542 811 1595 permirum
842 1541 1033 1580 videatur
1071 1554 1324 1595 quemquam
1365 1550 1554 1592 exstare,
1587 1545 1657 1598 qui
1691 1545 1813 1584 etiam
1845 1558 1958 1584 nunc

181 1603 322 1644 credat
351 1603 426 1651 iis,
459 1617 636 1657 quorum
669 1604 884 1657 praedicta
915 1603 1067 1644 cotidie
1102 1604 1240 1644 videat
1271 1619 1315 1644 re
1348 1611 1388 1646 et
1419 1608 1579 1648 eventis
1612 1606 1759 1647 refelli.

291 1666 474 1706 XLVIII.
508 1663 601 1705 100.
636 1667 810 1706 Restant
841 1666 922 1706 duo
956 1665 1170 1706 divinandi
1203 1680 1370 1719 genera,
1403 1683 1511 1722 quae
1543 1670 1698 1710 habere
1730 1669 1906 1710 dicimur
1936 1683 1959 1710 a

181 1734 340 1777 natura,
369 1742 454 1768 non
486 1729 537 1768 ab
569 1735 679 1777 arte,
711 1728 966 1769 vaticinandi
1000 1734 1041 1769 et
1072 1730 1323 1770 somniandi.
1383 1732 1444 1771 De
1476 1732 1656 1785 quibus,
1691 1731 1865 1779 Quinte,
1896 1732 1959 1771 in-
1973 1747 2010 1777 25

182 1806 320 1847 quam,
353 1792 386 1832 si
419 1792 568 1845 placet,
601 1793 868 1832 disseramus.
929 1791 1030 1831 Mihi
1063 1806 1176 1839 vero,
1209 1793 1368 1847 inquit,
1402 1795 1561 1846 placet3
1594 1795 1660 1835 his
1689 1796 1818 1841 enim,
1852 1807 1960 1848 quae

180 1855 314 1895 adhuc
346 1854 592 1907 disputasti,
634 1869 803 1907 prorsus
844 1854 1080 1902 adsentior,
1121 1861 1161 1895 et
1191 1869 1288 1895 vere
1321 1862 1365 1896 ut
1396 1858 1566 1910 loquar,
1606 1870 1859 1912 quamquam
1891 1862 1960 1896 tua

180 1930 244 1957 me
276 1917 409 1957 oratio
442 1917 719 1966 confirmavit,
752 1923 891 1957 tamen
923 1918 1047 1957 etiam
1080 1931 1172 1958 mea
1204 1924 1353 1972 sponte
1385 1920 1510 1960 nimis
1543 1920 1876 1974 superstitiosam
1909 1918 1959 1958 de

180 1979 438 2020 divinatione
470 1980 704 2020 Stoicorum
747 1980 996 2020 sententiam
1038 1980 1299 2021 iudicabam:
1336 1982 1440 2023 haec
1486 1996 1551 2023 me
1589 1982 1958 2036 Peripateticorum

178 2042 284 2082 ratio
317 2043 447 2094 magis
479 2043 673 2083 movebat
705 2048 743 2083 et
775 2043 927 2082 veteris
959 2043 1204 2095 Dicaearchi
1238 2051 1277 2084 et
1310 2046 1414 2093 eius,
1448 2047 1522 2100 qui
1552 2060 1664 2085 nunc
1696 2046 1829 2091 ssoret,
1864 2043 1960 2083 Cra·
1974 2059 2011 2089 30

180 2105 299 2160 tippi,
331 2106 404 2159 qui
437 2111 610 2145 censent
642 2120 732 2146 esse
766 2106 808 2145 in
841 2107 1050 2146 mentibus
1082 2107 1301 2147 hominum
1334 2113 1545 2162 tamquam
1568 2108 1754 2148 oraclum
1776 2106 1960 2160 aliquod,

180 2182 233 2208 ex
265 2181 347 2222 quo
379 2168 519 2209 futura
549 2170 856 2222 praesentiant,
895 2169 928 2209 si
970 2175 1041 2209 aut
1081 2169 1223 2210 furore
1263 2171 1405 2211 divino
1447 2171 1644 2211 incitatus
1687 2170 1852 2209 animus
1890 2173 1961 2208 aut

182 2244 329 2270 somno
361 2231 572 2271 relaxatus
606 2232 742 2271 solute
774 2236 993 2271 moveatur
1023 2245 1069 2272 ac
1093 2232 1236 2272 libere.
1286 2233 1361 2272 His
1395 2233 1445 2272 de
1478 2235 1703 2286 generibus
1735 2232 1834 2284 quid
1867 2245 1962 2272 sen-

180 2293 258 2334 tias
291 2299 331 2334 et
361 2294 513 2347 quibus
546 2308 594 2334 ea
625 2295 854 2335 rationibus
886 2294 1072 2334 infirmes
1104 2295 1250 2334 audire
1282 2308 1381 2335 sane
1413 2297 1550 2336 velim.

294 2357 445 2395 XLIX.
480 2353 573 2395 101.
607 2357 725 2405 Quae
756 2371 851 2397 cum
881 2357 953 2397 ille
986 2357 1184 2404 dixisset,
1216 2362 1300 2397 tum
1335 2371 1411 2411 ego
1444 2372 1607 2406 rursus,
1641 2358 1762 2411 quasi
1794 2356 1844 2397 ab
1876 2356 1960 2397 alio
1978 2371 2015 2402 35

182 2418 414 2473 principiO,
447 2433 537 2459 sum
569 2433 745 2460 exorsus
778 2420 931 2460 dicere.
982 2421 1074 2460 Non
1106 2420 1273 2473 ignoro,
1304 2421 1490 2474 inquam,
1523 2421 1694 2469 Quinte,
1725 2425 1765 2460 te
1796 2433 1963 2473 semper

270 2585 300 2615 1.
327 2593 392 2616 esse
415 2585 552 2616 desitum
576 2585 634 2616 AB
673 2604 707 2608 —
743 2587 799 2626 qui
824 2586 857 2617 iel
882 2590 940 2617 aut
964 2584 1107 2618 A2¹13v22
1143 2586 1222 2626 quid
1246 2590 1303 2617 aa!
1327 2584 1429 2625 A¹v¹‚
1465 2587 1521 2625 qui
1545 2590 1605 2618 auc
1636 2586 1773 2627 Erlang.
1800 2586 1825 2617 Ο
1859 2603 1895 2609 -
1928 2586 1958 2618 4.

178 2635 342 2675 principes
365 2634 405 2664 Vl
432 2651 467 2657 —
501 2635 581 2666 haec
606 2636 652 2666 C:
683 2636 741 2666 hoc
767 2637 902 2668 Marsus
927 2638 975 2671 Ο;
1009 2637 1103 2676 atqui
1139 2636 1229 2667 duae
1256 2645 1313 2667 res
1342 2637 1408 2667 llOC
1434 2635 1510 2667 loco
1537 2639 1775 2677 quaeruntur,
1807 2636 1961 2677 primurn

181 2693 265 2715 num
296 2692 420 2715 omnes
451 2685 508 2724 qui
534 2693 601 2715 una
628 2684 726 2716 clade
760 2687 956 2717 interierint
988 2694 1058 2717 uno
1084 2688 1177 2718 astro
1204 2687 1351 2723 suerint,
1387 2686 1514 2717 deinde
1541 2696 1625 2718 num
1650 2687 1707 2727 qui
1733 2687 1870 2726 ingenio
1895 2687 1964 2718 sint

181 2733 374 2774 singulares
400 2733 563 2773 singulari
589 2743 733 2775 quoque
759 2738 853 2767 astro
879 2737 947 2767 nati
975 2737 1041 2766 sint
1062 2753 1095 2758 —
1118 2737 1273 2775 panetius
1290 2737 1345 2767 AV
1365 2753 1398 2758 —
1427 2737 1456 2767 5.
1479 2746 1589 2767 omnes
1606 2746 1709 2776 neque
1726 2738 1857 2768 cunensi
1875 2735 1958 2768 B¹—

181 2784 365 2814 ceciderunt
389 2782 467 2814 V—’o
507 2801 541 2805 —
579 2785 644 2815 orti
667 2785 791 2823 fuerint.
820 2786 897 2817 cod.
925 2784 1140 2817 Balliolensis
1175 2802 1208 2807 —
1249 2788 1279 2817 8.
1308 2790 1491 2816 nascantur
1515 2785 1637 2818 Salisb.
1666 2786 1690 2817 O
1724 2804 1758 2808 —
1791 2787 1835 2817 ad
1858 2787 1898 2817 Α1
1927 2803 1960 2808 -

183 2833 235 2864 10.
260 2842 325 2863 non
349 2833 381 2864 in
406 2833 589 2865 hominibus
612 2835 715 2865 solum
738 2844 853 2866 verum
876 2837 907 2867 in
935 2836 1041 2867 bestiis
1065 2836 1163 2866 eliam
1188 2836 1270 2867 AB:
1305 2844 1374 2866 om.
1398 2832 1448 2875 Ψ,
1482 2837 1583 2867 etiam
1617 2837 1649 2866 in.
1680 2835 1779 2866 rebus
1808 2835 1965 2867 inanimis

183 2883 216 2913 in
242 2891 350 2922 marg.
377 2880 478 2914 V²Oz
513 2884 662 2923 genuina
697 2883 799 2916 lectio
830 2894 848 2916 a
881 2885 981 2916 nobiS
1015 2887 1181 2916 revocata
1214 2884 1374 2916 firmatur
1399 2886 1502 2917 Sexto
1528 2887 1703 2926 Empirico
1729 2886 1807 2917 δᾶν.
1836 2884 1960 2918 Astrol.

184 2931 276 2972 594,
303 2941 519 2973 quamquam
545 2933 840 2974 disputationem.
875 2945 964 2975 quae
991 2938 1176 2975 sequatur,
1211 2934 1314 2966 aliam
1341 2936 1373 2966 in
1399 2938 1535 2975 partem
1561 2936 1701 2967 deflecti
1726 2934 1961 2975 intelligimus.

187 2999 220 3004 —
249 2983 300 3013 11.
326 2982 389 3014 dici
409 2986 515 3021 potest
538 2984 671 3015 Marsus
699 2985 724 3015 O
753 3002 787 3006 —
815 2985 919 3016 lucius
936 2986 1009 3016 AB:
1038 2985 1072 3015 L.
1095 2986 1118 3015 Ο
1145 3002 1185 3007 —
1213 2985 1360 3015 {caucius
1380 2986 1405 3015 V
1432 3003 1465 3006 —
1495 2987 1546 3017 4⁵2.
1573 2986 1754 3017 chaldaicis
1776 2986 1844 3022 ΑΟ,
1871 2986 1964 3016 chal-

185 3031 281 3062 deicis
304 3028 384 3071 ΒΨ,
411 3032 454 3063 61,
482 3034 508 3063 ΙΙ
535 3033 610 3073 388
637 3051 672 3055 -
702 3034 752 3064 13.
779 3035 828 3065 his
851 3035 874 3065 B
904 3053 937 3057 —
968 3036 1018 3066 15
1045 3035 1174 3075 canere]
1194 3039 1301 3066 tenere
1318 3035 1346 3065 V
1375 3053 1409 3057 -—
1440 3035 1491 3066 16.
1513 3036 1689 3075 pertinebit
1713 3034 1904 3066 Lambinus
1925 3051 1959 3056 -

187 3080 237 3111 17.
264 3089 306 3112 ex
329 3091 396 3121 qua
421 3083 463 3114 C:
492 3092 559 3122 qua
585 3084 742 3114 Davisius
761 3084 785 3114 Ο
815 3102 850 3107 -
877 3085 1030 3124 spiritam
1055 3094 1132 3125 sup.
1152 3084 1207 3117 lin.
1233 3094 1340 3116 manu
1365 3084 1492 3117 cadem
1516 3086 1540 3117 B
1569 3104 1604 3108 —
1632 3086 1686 3118 18.
1711 3087 1854 3116 cemento
1878 3085 1904 3114 A
1924 3099 1958 3104 —

191 3154 243 3186 19.
269 3130 383 3194 quidB
411 3174 446 3178 —-
473 3158 614 3189 cotidiae
639 3158 681 3195 Β,
715 3159 858 3198 quotidie
882 3159 907 3190 O
934 3176 968 3181 —
1001 3168 1079 3200 erqo
1104 3156 1143 3190 ΒΕ
1168 3177 1202 3181 -
1230 3160 1282 3191 ⁶21.
1309 3161 1341 3190 in
1366 3163 1526 3192 senectute
1551 3160 1653 3192 codd.
1680 3161 1807 3201 interp.
1834 3159 1962 3191 Davisii

191 3220 226 3226 —
253 3204 305 3235 23.
332 3205 359 3236 is
382 3207 420 3243 A,
447 3207 488 3238 iis
511 3208 535 3238 B
561 3207 623 3239 sed
649 3217 691 3239 ex
716 3216 807 3239 corr.
831 3225 868 3231 —
895 3210 1048 3241 cottidiae
1073 3206 1121 3245 B¹,
1151 3210 1294 3250 quotidie
1311 3209 1335 3240 O
1356 3227 1390 3231 —
1418 3210 1471 3241 ⁶27.
1489 3219 1608 3249 prosus
1623 3211 1693 3243 AV¹
1712 3228 1747 3233 —
1774 3209 1826 3241 28.
1846 3217 1962 3249 super-

188 3254 335 3286 scitosam
357 3256 382 3287 A
411 3272 443 3278 -—
472 3257 524 3289 29.
550 3257 630 3290 haee
655 3259 700 3289 C:
729 3268 769 3289 ao
793 3256 867 3290 ΨΟ
896 3276 928 3281 -
958 3259 1009 3291 31.
1037 3260 1211 3291 oraculum
1235 3260 1260 3290 Ο
1290 3277 1324 3282 -
1351 3258 1403 3291 35.
1430 3268 1528 3292 rusus
1551 3260 1620 3292 AV.
