2249 3624
543 187 632 226 Lm.
664 186 737 226 111.
780 185 875 226 cu».
906 183 1237 225 xxm-xxv.
1278 180 1337 234 ὃς
1369 178 1547 221 57-64.
1843 178 1924 220 467

153 295 349 337 Graeciae
379 292 489 333 sama
519 291 694 331 collecta
726 297 840 338 sunt,
873 291 1024 344 quibus
1060 289 1265 340 intellegis
1298 287 1575 327 resistendum
1603 300 1716 334 esse,
1749 300 1801 326 ne
1832 300 1927 339 per-

151 358 366 399 turbentur
396 354 636 406 religiones,
687 354 820 393 Vestri
852 360 991 393 autem
1025 366 1106 391 non
1139 351 1262 391 modo
1294 351 1396 390 hacc
1428 364 1510 390 non
1534 349 1750 397 refellunt,
1783 362 1926 388 verum

150 421 273 460 etiam
305 415 552 458 confirmant
579 416 914 468 interpretando,
948 429 1146 468 quorsum
1172 414 1356 468 quidque
1389 415 1608 468 pertineat.
1657 412 1736 452 Sed
1760 425 1809 452 eo
1832 412 1926 458 iam,

150 482 260 522 unde
291 480 373 520 huc
406 479 581 531 digressi
615 492 779 524 sumus,
811 484 1082 517 revertamur.

262 542 414 582 xxw.
445 538 512 580 61.
555 542 660 580 Num
694 553 838 579 censes
876 540 1004 591 igitur
1035 540 1255 579 subtiliore
1288 541 1448 579 ratione
1482 552 1588 591 opus
1622 551 1713 578 esse
1744 535 1794 577 ad
1826 537 1960 577 haec5

149 604 407 645 refellenda?
451 605 554 643 Nam
587 609 789 648 mentem,
829 600 974 648 iidem,
1018 616 1156 654 spem,
1188 602 1406 648 virtutem,
1438 601 1664 648 honorem,
1698 600 1928 648 victoriam,

149 668 344 715 salutem,
390 666 653 707 concordiam
696 672 916 718 ceteraque
958 666 1048 704 eius
1088 665 1201 704 modi
1247 678 1382 703 rerum
1417 665 1497 703 vim
1538 664 1693 703 habere
1726 662 1930 710 videmus,

148 744 234 771 non
266 731 453 770 deorum.
503 730 585 768 Aut
617 729 728 767 enim
761 729 802 768 in
836 727 1042 766 nobismet
1074 727 1216 766 insunt
1248 727 1370 779 ipsis,
1412 732 1456 766 ut
1489 740 1625 773 mens,
1658 731 1703 765 ut
1735 739 1853 778 spcS,
1887 729 1932 764 ut

147 791 270 840 fides,
310 798 355 832 ut
386 793 538 840 virtus,
581 798 626 831 ut
657 791 906 837 concordia,
948 796 1020 829 aut
1051 789 1261 842 optandae
1304 791 1425 829 nobis
1459 796 1572 837 suut,
1612 796 1657 829 nt
1687 789 1844 837 honos,
1887 795 1933 830 ut

149 856 284 903 salus,
315 861 362 895 ut
393 855 582 902 victoria,
616 868 793 908 quarum
817 866 952 893 rerum
977 852 1198 891 utilitatem
1222 851 1364 898 video,
1398 852 1519 892 video
1542 853 1666 892 etiam
1690 858 1931 892 consecrata
1948 857 1983 885 ⁴0

148 919 391 966 simulacra,
433 932 515 971 qua
548 931 591 958 re
623 924 762 957 antem
794 917 835 956 in
868 916 918 956 iis
951 917 1011 955 vis
1043 915 1218 954 deorum
1252 915 1371 961 insit,
1415 920 1499 954 tum
1532 916 1795 967 intellegam,
1838 929 1932 955 cum

149 994 398 1035 cognovero.
459 981 554 1030 Quo
595 981 637 1020 in
679 994 832 1032 genere
871 979 936 1019 vel
973 979 1153 1019 maxime
1196 982 1257 1016 est
1287 975 1454 1016 fortuna
1486 977 1765 1026 numeranda,
1808 991 1932 1031 quam

148 1057 270 1095 nemo
301 1044 352 1084 ab
385 1044 666 1084 inconstantia
699 1049 737 1083 et
770 1042 1004 1082 temeritate
1036 1041 1252 1093 seiunget,
1285 1052 1393 1092 quae
1426 1039 1553 1092 digna
1584 1046 1695 1080 certe
1728 1054 1812 1080 non
1836 1047 1933 1081 sunt

149 1106 241 1146 deo.
301 1104 367 1145 62.
401 1107 484 1146 lam
516 1120 615 1146 vero
648 1105 748 1159 quid
774 1119 846 1145 vos
870 1104 938 1144 illa
962 1103 1140 1143 delectat
1162 1102 1389 1154 explicatio
1412 1102 1648 1142 fabularum
1674 1109 1714 1143 et
1735 1103 1932 1143 enodatio

148 1169 404 1209 nominum?
442 1170 666 1208 Exsectum
708 1181 730 1208 a
771 1166 856 1207 lilio
901 1167 1091 1213 Caelum,
1124 1166 1307 1205 vinctum
1339 1165 1485 1205 itidem
1518 1180 1541 1205 a
1573 1164 1659 1205 filio
1694 1166 1983 1211 Satu1·num‚t5

147 1231 251 1272 haec
283 1237 323 1271 et
352 1231 432 1271 alia
464 1231 629 1284 generis
662 1230 847 1270 eiusdem
880 1230 936 1270 ita
966 1228 1213 1276 defenditis,
1248 1233 1293 1267 ut
1314 1227 1362 1275 ii,
1397 1228 1468 1281 qni
1490 1228 1567 1268 ista
1589 1228 1815 1275 finxerunt,
1848 1241 1933 1267 non

149 1294 274 1334 modo
315 1307 399 1333 non
436 1294 595 1341 insani,
643 1292 715 1332 sed
759 1294 885 1332 etiam
925 1293 1053 1332 fuisse
1091 1292 1301 1345 sapientes
1334 1290 1567 1331 videantur.
1620 1292 1665 1330 In
1698 1292 1933 1332 enodandis

149 1363 286 1397 autem
318 1357 558 1397 nominibus
591 1356 702 1409 quod
737 1355 1017 1396 miserandum
1050 1355 1104 1394 sit
1136 1354 1357 1393 laboratis:
1403 1354 1631 1402 Saturnus,
1665 1355 1762 1408 quia
1794 1368 1837 1394 se
1871 1368 1935 1394 sa-

152 1426 261 1460 turat
290 1421 431 1466 annis,
463 1421 648 1467 Mavors,
682 1420 780 1472 quia
813 1431 961 1470 magna
992 1418 1137 1465 vertit,
1179 1417 1388 1464 Minerva,
1422 1417 1521 1469 quia
1554 1417 1705 1457 minuit
1736 1423 1806 1457 aut
1837 1417 1935 1471 quia

150 1483 352 1530 minatur,
383 1483 547 1527 Venus,
580 1482 678 1536 quia
710 1482 823 1522 venit
855 1481 905 1520 ad
939 1480 1100 1527 onmia,
1139 1479 1264 1519 Ceres
1297 1493 1319 1519 a
1351 1479 1549 1531 gerendo.
1603 1480 1738 1527 Quam
1771 1480 1934 1533 pericu-
1948 1485 1984 1514 20

149 1545 240 1586 losa
283 1545 575 1586 consuetudo!
636 1545 681 1583 In
720 1545 861 1584 multis
902 1544 1013 1583 enim
1054 1542 1296 1582 nominibus
1336 1542 1578 1582 haerebitis.
1631 1542 1742 1590 Quid
1786 1542 1934 1582 Veiovi

147 1607 297 1656 facies,
329 1608 429 1662 quid
464 1608 683 1648 Volcano?
717 1619 991 1661 quamquam,
1025 1606 1225 1659 quoniam
1259 1606 1500 1658 Neptunum
1523 1618 1544 1644 a
1577 1605 1716 1644 nando
1750 1604 1934 1659 appella-

149 1676 236 1711 tum
278 1677 423 1725 putas,
466 1670 629 1711 nullum
673 1671 751 1711 erit
791 1684 963 1717 nomen,
1005 1668 1118 1722 quod
1153 1681 1237 1707 non
1270 1669 1406 1721 possis
1440 1681 1523 1707 una
1554 1667 1692 1707 littera
1724 1667 1933 1721 explicare

149 1733 259 1774 unde
300 1734 471 1774 ductum
515 1733 581 1773 sit.
632 1734 679 1773 In
711 1748 795 1787 quo
830 1732 1000 1787 quidem
1033 1731 1164 1785 magis
1197 1737 1240 1771 tu
1272 1731 1373 1770 mihi
1405 1737 1551 1771 natare
1583 1731 1698 1771 visus
1730 1743 1773 1770 es
1806 1744 1932 1784 quam

147 1796 239 1850 ipse
280 1798 514 1850 Neptunus.
575 1794 641 1836 63.
673 1797 866 1849 Magnam
898 1796 1132 1836 molestiam
1165 1795 1350 1847 suscepit
1381 1800 1421 1834 et
1452 1794 1623 1834 minime
1655 1794 1933 1834 necessariam
1947 1800 1983 1829 25

148 1860 305 1913 primus
337 1861 470 1907 Zeno,
501 1865 598 1912 post
630 1859 873 1906 Cleanthes,
906 1859 1058 1898 deinde
1089 1857 1367 1911 Chrysippus,
1400 1856 1783 1896 commenticiarum
1815 1856 1933 1896 fabu-

148 1920 281 1961 larum
311 1922 487 1962 reddere
529 1922 752 1968 rationem‚
799 1921 1099 1962 vocabulorum
1141 1933 1213 1960 cur
1254 1920 1442 1972 quidque
1483 1920 1541 1960 ita
1583 1920 1838 1973 appellatum
1881 1920 1933 1959 sit

149 1997 294 2024 causas
341 1985 566 2039 explicare.
620 1984 744 2032 Quod
788 1998 883 2024 cum
929 1983 1086 2031 facitis,
1133 1982 1239 2022 illud
1280 1982 1465 2035 profecto
1510 1981 1767 2023 confitemini
1808 1982 1932 2035 longe

148 2046 268 2087 aliter
299 2060 342 2088 se
375 2061 463 2086 rem
495 2047 648 2087 habere
680 2053 807 2101 atque
838 2046 1054 2086 hominum
1079 2046 1222 2099 opinio
1246 2046 1326 2093 sit3
1362 2058 1434 2085 eos
1458 2047 1589 2093 enim,
1626 2046 1697 2100 qui
1723 2046 1764 2086 di
1786 2046 1932 2099 appel-

147 2108 304 2158 lantur,
336 2124 474 2150 rerum
508 2116 675 2150 naturas
709 2124 821 2158 esse,
852 2123 938 2150 non
969 2103 1123 2163 figuras
1148 2109 1336 2148 deorum.
1387 2109 1519 2148 XXV.
1550 2109 1631 2157 Qui
1656 2114 1794 2149 tantus
1817 2121 1932 2148 error
1946 2114 1982 2144 30

147 2171 248 2221 fuit,
288 2178 335 2213 ut
372 2173 621 2226 perniciosis
665 2173 792 2212 etiam
834 2173 959 2212 rebus
1001 2186 1083 2212 non
1124 2172 1238 2211 inodo
1269 2185 1421 2211 nomen
1455 2171 1630 2211 deorum
1663 2173 1931 2220 tribueretur,

150 2235 221 2275 sed
254 2236 379 2275 etiam
411 2249 528 2276 sacra
555 2237 925 2276 constituerentur.
974 2235 1117 2276 Febris
1141 2235 1252 2275 enim
1275 2234 1417 2274 fanum
1440 2235 1480 2274 in
1504 2235 1662 2274 Palatio
1686 2240 1726 2274 et
1751 2235 1932 2275 Orbonae

149 2298 200 2338 ad
229 2297 376 2338 aedem
408 2299 559 2339 Larum
592 2305 632 2338 et
663 2312 775 2339 aram
806 2299 940 2340 Malae
963 2299 1173 2338 Fortunae
1195 2298 1398 2352 Esquiliis
1420 2303 1703 2338 consecratam
1727 2297 1930 2337 videmus.

150 2357 216 2400 64.
249 2360 393 2401 Omnis
425 2362 551 2414 igitur
581 2361 676 2401 talis
714 2375 737 2401 a
779 2361 1048 2415 philosophia
1078 2362 1260 2414 pellatur
1292 2374 1424 2408 error,
1468 2366 1530 2408 ut,
1564 2374 1657 2400 cum
1690 2359 1741 2400 de
1774 2360 1836 2399 dis
1867 2359 1931 2399 in-

149 2424 395 2464 mortalibus
429 2423 710 2477 disputemus,
744 2424 930 2465 dicamus
964 2424 1134 2478 indigna
1165 2425 1323 2465 naturis
1356 2423 1669 2471 inmortalibus,
1701 2422 1753 2462 de
1776 2421 1980 2476 quibus-25

238 2580 268 2612 l.
294 2580 417 2612 colecta
439 2580 466 2611 A
493 2596 528 2602 -
555 2578 587 2611 4.
614 2580 756 2621 deyressi
780 2580 805 2611 O
831 2597 866 2601 —
894 2580 926 2612 7.
952 2580 1136 2611 huiusmodi
1160 2580 1185 2612 B
1200 2580 1224 2611 O
1243 2598 1284 2602 —
1301 2580 1332 2612 8.
1359 2582 1469 2610 autem
1493 2578 1579 2610 enim
1603 2578 1668 2610 ΡΥ
1687 2578 1731 2618 (in
1748 2579 1775 2609 V
1792 2578 1928 2611 litterae

149 2637 199 2662 em
222 2631 420 2671 expunctae
445 2631 550 2668 sunt).
572 2646 606 2652 -
633 2633 670 2660 ut
692 2638 763 2669 spes
786 2629 840 2661 vel
867 2628 1017 2662 delenda
1037 2629 1089 2662 vel
1114 2632 1193 2662 ante
1218 2633 1256 2661 ut
1277 2630 1377 2661 honos
1396 2628 1657 2669 transponenda
1676 2629 1815 2660 censuit
1830 2629 1927 2661 Wal-

149 2680 255 2713 kerus
279 2680 357 2713 coll.
385 2681 403 2722 g
429 2679 483 2712 88.
512 2697 547 2701 —
575 2680 605 2711 9.
632 2683 690 2711 aut
715 2689 806 2711 corr.
834 2689 876 2712 ex
899 2683 935 2711 ut
958 2682 985 2711 A
1012 2699 1048 2703 —
1081 2681 1186 2712 honor
1210 2682 1234 2713 C
1263 2699 1298 2704 —
1329 2681 1381 2711 40.
1409 2678 1508 2710 alteri
1531 2680 1627 2710 uideo
1651 2686 1830 2719 superscr.
1854 2680 1928 2711 ideo

149 2730 178 2761 V
198 2748 232 2754 -
260 2731 311 2763 44.
337 2731 373 2762 in
396 2731 436 2761 iis
459 2730 483 2762 C
498 2730 548 2761 V:
575 2731 611 2761 in
633 2731 695 2761 hiis
717 2732 752 2762 in
776 2740 844 2763 ras.
871 2739 918 2763 m.
943 2739 1015 2763 sec.
1034 2732 1233 2763 recentiore
1251 2732 1296 2767 A;
1322 2731 1355 2760 in
1380 2730 1428 2760 his
1453 2730 1476 2760 B
1491 2729 1552 2761 ΕΡ
1567 2730 1592 2761 Ο
1613 2747 1648 2752 -
1667 2727 1720 2760 ¹¹4.
1739 2729 1928 2768 explacatio

151 2780 206 2820 (ac
227 2781 262 2812 in
285 2780 368 2819 ras.)
392 2781 436 2815 A;
465 2779 652 2819 explacatio
676 2788 766 2811 corr.
787 2788 833 2811 m.
854 2789 925 2812 sec.
951 2782 985 2813 iu
1010 2782 1188 2821 implicatio
1206 2781 1252 2819 V3
1279 2781 1474 2820 eaeplanatio
1499 2780 1523 2810 C
1551 2797 1586 2801 —
1612 2782 1641 2810 et
1657 2780 1783 2810 notatio
1799 2796 1848 2802 —-
1864 2788 1927 2811 ηο-

151 2831 260 2862 tandis
284 2831 326 2869 (v.
347 2830 397 2869 47)
423 2829 527 2862 Bake.
548 2846 584 2852 —-
612 2830 664 2860 46.
691 2830 860 2869 defenditis
885 2838 974 2863 corr.
995 2840 1037 2863 ex
1062 2832 1206 2872 defendis
1229 2832 1255 2862 A
1283 2849 1318 2853 ——
1344 2833 1379 2860 ut
1403 2830 1434 2860 hi
1459 2830 1482 2860 Β
1498 2831 1521 2860 Ρ
1554 2845 1588 2850 ——
1616 2829 1673 2868 qui
1696 2829 1720 2860 B
1737 2830 1782 2860 P:
1810 2829 1925 2868 quiqui

150 2880 255 2911 AEV
280 2880 326 2921 (in
349 2880 417 2911 AV
440 2878 590 2911 alterum
613 2878 671 2917 qui
695 2882 910 2920 expunctum
935 2883 1021 2920 est);
1052 2883 1213 2922 quiquam
1237 2882 1260 2913 C
1290 2899 1324 2903 —-
1363 2881 1416 2911 21.
1442 2879 1551 2910 ueloui
1574 2881 1601 2911 A
1635 2896 1671 2902 -
1703 2880 1757 2911 ⁶27.
1784 2880 1926 2920 quidque

153 2929 254 2967 (corr.
280 2939 322 2961 ex
347 2929 477 2969 quique)
503 2929 550 2960 B:
578 2929 699 2968 quique
721 2930 747 2961 A
762 2930 786 2962 C
802 2930 888 2968 PV;
915 2933 1054 2972 quicque
1076 2933 1101 2964 E
1130 2949 1164 2955 -
1195 2931 1375 2971 appellanti
1400 2930 1510 2969 (corr.
1538 2937 1580 2961 ex
1604 2929 1834 2970 appellantur)
1860 2930 1926 2961 sint

153 2980 255 3019 (corr.
274 2987 316 3011 ex
339 2979 389 3019 sit)
416 2979 460 3017 V;
486 2979 670 3019 appellatus
687 2979 728 3010 sit
751 2981 776 3012 P
802 2996 838 3002 --
864 2980 917 3012 34.
943 2982 1038 3013 modo
1063 2990 1133 3013 om.
1153 2980 1182 3014 Ql
1209 2999 1243 3004 —
1273 2981 1325 3013 32.
1353 2980 1502 3011 Orbonae
1526 2979 1570 3009 ad
1594 2987 1665 3010 om.
1684 2977 1736 3016 213
1762 2978 1923 3020 suppleta

151 3028 314 3060 videntur
337 3037 379 3060 ex
405 3027 502 3061 Plinii
525 3030 564 3061 N.
592 3029 630 3060 H.
659 3030 685 3060 ll
711 3029 728 3069 ἓ
754 3030 807 3061 46.
836 3048 871 3054 -
898 3030 950 3062 33.
977 3032 1132 3071 exquiliis
1154 3032 1217 3062 AB
1234 3031 1258 3062 C
1274 3030 1339 3062 EV
1358 3046 1393 3051 —
1419 3028 1473 3061 34.
1492 3037 1515 3060 a
1538 3037 1680 3060 erasum
1705 3030 1759 3061 est
1781 3030 1816 3060 in
1840 3030 1864 3060 B
1884 3046 1920 3051 —

150 3078 329 3118 philosophi
352 3087 375 3109 a
394 3079 540 3118 pellatur
554 3079 613 3116 V¹;
637 3079 943 3120 filosofiappellatur
965 3082 1011 3118 A,
1039 3081 1222 3120 philosophi
1245 3080 1433 3120 appellatur
1456 3079 1493 3110 13¹
1508 3078 1555 3115 C;
1579 3078 1785 3119 philosophia
1808 3079 1923 3119 appel-

152 3127 243 3159 latur
259 3128 319 3166 B‘—‘;
341 3128 540 3168 philosophis
563 3129 728 3168 apellatur
751 3126 810 3167 &⁰²3
838 3129 1036 3170 philosophis
1058 3131 1247 3170 appellatur
1274 3130 1298 3161 E
1312 3130 1335 3160 P
1363 3146 1398 3151 —
1426 3128 1479 3160 35.
1505 3128 1705 3167 disputemus
1720 3144 1766 3152 —-
1783 3129 1923 3160 immor-

152 3177 272 3209 talibus
289 3178 367 3210 ead.
385 3186 433 3211 m.
451 3180 596 3219 margini
618 3179 793 3220 adscripta
818 3180 927 3211 habet
949 3180 978 3210 V
997 3198 1032 3203 —
1051 3181 1198 3212 dicamus
1220 3181 1359 3220 indigna
1374 3178 1504 3210 naturis
1519 3178 1711 3219 Madvigius
1727 3189 1733 3209 :
1760 3179 1924 3210 dicaziusu

151 3227 261 3266 syriais
283 3230 308 3259 A
323 3228 348 3260 C
362 3229 386 3260 P
401 3228 429 3258 V
453 3228 562 3269 (corr.
590 3229 623 3260 in
647 3230 698 3261 dic
719 3230 786 3261 alio
808 3238 871 3261 usu
893 3231 997 3270 iyneis
1019 3230 1077 3269 V);
1104 3231 1253 3262 dicamus
1276 3229 1407 3270 diqnais
1431 3230 1468 3260 de
1491 3229 1550 3268 dys
1572 3229 1597 3261 E
1616 3238 1622 3266 ;
1649 3230 1797 3260 dicamus
1820 3229 1923 3269 digna

154 3275 203 3306 dis
224 3277 300 3308 ΒΟ.
336 3278 434 3309 «Hoc
464 3280 586 3318 teneo,
618 3282 656 3311 ul
678 3280 801 3311 referri
825 3279 870 3311 ad
893 3280 984 3319 talis,
1018 3281 1137 3320 itaque
1162 3279 1285 3311 subiici
1311 3278 1600 3319 significationem
1625 3279 1675 3310 rei
1700 3287 1765 3310 non
1788 3280 1920 3317 rectae,

155 3321 281 3356 deinde
306 3334 375 3358 non
399 3326 452 3359 bis
476 3328 631 3369 positum
657 3328 762 3362 fuisse
785 3329 835 3362 dis
857 3329 1109 3368 inmortalibus3
1142 3329 1277 3370 reliqua
1300 3336 1446 3371 prorsus
1469 3336 1534 3371 pro
1558 3328 1700 3360 incertis
1723 3327 1919 3369 relinquo.»
