2249 3624
272 173 354 215 898
992 176 1062 215 DE
1093 175 1319 216 LEGIBUS

274 281 436 321 monias
479 281 775 321 adscribendas
817 285 979 334 putant.
1038 282 1176 334 Atque
1219 282 1343 321 etiam
1386 281 1486 322 dant
1523 282 1604 322 hoc
1644 283 1868 324 Scaevolae
1910 284 2043 340 [quod

275 349 340 383 est
359 340 561 397 partitio],
593 350 652 391 ut,
684 344 717 383 si
750 345 792 384 in
824 349 1074 383 testamento
1108 344 1305 384 deductio
1337 345 1490 398 scripta
1519 358 1603 384 non
1635 346 1688 385 sit
1718 346 1885 400 ipsique
1909 349 2044 388 minus

275 408 481 462 ceperint,
513 420 634 460 quain
667 406 861 445 omnibus
892 406 1123 446 heredibus
1155 407 1437 460 relinquatur,
1472 408 1598 446 sacris
1630 421 1682 447 ne
1713 408 1949 461 alligentur.
1998 410 2045 450 In

276 470 502 511 donatione
533 470 613 508 hoc
645 468 755 507 idem
788 481 910 507 secus
940 469 1290 521 interpretantur,
1322 474 1364 508 et
1394 468 1507 521 quod
1541 474 1658 521 pater
1687 469 1867 511 familias
1890 473 1932 512 in
1954 473 2045 513 eius

242 533 523 580 5donatione,
563 532 633 583 qui
665 531 706 569 in
737 531 870 583 ipsius
904 536 1110 583 potestate
1144 537 1228 578 est,
1269 531 1535 584 adprobavit,
1566 537 1701 572 ratum
1727 539 1813 573 est:
1856 534 1966 588 quod
1994 549 2045 576 eo

273 596 480 636 insciente
519 594 675 633 factum
718 598 802 639 est,
845 593 879 632 si
910 593 952 632 id
984 594 1019 632 is
1050 607 1134 632 non
1166 595 1394 647 adprobat,
1435 601 1569 634 ratum
1601 608 1685 634 non
1718 601 1793 635 est.
1863 593 1928 636 51.
1970 597 2045 637 His

274 659 497 711 propositis
530 655 875 709 quaestiunculae
907 656 1062 695 multae
1093 662 1333 704 nascuntur,
1366 670 1483 710 quas,
1517 658 1588 711 qui
1613 659 1783 709 paulum
1813 659 2045 712 intellegat,

273 736 372 769 non,
405 723 439 761 si
471 720 521 760 ad
554 725 679 772 caput
708 718 874 765 referat,
905 732 981 771 per
1012 733 1056 759 se
1088 720 1177 772 ipse
1209 720 1331 760 facile
1363 721 1618 774 perspiciat?
1650 721 1809 769 Veluti,
1842 722 1876 761 si
1908 723 2044 762 minus

275 785 370 837 quis
409 783 609 836 cepisset,
651 795 703 820 ne
746 781 875 821 sacris
916 782 1178 834 alligaretur,
1219 796 1266 822 ac
1297 788 1392 836 post
1424 783 1474 822 de
1507 784 1597 823 eius
1628 783 1858 824 heredibus
1890 785 2044 838 aliquis

223 855 259 884 40
274 846 482 899 exegisset
512 858 586 898 pro
619 857 694 884 sua
726 850 841 896 parte
873 844 928 891 id,
961 844 1076 897 quod
1107 845 1158 885 ab
1182 858 1246 892 eo,
1279 846 1432 898 quoius
1457 846 1547 898 ipse
1571 846 1693 885 heres
1716 851 1839 893 esset,
1862 852 2046 899 praeter-

273 909 445 949 missum
487 907 656 954 fuisset,
699 920 833 960 eaque
874 908 1053 960 pecunia
1093 922 1179 947 non
1217 907 1352 947 minor
1392 913 1503 947 esset
1540 907 1648 948 facta
1689 922 1784 948 cum
1826 909 2044 962 superiore

272 972 514 1018 exactione,
556 983 681 1023 quam
719 970 946 1010 heredibus
986 971 1180 1010 omnibus
1223 976 1334 1010 esset
1374 971 1542 1018 relicta,
1586 971 1658 1024 qui
1700 984 1789 1011 eam
1822 973 2044 1025 pecuniam

272 1034 509 1086 exegisset,
549 1034 686 1072 solum
727 1032 816 1072 siue
857 1033 1136 1073 coheredibus
1176 1033 1305 1072 sacris
1343 1032 1521 1085 alligari.
1583 1033 1696 1081 Quin
1727 1035 1850 1074 etiam
1883 1040 2043 1082 cavent,

270 1102 339 1144 ut,
371 1097 436 1136 cui
469 1096 562 1150 plus
593 1095 776 1147 legatum
807 1095 880 1142 sit,
922 1109 1047 1148 quam
1080 1096 1170 1135 sine
1202 1096 1402 1148 religione
1434 1109 1583 1148 capere
1615 1096 1761 1143 liceat,
1801 1096 1836 1135 is
1867 1109 1943 1149 per
1973 1110 2043 1136 aes

221 1168 257 1196 45
272 1165 313 1199 et
342 1159 490 1198 libram
520 1158 698 1197 heredes
731 1159 968 1197 testamenti
999 1158 1153 1205 solvat,
1187 1164 1410 1210 propterea
1443 1158 1557 1211 quod
1590 1172 1640 1198 eo
1671 1159 1763 1198 loco
1794 1171 1860 1198 res
1893 1163 1955 1198 est
1985 1159 2043 1199 ita

272 1222 407 1263 soluta
437 1220 692 1267 hereditate,
727 1220 848 1273 quasi
880 1233 929 1260 ea
959 1222 1139 1273 pecunia
1170 1221 1306 1274 legata
1336 1234 1422 1260 non
1454 1226 1576 1261 esset.

384 1285 498 1324 XXI.
541 1282 608 1322 52.
647 1283 737 1322 Hoc
768 1296 845 1335 ego
877 1283 970 1322 loco
1001 1283 1227 1336 multisque
1258 1283 1350 1322 aliis
1383 1297 1541 1336 quaero
1573 1297 1595 1323 a
1626 1285 1766 1332 vobis,
1800 1285 2038 1331 Scaevolae,

270 1348 489 1402 pontifices
531 1345 700 1385 maximi
742 1351 782 1384 et
820 1346 1011 1384 homines
1045 1359 1136 1385 meo
1168 1346 1337 1400 quidem
1370 1346 1525 1386 iudicio
1556 1347 1810 1394 acutissimi,
1855 1347 1954 1400 quid
1986 1347 2040 1386 sit

272 1410 386 1463 quod
417 1411 468 1449 ad
498 1410 562 1449 ius
594 1408 855 1461 pontificium
880 1407 1000 1446 civile
1022 1409 1252 1462 appetatis;
1287 1409 1420 1449 civilis
1444 1410 1554 1449 enim
1582 1410 1684 1449 iuris
1707 1410 1882 1450 scientia
1903 1410 2040 1462 ponti—

220 1480 257 1509 20
271 1471 410 1512 ficium
434 1471 615 1526 quodam
638 1470 762 1510 modo
786 1470 947 1510 tollitis.
1002 1472 1105 1510 Nam
1140 1484 1255 1510 sacra
1287 1485 1381 1511 cum
1414 1472 1593 1526 pecunia
1625 1470 1868 1524 pontificum
1900 1477 2044 1511 aucto-

270 1537 405 1582 ritate,
439 1534 553 1574 nulla
584 1534 674 1585 lege
707 1535 927 1574 coniuncta
959 1539 1069 1573 sunt.
1130 1535 1274 1587 Itaque
1306 1535 1339 1573 si
1371 1549 1446 1574 vos
1479 1540 1638 1574 tantum
1672 1534 1796 1574 modo
1827 1531 2041 1586 pontifices

271 1598 438 1644 essetis,
469 1596 720 1650 pontificalis
752 1601 939 1635 maneret
969 1597 1214 1642 auctoritas,
1247 1596 1320 1636 sed
1354 1597 1466 1650 quod
1499 1597 1611 1636 idem
1642 1595 1744 1636 iuris
1776 1595 1911 1635 civilis
1942 1596 2041 1636 estis

269 1659 539 1713 peritissimi,
579 1659 656 1698 hac
689 1658 865 1697 scientia
895 1657 1007 1696 illam
1040 1657 1224 1697 eluditis.
1285 1659 1445 1698 Placuit
1475 1660 1520 1698 P.
1547 1659 1774 1698 Scaevolae
1806 1663 1847 1697 et
1878 1658 1940 1697 Ti.
1965 1658 2041 1698 Co-

269 1723 501 1769 runcanio,
549 1719 815 1775 pontificibus
859 1720 1079 1767 maximis,
1125 1721 1313 1774 itemque
1345 1722 1525 1768 ceteris,
1571 1735 1641 1760 eos
1685 1720 1757 1774 qui
1798 1720 2038 1760 tantundem

219 1791 490 1839 25caperent‚
535 1792 738 1838 quantum
783 1797 928 1823 omnes
968 1783 1167 1830 heredes,
1207 1784 1332 1823 sacris
1364 1784 1539 1836 alligari.
1600 1780 1744 1822 Habeo
1777 1782 1842 1821 ius
1875 1780 2040 1834 pontifi-

270 1849 392 1888 cium.
453 1846 520 1886 53.
554 1847 665 1894 Quid
697 1847 778 1885 huc
811 1846 988 1885 accessit
1019 1859 1071 1884 ex
1101 1846 1189 1885 iure
1221 1846 1364 1885 civili?
1410 1844 1651 1884 Partitionis
1683 1850 1808 1898 caput
1838 1844 2040 1897 scriptum

270 1916 412 1957 caute,
454 1916 499 1949 ut
530 1914 692 1948 centum
726 1909 887 1947 nummi
919 1908 1247 1947 deducerentur:
1293 1909 1465 1947 inventa
1497 1913 1559 1946 est
1589 1907 1715 1953 ratio,
1756 1919 1830 1946 cur
1860 1907 2041 1959 pecunia

270 1987 482 2013 sacrorum
516 1971 710 2011 molestia
740 1971 1002 2010 liberaretur.
1064 1970 1188 2018 Quod
1222 1971 1255 2010 si
1286 1971 1380 2017 hoc,
1413 1973 1485 2023 qui
1518 1975 1815 2009 testamentum
1847 1969 2038 2016 faciebat,

359 2112 388 2141 si.
415 2113 513 2148 atque
535 2109 633 2139 etiam
660 2108 785 2138 addunt.
809 2106 1015 2144 Lambinus,
1048 2107 1092 2137 act
1117 2115 1201 2144 quae
1225 2107 1350 2137 addunt
1374 2105 1466 2136 Bake
1505 2123 1539 2126 —
1578 2105 1664 2143 quod
1688 2105 1729 2136 C:
1768 2113 1867 2143 quom
1890 2106 2036 2139 Davies:

270 2168 332 2192 nos
357 2160 444 2198 quod
467 2162 512 2190 est
533 2157 671 2197 partilio
701 2158 737 2187 ut
761 2155 933 2195 glossema
961 2165 1000 2187 ex
1025 2156 1101 2196 §53
1126 2157 1171 2187 iu.
1199 2156 1328 2187 illatum
1355 2157 1520 2186 monente
1546 2155 1650 2186 Bakio
1675 2154 1892 2186 inclusimus.
1933 2170 1968 2177 --
2005 2155 2038 2186 2.

268 2211 417 2242 deductio
434 2209 526 2241 Bach
554 2208 606 2245 (ad
624 2207 790 2238 Brissonii
810 2206 988 2237 Formulas
1014 2215 1047 2246 p.
1065 2206 1158 2245 448):
1186 2207 1325 2236 deducta
1349 2205 1407 2236 CO
1436 2223 1466 2227 —
1498 2205 1526 2236 3.
1548 2205 1735 2243 reliquatur
1751 2206 1789 2242 A,
1806 2204 2041 2243 relinquantur

268 2262 297 2292 H
330 2278 363 2282 —
399 2259 430 2292 4.
458 2260 667 2290 donationem
692 2258 715 2287 B
739 2274 781 2279 -—
805 2257 890 2287 idem
914 2257 958 2287 B:
985 2257 1083 2286 iidem
1107 2256 1186 2287 AO:
1215 2256 1273 2286 ho<-
1297 2256 1382 2286 idem
1398 2273 1414 2277 -
1430 2272 1446 2277 -
1465 2255 1497 2284 in
1520 2255 1588 2285 eius
1605 2255 1679 2284 don.
1707 2262 1777 2284 om.
1798 2254 1823 2284 H
1849 2271 1889 2276 —-
1914 2257 1944 2284 et
1967 2252 2036 2285 del.

268 2310 477 2342 Lambinus:
515 2310 630 2339 etenim
662 2308 751 2338 coni.
779 2309 954 2343 (mereim,
992 2308 1051 2336 aut
1081 2310 1108 2336 et
1138 2308 1278 2337 servato
1309 2305 1393 2335 inira
1425 2303 1653 2335 scribendum
1686 2312 1764 2335 esse
1789 2304 1968 2344 proponit:
2009 2306 2040 2334 et

267 2361 354 2399 quod
378 2369 413 2391 eo
437 2361 516 2390 inse.
547 2376 580 2380 —-
605 2361 702 2397 pater
725 2364 752 2388 A
778 2357 809 2387 in
828 2365 895 2387 ras.
925 2373 959 2378 —
988 2357 1018 2386 5.
1046 2357 1125 2394 quin
1150 2355 1249 2395 ipsius
1274 2355 1300 2385 H
1326 2372 1368 2377 —
1389 2357 1548 2393 potestate
1571 2357 1616 2384 est
1642 2353 1777 2384 Christ:
1799 2356 1944 2392 potestas
1959 2355 2039 2384 esset

269 2411 305 2448 C⁷
329 2414 487 2449 potestate
509 2411 587 2438 esset
612 2406 693 2438 edd.
723 2423 756 2428 —-
784 2406 998 2445 adpropiavit
1022 2405 1045 2436 C
1087 2423 1121 2426 —
1159 2405 1190 2435 7.
1217 2413 1283 2443 qua
1306 2408 1352 2435 est
1375 2405 1529 2435 uincutae
1552 2404 1576 2435 Β
1593 2404 1619 2434 Η
1648 2422 1680 2427 -
1715 2411 1798 2442 quas
1821 2403 1877 2443 qui
1898 2403 2037 2442 paulum

265 2461 433 2499 intellegat
456 2458 597 2498 scripsi:
624 2465 706 2495 quas
731 2456 785 2495 qui·
811 2457 969 2494 (quasque
986 2456 1019 2493 P»)
1045 2458 1229 2486 nascuntur
1245 2454 1409 2494 intelleyat
1434 2454 1477 2489 C;
1505 2462 1586 2493 quas
1610 2453 1666 2492 qui
1682 2452 1843 2492 intelliyat
1867 2452 1910 2488 03
1938 2451 2038 2483 vide-

265 2512 321 2540 tur
345 2509 454 2539 verbo
487 2511 670 2538 nascuntur
701 2506 733 2537 in
766 2506 918 2536 alienum
950 2504 1065 2535 locum
1090 2505 1216 2535 iteruin
1242 2503 1350 2535 relato
1375 2512 1458 2534 vera
1482 2512 1561 2541 vox,
1588 2511 1677 2542 quae
1703 2501 1749 2532 ibi
1775 2500 1946 2537 exstabat,
1973 2501 2037 2532 de—

265 2560 361 2589 trusa
387 2566 478 2588 esse.
509 2575 542 2578 —
569 2558 600 2588 8.
627 2558 653 2587 si
677 2556 730 2596 ad]
756 2556 837 2586 sciat
864 2556 889 2586 H
918 2573 952 2577 -
978 2556 1152 2594 perspiciet
1175 2556 1199 2585 B
1226 2572 1267 2576 —-
1302 2554 1327 2583 si
1352 2562 1470 2584 munus
1495 2554 1518 2584 C
1549 2571 1583 2575 ——
1623 2552 1653 2583 9.
1680 2552 1884 2592 alleyaretur
1906 2551 1967 2582 AB
1997 2568 2033 2574 -

265 2608 314 2647 ac]
340 2611 375 2637 ut
401 2609 437 2644 C,
465 2617 506 2638 ex
530 2610 571 2644 et,
598 2609 634 2637 ut
659 2606 796 2636 videtur
833 2622 868 2627 —
909 2605 959 2635 110.
987 2606 1074 2643 qnod
1097 2604 1198 2634 liabeo
1224 2602 1258 2634 13¹
1276 2604 1301 2634 Η
1345 2621 1379 2625 —
1419 2604 1537 2642 quoius
1560 2610 1643 2633 nos:
1678 2611 1741 2641 quo
1765 2598 1856 2632 A¹B¹
1870 2601 1909 2637 H,
1945 2601 2037 2632 cuius

265 2658 304 2689 Α2
317 2654 355 2688 Β2
381 2675 413 2679 ——
442 2659 578 2688 heresa
606 2660 642 2690 A,
669 2657 795 2687 heredis
818 2655 893 2685 B¹H
922 2672 955 2676 -
996 2656 1046 2685 tt.
1072 2654 1172 2688 fuisse
1197 2658 1219 2684 A
1233 2653 1305 2684 {3¹11
1334 2671 1368 2675 —
1396 2654 1538 2684 minores
1561 2652 1616 2682 sed
1641 2649 1727 2686 B¹H‚
1754 2654 1833 2681 esset
1855 2653 1882 2682 A
1907 2651 1939 2681 iu
1965 2659 2033 2682 ras.

266 2724 300 2729 -—
329 2708 381 2738 42.
407 2707 538 2737 nedibus
563 2705 613 2741 A¹,
642 2706 776 2737 aedibus
803 2706 825 2735 Η
856 2722 886 2726 —
917 2713 981 2734 esse
1005 2703 1078 2734 ss¹u
1108 2722 1139 2725 -
1169 2704 1221 2734 43.
1241 2704 1394 2742 eaiyisset
1422 2697 1488 2733 A¹ll
1517 2719 1551 2723 —
1579 2702 1647 2732 sine
1670 2699 1872 2731 Turnebus:
1899 2700 1962 2731 m'si
1987 2700 2032 2736 C;

264 2757 340 2788 sort.
368 2758 469 2787 salum
494 2766 566 2787 «mm
590 2757 658 2787 sine
683 2773 717 2778 —
748 2756 803 2794 qui
826 2763 883 2785 'nec
909 2754 974 2783 ium
1000 2753 1026 2783 ll
1057 2770 1087 2773 -
1115 2753 1230 2783 cadent
1255 2753 1292 2782 131
1321 2768 1353 2773 —
1382 2751 1433 2782 sili.
1460 2751 1487 2781 is
1508 2759 1567 2789 per
1591 2759 1645 2780 aes
1668 2752 1697 2780 ci
1720 2751 1745 2780 A
1771 2750 1804 2780 in
1830 2757 1898 2780 ras.
1927 2749 2035 2780 habet

266 2824 300 2828 —
340 2808 391 2837 45.
417 2808 545 2837 heredes
571 2808 607 2837 C.
629 2805 845 2845 Stephanus:
873 2804 996 2834 heredis
1022 2802 1058 2839 C,
1085 2802 1232 2832 heredem
1257 2804 1281 2832 O
1309 2819 1343 2824 —
1371 2801 1565 2832 testamenta
1587 2802 1627 2831 ΑΞ
1642 2800 1679 2830 Β”-”
1713 2816 1746 2821 --
1788 2800 1839 2830 «17.
1866 2808 1924 2839 ego
1948 2800 2030 2830 AH:

263 2865 340 2897 eryt)
366 2858 388 2887 Β
430 2874 461 2878 —
503 2857 553 2887 48.
580 2864 690 2886 omnes
715 2856 746 2885 in
771 2864 806 2884 eo
831 2854 961 2894 quidem
992 2853 1016 2883 Η
1057 2868 1091 2872 -
1135 2852 1185 2881 19.
1213 2852 1300 2888 qamt
1326 2852 1374 2881 ius
1396 2861 1430 2891 p.
1457 2851 1546 2881 viz-m
1569 2850 1734 2888 appetatis
1764 2849 1959 2880 Mommsen
1990 2865 2033 2870 -—

261 2907 313 2937 ius
332 2907 523 2945 pontificum
549 2908 572 2937 C
602 2923 634 2927 -—
662 2906 798 2936 svientia
819 2905 1010 2942 pontificum
1035 2902 1057 2932 B
1075 2902 1099 2931 ll
1138 2918 1172 2922 -—
1210 2902 1262 2932 ⁰20.
1290 2902 1376 2939 quod
1400 2902 1444 2931 ad
1467 2901 1562 2931 modo
1587 2900 1623 2935 B,
1650 2899 1729 2937 qnid
1752 2899 1795 2929 ad
1818 2899 1913 2928 modo
1940 2898 1965 2928 Η
1994 2914 2028 2918 —

262 2956 314 2986 Ἣ.
340 2956 465 2985 nullam
490 2953 525 2985 13¹
565 2972 599 2977 -—
637 2955 665 2984 si
687 2963 746 2984 uos
770 2952 971 2984 Turnebus:
1008 2951 1117 2982 usibus
1141 2952 1164 2981 C
1204 2968 1237 2972 —
1278 2952 1330 2982 ⁰22.
1355 2951 1558 2991 pontificales
1582 2949 1658 2980 A¹B
1675 2950 1701 2980 H
1740 2965 1774 2970 —
1817 2949 1915 2978 iidem
1940 2948 1964 2978 O
1990 2964 2031 2970 —

261 3008 306 3036 est
329 3005 534 3043 speretis-simi
560 3005 631 3039 ΒΗ,
659 3007 703 3034 est
726 3004 879 3042 spernitis
904 3004 940 3038 A,
968 3000 1030 3031 scd
1056 3001 1207 3039 spernitis
1232 3001 1262 3030 in
1286 3009 1354 3031 ras.
1385 3018 1418 3021 —
1447 3000 1500 3031 '2:3.
1518 3000 1590 3038 hac]
1609 3008 1648 3029 ac
1673 3000 1697 3030 C
1724 3015 1758 3019 —
1787 2998 1880 3028 illam
1904 2997 2032 3027 eluditis

263 3054 343 3085 edd.
370 3056 467 3084 vett:
496 3054 550 3083 illa
576 3054 703 3083 ‹etwtitis
730 3054 779 3085 A2.
808 3052 859 3083 ille
883 3051 993 3081 iustitis
1017 3050 1041 3080 B
1068 3052 1118 3086 et,
1147 3052 1183 3079 ut
1208 3049 1357 3087 videtur,
1384 3047 1436 3088 A¹,
1474 3050 1533 3079 illa
1556 3048 1685 3079 eludisti
1711 3048 1736 3078 H
1761 3064 1804 3069 —
1837 3046 1884 3085 P.]
1907 3049 1979 3085 post
2002 3046 2029 3077 H

263 3120 297 3124 —
327 3106 356 3134 et
384 3103 425 3133 Τι’.
447 3102 654 3133 Corum-anio
679 3101 778 3132 Orelli
806 3102 837 3132 iu
864 3101 1001 3131 adnot.:
1035 3102 1063 3130 et
1086 3099 1131 3129 ln‘i
1155 3100 1354 3129 coruncano
1379 3099 1416 3136 B,
1441 3103 1469 3129 et
1494 3098 1687 3128 toruncario
1713 3097 1752 3136 Η,
1779 3099 1807 3127 et
1831 3095 2030 3126 coruncario

261 3154 300 3189 A,
327 3152 388 3182 sed
415 3155 444 3182 et
467 3160 569 3181 corun
595 3152 625 3181 in
653 3159 734 3186 ras.;
761 3154 791 3180 et
815 3152 888 3181 Cor.
916 3152 953 3180 t).
992 3148 1041 3179 Ct'.
1070 3157 1101 3188 p.
1119 3148 1193 3185 399,
1215 3149 1266 3178 it.
1303 3165 1336 3169 —
1373 3148 1426 3179 ⁵24.
1453 3149 1592 3186 itemque
1618 3147 1805 3178 Manutius:
1832 3146 1979 3184 idemque
2004 3145 2028 3176 C

263 3218 297 3223 —
325 3210 378 3231 eos
403 3202 443 3231 C:
484 3209 552 3230 oin.
573 3201 597 3227 0
635 3217 668 3221 —
708 3201 900 3230 tantundem
926 3201 969 3230 A:
1004 3198 1205 3228 tantumdem
1229 3198 1304 3234 Bo,
1337 3200 1466 3227 tantum
1489 3205 1598 3227 omnes
1622 3197 1649 3227 H
1674 3195 1800 3227 mediis
1825 3194 1963 3225 omissis
1989 3209 2023 3214 —

260 3250 314 3281 95.
341 3252 494 3288 cuperent
518 3251 540 3279 A
556 3248 595 3278 Bt
624 3252 753 3286 caperet
778 3249 802 3279 O
832 3268 863 3272 W
892 3247 1060 3279 heredibus
1085 3248 1108 3278 t]
1143 3262 1176 3267 —
1207 3246 1322 3277 *abeo
1346 3249 1383 3283 A,
1411 3246 1451 3276 ab
1477 3255 1511 3277 eo
1536 3247 1559 3276 B
1590 3263 1621 3267 -
1649 3246 1702 3276 26.
1725 3245 1904 3284 paticiom's
1919 3242 2028 3282 capud

260 3299 285 3330 B
314 3315 347 3321 -
374 3298 426 3329 27.
454 3298 512 3329 ded
537 3299 570 3328 in
596 3298 833 3329 deducerentur
856 3301 881 3329 Α
908 3299 941 3329 in
967 3306 1035 3329 ras.
1064 3314 1097 3319 —
1125 3297 1179 3328 28.
1206 3295 1284 3335 quid
1308 3296 1335 3326 si
1358 3296 1433 3335 ΑΗ,
1461 3296 1517 3334 qui
1539 3296 1566 3326 si
1590 3295 1627 3325 B.
