2249 3624
248 167 332 209 766
921 165 991 205 DE
1022 165 1089 205 RE
1120 163 1344 204 PUBLICA

251 276 589 331 disputationem
621 274 827 315 reiecisse.
858 276 902 314 et
933 274 1101 313 tantum
1132 270 1187 313 de
1218 272 1311 312 vita
1343 274 1384 312 et
1417 270 1471 312 de
1499 272 1692 313 moribus
1712 272 1886 313 solitum
1909 285 2009 314 esse

251 357 475 400 quaerere.
534 342 669 395 Quem
710 343 819 383 enim
858 344 1080 383 auctorem
1122 341 1174 382 de
1214 342 1288 382 illo
1325 341 1656 395 locupletiorem
1691 340 1879 383 Platone
1911 343 2010 383 lau-

250 413 356 454 dare
390 406 654 466 possumus?
686 412 809 452 cuius
842 412 882 450 in
915 411 1036 451 libris
1069 411 1212 450 multis
1243 410 1353 451 locis
1384 411 1444 450 ita
1476 410 1667 464 loquitur
1697 407 1932 463 Socrates,
1963 414 2010 451 ut

250 484 378 523 etiam
409 494 503 522 cum
535 479 588 521 de
621 480 823 532 moribus,
855 479 907 519 de
938 479 1191 532 virtutibus,
1223 478 1410 533 denique
1442 478 1496 520 de
1527 492 1575 519 re
1602 479 1775 532 publica
1801 478 2011 533 disputet,

218 556 290 602 5p.
310 544 393 600 34.]
434 544 644 597 numelros
682 551 827 588 tamen
863 550 907 588 et
936 548 1222 604 geometriam
1255 551 1298 588 et
1330 547 1596 589 harmoniam
1628 547 1804 589 studeat
1835 547 2012 604 Pytha-

248 630 387 674 gorae
419 628 535 658 more
567 617 851 671 coniungere.
893 615 999 657 Tum
1022 613 1199 669 Scipio:
1231 613 1347 658 Sunt
1380 618 1479 668 ista,
1509 620 1555 656 ut
1588 615 1712 670 dicis,
1743 619 1812 657 set
1834 616 2011 657 audisse

248 692 293 728 te
323 685 478 729 credo,
519 685 716 737 Tubero,
756 684 985 726 Platonem
1017 682 1208 726 Socrate
1247 688 1417 725 mortuo
1461 685 1639 739 primum
1679 687 1720 725 in
1752 686 2011 741 Aegyptum

248 753 445 797 discendi
475 766 623 805 causa,
653 757 755 808 post
786 755 828 793 in
860 754 1029 795 Italiam
1063 757 1106 794 et
1139 755 1181 793 in
1212 750 1406 795 Siciliam
1439 753 1735 805 contendisse,
1767 756 1813 793 ut
1836 752 2011 808 Pytha-

246 837 385 882 gorae
429 826 608 864 inventa
650 822 943 876 perdisceret,
985 835 1168 876 eumque
1209 825 1253 863 et
1297 835 1390 864 cum
1435 821 1642 876 Archyta
1684 821 1925 863 Tarentino
1968 824 2013 862 et

197 899 342 935 ⁴0cum
382 893 559 934 Timaeo
603 892 745 933 Locro
793 892 967 931 multum
1014 891 1154 932 fuisse
1201 893 1244 932 et
1292 890 1488 931 Philoleo
1531 892 1869 932 commentarios
1912 902 2011 931 esse

247 976 286 1014 p.
309 957 418 1013 5363]
455 964 681 1005 nanctum;
714 972 895 1014 cumque
929 972 980 1000 eo
1013 964 1216 1013 tempo-re
1248 960 1290 999 in
1322 958 1389 1000 his
1411 960 1521 1000 locis
1544 958 1832 1016 Pythagorae
1855 971 2012 1000 nomen

247 1033 446 1089 vigeret,
486 1031 603 1071 illum
645 1041 693 1070 se
733 1032 777 1069 et
813 1028 1058 1069 hominibus
1090 1026 1389 1083 Pythagoreis
1429 1030 1472 1068 et
1511 1027 1668 1067 studiis
1707 1028 1792 1068 illis
1824 1026 2012 1068 dedisse.

248 1102 405 1155 Itaque
436 1112 529 1142 cum
553 1097 783 1142 Socratem
816 1100 942 1139 unice
975 1097 1205 1138 dilexisset
1237 1099 1362 1150 eique
1395 1098 1537 1137 omnia
1561 1098 1753 1137 tribuere
1780 1096 2012 1146 voluisset,

248 1170 441 1223 leporem
463 1166 739 1211 Socraticum
771 1167 1146 1220 suptilitatenique
1178 1167 1392 1206 sermonis
1423 1178 1517 1207 cum
1552 1166 1822 1207 obscuritate
1845 1163 2014 1220 Pytha-

199 1245 385 1297 15gorae
418 1241 461 1280 et
492 1251 585 1281 cum
620 1237 693 1277 illa
724 1236 1000 1289 plurimarum
1033 1238 1189 1276 artium
1222 1237 1445 1292 gravitate
1477 1236 1720 1276 contexuit.

359 1307 440 1349 XI.
477 1306 554 1349 17.
585 1307 709 1347 Haec
731 1303 882 1359 Scipio
915 1317 1010 1346 cum
1042 1303 1242 1355 dixisset,
1276 1305 1322 1345 1..
1344 1303 1519 1344 Furium
1551 1306 1736 1356 repente
1763 1303 2012 1344 venientem

247 1391 286 1430 p.
309 1372 419 1428 ⁶264]
454 1378 631 1431 aspexit
663 1387 865 1428 eumque,
901 1377 949 1414 ut
980 1374 1213 1427 salutavit,
1253 1374 1510 1414 amicissime
1536 1373 1542 1420 Ι
1574 1370 1866 1425 adprehendit
1897 1375 1941 1411 et
1971 1371 2014 1410 in

249 1448 365 1488 lecto
403 1459 482 1488 suo
525 1445 790 1486 conlocavit.
861 1443 914 1483 Et
957 1455 1050 1484 cum
1093 1443 1217 1483 simul
1263 1441 1312 1483 P.
1344 1441 1538 1482 Rutilius
1576 1443 1796 1492 venisset,
1836 1440 1907 1493 qui
1945 1441 2012 1479 est

248 1517 376 1558 nobis
407 1515 533 1556 huius
563 1515 776 1555 sermonis
807 1517 986 1565 auctor,
1027 1525 1120 1553 eum
1154 1524 1326 1566 quoque
1359 1515 1402 1551 ut
1437 1511 1671 1560 salutavit,
1704 1511 1886 1562 propter
1919 1506 2014 1548 Tu-

198 1592 234 1622 20
249 1586 454 1627 beronem
486 1585 611 1625 iussit
642 1582 858 1624 adsidere.
926 1580 1033 1622 Tum
1064 1581 1249 1622 Furius:
1298 1578 1413 1631 Quid
1444 1592 1526 1620 vos
1558 1572 1734 1632 agitis?
1781 1590 1879 1617 num
1912 1588 2014 1617 ser-

248 1666 415 1695 monem
454 1655 649 1694 vestrum
688 1652 873 1705 aliquem
911 1649 1080 1690 diremit
1112 1652 1266 1689 noster
1296 1641 1614 1689 interventus?
1674 1646 1856 1687 Minime
1886 1657 2011 1699 vero,

249 1721 515 1777 Africanus3
557 1721 676 1762 soles
716 1721 827 1760 enim
870 1723 915 1759 tu
955 1718 1065 1760 haec
1104 1716 1302 1758 studiose
1343 1717 1640 1771 investigare,
1685 1726 1796 1768 qnae
1835 1715 1937 1754 sunt
1970 1714 2012 1753 in

248 1786 417 1842 p.0.>09.]
452 1790 534 1832 hoc
565 1801 752 1847 genere,
786 1788 839 1829 de
872 1801 955 1842 quo
988 1788 1242 1827 instituerat
1274 1785 1404 1840 paulo
1437 1787 1540 1825 ante
1571 1783 1745 1824 Tubero
1779 1776 2012 1837 quaelrere.

249 1860 443 1901 Rutilius
484 1859 654 1914 quidem
694 1860 845 1899 noster
881 1858 1008 1898 etiam
1042 1857 1122 1896 sub
1155 1858 1263 1909 ipsis
1292 1854 1554 1896 Numantiae
1586 1853 1812 1893 moenibus
1842 1851 2014 1892 solebat

198 1935 415 1971 25mecum
456 1928 672 1970 interdum
714 1929 807 1969 eius
846 1925 960 1967 modi
1003 1924 1165 1979 aliquid
1210 1925 1486 1978 conquirere.
1560 1920 1683 1973 Quae
1725 1934 1797 1962 res
1838 1918 2013 1960 tandem

249 1992 501 2040 inciderat?
532 1999 670 2050 inquit
701 1996 866 2038 Philus.
926 1995 1032 2036 Tum
1065 1995 1158 2035 ille:
1201 1994 1266 2035 De
1297 1993 1464 2034 solibus
1495 1992 1591 2033 istis
1623 1990 1807 2046 duobuS,
1841 1988 1894 2030 de
1930 2000 2014 2043 quo

250 2067 430 2124 studeo,
462 2067 609 2121 Phile,
642 2080 697 2108 ex
728 2070 772 2107 te
804 2064 955 2106 audire
989 2063 1091 2118 quid
1122 2065 1303 2104 sentias.

361 2137 468 2179 XII.
514 2136 594 2179 18.
640 2136 825 2177 Dixerat
858 2134 941 2176 hoc
972 2134 1066 2186 ille,
1106 2145 1201 2175 cum
1243 2145 1352 2187 puer
1393 2131 1613 2172 nuntiavit
1645 2130 1798 2171 venire
1829 2125 1886 2168 ad
1917 2138 2013 2167 eum

250 2207 445 2248 Laelium
486 2206 700 2260 domoque
743 2207 823 2245 iam
866 2205 1025 2245 exisse·
1101 2202 1208 2243 Tum
1248 2199 1400 2255 Scipio
1445 2201 1608 2242 calceis
1655 2201 1699 2239 et
1738 2195 2015 2238 vestimentis

200 2278 236 2307 30
251 2270 413 2326 [ΜΞΝ-ξι
454 2276 607 2316 sumtis
645 2287 668 2314 e
709 2273 909 2315 cubiculo
949 2275 1015 2313 est
1048 2283 1280 2328 egressus,
1312 2274 1355 2310 et
1387 2282 1481 2310 cum
1514 2265 1735 2322 paululum
1762 2259 2014 2314 inambulla-

250 2346 392 2386 visset
431 2345 473 2385 in
515 2344 709 2398 porticu,
749 2342 943 2384 Laelium
984 2339 1294 2381 advenientem
1333 2338 1567 2388 salutavit,
1607 2338 1650 2376 et
1687 2347 1786 2385 eos,
1826 2333 1898 2387 qui
1927 2343 2013 2372 una

535 2526 549 2540 E

338 2553 368 2583 4.
394 2560 577 2583 nemeissm
604 2552 628 2582 C
668 2567 702 2572 —
741 2559 813 2581 nim
840 2550 882 2584 C;
923 2549 1180 2580 correctionem
1212 2544 1346 2577 litterae
1378 2554 1394 2575 B
1423 2553 1461 2576 se
1495 2543 1624 2575 vidisse
1658 2545 1760 2582 negat
1790 2542 1842 2573 Du
1867 2541 1951 2571 Rieu
1978 2556 2013 2561 -

444 2607 457 2622 S

250 2632 280 2663 3.
307 2641 448 2663 socam:
475 2633 498 2664 C
534 2649 576 2654 -
612 2630 642 2662 4.
668 2638 843 2661 ωερε-τεχτ
869 2629 910 2668 C3
948 2627 1083 2659 adsitne
1115 2626 1254 2658 delendi
1285 2626 1423 2665 signum
1457 2624 1489 2655 in
1520 2622 1581 2654 litt.
1615 2632 1635 2653 s
1667 2623 1811 2662 propter
1841 2618 2016 2651 maculam

251 2682 424 2713 incertum
452 2700 486 2704 —
519 2683 549 2713 5.
577 2689 768 2712 RERMONIAM
796 2680 833 2710 C¹
861 2696 895 2700 -
930 2679 959 2708 6.
986 2679 1040 2708 sed
1065 2678 1258 2708 audisse--
1276 2675 1475 2706 conlerzdisse
1500 2673 1631 2705 Nonius
1656 2682 1689 2712 p.
1706 2672 1768 2702 260
1795 2687 1830 2693 —
1857 2670 1888 2701 8.
1914 2677 2017 2700 causa

250 2731 398 2761 Nonius:
437 2740 506 2762 om.
535 2731 579 2767 C,
615 2738 721 2770 quam
753 2728 943 2759 lectionem
973 2726 1126 2758 defendit
1153 2724 1237 2757 Guil.
1258 2724 1516 2757 Weissenborn
1542 2725 1575 2754 in
1600 2722 1707 2754 Iahnii
1733 2730 1812 2752 nov.
1839 2728 1920 2751 ann.
1946 2716 2012 2749 vol.

1979 2774 1996 2788 A

251 2811 317 2847 LII,
346 2810 406 2842 449
444 2829 478 2833 —
516 2815 544 2842 et
568 2811 600 2841 in
625 2810 774 2841 siciliam
799 2818 867 2840 om.
895 2808 1026 2839 Nonius
1062 2825 1095 2829 —
1136 2808 1187 2837 40.
1214 2807 1350 2837 Philoleo
1376 2806 1399 2836 C
1426 2806 1455 2836 2.
1478 2813 1584 2835 manu
1608 2805 1696 2833 teste
1723 2801 1829 2832 Maio:
1855 2807 2015 2830 Pflitoreo

252 2861 275 2891 C
302 2863 389 2892 teste
416 2862 467 2892 Du
485 2862 580 2895 Rieu,
607 2861 744 2891 Philolai
770 2861 810 2893 O‘.
842 2861 936 2889 recte
962 2856 1128 2889 intellexit
1155 2857 1218 2887 Mai
1244 2853 1407 2886 (Iamno)
1434 2862 1512 2885 esse
1539 2850 1820 2884 terminationem
1845 2850 2014 2880 Graecam

251 2908 327 2940 loco
353 2911 491 2941 Latinae
518 2910 671 2941 Philolai:
708 2918 741 2939 v.
769 2910 897 2940 Osann.
932 2907 975 2938 ad
1000 2907 1033 2937 h.
1061 2906 1081 2936 l.
1124 2923 1156 2927 —-
1199 2906 1251 2935 li.
1276 2906 1411 2934 nactum
1442 2904 1466 2934 O
1507 2921 1537 2924 —
1582 2902 1632 2933 48.
1661 2897 1764 2931 Lacr?
1795 2900 1818 2929 C
1852 2897 2013 2929 distincte

252 2960 341 2991 teste
366 2960 418 2990 Du
435 2960 529 2997 Rieu,
558 2967 773 3000 quamquam
798 2966 923 2997 magna
949 2956 1132 2987 columnae
1159 2963 1239 2995 pars
1265 2954 1447 2984 evanuerit
1481 2970 1514 2974 —
1556 2952 1606 2982 49.
1633 2951 1728 2980 liuius
1752 2948 1864 2980 Klotz:
1892 2955 2013 2978 LAUTUS

1713 3004 1740 3019 ID

253 3040 296 3078 C,
335 3039 490 3070 laudatus
518 3042 542 3072 Ο
577 3049 657 3072 cum
682 3039 925 3075 Steinacker03
964 3038 1061 3068 totius
1085 3036 1122 3067 C.
1143 3034 1260 3066 G.Th.
1281 3034 1468 3066 Franckius
1510 3049 1544 3054 —
1585 3031 1626 3062 ⁶20
1665 3038 1788 3061 ADSERE
1815 3028 1838 3059 C
1882 3045 1916 3050 —
1957 3026 2010 3057 22.

1193 3090 1225 3103 RE
1427 3088 1440 3102 ἓ

252 3129 429 3153 STUDIOSAE
455 3119 493 3151 C¹
530 3138 564 3143 —-
602 3120 654 3151 ⁶23.
682 3129 829 3157 ocssizunss
856 3120 879 3150 C
919 3136 953 3141 -—
992 3118 1044 3148 ⁶25.
1072 3124 1233 3151 coxocini:
1260 3114 1283 3146 C
1324 3130 1358 3136 —
1396 3123 1453 3144 ms
1479 3113 1503 3144 C
1534 3129 1567 3135 —
1605 3111 1658 3142 σ26.
1686 3117 1896 3146 INQUIDPnLUS
1921 3107 1945 3139 C
1973 3122 2009 3129 —

252 3202 305 3233 ⁶27.
332 3175 447 3232 srcnio
473 3200 518 3233 Cz
551 3209 593 3231 ne
619 3201 695 3239 quis
721 3199 838 3231 mallet
863 3207 942 3230 cum
968 3196 1092 3229 Orellio
1117 3204 1215 3233 αυθο,
1243 3193 1429 3226 commode
1455 3191 1566 3224 attulit
1590 3191 1666 3222 Otto
1691 3190 1716 3227 1,
1742 3197 1772 3220 c.
1791 3188 1825 3220 44
1856 3190 1943 3220 extr.
1973 3203 2006 3208 —

253 3259 323 3281 PILE
349 3250 388 3281 C2
423 3265 457 3271 —
496 3250 549 3280 28.
576 3250 777 3281 Nunci‘acwn
800 3252 846 3280 est
870 3249 978 3280 venire
1000 3247 1148 3279 Laelium
1171 3246 1330 3282 doumque
1352 3245 1421 3274 iam
1445 3244 1550 3274 exisse
1581 3243 1680 3272 Arus.
1701 3238 1804 3269 Mess.
1832 3245 1865 3277 p.
1885 3236 1946 3267 227
1971 3235 2007 3265 L.

257 3317 291 3323 ——
312 3299 363 3332 30.
381 3299 495 3331 sumtis
517 3299 601 3331 Mai:
626 3299 762 3338 sumptis
784 3299 808 3330 O
833 3300 972 3329 tacente
997 3298 1050 3330 Du
1067 3297 1151 3328 Rieu
1174 3311 1217 3318 —
1240 3293 1293 3326 31.
1319 3300 1492 3325 §Atura-mr
1517 3289 1556 3323 C¹
1583 3308 1617 3314 —
1644 3296 1684 3320 Er
1708 3287 1742 3318 in
1760 3286 1784 3318 C
1810 3294 1887 3327 sup.
1905 3285 1964 3316 lin.
