2249 3624
0 732 1 739 i

0 771 2 782 i

0 802 3 848 ἰ

14 1941 21 2200 l

20 2354 26 2578 ι

32 3039 36 3091 l

33 3093 37 3169 ι

34 3172 41 3391 l

40 3492 45 3624 l

763 180 863 222 οη».
895 182 925 222 1.
964 180 1023 235 §5
1056 180 1187 224 4-5.
1770 185 1850 227 6¹3

90 285 271 330 breviter
301 289 342 324 et
373 284 589 325 commode
621 285 729 326 dicta
762 289 985 328 memoriae
1018 290 1263 330 mandabam
1305 289 1476 343 fierique
1509 292 1725 333 studebam
1759 294 1848 333 eius

88 347 307 405 prudentia
345 345 520 386 doctior.
589 348 682 396 Quo
725 357 887 390 mortuo
929 365 992 390 me
1032 352 1081 392 ad
1124 351 1358 406 pontificem
1399 355 1640 396 Scaevolam
1680 357 1848 403 contuli,

88 424 209 466 quem
241 422 365 449 unum
400 415 568 449 nostrae
600 412 778 451 civitatis
811 419 850 452 et
881 414 1049 464 ingenio
1083 421 1122 454 et
1156 416 1310 455 iustitia
1346 418 1744 468 praestantissimum
1776 432 1848 457 au-

87 474 165 513 deo
196 471 349 511 dicere.
401 471 482 510 Sed
515 471 566 512 de
597 473 677 512 hoc
707 474 823 521 alias,
857 489 965 514 nune
997 476 1123 515 redeo
1156 477 1206 516 ad
1239 491 1453 529 augurem.
1515 478 1552 518 ⁴2).
1588 479 1688 518 Cum
1721 493 1846 533 saepe

85 535 229 580 multa,
260 538 346 573 tum
379 534 548 574 memini
580 535 690 575 domi
724 536 764 574 in
798 537 1046 591 hemicyclio
1079 540 1314 585 sedentem,
1355 547 1397 579 ut
1428 542 1608 588 solebat,
1642 555 1733 581 cum
1767 553 1878 592 ego-'5

85 609 216 639 essem
250 608 330 635 una
361 601 401 635 et
432 597 552 648 pauci
584 597 807 638 admodum
842 598 1086 645 familiares,
1126 602 1166 640 in
1200 606 1293 640 eum
1327 615 1561 642 sermonem
1596 604 1709 643 illum
1745 605 1846 642 iuci-

84 660 195 706 dere,
225 658 296 711 qui
330 663 415 697 tum
448 657 535 697 fere
568 660 706 699 multis
739 667 827 700 erat
859 662 898 700 in
932 676 1016 701 ore.
1062 664 1286 702 Meministi
1320 665 1430 703 enim
1465 666 1674 717 profecte,
1696 666 1842 711 Attice,

83 728 123 763 et
160 735 210 761 eo
251 721 407 773 magis,
453 720 566 774 quod
612 722 652 761 P.
691 723 875 776 Sulpicio
916 724 1086 763 utebare
1130 726 1331 771 multum,
1377 741 1466 766 rum
1501 729 1533 766 is
1567 728 1755 767 tribunus
1788 728 1842 780 pl.

82 783 249 838 capitali
288 783 384 823 odio
425 796 447 822 a
481 782 530 831 Q.
565 784 786 837 Pompeio,
832 786 901 838 qui
935 792 1018 825 tum
1053 793 1139 826 erat
1170 787 1334 833 consul,
1377 787 1620 835 dissideret,
1660 805 1840 842 quocum

82 847 419 887 coniunctissime
451 851 492 885 et
522 848 805 886 amantissime
838 848 1010 895 vixerat,
1043 855 1198 901 quanta
1229 855 1338 888 esset
1370 850 1585 891 hominum
1621 854 1682 891 vel
1712 854 1892 895 admi-10

80 910 182 950 ratio
215 909 277 948 vel
310 908 491 962 querela.
553 907 589 947 3.
626 910 767 962 ltaque
804 917 887 950 tum
922 912 1146 958 Scaevola,
1185 926 1277 951 eum
1311 913 1351 951 in
1385 926 1472 952 eam
1506 915 1634 967 ipsam
1669 916 1843 954 mentio-

79 984 172 1011 nem
204 970 438 1017 incidisset,
471 972 669 1024 exposuit
700 973 819 1012 nobis
852 985 1085 1012 sermonem
1120 974 1247 1012 Laelii
1281 974 1332 1013 de
1364 977 1542 1015 amicitia
1574 977 1757 1016 habitum
1791 978 1841 1017 ab

79 1033 152 1073 illo
183 1046 323 1072 secum
357 1038 397 1072 et
427 1046 519 1072 cum
552 1032 683 1074 altero
716 1048 892 1087 genero,
935 1036 977 1075 C.
1009 1036 1186 1082 FanniO,
1218 1038 1344 1076 Marci
1378 1038 1486 1083 filio,
1521 1041 1662 1091 paucis
1695 1041 1840 1079 diebus

78 1100 173 1148 post
201 1100 376 1134 mortem
404 1095 598 1135 Africani.
658 1096 758 1136 Eius
789 1098 1088 1150 disputationis
1120 1100 1345 1139 sententias
1378 1103 1602 1140 memoriae
1635 1102 1840 1150 mandaxi,

79 1170 183 1212 quas
213 1157 291 1197 hoc
324 1157 430 1197 libro
463 1158 641 1210 exposui
674 1157 874 1199 arbitratu
907 1174 1024 1199 meo:
1058 1161 1177 1213 quasi
1211 1162 1321 1200 enim
1357 1163 1468 1215 ipsos
1495 1163 1639 1202 induxi
1665 1165 1890 1216 loquen-is

78 1226 138 1260 tes
169 1233 220 1260 ne
256 1220 476 1273 «inquam»
511 1227 552 1261 et
585 1221 774 1275 «inquit»
816 1223 983 1275 saepius
1021 1223 1359 1276 interponeretur
1394 1231 1518 1276 atque
1551 1231 1595 1264 ut
1627 1232 1838 1279 tamquam

79 1297 101 1324 a
132 1284 422 1336 praesentibus
447 1296 583 1323 coram
607 1284 749 1324 haberi
773 1298 909 1324 sermo
933 1285 1156 1324 videretur.
1209 1282 1246 1323 4.
1272 1285 1371 1325 Cum
1397 1287 1505 1325 enim
1530 1301 1653 1340 saepe
1676 1302 1838 1328 mecum

77 1358 243 1399 ageres,
282 1350 328 1384 ut
359 1346 409 1384 de
441 1347 623 1386 amicitia
656 1347 881 1386 scriberem
913 1346 1099 1399 aliquid,
1141 1346 1265 1400 digna
1298 1348 1397 1387 mihi
1431 1362 1496 1388 res
1529 1363 1620 1388 cum
1655 1352 1838 1390 omnium

78 1408 316 1461 cognitione
348 1414 433 1447 tum
467 1415 608 1448 nostra
639 1408 921 1448 familiaritate
956 1409 1041 1448 visa
1074 1415 1147 1449 est.
1209 1410 1352 1462 ltaque
1384 1410 1462 1450 feei
1495 1426 1577 1450 non
1609 1413 1763 1452 invitus
1795 1418 1840 1452 ut

76 1469 316 1524 prodessem
349 1470 490 1510 multis
522 1477 667 1524 rogatu
699 1476 783 1510 tuo.
832 1471 911 1510 Sed
945 1476 987 1510 ut
1020 1472 1061 1510 in
1086 1471 1241 1511 Catone
1265 1473 1433 1519 Maiore,
1466 1474 1536 1526 qui
1569 1480 1630 1514 est
1661 1475 1838 1527 scriptus
1853 1488 1889 1516 -20

77 1534 125 1573 ad
158 1538 196 1572 te
229 1533 279 1572 de
311 1539 542 1580 senectute,
577 1534 776 1573 Catonem
809 1534 955 1573 induxi
988 1547 1129 1573 senem
1163 1534 1469 1587 disputantem,
1502 1537 1601 1589 quia
1634 1537 1746 1576 nulla
1780 1537 1840 1575 vi-

77 1595 252 1637 debatur
281 1596 417 1648 aptior
448 1609 651 1649 persona,
685 1610 794 1649 quae
827 1596 877 1635 de
910 1596 980 1635 illa
1013 1602 1146 1636 aetate
1179 1597 1449 1650 loqueretur,
1491 1611 1614 1651 quam
1647 1599 1734 1639 eius
1766 1599 1837 1652 qui

77 1664 117 1698 et
146 1658 379 1698 diutissime
412 1672 540 1698 senex
571 1659 719 1698 fuisset
751 1665 791 1698 et
822 1660 863 1699 in
886 1660 976 1713 ipsa
1001 1666 1215 1700 senectute
1239 1666 1404 1713 praeter
1425 1667 1586 1701 ceteros
1610 1662 1838 1700 floruisset:

76 1722 152 1768 sic,
184 1735 275 1761 cum
306 1722 612 1775 accepissemus
645 1735 668 1761 a
700 1723 886 1775 patribus
919 1724 1097 1762 maxime
1131 1723 1442 1763 memorabilem
1484 1725 1527 1763 C.
1563 1724 1692 1763 Laelii
1725 1729 1765 1763 et
1797 1724 1838 1762 P.

77 1783 282 1836 Scipionis
314 1782 635 1824 familiaritatem
667 1783 810 1832 fuisse,
842 1785 994 1824 idonea
1027 1785 1126 1825 mihi
1152 1785 1278 1824 Laelii
1312 1799 1489 1838 persona
1520 1787 1608 1826 visa
1640 1791 1701 1824 est
1731 1798 1838 1838 quae
1853 1798 1888 1826 25

75 1845 126 1885 de
156 1846 336 1885 amicitia
370 1860 417 1885 ea
448 1847 538 1899 ipsa
572 1845 816 1893 dissereret,
859 1860 965 1900 quae
1007 1847 1213 1900 disputata
1252 1847 1302 1886 ab
1341 1861 1390 1887 eo
1429 1848 1688 1887 meminisset
1719 1848 1840 1887 Scae-

74 1908 181 1948 vola.
242 1908 382 1948 Genus
414 1916 553 1949 autem
587 1910 665 1948 hoc
697 1923 936 1949 sermonum
969 1910 1153 1962 positum
1185 1910 1225 1948 in
1250 1909 1464 1948 hominum
1488 1917 1674 1949 veterum
1698 1916 1840 1949 aucto-

74 1970 194 2010 ritate
237 1976 278 2010 et
318 1984 460 2011 eorum
503 1972 724 2011 illustrium
757 1972 850 2024 plus
882 1972 1024 2012 nescio
1057 1986 1139 2023 quo
1171 1977 1289 2025 pacto
1324 1971 1491 2011 videtur
1520 1972 1674 2011 habere
1706 1972 1839 2023 gravi-

75 2033 182 2073 tatis.
242 2034 388 2087 Itaque
429 2035 518 2087 ipse
560 2047 648 2073 mea
682 2034 823 2087 legens
857 2035 913 2073 sic
945 2032 1118 2074 adficior
1148 2034 1375 2081 interdum,
1414 2040 1459 2074 ut
1492 2034 1712 2080 Catonem,
1753 2046 1837 2072 non

76 2109 140 2136 me
171 2096 282 2150 loqui
315 2096 564 2136 existimem.
626 2095 663 2135 5.
698 2096 778 2136 Sed
810 2102 855 2136 ut
886 2103 973 2136 tum
1005 2097 1054 2135 ad
1087 2110 1229 2136 senem
1263 2110 1392 2135 senex
1425 2096 1475 2135 de
1509 2102 1747 2142 senectute,
1780 2095 1888 2138 sic30

76 2157 153 2198 hoc
192 2159 297 2199 libro
335 2159 385 2198 ad
424 2160 605 2199 amicum
645 2159 923 2198 amicissimus
961 2159 1106 2212 scripsi
1146 2159 1196 2197 de
1236 2159 1432 2198 amicitia.
1500 2160 1604 2197 Tum
1644 2163 1705 2197 est
1738 2156 1837 2196 Cato

76 2219 260 2267 locutus,
301 2235 385 2274 quo
418 2226 504 2260 erat
535 2235 657 2261 nemo
688 2220 774 2260 fere
807 2222 949 2260 senior
979 2221 1236 2274 temporibus
1269 2221 1372 2267 illis,
1417 2234 1539 2260 nemo
1572 2220 1838 2272 prudentior:

75 2295 183 2322 nunc
213 2284 379 2323 Laelius
412 2290 452 2323 et
483 2284 649 2336 sapiens
688 2306 739 2312 —-
780 2284 839 2323 sie
872 2284 981 2323 enim
1015 2290 1075 2323 est
1106 2283 1274 2322 habitus
1307 2305 1358 2310 -—
1397 2289 1437 2322 et
1468 2283 1677 2322 amicitiae
1709 2281 1839 2334 gloria

77 2345 284 2385 excellens
317 2345 368 2385 de
401 2346 577 2385 amicitia
612 2346 821 2399 loquetur.
867 2346 928 2385 Tu
961 2346 1084 2385 velim
1116 2359 1138 2385 a
1171 2358 1236 2384 me
1268 2346 1452 2385 animum
1477 2358 1702 2398 parumper
1723 2357 1839 2384 aver-

77 2411 158 2455 tas,
196 2408 382 2448 Laelium
415 2408 530 2462 loqui
563 2409 700 2462 ipsum
732 2414 864 2462 putes.
927 2408 970 2448 C.
1002 2408 1186 2448 Fannius
1218 2413 1258 2447 et
1290 2408 1339 2455 Q.
1371 2408 1530 2447 Mucius
1562 2407 1612 2446 ad
1645 2419 1837 2446 socerum
1851 2420 1888 2449 35

160 2611 190 2642 4.
215 2611 358 2643 breuiter
381 2612 547 2643 commode
571 2612 625 2643 BS
651 2628 686 2634 —-
714 2611 983 2642 commendabam
1007 2611 1032 2642 E
1058 2629 1093 2634 —
1127 2611 1158 2643 3.
1186 2612 1317 2643 iusticia
1341 2613 1386 2651 G,
1413 2612 1449 2642 ut
1473 2620 1597 2652 saepe,
1623 2612 1788 2642 industria
1811 2611 1840 2641 V

78 2677 112 2683 —
138 2661 236 2692 audio
260 2662 284 2693 B
313 2679 347 2684 -—
374 2662 404 2692 5.
432 2661 537 2692 multa
559 2662 717 2692 narrauit
740 2664 811 2691 tum
834 2662 874 2701 D,
901 2661 935 2692 in
962 2661 982 2691 S
1008 2661 1086 2693 ead.
1113 2670 1160 2693 m.
1188 2662 1219 2692 in
1247 2670 1356 2700 marg.
1383 2661 1463 2692 add.
1489 2664 1649 2692 narraret
1675 2678 1709 2682 —
1736 2660 1840 2691 hemi-

75 2709 176 2749 ciclyo
199 2712 243 2749 G,
274 2710 454 2742 hemiciclio
479 2711 568 2742 BSV
601 2711 652 2747 (in
675 2710 864 2749 hemicyclio
888 2711 976 2741 domi
1001 2712 1044 2750 D)
1086 2728 1121 2733 —-
1163 2720 1237 2742 cum
1261 2720 1319 2751 ego
1345 2712 1428 2743 DG:
1462 2714 1491 2742 el
1515 2720 1572 2751 eqo
1597 2711 1620 2742 B
1637 2710 1773 2741 ESVO
1801 2727 1835 2732 —

75 2759 107 2791 7.
131 2760 197 2799 fere
220 2761 330 2792 multis
352 2764 424 2792 erat
448 2761 471 2792 B
488 2761 511 2792 E
528 2762 552 2791 G
567 2759 656 2791 S¹V:
691 2761 803 2791 multis
824 2761 892 2800 fere
915 2764 989 2792 erac
1012 2762 1129 2799 Bern.,
1162 2762 1230 2800 fere
1254 2765 1326 2792 erat
1350 2761 1499 2792 omnibus
1522 2762 1570 2798 D,
1603 2761 1670 2799 fere
1694 2760 1841 2791 omnibus

75 2813 146 2840 erat
168 2805 203 2840 8²
219 2812 252 2841 et
269 2809 377 2849 hild„
401 2811 470 2850 fere
488 2810 658 2851 [omnibus]
676 2814 748 2842 erat
777 2811 824 2847 Ο;
851 2811 1000 2842 omnibus
1025 2811 1096 2850 (vel
1121 2812 1249 2849 multis)
1285 2812 1352 2842 iam
1386 2810 1500 2841 Vatiae
1531 2809 1667 2850 glossae
1697 2810 1839 2840 nomine

77 2862 278 2900 suspectum
304 2862 379 2892 erat
416 2878 450 2882 —
489 2862 575 2892 enim
599 2870 668 2892 om.
691 2862 716 2892 D
755 2878 787 2882 -
829 2860 860 2892 8.
886 2862 1032 2892 utebaris
1056 2862 1076 2891 S
1105 2879 1137 2883 —
1173 2861 1224 2891 4⁴.
1252 2864 1320 2891 tum
1345 2869 1414 2892 om.
1435 2860 1462 2889 V
1490 2878 1523 2882 -
1561 2869 1636 2890 eum
1660 2868 1729 2890 om,
1750 2861 1775 2890 G
1802 2877 1836 2880 -

78 2908 128 2940 ⁴2.
153 2908 194 2938 ab
216 2909 271 2940 illo
295 2918 365 2941 om.
387 2911 414 2940 V
441 2928 475 2932 —
504 2910 555 2941 43.
581 2911 713 2952 qenero]
731 2919 841 2941 socero
867 2911 887 2941 S
915 2929 949 2934 —
977 2912 1029 2943 45.
1057 2912 1118 2942 isto
1143 2910 1226 2941 libro
1251 2911 1270 2941 S
1298 2927 1330 2931 —
1360 2909 1456 2951 ipsos]
1473 2918 1526 2940 eos
1551 2911 1576 2941 D
1605 2927 1638 2932 -
1667 2910 1841 2942 introduxi

77 2956 117 2988 G2
140 2974 173 2980 -
210 2959 260 2990 46.
287 2963 386 2998 atque
408 2961 479 2991 ideo
502 2961 634 2999 fecerim
660 2964 834 3000 tamquam
858 2961 885 2991 D
921 2978 953 2983 —
990 2961 1040 2992 47.
1067 2970 1173 2992 sermo
1197 2960 1309 2991 haberi
1334 2960 1354 2990 S
1388 2977 1421 2981 —
1455 2958 1562 2999 saepe]
1588 2968 1605 2988 o
1621 2959 1724 2990 Attice
1748 2959 1774 2989 D
1804 2976 1836 2980 —

77 3005 128 3038 48.
153 3008 323 3040 scriberem
347 3009 403 3041 tibi
429 3011 556 3050 aliquid
581 3012 606 3042 D
637 3029 669 3033 —
698 3014 767 3041 tum
791 3011 935 3041 omnium
959 3011 983 3041 B
1013 3028 1046 3032 -
1074 3011 1127 3041 ε20.
1146 3010 1256 3041 mullis
1274 3010 1461 3049 prodessem
1486 3010 1518 3045 S,
1545 3009 1656 3039 multis
1675 3009 1841 3048 prodesset

77 3055 104 3087 D
131 3073 164 3079 —
191 3058 228 3089 de
250 3063 370 3099 roqatu
393 3063 447 3091 tuo
473 3061 498 3091 D
528 3079 562 3083 —
588 3061 716 3092 maiore
737 3060 799 3099 feei
823 3061 879 3100 qm·
905 3061 928 3092 C
960 3079 992 3083 —
1019 3061 1196 3100 inscriptus
1221 3058 1260 3089 G'2
1285 3077 1319 3082 —
1358 3060 1410 3090 ⁵2⁴.
1436 3063 1595 3090 senectute
1617 3059 1650 3090 id
1673 3062 1718 3089 est
1741 3059 1841 3090 Cato-

76 3113 148 3136 nem
170 3107 196 3138 D
225 3125 259 3130 —
286 3109 338 3139 23.
357 3118 458 3140 senex
481 3110 564 3141 diue.
584 3110 608 3140 E
636 3127 670 3131 —
699 3108 751 3141 24.
778 3110 925 3141 maxime
949 3119 1018 3142 om.
1039 3111 1096 3142 BS
1124 3128 1157 3132 -
1186 3109 1233 3149 C]
1252 3110 1309 3149 qai
1333 3110 1360 3139 V
1388 3127 1422 3131 ἡ
1455 3109 1506 3140 30.
1533 3109 1622 3149 loqui
1646 3110 1839 3140 emistumem

77 3153 162 3192 ΒΨ,
194 3156 376 3189 existimem
400 3160 490 3198 loqui
514 3160 535 3190 S
572 3177 606 3181 -
636 3160 680 3189 ad
713 3168 819 3190 senem
843 3168 942 3191 senez:
967 3161 1013 3198 D,
1041 3162 1077 3190 ut
1094 3159 1244 3193 videtur,
1272 3161 1305 3189 et
1324 3157 1423 3189 Hildt
1452 3159 1495 3189 ad
1520 3161 1550 3189 te
1573 3168 1590 3190 o
1614 3160 1711 3190 attice
1733 3166 1839 3189 senem

77 3211 173 3236 senez:
196 3207 234 3242 G,
259 3208 302 3238 ad
325 3217 430 3240 senem
453 3219 511 3250 eqo
535 3219 634 3241 senetr
659 3210 760 3248 BSV‚
794 3210 838 3240 ad
863 3214 891 3241 te
915 3219 1021 3241 senem
1045 3218 1146 3241 sene-1>
1170 3211 1292 3245 Rern..
1320 3210 1363 3239 ad
1385 3217 1492 3240 senem
1515 3218 1615 3240 senem
1638 3210 1734 3240 attice
1758 3208 1781 3239 E
1801 3224 1836 3229 -

78 3253 129 3286 3⁴.
153 3256 187 3286 in
208 3257 267 3288 hoc
290 3259 317 3289 D
344 3275 378 3280 —
405 3260 522 3298 scripsi
545 3260 583 3290 de
607 3268 672 3291 am.
693 3260 736 3291 C:
764 3260 802 3290 de
825 3260 922 3291 amic.
949 3260 1064 3299 scripsi
1089 3262 1113 3287 t)
1142 3277 1176 3281 —
1203 3259 1256 3289 32.
1282 3258 1350 3297 sere
1373 3267 1467 3289 nemo
1491 3259 1549 3290 SV
1578 3277 1612 3281 —
1640 3258 1692 3290 33.
1711 3257 1840 3288 habitus

77 3306 123 3336 est
145 3305 170 3336 D
198 3323 231 3329 -
265 3306 317 3339 34.
343 3307 495 3349 loquetur
519 3309 702 3341 BEGSV:
729 3309 876 3350 loquitur
899 3311 1005 3351 D(‘.’)O
1033 3328 1067 3333 -
1097 3310 1176 3342 Tum
1200 3310 1226 3341 E
1253 3327 1288 3333 —
1315 3310 1465 3341 animum
1488 3318 1511 3340 a
1533 3318 1584 3341 me
1607 3309 1644 3341 O.
