2249 3624
262 134 345 178 464
862 134 932 174 DE
962 132 1187 174 DEORUM
1217 131 1433 173 NATURA

263 255 443 296 quorum
483 240 661 281 alterum
698 240 938 293 Apollinem
982 239 1152 287 Graeci,
1200 239 1372 279 alteram
1412 238 1588 278 Dianam
1624 243 1783 292 putant.
1843 238 1966 288 Quod
2003 239 2038 280 si

263 306 383 344 Luna
416 303 494 344 dea
527 308 608 351 est,
641 316 738 356 ergo
771 304 895 343 etiam
930 302 1098 341 Lucifer
1130 307 1378 353 ceteraeque
1407 307 1592 340 errantes
1624 314 1844 340 numerum
1866 302 2038 342 deorum

265 367 536 420 optinebunt,
575 366 703 418 igitur
743 367 867 406 etiam
905 366 1153 404 inerrantes.
1206 364 1287 404 Cur
1325 368 1464 402 autem
1505 363 1641 416 Arqui
1682 364 1843 416 species
1884 365 2040 404 nonin

264 429 436 469 deorum
469 441 645 468 numero
677 429 941 481 reponatur?
983 432 1046 466 est
1077 427 1188 466 enim
1219 424 1412 479 pulcher,
1445 431 1485 465 et
1516 425 1569 465 ob
1602 438 1692 465 eam
1725 439 1912 474 causam,
1943 426 2043 479 quia

232 492 450 545 5speciem
480 491 608 532 habet
638 490 947 536 admirabilem,
987 490 1248 528 Thaumante
1281 488 1434 528 dicitur
1463 489 1545 527 Iris
1577 501 1668 527 esse
1699 493 1818 536 nata;
1859 488 1976 528 cuius
2008 488 2043 528 si

267 554 408 594 divina
438 559 588 593 natura
620 558 701 600 est,
733 553 836 605 quid
868 552 997 592 facies
1029 550 1248 591 nubibus?
1294 552 1425 591 Arcus
1458 551 1567 590 enim
1600 550 1689 604 ipse
1710 564 1732 590 e
1753 551 1936 591 nubibus
1958 548 2046 590 effi-

265 617 370 657 citur
410 615 593 669 quodam
632 614 755 654 modo
799 614 1013 662 coloratis,
1056 627 1231 668 quarum
1274 626 1358 653 una
1399 614 1523 654 etiam
1558 614 1789 654 Centauros
1829 613 2045 666 peperisse

265 680 428 720 dicitur.
479 677 600 726 Quod
642 676 675 716 si
716 676 850 716 nubes
891 677 1104 717 rettuleris
1134 677 1177 716 in
1209 676 1331 724 deos,
1371 676 1619 716 referendae
1650 682 1760 716 certe
1791 681 1912 716 erunt
1942 680 2047 715 tem-

263 746 470 796 pestates,
512 752 619 792 quae
657 739 807 792 populi
847 740 1023 779 Romani
1064 740 1212 779 ritibus
1249 744 1515 779 consecratae
1555 745 1664 780 sunt.
1726 740 1836 793 Ergo
1877 738 2046 786 imbres,

214 815 250 843 40
264 804 417 851 nimbi,
456 801 691 856 procellae,
732 801 920 842 turbines
953 803 1019 842 dei
1056 802 1245 855 putandi.
1295 802 1434 841 Nostri
1467 802 1639 855 quidem
1673 801 1800 843 duces
1832 815 1946 842 mare
1978 801 2044 840 in-

264 867 502 920 gredientes
531 864 737 904 inmolare
774 863 953 904 hostiam
985 865 1178 905 fluctibus
1211 869 1479 904 consuerunt.
1539 863 1606 904 52.
1638 866 1725 905 Iam
1758 865 1791 905 si
1825 870 1889 905 est
1920 864 2046 904 Ceres

264 943 286 970 a
319 928 523 983 gerendo,
554 928 613 967 ita
644 927 755 967 enim
788 927 979 975 dicebas,
1012 933 1122 968 terra
1152 927 1244 980 ipsa
1275 926 1353 967 dea
1385 932 1449 966 est
1470 932 1512 967 et
1543 929 1598 968 ita
1624 928 1822 968 habetur:
1855 940 1961 981 quae
1984 931 2049 966 est

264 993 376 1033 enim
407 991 488 1032 alia
519 989 694 1030 Tellus?
726 989 790 1030 sin
821 996 947 1038 terra,
981 1004 1091 1030 mare
1124 991 1268 1036 etiam,
1303 1003 1428 1042 quem
1450 991 1692 1043 Neptunum
1724 1004 1816 1031 esse
1849 990 2046 1029 dicebas:

265 1070 365 1109 ergo
409 1060 450 1095 et
488 1053 659 1094 flumina
696 1058 735 1093 et
764 1053 916 1094 fontes.
966 1054 1112 1106 Itaque
1145 1059 1185 1092 et
1214 1053 1358 1092 Fontis
1391 1052 1611 1093 delubrum
1643 1055 1758 1094 Maso
1791 1067 1845 1094 ex
1877 1051 2045 1092 Corsica

217 1118 477 1158 l5dedicavit
514 1121 555 1156 et
590 1116 633 1155 in
674 1128 880 1168 augurum
922 1115 1166 1169 precatione
1209 1115 1473 1164 Tiberinum,
1516 1116 1767 1169 Spinonem,
1809 1115 2047 1162 Almonem,

264 1179 503 1228 Nodinum,
538 1178 619 1219 alia
647 1179 981 1232 propinquorum
1014 1178 1233 1217 fluminum
1264 1179 1435 1219 nomina
1466 1179 1670 1220 videmus.
1720 1180 1832 1233 Ergo
1863 1178 1945 1219 hoc
1977 1181 2050 1218 aut

265 1245 307 1285 in
347 1244 586 1284 inmensum
629 1246 767 1295 serpet
806 1247 876 1281 aut
911 1241 1013 1280 nihil
1052 1241 1202 1280 horum
1243 1242 1496 1295 recipiemus
1538 1255 1615 1282 nec
1644 1242 1718 1283 illa
1748 1240 1912 1283 infinita
1940 1240 2048 1281 ratio

266 1306 578 1361 superstitionis
609 1302 872 1358 probabitur.
926 1302 1039 1343 Nihil
1072 1316 1169 1356 ergo
1199 1303 1350 1344 horum
1383 1305 1645 1358 probandum
1678 1309 1755 1345 est.

379 1369 493 1409 XXI.
526 1366 592 1407 53.
623 1368 816 1408 Dicamus
848 1366 993 1420 igitur,
1024 1367 1171 1414 Balbe,
1204 1373 1371 1420 oportet
1401 1373 1545 1408 contra
1577 1368 1673 1409 illos
1697 1369 1847 1415 etiam,
1881 1366 1954 1420 qui
1975 1379 2048 1407 eos

215 1440 252 1471 20
269 1434 368 1474 deos
401 1446 454 1472 ex
483 1431 703 1472 hominum
736 1444 887 1483 genere
918 1430 960 1469 in
992 1429 1153 1469 caelum
1186 1430 1408 1471 translatos
1431 1444 1516 1471 non
1538 1445 1603 1479 re,
1638 1431 1712 1472 sed
1735 1429 1934 1485 opinione
1957 1441 2049 1469 esse

267 1498 433 1545 dicunt,
465 1509 572 1549 quos
604 1500 777 1547 auguste
809 1507 954 1533 omnes
987 1499 1215 1545 sancteque
1246 1507 1505 1534 veneramur.
1565 1495 1778 1548 Principio
1811 1494 1932 1534 Ioves
1964 1498 2048 1532 tres

266 1565 488 1602 numerant
528 1559 574 1606 ii,
617 1558 690 1611 qui
720 1557 908 1610 theologi
942 1556 1231 1603 nominantur,
1263 1569 1316 1596 ex
1347 1557 1501 1609 quibus
1533 1558 1712 1611 primum
1745 1562 1785 1598 et
1815 1555 2047 1597 secundum

265 1629 386 1664 natos
425 1623 466 1662 in
508 1620 702 1669 Arcadia,
749 1620 924 1660 alterum
966 1624 1082 1673 patre
1120 1619 1323 1666 Aethere,
1370 1633 1423 1659 ex
1465 1633 1551 1673 quo
1589 1620 1714 1660 etiam
1750 1619 2044 1672 Proserpinam

265 1691 407 1727 natam
436 1683 578 1724 ferunt
609 1689 649 1724 et
679 1684 896 1730 Liberum,
937 1683 1113 1723 alterum
1144 1688 1260 1735 patre
1295 1682 1440 1729 Caelo,
1483 1683 1555 1736 qui
1586 1683 1780 1736 genuisse
1814 1682 2047 1723 Minervam

216 1754 254 1785 25
268 1750 443 1797 dicitur,
478 1760 601 1802 quam
633 1747 865 1801 principem
897 1752 938 1786 et
967 1744 1239 1785 inventricem
1271 1745 1373 1785 belli
1398 1745 1560 1793 ferunt,
1592 1746 1761 1785 tertium
1785 1745 2042 1791 Cretensem,

269 1811 437 1853 Saturni
475 1809 627 1858 filium,
673 1810 794 1850 cuius
823 1810 877 1849 ,in
918 1809 990 1849 illa
1025 1808 1164 1848 insula
1195 1809 1435 1861 sepulcrum
1467 1809 1715 1849 ostenditur.
1776 1808 2048 1862 Διόσκουροι

268 1875 393 1915 etiam
425 1871 535 1926 apud
568 1872 717 1912 Graios
748 1872 890 1912 multis
914 1871 1049 1911 modis
1071 1870 1369 1911 nominantur:
1402 1871 1525 1924 primi
1549 1876 1651 1919 tres,
1686 1872 1759 1925 qui
1782 1871 2049 1925 appellantur

267 1938 470 1983 Anactes,
501 1935 674 1975 Athenis
707 1948 758 1974 ex
790 1947 887 1987 rege
918 1934 1016 1974 Iove
1047 1934 1340 1987 antiquissimo
1372 1940 1413 1974 et
1433 1935 1689 1988 Proserpina
1713 1935 1824 1984 nati,
1856 1935 2048 1988 Tritopa-

267 2003 404 2046 treus,
436 1998 670 2045 Eubuleus,
701 1998 938 2051 Dionysus,
971 1996 1164 2044 secundi,
1196 1997 1294 2036 Iove
1326 1997 1447 2037 tertio
1478 1998 1566 2037 nati
1598 2003 1639 2038 et
1670 1998 1806 2046 Leda,
1840 1997 1987 2038 Castor
2008 2000 2050 2037 et

218 2070 254 2100 30
268 2061 443 2109 Pollux3
486 2061 595 2101 tertii
627 2060 824 2100 dicuntur
855 2074 878 2100 a
908 2060 1124 2100 nonnullis
1154 2059 1255 2100 Alco
1289 2065 1329 2099 et
1365 2059 1598 2113 Melampus
1632 2066 1672 2100 et
1702 2060 1895 2108 Tmolus,
1930 2057 2049 2100 Atrei

267 2125 367 2174 filii,
399 2125 471 2180 qui
502 2124 656 2177 Pelope
688 2129 810 2165 natus
841 2123 935 2164 fuit.
999 2121 1067 2163 54.
1094 2124 1179 2163 Iam
1201 2124 1346 2163 Musae
1370 2123 1529 2176 primae
1553 2129 1763 2178 quattuor,
1796 2124 1894 2164 Iove
1916 2122 2048 2163 altero

358 2320 388 2351 l.
409 2322 531 2360 putant
555 2327 645 2350 corr.
674 2327 715 2349 ex
738 2320 854 2358 putent
877 2318 902 2349 A
930 2334 967 2340 -
1002 2318 1033 2349 ἱ).
1061 2318 1119 2349 dea
1144 2320 1190 2349 est
1214 2326 1304 2349 corr.
1331 2326 1379 2349 m.
1407 2325 1480 2349 sec.
1508 2326 1547 2349 ex
1573 2317 1658 2349 deest
1681 2317 1708 2348 V
1734 2334 1769 2339 -
1797 2316 1828 2349 3.
1854 2325 1915 2349 cur
1937 2318 2049 2347 autem

270 2371 382 2403 arcuis
403 2370 524 2409 species
545 2378 611 2400 'non
634 2369 667 2399 in
693 2369 827 2400 deorum
845 2377 981 2399 numero
1000 2369 1177 2407 ponatur-‘l
1204 2368 1381 2399 Charisius
1406 2377 1440 2408 p.
1466 2368 1535 2407 147,
1560 2368 1596 2399 16
1616 2367 1683 2407 [ed.
1702 2366 1828 2407 Keil.);
1853 2376 1914 2399 cur
1937 2369 2049 2398 autem

269 2423 343 2454 arci
371 2421 489 2461 species
517 2429 582 2451 non
611 2420 643 2451 in
669 2420 802 2451 deorum
828 2428 964 2450 numero
986 2418 1199 2458 reponatur?
1230 2420 1429 2450 Priscianus
1453 2419 1508 2457 Vl,
1536 2418 1588 2457 44,
1617 2418 1669 2450 74.
1699 2437 1734 2441 —
1768 2418 1867 2458 arqui
1892 2415 2045 2449 A¹PV¹t

270 2473 366 2503 arcui
390 2472 437 2509 B;
473 2479 572 2502 arcus
595 2471 636 2501 Α2
648 2470 710 2507 V23
746 2469 820 2500 arez·
844 2469 867 2500 C
885 2469 907 2499 E
924 2469 961 2499 O.
996 2468 1044 2500 Cf.
1073 2470 1212 2501 Lucret.
1239 2470 1295 2508 Vl,
1323 2470 1398 2501 526.
1428 2487 1463 2491 —
1490 2468 1522 2500 4.
1549 2477 1623 2500 eam
1646 2469 1784 2508 speeiem
1808 2468 1888 2508 quia
1911 2473 2050 2498 causam

270 2520 300 2554 ⁵21
327 2539 361 2543 —
389 2522 419 2552 ὃ.
446 2520 542 2552 habet
565 2520 767 2552 Ernestius:
795 2518 912 2549 habeat
937 2517 1003 2550 ‘Mo
1032 2537 1066 2541 —-
1093 2520 1155 2550 Iris
1178 2521 1256 2551 Ant.
1283 2520 1517 2559 Augustinus:
1547 2527 1616 2550 om.
1645 2518 1712 2551 ‘210
1731 2535 1767 2542 -—
1795 2521 1879 2549 nala
1903 2515 1954 2549 521:
1983 2514 2049 2554 (ul-

269 2572 354 2603 tima
377 2570 439 2602 litt.
465 2571 499 2602 in
524 2579 592 2602 ras.
618 2571 680 2609 A):
707 2572 807 2600 natus
830 2568 896 2599 alii.
927 2587 962 2591 -—
989 2569 1019 2600 6.
1047 2578 1062 2600 e
1087 2568 1137 2601 Qt:
1164 2578 1207 2602 ex
1232 2570 1256 2601 O
1275 2587 1310 2592 —
1338 2570 1370 2601 7.
1396 2570 1554 2600 coloratis
1577 2569 1762 2600 Davisius:
1788 2568 1954 2600 coloratus
1978 2563 2007 2598 Ql
2023 2564 2048 2596 O

273 2639 308 2644 —
337 2622 390 2652 Μ.
414 2620 575 2661 fructibus
598 2619 665 2651 PV
697 2637 732 2642 —
762 2622 1001 2650 consueuerant
1024 2619 1088 2650 EO
1117 2636 1152 2641 -
1184 2620 1253 2650 iam
1277 2619 1323 2649 B:
1356 2622 1424 2650 tum
1453 2619 1490 2657 (u
1514 2619 1548 2650 in
1574 2618 1655 2657 ras.)
1688 2619 1738 2655 A;
1777 2621 1845 2649 tam
1875 2617 1899 2648 C
1917 2615 1983 2648 EV
2009 2631 2044 2636 —

271 2671 324 2702 43.
350 2672 400 2703 sin
429 2673 455 2703 A
471 2672 494 2703 Β
510 2671 534 2702 C
550 2671 573 2702 E
589 2672 635 2702 P:
671 2670 706 2700 in
730 2669 774 2706 Υς
811 2670 839 2701 si
871 2668 1111 2707 Heindorsius‚
1139 2668 1162 2699 O
1188 2685 1230 2690 —
1265 2677 1358 2700 mare
1381 2669 1429 2700 B:
1466 2672 1574 2700 mater
1597 2670 1623 2699 A
1639 2668 1662 2699 C
1679 2667 1782 2699 EPV
1808 2684 1844 2688 —
1871 2665 1925 2699 44.
1950 2666 2047 2698 Maso

269 2722 349 2752 Ant.
374 2722 609 2761 Augustinus:
635 2729 746 2751 marso
771 2718 799 2752 ‘21
821 2738 855 2742 —
883 2720 934 2750 45.
960 2720 1128 2750 Almonem
1153 2720 1317 2751 Ursinus:
1345 2727 1535 2750 artemonem
1560 2716 1588 2749 Ἦ
1608 2718 1799 2758 (superscr.
1818 2717 1968 2748 anienem
1984 2715 2045 2757 C);

269 2771 427 2803 Anionem
452 2770 686 2802 Heindorfius.
709 2788 744 2793 ——
764 2770 922 2801 nodinum
939 2778 1030 2800 corr.
1050 2778 1091 2800 ex
1108 2770 1242 2800 nonium
1259 2770 1282 2800 B
1302 2786 1337 2791 —
1358 2769 1411 2800 117.
1429 2769 1548 2799 horum
1566 2768 1589 2800 C
1604 2768 1630 2799 Ε
1645 2765 1702 2798 V‘2:
1735 2768 1896 2798 honorum
1912 2768 1936 2799 A
1952 2765 2043 2803 BV¹;

271 2820 431 2852 bonorum
456 2822 478 2852 P
504 2838 539 2842 —
576 2821 626 2851 sl9.
652 2829 704 2851 eos
728 2829 813 2851 nos:
845 2820 902 2850 hos
926 2817 953 2851 ⁵21
970 2819 993 2850 O
1020 2837 1054 2841 —
1088 2820 1142 2851 ⁶22.
1168 2820 1200 2850 hi
1223 2820 1286 2851 BP
1312 2837 1346 2841 —
1383 2819 1436 2850 Q3,
1462 2819 1624 2850 archadia
1648 2819 1714 2850 EV
1742 2835 1777 2840 —
1804 2817 1857 2849 26.
1884 2817 2048 2848 dioscorce

273 2869 346 2910 (litt.
373 2869 565 2910 penultima
591 2870 776 2910 expuncta)
801 2870 846 2908 A,
874 2869 1043 2900 dioscorae
1068 2870 1100 2909 (a
1124 2878 1214 2900 corr.
1242 2878 1283 2900 ex
1308 2869 1333 2908 e)
1360 2870 1403 2907 B,
1430 2870 1590 2900 dioscorte
1607 2869 1630 2900 C
1647 2869 1712 2900 EV
1730 2869 1832 2907 (corr.
1852 2876 1900 2899 m.
1919 2874 1993 2899 sec.
2012 2866 2047 2896 in

271 2921 437 2953 dioscorce
459 2920 516 2960 V),
549 2921 730 2952 dioscoride
758 2928 878 2960 margo
908 2919 948 2957 V,
982 2920 1186 2951 dioscoridem
1210 2921 1233 2950 P
1268 2937 1302 2942 ——
1338 2920 1389 2951 27.
1416 2920 1606 2958 apellantur
1629 2920 1656 2950 A
1683 2936 1718 2940 —
1750 2918 1804 2950 28.
1831 2920 1964 2948 anacles
1990 2914 2039 2949 21:

270 2971 396 3004 Anaces
421 2972 445 3002 O
472 2988 505 2992 —
533 2972 611 3002 trito
631 2974 768 3010 palreus
791 2968 841 3002 ³][3
870 2969 1106 3009 Tritopatores,
1132 2970 1276 3009 Zayreus
1299 2970 1606 3007 Hemsterhusius,
1633 2969 1679 3004 0;
1710 2968 1943 3008 Tritopatores,
1972 2966 2045 2998 Tri-

267 3022 430 3062 ptolemus
451 3021 569 3061 (frater
592 3019 757 3058 Eubulei,
784 3021 932 3051 Pausan.
960 3021 989 3057 4,
1019 3019 1071 3057 114,
1098 3020 1128 3057 2)
1155 3020 1207 3051 Fr.
1226 3020 1401 3052 Rinckius.
1426 3037 1461 3042 —
1488 3020 1540 3052 29.
1568 3019 1744 3051 eubulaeus
1767 3018 1795 3049 V
1815 3035 1850 3041 —
1877 3018 2046 3056 Dionysus

272 3072 456 3104 Davisius:
491 3071 658 3109 diozzisyus
681 3073 727 3109 A,
762 3071 921 3102 dionisius
946 3070 970 3101 B
987 3070 1109 3107 CEV,
1142 3070 1309 3108 dyonisius
1340 3070 1362 3101 P
1397 3085 1432 3092 -·
1466 3070 1596 3101 secundi
1624 3068 1673 3101 ⁵21:
1712 3068 1844 3100 secundi
1866 3068 1930 3099 duo
1954 3067 1980 3098 Ο
2007 3082 2042 3089 -

274 3121 327 3153 30.
352 3122 446 3159 Alco,
472 3121 656 3159 Melampus
680 3123 710 3151 et
734 3120 862 3151 Tmolus
885 3120 1068 3156 Davisius;
1102 3119 1173 3151 alco
1197 3120 1378 3159 melampus
1401 3119 1528 3150 ouiolus
1544 3121 1590 3157 A;
1628 3119 1700 3149 aleo
1724 3121 1754 3149 et
1776 3117 1933 3149 meiuolos
1955 3115 2045 3157 (post

273 3179 325 3202 me
349 3178 526 3211 superscr.
553 3170 681 3210 lampas
694 3171 721 3206 θ’]
753 3171 800 3207 Βς
834 3171 905 3202 alco
929 3174 958 3203 et
981 3171 1164 3209 melampus
1186 3170 1311 3201 eulolus
1335 3171 1358 3201 C
1375 3170 1462 3208 PV3
1494 3170 1566 3201 alco
1591 3172 1620 3201 el
1642 3168 1826 3208 melampus
1849 3166 1971 3199 emolus
1994 3165 2042 3203 E3

273 3221 368 3259 Alco,
403 3220 587 3260 Melampus
616 3220 679 3261 [el]
713 3221 840 3252 Tmolus
863 3222 900 3253 O.
939 3220 1037 3253 Conf.
1063 3220 1200 3260 Madvig
1231 3220 1273 3251 ad
1307 3221 1379 3251 Cic.
1407 3220 1450 3251 de
1484 3220 1554 3251 Fin.
1590 3228 1622 3260 p.
1650 3218 1725 3250 574.
1755 3235 1791 3240 —
1817 3217 1924 3257 alreqi
1947 3216 1972 3247 A
2006 3230 2041 3235 -

276 3269 329 3302 34.
353 3270 402 3313 fili
423 3270 506 3303 ΑΥι
526 3286 560 3293 -—
588 3274 746 3310 quattuor
770 3275 869 3304 nacae
891 3272 965 3304 ioue
988 3271 1093 3304 altero
1115 3274 1198 3302 nala
1221 3270 1325 3303 aethei
1350 3268 1415 3311 (vel
1439 3270 1556 3309 aothei)
1580 3268 1782 3302 winoneoede
1804 3268 1856 3306 A;
1890 3267 2046 3306 quattuor
