<?xml version="1.0" encoding="UTF-8"?>
<!DOCTYPE html PUBLIC "-//W3C//DTD XHTML 1.0 Transitional//EN"
    "http://www.w3.org/TR/xhtml1/DTD/xhtml1-transitional.dtd">
<html xmlns="http://www.w3.org/1999/xhtml" xml:lang="en" lang="en">
 <head>
  <title>
</title>
<meta http-equiv="Content-Type" content="text/html;charset=utf-8" />
  <meta name='ocr-system' content='tesseract 3.04.00' />
  <meta name='ocr-capabilities' content='ocr_page ocr_carea ocr_par ocr_line ocrx_word'/>
</head>
<body>
  <div class='ocr_page' id='page_1' title='image "./operaquaesupersu04ciceuoft_0401.png"; bbox 0 0 2249 3624; ppageno 0'>
   <div class='ocr_carea' id='block_1_1' title="bbox 581 145 1907 200">
    <p class='ocr_par' dir='ltr' id='par_1_1' title="bbox 581 145 1907 200">
     <span class='ocr_line' id='line_1_1' title="bbox 581 145 1907 200; baseline 0.004 -14"><span class='ocrx_word' id='word_1_1' title='bbox 581 146 669 187; x_wconf 82' lang='lat' dir='ltr'>Lm.</span> <span class='ocrx_word' id='word_1_2' title='bbox 700 146 749 186; x_wconf 89' lang='lat' dir='ltr'>V.</span> <span class='ocrx_word' id='word_1_3' title='bbox 792 146 887 187; x_wconf 62' lang='lat' dir='ltr'>Cn».</span> <span class='ocrx_word' id='word_1_4' title='bbox 920 147 1114 187; x_wconf 81' lang='lat' dir='ltr'>XXXIII.</span> <span class='ocrx_word' id='word_1_5' title='bbox 1154 146 1214 200; x_wconf 76' lang='lat'>§§</span> <span class='ocrx_word' id='word_1_6' title='bbox 1247 145 1444 190; x_wconf 77' lang='lat'>90-95.</span> <span class='ocrx_word' id='word_1_7' title='bbox 1824 150 1907 191; x_wconf 79' lang='lat'>357</span> 
     </span>
    </p>
   </div>
   <div class='ocr_carea' id='block_1_2' title="bbox 124 253 1958 1751">
    <p class='ocr_par' dir='ltr' id='par_1_2' title="bbox 128 253 1935 688">
     <span class='ocr_line' id='line_1_2' title="bbox 130 253 1905 309; baseline 0 -11"><span class='ocrx_word' id='word_1_8' title='bbox 130 257 331 299; x_wconf 82' lang='lat' dir='ltr'><strong>tristiores</strong></span> <span class='ocrx_word' id='word_1_9' title='bbox 361 253 557 300; x_wconf 86' lang='lat' dir='ltr'>vidisset,</span> <span class='ocrx_word' id='word_1_10' title='bbox 589 253 758 305; x_wconf 83' lang='lat' dir='ltr'>triginta</span> <span class='ocrx_word' id='word_1_11' title='bbox 789 253 921 292; x_wconf 86' lang='lat' dir='ltr'>minas</span> <span class='ocrx_word' id='word_1_12' title='bbox 954 254 1136 307; x_wconf 80' lang='lat' dir='ltr'>accepit,</span> <span class='ocrx_word' id='word_1_13' title='bbox 1168 268 1220 294; x_wconf 89' lang='lat' dir='ltr'>ne</span> <span class='ocrx_word' id='word_1_14' title='bbox 1245 256 1459 308; x_wconf 87' lang='lat' dir='ltr'>aspernari</span> <span class='ocrx_word' id='word_1_15' title='bbox 1479 258 1587 309; x_wconf 81' lang='lat' dir='ltr'>regis</span> <span class='ocrx_word' id='word_1_16' title='bbox 1610 257 1905 299; x_wconf 81' lang='lat' dir='ltr'>liberalitatem</span> 
     </span>
     <span class='ocr_line' id='line_1_3' title="bbox 132 314 1905 373; baseline -0.001 -12"><span class='ocrx_word' id='word_1_17' title='bbox 132 320 352 362; x_wconf 89' lang='lat' dir='ltr'>videretur.</span> <span class='ocrx_word' id='word_1_18' title='bbox 399 314 466 355; x_wconf 67' lang='lat'>92.</span> <span class='ocrx_word' id='word_1_19' title='bbox 497 317 550 356; x_wconf 90' lang='lat' dir='ltr'>At</span> <span class='ocrx_word' id='word_1_20' title='bbox 581 328 678 355; x_wconf 88' lang='lat' dir='ltr'>vero</span> <span class='ocrx_word' id='word_1_21' title='bbox 710 315 919 367; x_wconf 79' lang='lat' dir='ltr'><strong>Diogenes</strong></span> <span class='ocrx_word' id='word_1_22' title='bbox 952 316 1137 364; x_wconf 82' lang='lat' dir='ltr'>liberiuS,</span> <span class='ocrx_word' id='word_1_23' title='bbox 1172 324 1216 357; x_wconf 89' lang='lat' dir='ltr'>ut</span> <span class='ocrx_word' id='word_1_24' title='bbox 1240 317 1432 371; x_wconf 69' lang='lat' dir='ltr'>Cynicus,</span> <span class='ocrx_word' id='word_1_25' title='bbox 1463 320 1704 360; x_wconf 77' lang='lat' dir='ltr'>Alexandro</span> <span class='ocrx_word' id='word_1_26' title='bbox 1725 320 1905 373; x_wconf 80' lang='lat' dir='ltr'>roganti,</span> 
     </span>
     <span class='ocr_line' id='line_1_4' title="bbox 130 378 1905 436; baseline 0 -13"><span class='ocrx_word' id='word_1_27' title='bbox 130 387 176 423; x_wconf 95' lang='lat' dir='ltr'>ut</span> <span class='ocrx_word' id='word_1_28' title='bbox 215 381 393 426; x_wconf 89' lang='lat' dir='ltr'>diceret,</span> <span class='ocrx_word' id='word_1_29' title='bbox 434 379 470 418; x_wconf 91' lang='lat' dir='ltr'>si</span> <span class='ocrx_word' id='word_1_30' title='bbox 511 378 611 431; x_wconf 93' lang='lat' dir='ltr'>quid</span> <span class='ocrx_word' id='word_1_31' title='bbox 655 391 757 431; x_wconf 89' lang='lat' dir='ltr'>opus</span> <span class='ocrx_word' id='word_1_32' title='bbox 801 385 932 425; x_wconf 83' lang='lat' dir='ltr'>esset,</span> <span class='ocrx_word' id='word_1_33' title='bbox 978 380 1121 418; x_wconf 75' lang='lat' dir='ltr'>«Nunc</span> <span class='ocrx_word' id='word_1_34' title='bbox 1153 380 1322 433; x_wconf 85' lang='lat' dir='ltr'>quidem</span> <span class='ocrx_word' id='word_1_35' title='bbox 1355 382 1618 434; x_wconf 84' lang='lat' dir='ltr'>paululum,»</span> <span class='ocrx_word' id='word_1_36' title='bbox 1660 383 1817 436; x_wconf 89' lang='lat' dir='ltr'>inquit,</span> <span class='ocrx_word' id='word_1_37' title='bbox 1851 396 1905 423; x_wconf 85' lang='lat' dir='ltr'>«a</span> 
     </span>
     <span class='ocr_line' id='line_1_5' title="bbox 130 439 1904 498; baseline 0.003 -19"><span class='ocrx_word' id='word_1_38' title='bbox 130 445 275 490; x_wconf 52' lang='lat' dir='ltr'>solem</span> <span class='ocrx_word' id='word_1_39' title='bbox 323 443 517 482; x_wconf 83' lang='lat' dir='ltr'>offecerat</span> <span class='ocrx_word' id='word_1_40' title='bbox 557 439 753 480; x_wconf 89' lang='lat' dir='ltr'>videlicet</span> <span class='ocrx_word' id='word_1_41' title='bbox 791 441 1009 493; x_wconf 88' lang='lat' dir='ltr'>apricauti.</span> <span class='ocrx_word' id='word_1_42' title='bbox 1071 443 1121 480; x_wconf 83' lang='lat' dir='ltr'>Et</span> <span class='ocrx_word' id='word_1_43' title='bbox 1159 442 1224 481; x_wconf 88' lang='lat' dir='ltr'>hic</span> <span class='ocrx_word' id='word_1_44' title='bbox 1268 444 1436 496; x_wconf 88' lang='lat' dir='ltr'>quidem</span> <span class='ocrx_word' id='word_1_45' title='bbox 1479 445 1693 498; x_wconf 83' lang='lat' dir='ltr'>disputare</span> <span class='ocrx_word' id='word_1_46' title='bbox 1730 445 1904 492; x_wconf 86' lang='lat' dir='ltr'>solebat,</span> 
     </span>
     <span class='ocr_line' id='line_1_6' title="bbox 130 503 1935 561; baseline 0.001 -15"><span class='ocrx_word' id='word_1_47' title='bbox 130 511 285 561; x_wconf 86' lang='lat' dir='ltr'>quanto</span> <span class='ocrx_word' id='word_1_48' title='bbox 317 517 456 557; x_wconf 87' lang='lat' dir='ltr'>regem</span> <span class='ocrx_word' id='word_1_49' title='bbox 488 504 706 543; x_wconf 78' lang='lat' dir='ltr'>Persarum</span> <span class='ocrx_word' id='word_1_50' title='bbox 740 503 824 542; x_wconf 85' lang='lat' dir='ltr'>vita</span> <span class='ocrx_word' id='word_1_51' title='bbox 852 503 1105 557; x_wconf 72' lang='lat' dir='ltr'>fortunaque</span> <span class='ocrx_word' id='word_1_52' title='bbox 1139 512 1377 558; x_wconf 86' lang='lat' dir='ltr'>superaret:</span> <span class='ocrx_word' id='word_1_53' title='bbox 1410 507 1486 546; x_wconf 88' lang='lat' dir='ltr'>sibi</span> <span class='ocrx_word' id='word_1_54' title='bbox 1515 506 1617 547; x_wconf 87' lang='lat' dir='ltr'>nibil</span> <span class='ocrx_word' id='word_1_55' title='bbox 1650 507 1810 554; x_wconf 79' lang='lat' dir='ltr'>deesse,</span> <span class='ocrx_word' id='word_1_56' title='bbox 1842 507 1935 547; x_wconf 76' lang='lat' dir='ltr'>iltis</span> 
     </span>
     <span class='ocr_line' id='line_1_7' title="bbox 128 564 1905 623; baseline -0.001 -13"><span class='ocrx_word' id='word_1_57' title='bbox 128 569 231 610; x_wconf 91' lang='lat' dir='ltr'>nihil</span> <span class='ocrx_word' id='word_1_58' title='bbox 262 568 362 608; x_wconf 88' lang='lat' dir='ltr'>satis</span> <span class='ocrx_word' id='word_1_59' title='bbox 394 579 592 620; x_wconf 88' lang='lat' dir='ltr'>umquam</span> <span class='ocrx_word' id='word_1_60' title='bbox 624 564 738 612; x_wconf 85' lang='lat' dir='ltr'>fore;</span> <span class='ocrx_word' id='word_1_61' title='bbox 771 578 814 604; x_wconf 90' lang='lat' dir='ltr'>se</span> <span class='ocrx_word' id='word_1_62' title='bbox 843 566 934 605; x_wconf 90' lang='lat' dir='ltr'>eius</span> <span class='ocrx_word' id='word_1_63' title='bbox 956 567 1191 619; x_wconf 73' lang='lat' dir='ltr'>voluptates</span> <span class='ocrx_word' id='word_1_64' title='bbox 1217 582 1299 607; x_wconf 92' lang='lat' dir='ltr'>non</span> <span class='ocrx_word' id='word_1_65' title='bbox 1324 568 1577 617; x_wconf 84' lang='lat' dir='ltr'>desiderare,</span> <span class='ocrx_word' id='word_1_66' title='bbox 1609 570 1762 623; x_wconf 89' lang='lat' dir='ltr'>quibus</span> <span class='ocrx_word' id='word_1_67' title='bbox 1785 583 1905 609; x_wconf 90' lang='lat' dir='ltr'>num-</span> 
     </span>
     <span class='ocr_line' id='line_1_8' title="bbox 128 629 1687 688; baseline 0.001 -16"><span class='ocrx_word' id='word_1_68' title='bbox 128 645 250 688; x_wconf 85' lang='lat' dir='ltr'>quam</span> <span class='ocrx_word' id='word_1_69' title='bbox 283 629 421 670; x_wconf 88' lang='lat' dir='ltr'>satiari</span> <span class='ocrx_word' id='word_1_70' title='bbox 455 629 525 668; x_wconf 88' lang='lat' dir='ltr'>ille</span> <span class='ocrx_word' id='word_1_71' title='bbox 558 633 723 681; x_wconf 89' lang='lat' dir='ltr'>posset,</span> <span class='ocrx_word' id='word_1_72' title='bbox 756 641 851 667; x_wconf 90' lang='lat' dir='ltr'>suas</span> <span class='ocrx_word' id='word_1_73' title='bbox 884 641 978 668; x_wconf 85' lang='lat' dir='ltr'>euni</span> <span class='ocrx_word' id='word_1_74' title='bbox 1011 631 1216 683; x_wconf 76' lang='lat' dir='ltr'>consequi</span> <span class='ocrx_word' id='word_1_75' title='bbox 1246 632 1361 670; x_wconf 90' lang='lat' dir='ltr'>nullo</span> <span class='ocrx_word' id='word_1_76' title='bbox 1394 632 1518 672; x_wconf 86' lang='lat' dir='ltr'>niodo</span> <span class='ocrx_word' id='word_1_77' title='bbox 1549 646 1687 685; x_wconf 90' lang='lat' dir='ltr'>posse.</span> 
     </span>
    </p>

    <p class='ocr_par' dir='ltr' id='par_1_3' title="bbox 124 690 1958 1751">
     <span class='ocr_line' id='line_1_9' title="bbox 238 690 1905 748; baseline 0 -14"><span class='ocrx_word' id='word_1_78' title='bbox 238 692 433 734; x_wconf 81' lang='lat' dir='ltr'>XXXIII.</span> <span class='ocrx_word' id='word_1_79' title='bbox 466 690 533 730; x_wconf 85' lang='grc'>93.</span> <span class='ocrx_word' id='word_1_80' title='bbox 568 690 713 737; x_wconf 73' lang='lat' dir='ltr'>Vides,</span> <span class='ocrx_word' id='word_1_81' title='bbox 745 690 885 737; x_wconf 86' lang='lat' dir='ltr'>credo,</span> <span class='ocrx_word' id='word_1_82' title='bbox 919 697 961 730; x_wconf 94' lang='lat' dir='ltr'>ut</span> <span class='ocrx_word' id='word_1_83' title='bbox 995 692 1201 744; x_wconf 81' lang='lat' dir='ltr'>Epicurus</span> <span class='ocrx_word' id='word_1_84' title='bbox 1228 694 1504 746; x_wconf 79' lang='lat' dir='ltr'>cupiditatum</span> <span class='ocrx_word' id='word_1_85' title='bbox 1528 709 1681 747; x_wconf 84' lang='lat' dir='ltr'>genera</span> <span class='ocrx_word' id='word_1_86' title='bbox 1703 695 1905 748; x_wconf 84' lang='lat' dir='ltr'>diviserit,</span> 
     </span>
     <span class='ocr_line' id='line_1_10' title="bbox 126 753 1906 809; baseline -0.001 -10"><span class='ocrx_word' id='word_1_87' title='bbox 126 772 209 800; x_wconf 92' lang='lat' dir='ltr'>non</span> <span class='ocrx_word' id='word_1_88' title='bbox 250 756 373 797; x_wconf 89' lang='lat' dir='ltr'>nimis</span> <span class='ocrx_word' id='word_1_89' title='bbox 413 754 590 794; x_wconf 87' lang='lat' dir='ltr'>fortasse</span> <span class='ocrx_word' id='word_1_90' title='bbox 634 753 866 800; x_wconf 88' lang='lat' dir='ltr'>subtiliter,</span> <span class='ocrx_word' id='word_1_91' title='bbox 909 754 1065 793; x_wconf 91' lang='lat' dir='ltr'>utiliter</span> <span class='ocrx_word' id='word_1_92' title='bbox 1105 760 1266 794; x_wconf 86' lang='lat' dir='ltr'>tamen:</span> <span class='ocrx_word' id='word_1_93' title='bbox 1313 758 1465 809; x_wconf 82' lang='lat' dir='ltr'>partini</span> <span class='ocrx_word' id='word_1_94' title='bbox 1496 772 1588 798; x_wconf 87' lang='lat' dir='ltr'>esse</span> <span class='ocrx_word' id='word_1_95' title='bbox 1620 758 1833 798; x_wconf 85' lang='lat' dir='ltr'>naturales</span> <span class='ocrx_word' id='word_1_96' title='bbox 1864 762 1906 798; x_wconf 88' lang='lat' dir='ltr'>et</span> 
     </span>
     <span class='ocr_line' id='line_1_11' title="bbox 126 816 1956 872; baseline -0.001 -10"><span class='ocrx_word' id='word_1_97' title='bbox 126 819 404 865; x_wconf 89' lang='lat' dir='ltr'>necessarias,</span> <span class='ocrx_word' id='word_1_98' title='bbox 437 817 587 870; x_wconf 90' lang='lat' dir='ltr'>partim</span> <span class='ocrx_word' id='word_1_99' title='bbox 620 816 831 856; x_wconf 81' lang='lat' dir='ltr'>naturales</span> <span class='ocrx_word' id='word_1_100' title='bbox 865 822 905 855; x_wconf 89' lang='lat' dir='ltr'>et</span> <span class='ocrx_word' id='word_1_101' title='bbox 932 830 1012 856; x_wconf 91' lang='lat' dir='ltr'>non</span> <span class='ocrx_word' id='word_1_102' title='bbox 1036 819 1308 865; x_wconf 82' lang='lat' dir='ltr'>necessarias,</span> <span class='ocrx_word' id='word_1_103' title='bbox 1340 822 1491 872; x_wconf 81' lang='lat' dir='ltr'>partini</span> <span class='ocrx_word' id='word_1_104' title='bbox 1514 827 1728 868; x_wconf 90' lang='lat' dir='ltr'>neutrum;</span> <span class='ocrx_word' id='word_1_105' title='bbox 1761 833 1956 862; x_wconf 76' lang='lat' dir='ltr'>neces-io</span> 
     </span>
     <span class='ocr_line' id='line_1_12' title="bbox 125 879 1905 937; baseline -0.001 -13"><span class='ocrx_word' id='word_1_106' title='bbox 125 883 254 925; x_wconf 88' lang='lat' dir='ltr'>sarias</span> <span class='ocrx_word' id='word_1_107' title='bbox 295 880 436 921; x_wconf 89' lang='lat' dir='ltr'>satiari</span> <span class='ocrx_word' id='word_1_108' title='bbox 479 892 603 932; x_wconf 90' lang='lat' dir='ltr'>posse</span> <span class='ocrx_word' id='word_1_109' title='bbox 644 891 777 932; x_wconf 89' lang='lat' dir='ltr'>paene</span> <span class='ocrx_word' id='word_1_110' title='bbox 810 879 966 926; x_wconf 85' lang='lat' dir='ltr'>nihilo,</span> <span class='ocrx_word' id='word_1_111' title='bbox 1008 880 1176 919; x_wconf 84' lang='lat' dir='ltr'>divitias</span> <span class='ocrx_word' id='word_1_112' title='bbox 1208 882 1318 921; x_wconf 81' lang='lat' dir='ltr'>enini</span> <span class='ocrx_word' id='word_1_113' title='bbox 1350 888 1521 922; x_wconf 90' lang='lat' dir='ltr'>naturae</span> <span class='ocrx_word' id='word_1_114' title='bbox 1554 896 1646 923; x_wconf 89' lang='lat' dir='ltr'>esse</span> <span class='ocrx_word' id='word_1_115' title='bbox 1677 883 1905 937; x_wconf 77' lang='lat' dir='ltr'>parabiles3</span> 
     </span>
     <span class='ocr_line' id='line_1_13' title="bbox 126 942 1907 996; baseline -0.001 -9"><span class='ocrx_word' id='word_1_116' title='bbox 126 944 354 987; x_wconf 90' lang='lat' dir='ltr'>secundum</span> <span class='ocrx_word' id='word_1_117' title='bbox 386 947 526 982; x_wconf 87' lang='lat' dir='ltr'>autem</span> <span class='ocrx_word' id='word_1_118' title='bbox 559 954 691 994; x_wconf 84' lang='lat' dir='ltr'>genus</span> <span class='ocrx_word' id='word_1_119' title='bbox 714 942 990 994; x_wconf 75' lang='lat' dir='ltr'>cupiditatum</span> <span class='ocrx_word' id='word_1_120' title='bbox 1016 956 1092 982; x_wconf 91' lang='lat' dir='ltr'>nec</span> <span class='ocrx_word' id='word_1_121' title='bbox 1113 943 1164 982; x_wconf 89' lang='lat' dir='ltr'>ad</span> <span class='ocrx_word' id='word_1_122' title='bbox 1188 944 1433 996; x_wconf 87' lang='lat' dir='ltr'>potiendum</span> <span class='ocrx_word' id='word_1_123' title='bbox 1457 944 1625 985; x_wconf 86' lang='lat' dir='ltr'>dislicile</span> <span class='ocrx_word' id='word_1_124' title='bbox 1648 960 1740 986; x_wconf 90' lang='lat' dir='ltr'>esse</span> <span class='ocrx_word' id='word_1_125' title='bbox 1763 951 1907 986; x_wconf 85' lang='lat' dir='ltr'>censet</span> 
     </span>
     <span class='ocr_line' id='line_1_14' title="bbox 126 1003 1907 1062; baseline -0.001 -13"><span class='ocrx_word' id='word_1_126' title='bbox 126 1021 202 1050; x_wconf 87' lang='lat' dir='ltr'>nec</span> <span class='ocrx_word' id='word_1_127' title='bbox 233 1019 332 1047; x_wconf 84' lang='lat' dir='ltr'>vero</span> <span class='ocrx_word' id='word_1_128' title='bbox 364 1005 417 1045; x_wconf 91' lang='lat' dir='ltr'>ad</span> <span class='ocrx_word' id='word_1_129' title='bbox 449 1003 702 1051; x_wconf 83' lang='lat' dir='ltr'>carendum3</span> <span class='ocrx_word' id='word_1_130' title='bbox 744 1005 904 1051; x_wconf 81' lang='lat' dir='ltr'>tertias,</span> <span class='ocrx_word' id='word_1_131' title='bbox 944 1006 1058 1057; x_wconf 91' lang='lat' dir='ltr'>quod</span> <span class='ocrx_word' id='word_1_132' title='bbox 1091 1012 1231 1045; x_wconf 86' lang='lat' dir='ltr'>essent</span> <span class='ocrx_word' id='word_1_133' title='bbox 1262 1006 1383 1059; x_wconf 89' lang='lat' dir='ltr'>plane</span> <span class='ocrx_word' id='word_1_134' title='bbox 1417 1009 1560 1047; x_wconf 91' lang='lat' dir='ltr'>inanes</span> <span class='ocrx_word' id='word_1_135' title='bbox 1591 1022 1732 1062; x_wconf 90' lang='lat' dir='ltr'>neque</span> <span class='ocrx_word' id='word_1_136' title='bbox 1762 1021 1907 1048; x_wconf 89' lang='lat' dir='ltr'>neces-</span> 
     </span>
     <span class='ocr_line' id='line_1_15' title="bbox 126 1067 1905 1121; baseline -0.001 -9"><span class='ocrx_word' id='word_1_137' title='bbox 126 1072 291 1113; x_wconf 87' lang='lat' dir='ltr'>sitatem</span> <span class='ocrx_word' id='word_1_138' title='bbox 333 1067 478 1115; x_wconf 88' lang='lat' dir='ltr'>modo,</span> <span class='ocrx_word' id='word_1_139' title='bbox 520 1067 595 1107; x_wconf 91' lang='lat' dir='ltr'>sed</span> <span class='ocrx_word' id='word_1_140' title='bbox 637 1080 688 1106; x_wconf 90' lang='lat' dir='ltr'>ne</span> <span class='ocrx_word' id='word_1_141' title='bbox 730 1073 921 1107; x_wconf 88' lang='lat' dir='ltr'>naturam</span> <span class='ocrx_word' id='word_1_142' title='bbox 962 1068 1132 1121; x_wconf 89' lang='lat' dir='ltr'>quidem</span> <span class='ocrx_word' id='word_1_143' title='bbox 1164 1069 1437 1121; x_wconf 83' lang='lat' dir='ltr'>attingerent,</span> <span class='ocrx_word' id='word_1_144' title='bbox 1474 1070 1663 1111; x_wconf 87' lang='lat' dir='ltr'>funditus</span> <span class='ocrx_word' id='word_1_145' title='bbox 1694 1071 1905 1112; x_wconf 87' lang='lat' dir='ltr'>eiciendas</span> 
     </span>
     <span class='ocr_line' id='line_1_16' title="bbox 125 1129 1956 1189; baseline 0.001 -15"><span class='ocrx_word' id='word_1_146' title='bbox 125 1133 300 1189; x_wconf 90' lang='lat' dir='ltr'>putavit.</span> <span class='ocrx_word' id='word_1_147' title='bbox 354 1129 420 1170; x_wconf 67' lang='lat'>94.</span> <span class='ocrx_word' id='word_1_148' title='bbox 454 1131 545 1170; x_wconf 91' lang='lat' dir='ltr'>lIoc</span> <span class='ocrx_word' id='word_1_149' title='bbox 576 1130 669 1170; x_wconf 89' lang='lat' dir='ltr'>loco</span> <span class='ocrx_word' id='word_1_150' title='bbox 703 1130 832 1170; x_wconf 88' lang='lat' dir='ltr'>multa</span> <span class='ocrx_word' id='word_1_151' title='bbox 862 1130 913 1170; x_wconf 92' lang='lat' dir='ltr'>ab</span> <span class='ocrx_word' id='word_1_152' title='bbox 936 1131 1154 1183; x_wconf 82' lang='lat' dir='ltr'>Epicureis</span> <span class='ocrx_word' id='word_1_153' title='bbox 1186 1132 1459 1184; x_wconf 87' lang='lat' dir='ltr'>disputantur</span> <span class='ocrx_word' id='word_1_154' title='bbox 1488 1147 1648 1187; x_wconf 88' lang='lat' dir='ltr'>eaeque</span> <span class='ocrx_word' id='word_1_155' title='bbox 1670 1135 1956 1187; x_wconf 77' lang='lat' dir='ltr'>voluptatesi5</span> 
     </span>
     <span class='ocr_line' id='line_1_17' title="bbox 125 1195 1905 1249; baseline 0.001 -12"><span class='ocrx_word' id='word_1_156' title='bbox 125 1195 367 1249; x_wconf 84' lang='lat' dir='ltr'>singillatim</span> <span class='ocrx_word' id='word_1_157' title='bbox 400 1198 694 1240; x_wconf 85' lang='lat' dir='ltr'>extenuantur,</span> <span class='ocrx_word' id='word_1_158' title='bbox 728 1206 904 1247; x_wconf 90' lang='lat' dir='ltr'>quarum</span> <span class='ocrx_word' id='word_1_159' title='bbox 928 1206 1082 1245; x_wconf 84' lang='lat' dir='ltr'>genera</span> <span class='ocrx_word' id='word_1_160' title='bbox 1106 1207 1192 1233; x_wconf 88' lang='lat' dir='ltr'>non</span> <span class='ocrx_word' id='word_1_161' title='bbox 1211 1200 1505 1244; x_wconf 88' lang='lat' dir='ltr'>contemnunt,</span> <span class='ocrx_word' id='word_1_162' title='bbox 1538 1204 1746 1249; x_wconf 87' lang='lat' dir='ltr'>quaerunt</span> <span class='ocrx_word' id='word_1_163' title='bbox 1767 1204 1905 1238; x_wconf 90' lang='lat' dir='ltr'>tamen</span> 
     </span>
     <span class='ocr_line' id='line_1_18' title="bbox 125 1256 1907 1312; baseline 0.001 -13"><span class='ocrx_word' id='word_1_164' title='bbox 125 1259 302 1312; x_wconf 85' lang='lat' dir='ltr'>copiam.</span> <span class='ocrx_word' id='word_1_165' title='bbox 361 1258 465 1297; x_wconf 84' lang='lat' dir='ltr'>Nam</span> <span class='ocrx_word' id='word_1_166' title='bbox 497 1262 537 1296; x_wconf 94' lang='lat' dir='ltr'>et</span> <span class='ocrx_word' id='word_1_167' title='bbox 568 1257 772 1296; x_wconf 87' lang='lat' dir='ltr'>obscenas</span> <span class='ocrx_word' id='word_1_168' title='bbox 805 1256 1066 1309; x_wconf 86' lang='lat' dir='ltr'>voluptates,</span> <span class='ocrx_word' id='word_1_169' title='bbox 1100 1257 1151 1296; x_wconf 91' lang='lat' dir='ltr'>de</span> <span class='ocrx_word' id='word_1_170' title='bbox 1187 1258 1342 1311; x_wconf 91' lang='lat' dir='ltr'>quibus</span> <span class='ocrx_word' id='word_1_171' title='bbox 1374 1258 1505 1298; x_wconf 88' lang='lat' dir='ltr'>multa</span> <span class='ocrx_word' id='word_1_172' title='bbox 1535 1260 1586 1299; x_wconf 88' lang='lat' dir='ltr'>ab</span> <span class='ocrx_word' id='word_1_173' title='bbox 1616 1260 1698 1300; x_wconf 92' lang='lat' dir='ltr'>illis</span> <span class='ocrx_word' id='word_1_174' title='bbox 1728 1260 1907 1301; x_wconf 88' lang='lat' dir='ltr'>habetur</span> 
     </span>
     <span class='ocr_line' id='line_1_19' title="bbox 125 1319 1908 1376; baseline 0.001 -14"><span class='ocrx_word' id='word_1_175' title='bbox 125 1322 276 1368; x_wconf 88' lang='lat' dir='ltr'>oratio,</span> <span class='ocrx_word' id='word_1_176' title='bbox 307 1320 463 1367; x_wconf 87' lang='lat' dir='ltr'>facilis,</span> <span class='ocrx_word' id='word_1_177' title='bbox 506 1320 763 1367; x_wconf 82' lang='lat' dir='ltr'>communis,</span> <span class='ocrx_word' id='word_1_178' title='bbox 806 1319 850 1358; x_wconf 90' lang='lat' dir='ltr'>in</span> <span class='ocrx_word' id='word_1_179' title='bbox 881 1319 1020 1359; x_wconf 90' lang='lat' dir='ltr'>medio</span> <span class='ocrx_word' id='word_1_180' title='bbox 1053 1320 1153 1360; x_wconf 88' lang='lat' dir='ltr'>sitas</span> <span class='ocrx_word' id='word_1_181' title='bbox 1185 1333 1278 1360; x_wconf 90' lang='lat' dir='ltr'>esse</span> <span class='ocrx_word' id='word_1_182' title='bbox 1311 1320 1473 1369; x_wconf 90' lang='lat' dir='ltr'>dicunt,</span> <span class='ocrx_word' id='word_1_183' title='bbox 1505 1335 1662 1376; x_wconf 88' lang='lat' dir='ltr'>easque</span> <span class='ocrx_word' id='word_1_184' title='bbox 1694 1324 1728 1363; x_wconf 93' lang='lat' dir='ltr'>si</span> <span class='ocrx_word' id='word_1_185' title='bbox 1758 1328 1908 1364; x_wconf 89' lang='lat' dir='ltr'>natura</span> 
     </span>
     <span class='ocr_line' id='line_1_20' title="bbox 124 1382 1907 1439; baseline 0.001 -14"><span class='ocrx_word' id='word_1_186' title='bbox 124 1384 330 1437; x_wconf 90' lang='lat' dir='ltr'>requirat,</span> <span class='ocrx_word' id='word_1_187' title='bbox 362 1396 448 1422; x_wconf 88' lang='lat' dir='ltr'>non</span> <span class='ocrx_word' id='word_1_188' title='bbox 479 1395 632 1435; x_wconf 84' lang='lat' dir='ltr'>genere</span> <span class='ocrx_word' id='word_1_189' title='bbox 665 1388 737 1422; x_wconf 89' lang='lat' dir='ltr'>aut</span> <span class='ocrx_word' id='word_1_190' title='bbox 769 1382 860 1422; x_wconf 88' lang='lat' dir='ltr'>loco</span> <span class='ocrx_word' id='word_1_191' title='bbox 893 1389 963 1422; x_wconf 91' lang='lat' dir='ltr'>aut</span> <span class='ocrx_word' id='word_1_192' title='bbox 996 1383 1166 1430; x_wconf 91' lang='lat' dir='ltr'>ordine,</span> <span class='ocrx_word' id='word_1_193' title='bbox 1198 1384 1271 1423; x_wconf 90' lang='lat' dir='ltr'>sed</span> <span class='ocrx_word' id='word_1_194' title='bbox 1295 1383 1448 1432; x_wconf 87' lang='lat' dir='ltr'>forma,</span> <span class='ocrx_word' id='word_1_195' title='bbox 1480 1390 1636 1433; x_wconf 89' lang='lat' dir='ltr'>aetate,</span> <span class='ocrx_word' id='word_1_196' title='bbox 1667 1384 1799 1439; x_wconf 87' lang='lat' dir='ltr'>figura</span> <span class='ocrx_word' id='word_1_197' title='bbox 1821 1399 1907 1426; x_wconf 90' lang='lat' dir='ltr'>me-</span> 
     </span>
     <span class='ocr_line' id='line_1_21' title="bbox 124 1445 1958 1498; baseline 0.002 -12"><span class='ocrx_word' id='word_1_198' title='bbox 124 1446 287 1488; x_wconf 87' lang='lat' dir='ltr'>tiendas</span> <span class='ocrx_word' id='word_1_199' title='bbox 319 1451 489 1498; x_wconf 88' lang='lat' dir='ltr'>putant,</span> <span class='ocrx_word' id='word_1_200' title='bbox 522 1445 572 1484; x_wconf 89' lang='lat' dir='ltr'>ab</span> <span class='ocrx_word' id='word_1_201' title='bbox 604 1445 740 1498; x_wconf 89' lang='lat' dir='ltr'>iisque</span> <span class='ocrx_word' id='word_1_202' title='bbox 772 1446 984 1485; x_wconf 89' lang='lat' dir='ltr'>abstinere</span> <span class='ocrx_word' id='word_1_203' title='bbox 1017 1446 1185 1486; x_wconf 87' lang='lat' dir='ltr'>mininie</span> <span class='ocrx_word' id='word_1_204' title='bbox 1218 1460 1310 1486; x_wconf 91' lang='lat' dir='ltr'>esse</span> <span class='ocrx_word' id='word_1_205' title='bbox 1334 1446 1528 1495; x_wconf 87' lang='lat' dir='ltr'>difficile,</span> <span class='ocrx_word' id='word_1_206' title='bbox 1560 1448 1595 1487; x_wconf 92' lang='lat' dir='ltr'>si</span> <span class='ocrx_word' id='word_1_207' title='bbox 1617 1454 1688 1488; x_wconf 91' lang='lat' dir='ltr'>aut</span> <span class='ocrx_word' id='word_1_208' title='bbox 1709 1449 1906 1489; x_wconf 89' lang='lat' dir='ltr'>valetudo</span> <span class='ocrx_word' id='word_1_209' title='bbox 1921 1462 1958 1492; x_wconf 79' lang='lat'>20</span> 
     </span>
     <span class='ocr_line' id='line_1_22' title="bbox 126 1506 1910 1564; baseline 0.001 -15"><span class='ocrx_word' id='word_1_210' title='bbox 126 1515 198 1550; x_wconf 88' lang='lat' dir='ltr'>aut</span> <span class='ocrx_word' id='word_1_211' title='bbox 228 1506 410 1549; x_wconf 88' lang='lat' dir='ltr'>officium</span> <span class='ocrx_word' id='word_1_212' title='bbox 443 1512 516 1548; x_wconf 90' lang='lat' dir='ltr'>aut</span> <span class='ocrx_word' id='word_1_213' title='bbox 546 1507 656 1548; x_wconf 88' lang='lat' dir='ltr'>fama</span> <span class='ocrx_word' id='word_1_214' title='bbox 688 1508 889 1560; x_wconf 85' lang='lat' dir='ltr'>postulet,</span> <span class='ocrx_word' id='word_1_215' title='bbox 929 1508 1188 1562; x_wconf 90' lang='lat' dir='ltr'>omninoque</span> <span class='ocrx_word' id='word_1_216' title='bbox 1220 1522 1353 1561; x_wconf 88' lang='lat' dir='ltr'>genus</span> <span class='ocrx_word' id='word_1_217' title='bbox 1385 1511 1465 1549; x_wconf 90' lang='lat' dir='ltr'>hoc</span> <span class='ocrx_word' id='word_1_218' title='bbox 1496 1510 1757 1564; x_wconf 89' lang='lat' dir='ltr'>voluptatum</span> <span class='ocrx_word' id='word_1_219' title='bbox 1791 1516 1910 1564; x_wconf 90' lang='lat' dir='ltr'>opta-</span> 
     </span>
     <span class='ocr_line' id='line_1_23' title="bbox 125 1570 1911 1627; baseline 0.002 -16"><span class='ocrx_word' id='word_1_220' title='bbox 125 1571 209 1612; x_wconf 89' lang='lat' dir='ltr'>bile</span> <span class='ocrx_word' id='word_1_221' title='bbox 243 1584 358 1618; x_wconf 89' lang='lat' dir='ltr'>esse‚</span> <span class='ocrx_word' id='word_1_222' title='bbox 390 1570 424 1610; x_wconf 96' lang='lat' dir='ltr'>si</span> <span class='ocrx_word' id='word_1_223' title='bbox 457 1584 540 1610; x_wconf 90' lang='lat' dir='ltr'>non</span> <span class='ocrx_word' id='word_1_224' title='bbox 573 1570 704 1618; x_wconf 91' lang='lat' dir='ltr'>obsit,</span> <span class='ocrx_word' id='word_1_225' title='bbox 736 1571 938 1623; x_wconf 87' lang='lat' dir='ltr'>prodesse</span> <span class='ocrx_word' id='word_1_226' title='bbox 971 1584 1216 1625; x_wconf 87' lang='lat' dir='ltr'>numquam.</span> <span class='ocrx_word' id='word_1_227' title='bbox 1271 1571 1340 1611; x_wconf 73' lang='grc'>95.</span> <span class='ocrx_word' id='word_1_228' title='bbox 1375 1573 1614 1627; x_wconf 89' lang='lat' dir='ltr'>Totumque</span> <span class='ocrx_word' id='word_1_229' title='bbox 1643 1573 1725 1613; x_wconf 90' lang='lat' dir='ltr'>hoc</span> <span class='ocrx_word' id='word_1_230' title='bbox 1755 1573 1807 1613; x_wconf 93' lang='lat' dir='ltr'>de</span> <span class='ocrx_word' id='word_1_231' title='bbox 1839 1587 1911 1614; x_wconf 92' lang='lat' dir='ltr'>vo-</span> 
     </span>
     <span class='ocr_line' id='line_1_24' title="bbox 129 1633 1910 1689; baseline 0.001 -14"><span class='ocrx_word' id='word_1_232' title='bbox 129 1635 287 1688; x_wconf 87' lang='lat' dir='ltr'>luptate</span> <span class='ocrx_word' id='word_1_233' title='bbox 320 1634 381 1674; x_wconf 86' lang='lat' dir='ltr'>sic</span> <span class='ocrx_word' id='word_1_234' title='bbox 411 1633 482 1672; x_wconf 90' lang='lat' dir='ltr'>ille</span> <span class='ocrx_word' id='word_1_235' title='bbox 514 1633 742 1686; x_wconf 83' lang='lat' dir='ltr'>praecipit,</span> <span class='ocrx_word' id='word_1_236' title='bbox 774 1640 819 1673; x_wconf 92' lang='lat' dir='ltr'>ut</span> <span class='ocrx_word' id='word_1_237' title='bbox 852 1634 1109 1686; x_wconf 87' lang='lat' dir='ltr'>voluptatem</span> <span class='ocrx_word' id='word_1_238' title='bbox 1141 1635 1274 1687; x_wconf 88' lang='lat' dir='ltr'>ipsam</span> <span class='ocrx_word' id='word_1_239' title='bbox 1306 1648 1381 1688; x_wconf 85' lang='lat' dir='ltr'>per</span> <span class='ocrx_word' id='word_1_240' title='bbox 1407 1649 1473 1683; x_wconf 91' lang='lat' dir='ltr'>se,</span> <span class='ocrx_word' id='word_1_241' title='bbox 1507 1636 1608 1689; x_wconf 89' lang='lat' dir='ltr'>quia</span> <span class='ocrx_word' id='word_1_242' title='bbox 1629 1636 1823 1688; x_wconf 86' lang='lat' dir='ltr'>voluptas</span> <span class='ocrx_word' id='word_1_243' title='bbox 1846 1636 1910 1679; x_wconf 87' lang='lat' dir='ltr'>sit,</span> 
     </span>
     <span class='ocr_line' id='line_1_25' title="bbox 128 1695 1910 1751; baseline 0.001 -13"><span class='ocrx_word' id='word_1_244' title='bbox 128 1710 293 1750; x_wconf 88' lang='lat' dir='ltr'>semper</span> <span class='ocrx_word' id='word_1_245' title='bbox 334 1695 564 1749; x_wconf 90' lang='lat' dir='ltr'>optandam</span> <span class='ocrx_word' id='word_1_246' title='bbox 596 1697 962 1751; x_wconf 85' lang='lat' dir='ltr'>expetendamque</span> <span class='ocrx_word' id='word_1_247' title='bbox 994 1702 1135 1750; x_wconf 90' lang='lat' dir='ltr'>putet,</span> <span class='ocrx_word' id='word_1_248' title='bbox 1179 1698 1413 1751; x_wconf 88' lang='lat' dir='ltr'>eademque</span> <span class='ocrx_word' id='word_1_249' title='bbox 1444 1699 1603 1738; x_wconf 89' lang='lat' dir='ltr'>ratione</span> <span class='ocrx_word' id='word_1_250' title='bbox 1635 1698 1825 1739; x_wconf 91' lang='lat' dir='ltr'>dolorem</span> <span class='ocrx_word' id='word_1_251' title='bbox 1857 1699 1910 1739; x_wconf 92' lang='lat' dir='ltr'>ob</span> 
     </span>
    </p>
   </div>
   <div class='ocr_carea' id='block_1_3' title="bbox 217 1779 1161 1782">
    <p class='ocr_par' dir='ltr' id='par_1_4' title="bbox 217 1779 1161 1782">
     <span class='ocr_line' id='line_1_26' title="bbox 217 1779 1161 1782; baseline 0 0"><span class='ocrx_word' id='word_1_252' title='bbox 217 1779 1161 1782; x_wconf 95' lang='lat' dir='ltr'> </span> 
     </span>
    </p>
   </div>
   <div class='ocr_carea' id='block_1_4' title="bbox 125 1825 1918 3316">
    <p class='ocr_par' dir='ltr' id='par_1_5' title="bbox 125 1825 1918 3316">
     <span class='ocr_line' id='line_1_27' title="bbox 217 1825 1910 1869; baseline 0.001 -10"><span class='ocrx_word' id='word_1_253' title='bbox 217 1828 247 1859; x_wconf 74' lang='lat'>4.</span> <span class='ocrx_word' id='word_1_254' title='bbox 274 1826 431 1858; x_wconf 77' lang='lat' dir='ltr'>tristioris</span> <span class='ocrx_word' id='word_1_255' title='bbox 463 1826 487 1857; x_wconf 95' lang='lat' dir='ltr'>C</span> <span class='ocrx_word' id='word_1_256' title='bbox 524 1843 559 1848; x_wconf 93' lang='lat'>—</span> <span class='ocrx_word' id='word_1_257' title='bbox 591 1825 622 1857; x_wconf 68' lang='lat'>4.</span> <span class='ocrx_word' id='word_1_258' title='bbox 650 1826 814 1865; x_wconf 76' lang='lat' dir='ltr'>disputari</span> <span class='ocrx_word' id='word_1_259' title='bbox 839 1828 894 1857; x_wconf 79' lang='lat' dir='ltr'>R¹z</span> <span class='ocrx_word' id='word_1_260' title='bbox 921 1828 1048 1858; x_wconf 73' lang='lat' dir='ltr'>dictare</span> <span class='ocrx_word' id='word_1_261' title='bbox 1073 1828 1096 1859; x_wconf 85' lang='lat' dir='ltr'>B</span> <span class='ocrx_word' id='word_1_262' title='bbox 1118 1845 1153 1849; x_wconf 89' lang='lat'><strong>—</strong></span> <span class='ocrx_word' id='word_1_263' title='bbox 1181 1828 1211 1859; x_wconf 88' lang='lat'>8.</span> <span class='ocrx_word' id='word_1_264' title='bbox 1235 1827 1402 1859; x_wconf 77' lang='lat' dir='ltr'>diuisserit</span> <span class='ocrx_word' id='word_1_265' title='bbox 1425 1827 1546 1869; x_wconf 86' lang='lat' dir='ltr'>(altera</span> <span class='ocrx_word' id='word_1_266' title='bbox 1571 1838 1586 1860; x_wconf 89' lang='lat' dir='ltr'>s</span> <span class='ocrx_word' id='word_1_267' title='bbox 1609 1829 1804 1869; x_wconf 88' lang='lat' dir='ltr'>superscr.)</span> <span class='ocrx_word' id='word_1_268' title='bbox 1829 1829 1855 1860; x_wconf 96' lang='lat' dir='ltr'>G</span> <span class='ocrx_word' id='word_1_269' title='bbox 1875 1846 1910 1852; x_wconf 91' lang='lat'><strong>—</strong></span> 
     </span>
     <span class='ocr_line' id='line_1_28' title="bbox 128 1876 1915 1920; baseline 0.001 -10"><span class='ocrx_word' id='word_1_270' title='bbox 128 1880 180 1913; x_wconf 82' lang='grc'>11,</span> <span class='ocrx_word' id='word_1_271' title='bbox 203 1877 374 1918; x_wconf 80' lang='lat' dir='ltr'>parabiles</span> <span class='ocrx_word' id='word_1_272' title='bbox 397 1885 462 1908; x_wconf 85' lang='lat' dir='ltr'>esse</span> <span class='ocrx_word' id='word_1_273' title='bbox 487 1877 509 1907; x_wconf 88' lang='lat' dir='ltr'>B</span> <span class='ocrx_word' id='word_1_274' title='bbox 539 1894 573 1898; x_wconf 97' lang='lat'><strong>—</strong></span> <span class='ocrx_word' id='word_1_275' title='bbox 604 1876 655 1907; x_wconf 67' lang='lat'>4²2.</span> <span class='ocrx_word' id='word_1_276' title='bbox 682 1876 751 1917; x_wconf 69' lang='lat' dir='ltr'>nec]</span> <span class='ocrx_word' id='word_1_277' title='bbox 786 1886 826 1908; x_wconf 77' lang='lat' dir='ltr'>ne</span> <span class='ocrx_word' id='word_1_278' title='bbox 850 1879 874 1907; x_wconf 80' lang='lat' dir='ltr'>t}</span> <span class='ocrx_word' id='word_1_279' title='bbox 904 1895 937 1898; x_wconf 98' lang='lat'><strong>—</strong></span> <span class='ocrx_word' id='word_1_280' title='bbox 967 1879 1019 1908; x_wconf 75' lang='grc'>15.</span> <span class='ocrx_word' id='word_1_281' title='bbox 1046 1877 1087 1908; x_wconf 82' lang='lat' dir='ltr'>ab</span> <span class='ocrx_word' id='word_1_282' title='bbox 1112 1886 1204 1909; x_wconf 86' lang='lat' dir='ltr'>corr.</span> <span class='ocrx_word' id='word_1_283' title='bbox 1234 1887 1273 1908; x_wconf 76' lang='lat' dir='ltr'>ex</span> <span class='ocrx_word' id='word_1_284' title='bbox 1300 1879 1343 1908; x_wconf 81' lang='lat' dir='ltr'>ad</span> <span class='ocrx_word' id='word_1_285' title='bbox 1368 1879 1393 1909; x_wconf 87' lang='lat' dir='ltr'>R</span> <span class='ocrx_word' id='word_1_286' title='bbox 1422 1896 1455 1900; x_wconf 97' lang='lat'><strong>—</strong></span> <span class='ocrx_word' id='word_1_287' title='bbox 1484 1878 1536 1909; x_wconf 77' lang='grc'>16.</span> <span class='ocrx_word' id='word_1_288' title='bbox 1564 1887 1708 1918; x_wconf 80' lang='lat' dir='ltr'>quarum</span> <span class='ocrx_word' id='word_1_289' title='bbox 1731 1888 1915 1920; x_wconf 65' lang='lat' dir='ltr'>genera--</span> 
     </span>
     <span class='ocr_line' id='line_1_29' title="bbox 128 1924 1916 1970; baseline 0.001 -10"><span class='ocrx_word' id='word_1_290' title='bbox 128 1932 237 1960; x_wconf 80' lang='lat' dir='ltr'>tamen</span> <span class='ocrx_word' id='word_1_291' title='bbox 261 1926 402 1967; x_wconf 83' lang='lat' dir='ltr'>copiam]</span> <span class='ocrx_word' id='word_1_292' title='bbox 430 1924 605 1965; x_wconf 78' lang='lat' dir='ltr'>«Bentley</span> <span class='ocrx_word' id='word_1_293' title='bbox 631 1927 780 1957; x_wconf 85' lang='lat' dir='ltr'>coniecit</span> <span class='ocrx_word' id='word_1_294' title='bbox 806 1936 862 1957; x_wconf 76' lang='lat' dir='ltr'>nec</span> <span class='ocrx_word' id='word_1_295' title='bbox 886 1925 954 1965; x_wconf 73' lang='lat' dir='ltr'>(vel</span> <span class='ocrx_word' id='word_1_296' title='bbox 973 1927 1045 1965; x_wconf 72' lang='lat' dir='ltr'>non]</span> <span class='ocrx_word' id='word_1_297' title='bbox 1065 1931 1254 1965; x_wconf 74' lang='lat' dir='ltr'>quaerunt3</span> <span class='ocrx_word' id='word_1_298' title='bbox 1281 1928 1320 1959; x_wconf 90' lang='lat'>11.</span> <span class='ocrx_word' id='word_1_299' title='bbox 1341 1926 1489 1959; x_wconf 77' lang='lat' dir='ltr'>wolfius</span> <span class='ocrx_word' id='word_1_300' title='bbox 1515 1928 1604 1960; x_wconf 86' lang='lat' dir='ltr'>coni.</span> <span class='ocrx_word' id='word_1_301' title='bbox 1625 1938 1770 1970; x_wconf 78' lang='lat' dir='ltr'>quarwn</span> <span class='ocrx_word' id='word_1_302' title='bbox 1792 1938 1916 1970; x_wconf 66' lang='lat' dir='ltr'>genera</span> 
     </span>
     <span class='ocr_line' id='line_1_30' title="bbox 125 1976 1917 2016; baseline 0.001 -6"><span class='ocrx_word' id='word_1_303' title='bbox 125 1987 199 2010; x_wconf 82' lang='lat' dir='ltr'>cum</span> <span class='ocrx_word' id='word_1_304' title='bbox 223 1980 449 2011; x_wconf 77' lang='lat' dir='ltr'>contemnunt.</span> <span class='ocrx_word' id='word_1_305' title='bbox 476 1980 643 2016; x_wconf 75' lang='lat' dir='ltr'>quaerunt</span> <span class='ocrx_word' id='word_1_306' title='bbox 667 1980 773 2007; x_wconf 78' lang='lat' dir='ltr'>tamen</span> <span class='ocrx_word' id='word_1_307' title='bbox 800 1977 940 2016; x_wconf 74' lang='lat' dir='ltr'>copiam.</span> <span class='ocrx_word' id='word_1_308' title='bbox 979 1977 1148 2009; x_wconf 82' lang='lat' dir='ltr'>Codicum</span> <span class='ocrx_word' id='word_1_309' title='bbox 1174 1976 1363 2009; x_wconf 82' lang='lat' dir='ltr'>lectionem</span> <span class='ocrx_word' id='word_1_310' title='bbox 1386 1976 1494 2009; x_wconf 87' lang='lat' dir='ltr'>Tullio</span> <span class='ocrx_word' id='word_1_311' title='bbox 1520 1980 1617 2009; x_wconf 89' lang='lat' dir='ltr'>recte</span> <span class='ocrx_word' id='word_1_312' title='bbox 1642 1980 1793 2010; x_wconf 84' lang='lat' dir='ltr'>restituit</span> <span class='ocrx_word' id='word_1_313' title='bbox 1818 1979 1917 2011; x_wconf 88' lang='lat' dir='ltr'>Orel-</span> 
     </span>
     <span class='ocr_line' id='line_1_31' title="bbox 125 2026 1918 2069; baseline 0.001 -10"><span class='ocrx_word' id='word_1_314' title='bbox 125 2028 211 2066; x_wconf 89' lang='lat' dir='ltr'>lius,</span> <span class='ocrx_word' id='word_1_315' title='bbox 238 2028 450 2059; x_wconf 84' lang='lat' dir='ltr'>sententiam</span> <span class='ocrx_word' id='word_1_316' title='bbox 476 2026 541 2058; x_wconf 90' lang='lat' dir='ltr'>loci</span> <span class='ocrx_word' id='word_1_317' title='bbox 567 2027 617 2057; x_wconf 86' lang='lat' dir='ltr'>sic</span> <span class='ocrx_word' id='word_1_318' title='bbox 643 2026 840 2067; x_wconf 68' lang='lat' dir='ltr'>explicans:</span> <span class='ocrx_word' id='word_1_319' title='bbox 869 2026 1023 2066; x_wconf 60' lang='lat' dir='ltr'>singulas</span> <span class='ocrx_word' id='word_1_320' title='bbox 1041 2026 1241 2067; x_wconf 70' lang='lat' dir='ltr'>voluptates</span> <span class='ocrx_word' id='word_1_321' title='bbox 1261 2029 1470 2058; x_wconf 76' lang='lat' dir='ltr'>extenuant:</span> <span class='ocrx_word' id='word_1_322' title='bbox 1497 2036 1626 2067; x_wconf 79' lang='lat' dir='ltr'>genera</span> <span class='ocrx_word' id='word_1_323' title='bbox 1648 2029 1812 2069; x_wconf 36' lang='lat' dir='ltr'>ipsainon</span> <span class='ocrx_word' id='word_1_324' title='bbox 1830 2038 1918 2061; x_wconf 86' lang='lat' dir='ltr'>con-</span> 
     </span>
     <span class='ocr_line' id='line_1_32' title="bbox 126 2073 1916 2119; baseline 0 -9"><span class='ocrx_word' id='word_1_325' title='bbox 126 2081 311 2115; x_wconf 87' lang='lat' dir='ltr'>temnunt;</span> <span class='ocrx_word' id='word_1_326' title='bbox 346 2077 440 2118; x_wconf 86' lang='lat' dir='ltr'>[nam</span> <span class='ocrx_word' id='word_1_327' title='bbox 464 2073 488 2117; x_wconf 81' lang='grc' dir='ltr'><em>ἡ</em></span> <span class='ocrx_word' id='word_1_328' title='bbox 514 2073 634 2118; x_wconf 71' lang='grc' dir='ltr'><em>ἡδονὴ</em></span> <span class='ocrx_word' id='word_1_329' title='bbox 661 2076 704 2107; x_wconf 90' lang='lat' dir='ltr'>de</span> <span class='ocrx_word' id='word_1_330' title='bbox 739 2076 990 2117; x_wconf 86' lang='lat' dir='ltr'>Epicureorum</span> <span class='ocrx_word' id='word_1_331' title='bbox 1020 2079 1194 2109; x_wconf 85' lang='lat' dir='ltr'>sententia</span> <span class='ocrx_word' id='word_1_332' title='bbox 1220 2086 1399 2109; x_wconf 88' lang='lat' dir='ltr'>summum</span> <span class='ocrx_word' id='word_1_333' title='bbox 1425 2077 1560 2109; x_wconf 83' lang='lat' dir='ltr'>bonum</span> <span class='ocrx_word' id='word_1_334' title='bbox 1587 2081 1660 2110; x_wconf 88' lang='lat' dir='ltr'>erat</span> <span class='ocrx_word' id='word_1_335' title='bbox 1675 2078 1695 2119; x_wconf 71' lang='grc' dir='ltr'>ς]</span> <span class='ocrx_word' id='word_1_336' title='bbox 1726 2079 1771 2109; x_wconf 86' lang='lat' dir='ltr'>ita</span> <span class='ocrx_word' id='word_1_337' title='bbox 1796 2080 1916 2110; x_wconf 89' lang='lat' dir='ltr'>tamen</span> 
     </span>
     <span class='ocr_line' id='line_1_33' title="bbox 130 2126 1917 2170; baseline 0 -10"><span class='ocrx_word' id='word_1_338' title='bbox 130 2130 323 2170; x_wconf 84' lang='lat' dir='ltr'>quaerunt,</span> <span class='ocrx_word' id='word_1_339' title='bbox 358 2128 385 2159; x_wconf 94' lang='lat' dir='ltr'>si</span> <span class='ocrx_word' id='word_1_340' title='bbox 417 2126 516 2159; x_wconf 79' lang='lat' dir='ltr'>facile</span> <span class='ocrx_word' id='word_1_341' title='bbox 548 2129 615 2158; x_wconf 88' lang='lat' dir='ltr'>sint</span> <span class='ocrx_word' id='word_1_342' title='bbox 648 2126 822 2167; x_wconf 80' lang='lat' dir='ltr'>parabiles</span> <span class='ocrx_word' id='word_1_343' title='bbox 848 2135 963 2166; x_wconf 79' lang='lat' dir='ltr'>neque</span> <span class='ocrx_word' id='word_1_344' title='bbox 990 2127 1119 2158; x_wconf 78' lang='lat' dir='ltr'>obsint,</span> <span class='ocrx_word' id='word_1_345' title='bbox 1153 2128 1300 2168; x_wconf 66' lang='lat' dir='ltr'>copiam</span> <span class='ocrx_word' id='word_1_346' title='bbox 1327 2127 1551 2168; x_wconf 79' lang='lat' dir='ltr'>[facilitatem]</span> <span class='ocrx_word' id='word_1_347' title='bbox 1578 2129 1672 2159; x_wconf 90' lang='lat' dir='ltr'>enim</span> <span class='ocrx_word' id='word_1_348' title='bbox 1696 2127 1917 2169; x_wconf 69' lang='lat' dir='ltr'>voluptatum</span> 
     </span>
     <span class='ocr_line' id='line_1_34' title="bbox 129 2176 1918 2217; baseline -0.001 -7"><span class='ocrx_word' id='word_1_349' title='bbox 129 2178 387 2210; x_wconf 87' lang='lat' dir='ltr'>studiosissime</span> <span class='ocrx_word' id='word_1_350' title='bbox 414 2178 612 2217; x_wconf 82' lang='lat' dir='ltr'>quaesitam</span> <span class='ocrx_word' id='word_1_351' title='bbox 638 2186 718 2209; x_wconf 87' lang='lat' dir='ltr'>esse</span> <span class='ocrx_word' id='word_1_352' title='bbox 744 2176 788 2207; x_wconf 85' lang='lat' dir='ltr'>ab</span> <span class='ocrx_word' id='word_1_353' title='bbox 815 2177 1006 2217; x_wconf 76' lang='lat' dir='ltr'>Epicureis,</span> <span class='ocrx_word' id='word_1_354' title='bbox 1034 2177 1234 2216; x_wconf 72' lang='lat' dir='ltr'>Tregderus</span> <span class='ocrx_word' id='word_1_355' title='bbox 1258 2186 1324 2207; x_wconf 48' lang='lat' dir='ltr'>ozon&gt;</span> <span class='ocrx_word' id='word_1_356' title='bbox 1349 2179 1430 2208; x_wconf 86' lang='lat' dir='ltr'>ante</span> <span class='ocrx_word' id='word_1_357' title='bbox 1455 2181 1665 2208; x_wconf 79' lang='lat' dir='ltr'>contemnunt</span> <span class='ocrx_word' id='word_1_358' title='bbox 1685 2176 1825 2215; x_wconf 83' lang='lat' dir='ltr'>delevit,</span> <span class='ocrx_word' id='word_1_359' title='bbox 1853 2187 1918 2209; x_wconf 87' lang='lat' dir='ltr'>au-</span> 
     </span>
     <span class='ocr_line' id='line_1_35' title="bbox 129 2226 1917 2268; baseline -0.001 -8"><span class='ocrx_word' id='word_1_360' title='bbox 129 2231 226 2260; x_wconf 85' lang='lat' dir='ltr'>ctore</span> <span class='ocrx_word' id='word_1_361' title='bbox 252 2227 423 2267; x_wconf 76' lang='lat' dir='ltr'>Madvigio</span> <span class='ocrx_word' id='word_1_362' title='bbox 449 2226 490 2257; x_wconf 92' lang='lat' dir='ltr'>ad</span> <span class='ocrx_word' id='word_1_363' title='bbox 520 2227 588 2258; x_wconf 81' lang='lat' dir='ltr'>Fin.</span> <span class='ocrx_word' id='word_1_364' title='bbox 617 2228 641 2264; x_wconf 84' lang='lat'>1,</span> <span class='ocrx_word' id='word_1_365' title='bbox 667 2226 708 2258; x_wconf 69' lang='lat'>46</span> <span class='ocrx_word' id='word_1_366' title='bbox 734 2235 767 2267; x_wconf 89' lang='lat' dir='ltr'>p.</span> <span class='ocrx_word' id='word_1_367' title='bbox 796 2226 848 2264; x_wconf 72' lang='lat'>94,</span> <span class='ocrx_word' id='word_1_368' title='bbox 881 2227 938 2266; x_wconf 89' lang='lat' dir='ltr'>qui</span> <span class='ocrx_word' id='word_1_369' title='bbox 963 2237 1028 2258; x_wconf 80' lang='lat' dir='ltr'>non</span> <span class='ocrx_word' id='word_1_370' title='bbox 1054 2236 1096 2258; x_wconf 83' lang='lat' dir='ltr'>ex</span> <span class='ocrx_word' id='word_1_371' title='bbox 1120 2226 1212 2258; x_wconf 84' lang='lat' dir='ltr'>mala</span> <span class='ocrx_word' id='word_1_372' title='bbox 1238 2228 1448 2267; x_wconf 84' lang='lat' dir='ltr'>repetitione</span> <span class='ocrx_word' id='word_1_373' title='bbox 1474 2228 1553 2267; x_wconf 77' lang='lat' dir='ltr'>(non</span> <span class='ocrx_word' id='word_1_374' title='bbox 1577 2227 1651 2268; x_wconf 78' lang='lat' dir='ltr'>con)</span> <span class='ocrx_word' id='word_1_375' title='bbox 1676 2229 1791 2258; x_wconf 92' lang='lat' dir='ltr'>ortum</span> <span class='ocrx_word' id='word_1_376' title='bbox 1818 2229 1917 2268; x_wconf 86' lang='lat' dir='ltr'>putat</span> 
     </span>
     <span class='ocr_line' id='line_1_36' title="bbox 129 2275 1914 2318; baseline -0.001 -8"><span class='ocrx_word' id='word_1_377' title='bbox 129 2280 163 2310; x_wconf 88' lang='lat' dir='ltr'>et</span> <span class='ocrx_word' id='word_1_378' title='bbox 194 2277 260 2309; x_wconf 86' lang='lat' dir='ltr'>loci</span> <span class='ocrx_word' id='word_1_379' title='bbox 293 2277 505 2309; x_wconf 85' lang='lat' dir='ltr'>sententiam</span> <span class='ocrx_word' id='word_1_380' title='bbox 538 2278 588 2308; x_wconf 86' lang='lat' dir='ltr'>sic</span> <span class='ocrx_word' id='word_1_381' title='bbox 620 2275 785 2317; x_wconf 76' lang='lat' dir='ltr'>explicat:</span> <span class='ocrx_word' id='word_1_382' title='bbox 827 2278 1049 2316; x_wconf 73' lang='lat' dir='ltr'>«generatim</span> <span class='ocrx_word' id='word_1_383' title='bbox 1075 2277 1353 2309; x_wconf 80' lang='lat' dir='ltr'>contemnebant</span> <span class='ocrx_word' id='word_1_384' title='bbox 1379 2280 1413 2308; x_wconf 85' lang='lat' dir='ltr'>et</span> <span class='ocrx_word' id='word_1_385' title='bbox 1439 2277 1678 2308; x_wconf 72' lang='lat' dir='ltr'>extenuabant</span> <span class='ocrx_word' id='word_1_386' title='bbox 1703 2276 1914 2318; x_wconf 77' lang='lat' dir='ltr'>voluptates,</span> 
     </span>
     <span class='ocr_line' id='line_1_37' title="bbox 129 2325 1915 2368; baseline 0 -9"><span class='ocrx_word' id='word_1_387' title='bbox 129 2327 223 2359; x_wconf 73' lang='lat' dir='ltr'>velut</span> <span class='ocrx_word' id='word_1_388' title='bbox 248 2326 436 2363; x_wconf 83' lang='lat' dir='ltr'>obscenas,</span> <span class='ocrx_word' id='word_1_389' title='bbox 464 2325 552 2364; x_wconf 87' lang='lat' dir='ltr'>cibi,</span> <span class='ocrx_word' id='word_1_390' title='bbox 580 2328 738 2363; x_wconf 80' lang='lat' dir='ltr'>ceteras;</span> <span class='ocrx_word' id='word_1_391' title='bbox 765 2327 883 2357; x_wconf 62' lang='lat' dir='ltr'>vivere</span> <span class='ocrx_word' id='word_1_392' title='bbox 910 2329 1028 2358; x_wconf 83' lang='lat' dir='ltr'>tamen</span> <span class='ocrx_word' id='word_1_393' title='bbox 1054 2328 1087 2359; x_wconf 88' lang='lat' dir='ltr'>in</span> <span class='ocrx_word' id='word_1_394' title='bbox 1105 2329 1262 2358; x_wconf 90' lang='lat' dir='ltr'>omnium</span> <span class='ocrx_word' id='word_1_395' title='bbox 1281 2328 1382 2368; x_wconf 86' lang='lat' dir='ltr'>copia</span> <span class='ocrx_word' id='word_1_396' title='bbox 1409 2326 1624 2358; x_wconf 88' lang='lat' dir='ltr'>malebant.»</span> <span class='ocrx_word' id='word_1_397' title='bbox 1650 2329 1693 2359; x_wconf 86' lang='lat' dir='ltr'>At</span> <span class='ocrx_word' id='word_1_398' title='bbox 1717 2328 1806 2359; x_wconf 86' lang='lat' dir='ltr'>haec</span> <span class='ocrx_word' id='word_1_399' title='bbox 1831 2336 1915 2359; x_wconf 90' lang='lat' dir='ltr'>sen-</span> 
     </span>
     <span class='ocr_line' id='line_1_38' title="bbox 129 2376 1916 2419; baseline 0.001 -11"><span class='ocrx_word' id='word_1_400' title='bbox 129 2378 238 2409; x_wconf 89' lang='lat' dir='ltr'>tentia</span> <span class='ocrx_word' id='word_1_401' title='bbox 262 2378 336 2408; x_wconf 91' lang='lat' dir='ltr'>sine</span> <span class='ocrx_word' id='word_1_402' title='bbox 363 2376 470 2407; x_wconf 89' lang='lat' dir='ltr'>dubio</span> <span class='ocrx_word' id='word_1_403' title='bbox 492 2385 660 2417; x_wconf 75' lang='lat' dir='ltr'>perversa</span> <span class='ocrx_word' id='word_1_404' title='bbox 679 2378 749 2411; x_wconf 86' lang='lat' dir='ltr'>est;</span> <span class='ocrx_word' id='word_1_405' title='bbox 776 2385 859 2408; x_wconf 86' lang='lat' dir='ltr'>nam</span> <span class='ocrx_word' id='word_1_406' title='bbox 876 2376 994 2408; x_wconf 76' lang='lat' dir='ltr'>verbis</span> <span class='ocrx_word' id='word_1_407' title='bbox 1012 2378 1196 2417; x_wconf 79' lang='lat' dir='ltr'>voluptates</span> <span class='ocrx_word' id='word_1_408' title='bbox 1211 2378 1407 2417; x_wconf 64' lang='lat' dir='ltr'>singillatim</span> <span class='ocrx_word' id='word_1_409' title='bbox 1423 2381 1650 2409; x_wconf 66' lang='lat' dir='ltr'>extenuantur</span> <span class='ocrx_word' id='word_1_410' title='bbox 1667 2380 1787 2419; x_wconf 88' lang='lat' dir='ltr'>aperte</span> <span class='ocrx_word' id='word_1_411' title='bbox 1804 2377 1916 2409; x_wconf 87' lang='lat' dir='ltr'>verba</span> 
     </span>
     <span class='ocr_line' id='line_1_39' title="bbox 128 2426 1916 2468; baseline 0 -10"><span class='ocrx_word' id='word_1_412' title='bbox 128 2436 273 2466; x_wconf 79' lang='lat' dir='ltr'>quarum</span> <span class='ocrx_word' id='word_1_413' title='bbox 306 2435 432 2467; x_wconf 71' lang='lat' dir='ltr'>genera</span> <span class='ocrx_word' id='word_1_414' title='bbox 462 2435 527 2457; x_wconf 78' lang='lat' dir='ltr'>non</span> <span class='ocrx_word' id='word_1_415' title='bbox 561 2429 771 2457; x_wconf 79' lang='lat' dir='ltr'>contemnunt</span> <span class='ocrx_word' id='word_1_416' title='bbox 803 2429 1041 2467; x_wconf 90' lang='lat' dir='ltr'>opponuntur.</span> <span class='ocrx_word' id='word_1_417' title='bbox 1080 2428 1201 2467; x_wconf 72' lang='lat' dir='ltr'>Neque</span> <span class='ocrx_word' id='word_1_418' title='bbox 1233 2428 1346 2467; x_wconf 81' lang='lat' dir='ltr'>magis</span> <span class='ocrx_word' id='word_1_419' title='bbox 1377 2435 1463 2458; x_wconf 74' lang='lat' dir='ltr'>vera</span> <span class='ocrx_word' id='word_1_420' title='bbox 1497 2430 1552 2458; x_wconf 89' lang='lat' dir='ltr'>est</span> <span class='ocrx_word' id='word_1_421' title='bbox 1579 2435 1686 2468; x_wconf 90' lang='lat' dir='ltr'>quam</span> <span class='ocrx_word' id='word_1_422' title='bbox 1717 2426 1916 2467; x_wconf 84' lang='lat' dir='ltr'>Tregderus</span> 
     </span>
     <span class='ocr_line' id='line_1_40' title="bbox 130 2476 1914 2518; baseline 0 -10"><span class='ocrx_word' id='word_1_423' title='bbox 130 2476 240 2509; x_wconf 87' lang='lat' dir='ltr'>attulit</span> <span class='ocrx_word' id='word_1_424' title='bbox 264 2476 468 2518; x_wconf 81' lang='lat' dir='ltr'>explicatio:</span> <span class='ocrx_word' id='word_1_425' title='bbox 500 2485 623 2516; x_wconf 65' lang='lat' dir='ltr'>genera</span> <span class='ocrx_word' id='word_1_426' title='bbox 649 2476 792 2516; x_wconf 85' lang='lat' dir='ltr'>quidem</span> <span class='ocrx_word' id='word_1_427' title='bbox 817 2480 1044 2510; x_wconf 78' lang='lat' dir='ltr'>contemnunt,</span> <span class='ocrx_word' id='word_1_428' title='bbox 1078 2478 1099 2508; x_wconf 90' lang='lat' dir='ltr'>i.</span> <span class='ocrx_word' id='word_1_429' title='bbox 1127 2485 1158 2508; x_wconf 88' lang='lat' dir='ltr'>e.</span> <span class='ocrx_word' id='word_1_430' title='bbox 1184 2477 1337 2517; x_wconf 76' lang='lat' dir='ltr'>singulas</span> <span class='ocrx_word' id='word_1_431' title='bbox 1362 2476 1572 2517; x_wconf 81' lang='lat' dir='ltr'>voluptates,</span> <span class='ocrx_word' id='word_1_432' title='bbox 1608 2486 1696 2518; x_wconf 90' lang='lat' dir='ltr'>quas</span> <span class='ocrx_word' id='word_1_433' title='bbox 1720 2480 1914 2517; x_wconf 62' lang='lat' dir='ltr'>eoetenuant,</span> 
     </span>
     <span class='ocr_line' id='line_1_41' title="bbox 129 2526 1915 2568; baseline 0.001 -9"><span class='ocrx_word' id='word_1_434' title='bbox 129 2528 192 2560; x_wconf 90' lang='lat' dir='ltr'>sed</span> <span class='ocrx_word' id='word_1_435' title='bbox 216 2530 381 2568; x_wconf 75' lang='lat' dir='ltr'>quaerant.</span> <span class='ocrx_word' id='word_1_436' title='bbox 404 2527 570 2566; x_wconf 81' lang='lat' dir='ltr'>copiam.»</span> <span class='ocrx_word' id='word_1_437' title='bbox 606 2529 647 2558; x_wconf 83' lang='lat' dir='ltr'>At</span> <span class='ocrx_word' id='word_1_438' title='bbox 673 2527 731 2566; x_wconf 90' lang='lat' dir='ltr'>qui</span> <span class='ocrx_word' id='word_1_439' title='bbox 757 2526 901 2558; x_wconf 88' lang='lat' dir='ltr'>tandem</span> <span class='ocrx_word' id='word_1_440' title='bbox 927 2536 1056 2558; x_wconf 88' lang='lat' dir='ltr'>nomen</span> <span class='ocrx_word' id='word_1_441' title='bbox 1080 2536 1203 2568; x_wconf 63' lang='lat' dir='ltr'>genera</span> <span class='ocrx_word' id='word_1_442' title='bbox 1227 2528 1261 2559; x_wconf 86' lang='lat' dir='ltr'>h.</span> <span class='ocrx_word' id='word_1_443' title='bbox 1281 2527 1302 2559; x_wconf 93' lang='lat' dir='ltr'>l.</span> <span class='ocrx_word' id='word_1_444' title='bbox 1322 2528 1520 2567; x_wconf 80' lang='lat' dir='ltr'>significare</span> <span class='ocrx_word' id='word_1_445' title='bbox 1537 2530 1653 2568; x_wconf 88' lang='lat' dir='ltr'>potest</span> <span class='ocrx_word' id='word_1_446' title='bbox 1672 2529 1805 2568; x_wconf 73' lang='lat' dir='ltr'>species,</span> <span class='ocrx_word' id='word_1_447' title='bbox 1832 2537 1915 2560; x_wconf 84' lang='lat' dir='ltr'>cum</span> 
     </span>
     <span class='ocr_line' id='line_1_42' title="bbox 130 2576 1914 2618; baseline 0.001 -10"><span class='ocrx_word' id='word_1_448' title='bbox 130 2578 286 2618; x_wconf 83' lang='lat' dir='ltr'>proxime</span> <span class='ocrx_word' id='word_1_449' title='bbox 319 2576 507 2608; x_wconf 86' lang='lat' dir='ltr'>antecedat</span> <span class='ocrx_word' id='word_1_450' title='bbox 538 2577 758 2617; x_wconf 67' lang='lat' dir='ltr'>singillatim?</span> <span class='ocrx_word' id='word_1_451' title='bbox 795 2576 876 2608; x_wconf 83' lang='lat' dir='ltr'>Mihi</span> <span class='ocrx_word' id='word_1_452' title='bbox 907 2578 1051 2617; x_wconf 83' lang='lat' dir='ltr'>quidem</span> <span class='ocrx_word' id='word_1_453' title='bbox 1077 2577 1185 2608; x_wconf 71' lang='lat' dir='ltr'>verba</span> <span class='ocrx_word' id='word_1_454' title='bbox 1211 2581 1378 2616; x_wconf 77' lang='lat' dir='ltr'>quaerunt</span> <span class='ocrx_word' id='word_1_455' title='bbox 1408 2581 1517 2608; x_wconf 80' lang='lat' dir='ltr'>tamen</span> <span class='ocrx_word' id='word_1_456' title='bbox 1549 2578 1678 2617; x_wconf 75' lang='lat' dir='ltr'>copiam</span> <span class='ocrx_word' id='word_1_457' title='bbox 1702 2586 1771 2609; x_wconf 90' lang='lat' dir='ltr'>non</span> <span class='ocrx_word' id='word_1_458' title='bbox 1795 2578 1914 2610; x_wconf 75' lang='lat' dir='ltr'>verbis</span> 
     </span>
     <span class='ocr_line' id='line_1_43' title="bbox 132 2626 1915 2669; baseline 0 -11"><span class='ocrx_word' id='word_1_459' title='bbox 132 2635 274 2666; x_wconf 82' lang='lat' dir='ltr'>quarum</span> <span class='ocrx_word' id='word_1_460' title='bbox 296 2636 420 2667; x_wconf 69' lang='lat' dir='ltr'>ymera</span> <span class='ocrx_word' id='word_1_461' title='bbox 444 2636 508 2658; x_wconf 80' lang='lat' dir='ltr'>non</span> <span class='ocrx_word' id='word_1_462' title='bbox 532 2630 761 2664; x_wconf 79' lang='lat' dir='ltr'>contemnunt,</span> <span class='ocrx_word' id='word_1_463' title='bbox 796 2626 859 2658; x_wconf 85' lang='lat' dir='ltr'>sed</span> <span class='ocrx_word' id='word_1_464' title='bbox 884 2626 1004 2658; x_wconf 77' lang='lat' dir='ltr'>verbis</span> <span class='ocrx_word' id='word_1_465' title='bbox 1029 2636 1150 2667; x_wconf 82' lang='lat' dir='ltr'>eaeque</span> <span class='ocrx_word' id='word_1_466' title='bbox 1172 2628 1359 2667; x_wconf 79' lang='lat' dir='ltr'>voluptates</span> <span class='ocrx_word' id='word_1_467' title='bbox 1382 2628 1578 2668; x_wconf 68' lang='lat' dir='ltr'>singillatim</span> <span class='ocrx_word' id='word_1_468' title='bbox 1600 2630 1826 2659; x_wconf 60' lang='lat' dir='ltr'>extenuantur</span> <span class='ocrx_word' id='word_1_469' title='bbox 1849 2637 1915 2669; x_wconf 86' lang='lat' dir='ltr'>op-</span> 
     </span>
     <span class='ocr_line' id='line_1_44' title="bbox 131 2676 1914 2719; baseline 0.001 -11"><span class='ocrx_word' id='word_1_470' title='bbox 131 2677 244 2717; x_wconf 87' lang='lat' dir='ltr'>posita</span> <span class='ocrx_word' id='word_1_471' title='bbox 269 2677 446 2713; x_wconf 74' lang='lat' dir='ltr'>videntur,</span> <span class='ocrx_word' id='word_1_472' title='bbox 474 2679 510 2708; x_wconf 87' lang='lat' dir='ltr'>ut</span> <span class='ocrx_word' id='word_1_473' title='bbox 533 2677 622 2708; x_wconf 85' lang='lat' dir='ltr'>haec</span> <span class='ocrx_word' id='word_1_474' title='bbox 648 2678 690 2708; x_wconf 84' lang='lat' dir='ltr'>sit</span> <span class='ocrx_word' id='word_1_475' title='bbox 713 2678 905 2708; x_wconf 82' lang='lat' dir='ltr'>sententia:</span> <span class='ocrx_word' id='word_1_476' title='bbox 934 2678 997 2708; x_wconf 84' lang='lat' dir='ltr'>etsi</span> <span class='ocrx_word' id='word_1_477' title='bbox 1016 2677 1177 2717; x_wconf 79' lang='lat' dir='ltr'>Epicurei</span> <span class='ocrx_word' id='word_1_478' title='bbox 1196 2686 1254 2708; x_wconf 85' lang='lat' dir='ltr'>eas</span> <span class='ocrx_word' id='word_1_479' title='bbox 1273 2676 1483 2718; x_wconf 70' lang='lat' dir='ltr'>voluptates,</span> <span class='ocrx_word' id='word_1_480' title='bbox 1511 2686 1661 2717; x_wconf 91' lang='lat' dir='ltr'>quarum</span> <span class='ocrx_word' id='word_1_481' title='bbox 1683 2686 1812 2717; x_wconf 84' lang='lat' dir='ltr'>genera</span> <span class='ocrx_word' id='word_1_482' title='bbox 1837 2679 1914 2719; x_wconf 83' lang='lat' dir='ltr'>ipsa</span> 
     </span>
     <span class='ocr_line' id='line_1_45' title="bbox 130 2726 1913 2768; baseline 0.002 -11"><span class='ocrx_word' id='word_1_483' title='bbox 130 2726 256 2767; x_wconf 79' lang='lat' dir='ltr'>(Arcen)</span> <span class='ocrx_word' id='word_1_484' title='bbox 282 2736 353 2759; x_wconf 92' lang='lat' dir='ltr'>non</span> <span class='ocrx_word' id='word_1_485' title='bbox 371 2730 614 2765; x_wconf 82' lang='lat' dir='ltr'>contemnunt,</span> <span class='ocrx_word' id='word_1_486' title='bbox 641 2726 794 2766; x_wconf 77' lang='lat' dir='ltr'>singulas</span> <span class='ocrx_word' id='word_1_487' title='bbox 811 2728 1019 2763; x_wconf 78' lang='lat' dir='ltr'>extenuant,</span> <span class='ocrx_word' id='word_1_488' title='bbox 1047 2729 1163 2758; x_wconf 84' lang='lat' dir='ltr'>tamen</span> <span class='ocrx_word' id='word_1_489' title='bbox 1182 2727 1397 2767; x_wconf 78' lang='lat' dir='ltr'>singularum</span> <span class='ocrx_word' id='word_1_490' title='bbox 1415 2727 1634 2768; x_wconf 78' lang='lat' dir='ltr'>voluptatum</span> <span class='ocrx_word' id='word_1_491' title='bbox 1652 2727 1913 2760; x_wconf 85' lang='lat' dir='ltr'>multitudinem</span> 
     </span>
     <span class='ocr_line' id='line_1_46' title="bbox 133 2776 1915 2819; baseline 0.001 -11"><span class='ocrx_word' id='word_1_492' title='bbox 133 2777 178 2808; x_wconf 85' lang='lat' dir='ltr'>ita</span> <span class='ocrx_word' id='word_1_493' title='bbox 202 2779 388 2818; x_wconf 86' lang='lat' dir='ltr'>quaerunt,</span> <span class='ocrx_word' id='word_1_494' title='bbox 414 2780 453 2809; x_wconf 84' lang='lat' dir='ltr'>ut</span> <span class='ocrx_word' id='word_1_495' title='bbox 477 2787 517 2809; x_wconf 74' lang='lat' dir='ltr'>ex</span> <span class='ocrx_word' id='word_1_496' title='bbox 543 2779 583 2809; x_wconf 90' lang='lat' dir='ltr'>iis</span> <span class='ocrx_word' id='word_1_497' title='bbox 607 2778 826 2819; x_wconf 81' lang='lat' dir='ltr'>perpetuitas</span> <span class='ocrx_word' id='word_1_498' title='bbox 851 2777 1027 2817; x_wconf 86' lang='lat' dir='ltr'>quaedam</span> <span class='ocrx_word' id='word_1_499' title='bbox 1045 2776 1232 2818; x_wconf 71' lang='lat' dir='ltr'>voluptatis</span> <span class='ocrx_word' id='word_1_500' title='bbox 1250 2778 1395 2808; x_wconf 81' lang='lat' dir='ltr'>exsistat</span> <span class='ocrx_word' id='word_1_501' title='bbox 1413 2778 1441 2817; x_wconf 50' lang='lat' dir='ltr'>gg</span> <span class='ocrx_word' id='word_1_502' title='bbox 1460 2776 1526 2815; x_wconf 82' lang='lat'><strong>95).</strong></span> <span class='ocrx_word' id='word_1_503' title='bbox 1565 2776 1665 2814; x_wconf 87' lang='lat' dir='ltr'>Quod</span> <span class='ocrx_word' id='word_1_504' title='bbox 1690 2778 1809 2808; x_wconf 88' lang='lat' dir='ltr'>autem</span> <span class='ocrx_word' id='word_1_505' title='bbox 1834 2779 1915 2818; x_wconf 86' lang='lat' dir='ltr'>post</span> 
     </span>
     <span class='ocr_line' id='line_1_47' title="bbox 133 2826 1914 2868; baseline 0 -10"><span class='ocrx_word' id='word_1_506' title='bbox 133 2828 310 2867; x_wconf 86' lang='lat' dir='ltr'>passivum</span> <span class='ocrx_word' id='word_1_507' title='bbox 334 2831 561 2859; x_wconf 76' lang='lat' dir='ltr'>eaetenuantur</span> <span class='ocrx_word' id='word_1_508' title='bbox 584 2836 653 2859; x_wconf 89' lang='lat' dir='ltr'>non</span> <span class='ocrx_word' id='word_1_509' title='bbox 679 2829 836 2868; x_wconf 79' lang='lat' dir='ltr'>pergitur</span> <span class='ocrx_word' id='word_1_510' title='bbox 859 2829 1036 2866; x_wconf 72' lang='lat' dir='ltr'>quaeritur</span> <span class='ocrx_word' id='word_1_511' title='bbox 1059 2831 1168 2858; x_wconf 84' lang='lat' dir='ltr'>tamen</span> <span class='ocrx_word' id='word_1_512' title='bbox 1192 2828 1307 2867; x_wconf 77' lang='lat' dir='ltr'>copia,</span> <span class='ocrx_word' id='word_1_513' title='bbox 1334 2828 1370 2858; x_wconf 81' lang='lat' dir='ltr'>id</span> <span class='ocrx_word' id='word_1_514' title='bbox 1395 2836 1436 2858; x_wconf 91' lang='lat' dir='ltr'>eo</span> <span class='ocrx_word' id='word_1_515' title='bbox 1454 2827 1570 2858; x_wconf 90' lang='lat' dir='ltr'>minus</span> <span class='ocrx_word' id='word_1_516' title='bbox 1587 2826 1772 2858; x_wconf 79' lang='lat' dir='ltr'>offensioni</span> <span class='ocrx_word' id='word_1_517' title='bbox 1796 2828 1914 2867; x_wconf 85' lang='lat' dir='ltr'>potest</span> 
     </span>
     <span class='ocr_line' id='line_1_48' title="bbox 131 2876 1911 2918; baseline 0.001 -11"><span class='ocrx_word' id='word_1_518' title='bbox 131 2884 221 2914; x_wconf 88' lang='lat' dir='ltr'>esse,</span> <span class='ocrx_word' id='word_1_519' title='bbox 247 2876 341 2917; x_wconf 91' lang='lat' dir='ltr'>quod</span> <span class='ocrx_word' id='word_1_520' title='bbox 367 2878 436 2909; x_wconf 88' lang='lat' dir='ltr'>iam</span> <span class='ocrx_word' id='word_1_521' title='bbox 461 2878 494 2909; x_wconf 86' lang='lat' dir='ltr'>in</span> <span class='ocrx_word' id='word_1_522' title='bbox 519 2878 758 2909; x_wconf 86' lang='lat' dir='ltr'>enuntiatione</span> <span class='ocrx_word' id='word_1_523' title='bbox 784 2878 993 2908; x_wconf 87' lang='lat' dir='ltr'>secundaria</span> <span class='ocrx_word' id='word_1_524' title='bbox 1018 2885 1163 2915; x_wconf 78' lang='lat' dir='ltr'>quarum</span> <span class='ocrx_word' id='word_1_525' title='bbox 1197 2887 1228 2918; x_wconf 80' lang='lat'>9.</span> <span class='ocrx_word' id='word_1_526' title='bbox 1255 2887 1321 2909; x_wconf 77' lang='lat' dir='ltr'>non</span> <span class='ocrx_word' id='word_1_527' title='bbox 1344 2880 1554 2908; x_wconf 82' lang='lat' dir='ltr'>contemnunt</span> <span class='ocrx_word' id='word_1_528' title='bbox 1578 2877 1731 2908; x_wconf 87' lang='lat' dir='ltr'>activum</span> <span class='ocrx_word' id='word_1_529' title='bbox 1757 2877 1911 2917; x_wconf 85' lang='lat' dir='ltr'>positum</span> 
     </span>
     <span class='ocr_line' id='line_1_49' title="bbox 131 2925 1912 2966; baseline 0 -9"><span class='ocrx_word' id='word_1_530' title='bbox 131 2927 216 2958; x_wconf 76' lang='lat' dir='ltr'>est.»</span> <span class='ocrx_word' id='word_1_531' title='bbox 241 2927 411 2959; x_wconf 69' lang='lat' dir='ltr'>Knfiasiza.</span> <span class='ocrx_word' id='word_1_532' title='bbox 441 2945 477 2949; x_wconf 97' lang='lat'><strong>—</strong></span> <span class='ocrx_word' id='word_1_533' title='bbox 505 2929 557 2959; x_wconf 73' lang='lat'>47.</span> <span class='ocrx_word' id='word_1_534' title='bbox 583 2937 653 2958; x_wconf 82' lang='lat' dir='ltr'>una</span> <span class='ocrx_word' id='word_1_535' title='bbox 678 2931 707 2959; x_wconf 84' lang='lat' dir='ltr'>et</span> <span class='ocrx_word' id='word_1_536' title='bbox 730 2928 883 2958; x_wconf 79' lang='lat' dir='ltr'>obscenas</span> <span class='ocrx_word' id='word_1_537' title='bbox 905 2928 1155 2958; x_wconf 76' lang='lat' dir='ltr'>votztntates--</span> <span class='ocrx_word' id='word_1_538' title='bbox 1172 2927 1267 2958; x_wconf 78' lang='lat' dir='ltr'>habet</span> <span class='ocrx_word' id='word_1_539' title='bbox 1291 2927 1398 2957; x_wconf 83' lang='lat' dir='ltr'>oratio</span> <span class='ocrx_word' id='word_1_540' title='bbox 1423 2926 1555 2957; x_wconf 78' lang='lat' dir='ltr'>Nonius</span> <span class='ocrx_word' id='word_1_541' title='bbox 1580 2934 1613 2966; x_wconf 86' lang='lat' dir='ltr'>p.</span> <span class='ocrx_word' id='word_1_542' title='bbox 1634 2925 1708 2957; x_wconf 84' lang='lat'><strong>357.</strong></span> <span class='ocrx_word' id='word_1_543' title='bbox 1739 2944 1772 2950; x_wconf 94' lang='lat'><strong>—</strong></span> <span class='ocrx_word' id='word_1_544' title='bbox 1802 2930 1832 2958; x_wconf 79' lang='lat' dir='ltr'>et</span> <span class='ocrx_word' id='word_1_545' title='bbox 1853 2926 1912 2957; x_wconf 91' lang='lat' dir='ltr'>ob-</span> 
     </span>
     <span class='ocr_line' id='line_1_50' title="bbox 132 2974 1910 3017; baseline 0.003 -12"><span class='ocrx_word' id='word_1_546' title='bbox 132 2975 253 3016; x_wconf 80' lang='lat' dir='ltr'>scenas]</span> <span class='ocrx_word' id='word_1_547' title='bbox 280 2976 516 3015; x_wconf 61' lang='lat' dir='ltr'>«munerum,</span> <span class='ocrx_word' id='word_1_548' title='bbox 544 2977 599 3008; x_wconf 86' lang='lat' dir='ltr'>cui</span> <span class='ocrx_word' id='word_1_549' title='bbox 624 2980 653 3008; x_wconf 81' lang='lat' dir='ltr'>et</span> <span class='ocrx_word' id='word_1_550' title='bbox 678 2979 731 3008; x_wconf 88' lang='lat' dir='ltr'>est</span> <span class='ocrx_word' id='word_1_551' title='bbox 755 2978 866 3013; x_wconf 77' lang='lat' dir='ltr'>etiam,</span> <span class='ocrx_word' id='word_1_552' title='bbox 893 2976 975 3008; x_wconf 89' lang='lat' dir='ltr'>illud</span> <span class='ocrx_word' id='word_1_553' title='bbox 1000 2977 1172 3008; x_wconf 88' lang='lat' dir='ltr'>monitum</span> <span class='ocrx_word' id='word_1_554' title='bbox 1189 2975 1280 3014; x_wconf 84' lang='lat' dir='ltr'>volo,</span> <span class='ocrx_word' id='word_1_555' title='bbox 1308 2976 1326 3016; x_wconf 64' lang='lat' dir='ltr'>g</span> <span class='ocrx_word' id='word_1_556' title='bbox 1352 2977 1391 3007; x_wconf 74' lang='lat'>97</span> <span class='ocrx_word' id='word_1_557' title='bbox 1417 2977 1496 3016; x_wconf 89' lang='lat' dir='ltr'>post</span> <span class='ocrx_word' id='word_1_558' title='bbox 1519 2974 1657 3015; x_wconf 82' lang='lat' dir='ltr'>longam</span> <span class='ocrx_word' id='word_1_559' title='bbox 1681 2976 1910 3017; x_wconf 86' lang='lat' dir='ltr'>parenthesin</span> 
     </span>
     <span class='ocr_line' id='line_1_51' title="bbox 135 3026 1909 3066; baseline 0.002 -11"><span class='ocrx_word' id='word_1_560' title='bbox 135 3032 195 3064; x_wconf 90' lang='lat' dir='ltr'>pro</span> <span class='ocrx_word' id='word_1_561' title='bbox 218 3027 253 3056; x_wconf 82' lang='lat' dir='ltr'>et</span> <span class='ocrx_word' id='word_1_562' title='bbox 275 3026 523 3065; x_wconf 70' lang='lat' dir='ltr'>maynificentia</span> <span class='ocrx_word' id='word_1_563' title='bbox 545 3030 758 3065; x_wconf 77' lang='lat' dir='ltr'>sumptusque</span> <span class='ocrx_word' id='word_1_564' title='bbox 782 3027 958 3065; x_wconf 81' lang='lat' dir='ltr'>epularum</span> <span class='ocrx_word' id='word_1_565' title='bbox 974 3030 1176 3057; x_wconf 55' lang='lat' dir='ltr'>eit-tenuatur</span> <span class='ocrx_word' id='word_1_566' title='bbox 1192 3026 1324 3058; x_wconf 83' lang='lat' dir='ltr'>dictum</span> <span class='ocrx_word' id='word_1_567' title='bbox 1344 3034 1421 3057; x_wconf 83' lang='lat' dir='ltr'>esse</span> <span class='ocrx_word' id='word_1_568' title='bbox 1440 3027 1544 3064; x_wconf 79' lang='lat' dir='ltr'>Atque</span> <span class='ocrx_word' id='word_1_569' title='bbox 1559 3026 1608 3057; x_wconf 83' lang='lat' dir='ltr'>his</span> <span class='ocrx_word' id='word_1_570' title='bbox 1623 3026 1747 3058; x_wconf 81' lang='lat' dir='ltr'>similia</span> <span class='ocrx_word' id='word_1_571' title='bbox 1762 3044 1781 3049; x_wconf 89' lang='lat'>-</span> <span class='ocrx_word' id='word_1_572' title='bbox 1793 3044 1810 3049; x_wconf 95' lang='lat'><em>-</em></span> <span class='ocrx_word' id='word_1_573' title='bbox 1827 3036 1909 3066; x_wconf 82' lang='lat' dir='ltr'>epu-</span> 
     </span>
     <span class='ocr_line' id='line_1_52' title="bbox 134 3072 1906 3117; baseline 0.002 -13"><span class='ocrx_word' id='word_1_574' title='bbox 134 3072 254 3104; x_wconf 79' lang='lat' dir='ltr'>larum.</span> <span class='ocrx_word' id='word_1_575' title='bbox 287 3074 338 3105; x_wconf 78' lang='lat' dir='ltr'>Cf.</span> <span class='ocrx_word' id='word_1_576' title='bbox 356 3074 495 3115; x_wconf 75' lang='lat' dir='ltr'>Madvig</span> <span class='ocrx_word' id='word_1_577' title='bbox 519 3075 563 3106; x_wconf 89' lang='lat' dir='ltr'>de</span> <span class='ocrx_word' id='word_1_578' title='bbox 589 3076 660 3107; x_wconf 81' lang='lat' dir='ltr'>Fin.</span> <span class='ocrx_word' id='word_1_579' title='bbox 688 3085 721 3117; x_wconf 90' lang='lat' dir='ltr'>p.</span> <span class='ocrx_word' id='word_1_580' title='bbox 742 3075 803 3106; x_wconf 75' lang='lat'>790</span> <span class='ocrx_word' id='word_1_581' title='bbox 822 3084 874 3116; x_wconf 90' lang='lat' dir='ltr'>sq.</span> <span class='ocrx_word' id='word_1_582' title='bbox 902 3076 964 3107; x_wconf 72' lang='lat'>802</span> <span class='ocrx_word' id='word_1_583' title='bbox 986 3084 1062 3116; x_wconf 85' lang='lat' dir='ltr'>sq.»</span> <span class='ocrx_word' id='word_1_584' title='bbox 1089 3076 1142 3107; x_wconf 82' lang='lat' dir='ltr'>W.</span> <span class='ocrx_word' id='word_1_585' title='bbox 1174 3095 1209 3098; x_wconf 96' lang='lat'><strong>—</strong></span> <span class='ocrx_word' id='word_1_586' title='bbox 1243 3076 1296 3106; x_wconf 66' lang='lat' dir='ltr'>v20.</span> <span class='ocrx_word' id='word_1_587' title='bbox 1323 3074 1364 3105; x_wconf 80' lang='lat' dir='ltr'>ab</span> <span class='ocrx_word' id='word_1_588' title='bbox 1387 3074 1500 3113; x_wconf 79' lang='lat' dir='ltr'>hisque</span> <span class='ocrx_word' id='word_1_589' title='bbox 1524 3075 1548 3107; x_wconf 97' lang='lat' dir='ltr'>C</span> <span class='ocrx_word' id='word_1_590' title='bbox 1577 3092 1612 3098; x_wconf 93' lang='lat'>—</span> <span class='ocrx_word' id='word_1_591' title='bbox 1649 3075 1800 3107; x_wconf 78' lang='lat' dir='ltr'>ualitudo</span> <span class='ocrx_word' id='word_1_592' title='bbox 1822 3075 1856 3107; x_wconf 91' lang='lat' dir='ltr'>h.</span> <span class='ocrx_word' id='word_1_593' title='bbox 1883 3075 1906 3108; x_wconf 91' lang='lat' dir='ltr'>l.</span> 
     </span>
     <span class='ocr_line' id='line_1_53' title="bbox 137 3122 1908 3167; baseline 0.003 -14"><span class='ocrx_word' id='word_1_594' title='bbox 137 3122 202 3154; x_wconf 88' lang='lat' dir='ltr'>GR</span> <span class='ocrx_word' id='word_1_595' title='bbox 220 3139 255 3145; x_wconf 86' lang='lat'>—</span> <span class='ocrx_word' id='word_1_596' title='bbox 281 3123 335 3155; x_wconf 73' lang='lat'>⁶24.</span> <span class='ocrx_word' id='word_1_597' title='bbox 355 3126 534 3164; x_wconf 78' lang='lat' dir='ltr'>optandam</span> <span class='ocrx_word' id='word_1_598' title='bbox 558 3126 775 3165; x_wconf 67' lang='lat' dir='ltr'>eoepetendam</span> <span class='ocrx_word' id='word_1_599' title='bbox 797 3128 885 3164; x_wconf 81' lang='lat' dir='ltr'>putet</span> <span class='ocrx_word' id='word_1_600' title='bbox 904 3126 947 3157; x_wconf 76' lang='lat' dir='ltr'>C:</span> <span class='ocrx_word' id='word_1_601' title='bbox 975 3126 1155 3163; x_wconf 77' lang='lat' dir='ltr'>optandam</span> <span class='ocrx_word' id='word_1_602' title='bbox 1173 3123 1413 3165; x_wconf 64' lang='lat' dir='ltr'>[expetendam]</span> <span class='ocrx_word' id='word_1_603' title='bbox 1434 3127 1526 3163; x_wconf 78' lang='lat' dir='ltr'>putet</span> <span class='ocrx_word' id='word_1_604' title='bbox 1542 3124 1748 3163; x_wconf 84' lang='lat' dir='ltr'>Kiihnerus;</span> <span class='ocrx_word' id='word_1_605' title='bbox 1775 3125 1908 3167; x_wconf 82' lang='lat' dir='ltr'>[optan-</span> 
     </span>
     <span class='ocr_line' id='line_1_54' title="bbox 137 3171 1904 3216; baseline 0.003 -14"><span class='ocrx_word' id='word_1_606' title='bbox 137 3171 223 3212; x_wconf 84' lang='lat' dir='ltr'>dam]</span> <span class='ocrx_word' id='word_1_607' title='bbox 253 3174 468 3212; x_wconf 70' lang='lat' dir='ltr'>expetendam</span> <span class='ocrx_word' id='word_1_608' title='bbox 493 3178 586 3214; x_wconf 78' lang='lat' dir='ltr'>putet</span> <span class='ocrx_word' id='word_1_609' title='bbox 615 3174 826 3214; x_wconf 70' lang='lat' dir='ltr'>Tregdcrus.</span> <span class='ocrx_word' id='word_1_610' title='bbox 861 3174 1022 3206; x_wconf 76' lang='lat' dir='ltr'>«Excidit</span> <span class='ocrx_word' id='word_1_611' title='bbox 1046 3176 1160 3216; x_wconf 87' lang='lat' dir='ltr'>potius</span> <span class='ocrx_word' id='word_1_612' title='bbox 1185 3184 1216 3216; x_wconf 80' lang='lat' dir='ltr'>q.</span> <span class='ocrx_word' id='word_1_613' title='bbox 1244 3177 1323 3205; x_wconf 84' lang='lat' dir='ltr'>ante</span> <span class='ocrx_word' id='word_1_614' title='bbox 1348 3182 1502 3214; x_wconf 88' lang='lat' dir='ltr'>sequens</span> <span class='ocrx_word' id='word_1_615' title='bbox 1524 3184 1547 3214; x_wconf 85' lang='lat' dir='ltr'>p</span> <span class='ocrx_word' id='word_1_616' title='bbox 1571 3176 1631 3206; x_wconf 87' lang='lat' dir='ltr'>aut</span> <span class='ocrx_word' id='word_1_617' title='bbox 1653 3179 1682 3206; x_wconf 77' lang='lat' dir='ltr'>et</span> <span class='ocrx_word' id='word_1_618' title='bbox 1706 3178 1786 3207; x_wconf 88' lang='lat' dir='ltr'>ante</span> <span class='ocrx_word' id='word_1_619' title='bbox 1811 3184 1904 3216; x_wconf 54' lang='lat' dir='ltr'>exa,</span> 
     </span>
     <span class='ocr_line' id='line_1_55' title="bbox 139 3220 1905 3267; baseline 0.005 -16"><span class='ocrx_word' id='word_1_620' title='bbox 139 3227 243 3259; x_wconf 87' lang='lat' dir='ltr'>quam</span> <span class='ocrx_word' id='word_1_621' title='bbox 266 3220 427 3254; x_wconf 88' lang='lat' dir='ltr'>librarius</span> <span class='ocrx_word' id='word_1_622' title='bbox 452 3225 640 3264; x_wconf 83' lang='lat' dir='ltr'>quisquam</span> <span class='ocrx_word' id='word_1_623' title='bbox 666 3225 844 3256; x_wconf 84' lang='lat' dir='ltr'>tritissimo</span> <span class='ocrx_word' id='word_1_624' title='bbox 869 3224 1041 3256; x_wconf 73' lang='lat' dir='ltr'>vocabulo</span> <span class='ocrx_word' id='word_1_625' title='bbox 1064 3228 1171 3265; x_wconf 57' lang='lat' dir='ltr'>eaepet.</span> <span class='ocrx_word' id='word_1_626' title='bbox 1199 3224 1374 3265; x_wconf 77' lang='lat' dir='ltr'>glossema</span> <span class='ocrx_word' id='word_1_627' title='bbox 1391 3224 1596 3256; x_wconf 87' lang='lat' dir='ltr'>ascriberet.</span> <span class='ocrx_word' id='word_1_628' title='bbox 1629 3226 1680 3257; x_wconf 91' lang='lat' dir='ltr'>De</span> <span class='ocrx_word' id='word_1_629' title='bbox 1696 3226 1905 3267; x_wconf 81' lang='lat' dir='ltr'>synonymis</span> 
     </span>
     <span class='ocr_line' id='line_1_56' title="bbox 139 3272 1648 3316; baseline 0.005 -15"><span class='ocrx_word' id='word_1_630' title='bbox 139 3272 251 3310; x_wconf 77' lang='lat' dir='ltr'>optare</span> <span class='ocrx_word' id='word_1_631' title='bbox 273 3273 308 3303; x_wconf 87' lang='lat' dir='ltr'>et</span> <span class='ocrx_word' id='word_1_632' title='bbox 331 3276 481 3313; x_wconf 62' lang='lat' dir='ltr'>apetere</span> <span class='ocrx_word' id='word_1_633' title='bbox 505 3273 549 3307; x_wconf 83' lang='lat' dir='ltr'>cf.</span> <span class='ocrx_word' id='word_1_634' title='bbox 576 3273 620 3306; x_wconf 90' lang='lat' dir='ltr'>de</span> <span class='ocrx_word' id='word_1_635' title='bbox 645 3274 738 3306; x_wconf 87' lang='lat' dir='ltr'>Orat.</span> <span class='ocrx_word' id='word_1_636' title='bbox 764 3275 789 3313; x_wconf 86' lang='lat'>1,</span> <span class='ocrx_word' id='word_1_637' title='bbox 816 3274 891 3307; x_wconf 72' lang='lat'>⁶22⁴.</span> <span class='ocrx_word' id='word_1_638' title='bbox 918 3275 953 3307; x_wconf 86' lang='lat' dir='ltr'>in</span> <span class='ocrx_word' id='word_1_639' title='bbox 976 3275 1090 3307; x_wconf 90' lang='lat' dir='ltr'>Pison.</span> <span class='ocrx_word' id='word_1_640' title='bbox 1117 3275 1137 3316; x_wconf 65' lang='grc' dir='ltr'><strong>ἓ</strong></span> <span class='ocrx_word' id='word_1_641' title='bbox 1163 3275 1214 3307; x_wconf 78' lang='lat'>32.</span> <span class='ocrx_word' id='word_1_642' title='bbox 1242 3275 1285 3306; x_wconf 87' lang='lat' dir='ltr'>de</span> <span class='ocrx_word' id='word_1_643' title='bbox 1310 3275 1383 3307; x_wconf 75' lang='lat' dir='ltr'>fin.</span> <span class='ocrx_word' id='word_1_644' title='bbox 1407 3275 1465 3314; x_wconf 88' lang='lat' dir='ltr'>III,</span> <span class='ocrx_word' id='word_1_645' title='bbox 1490 3274 1567 3308; x_wconf 80' lang='lat'>46.»</span> <span class='ocrx_word' id='word_1_646' title='bbox 1592 3275 1648 3308; x_wconf 92' lang='lat' dir='ltr'>W.</span> 
     </span>
    </p>
   </div>
  </div>
 </body>
</html>
