2249 3624
369 152 450 194 ‘27⁶2
801 154 1230 195 TUSCULANARUM
1259 154 1693 196 DISPUTATIONUM

368 261 491 301 mnici
524 260 806 306 nominantur,
840 273 1013 312 magnus
1044 260 1179 299 honos
1211 260 1281 307 sit,
1312 260 1474 300 nullum
1506 261 1555 300 ab
1588 260 1658 308 iis,
1692 260 1762 314 qui
1785 260 1826 300 in
1849 260 1891 300 id
1914 266 2124 302 certamen

368 325 645 370 descendant,
684 322 856 361 devitari
897 321 1115 361 dolorem?
1157 322 1265 375 apud
1306 336 1412 376 quos
1455 328 1593 362 autem
1628 323 1806 362 venandi
1839 329 1880 362 et
1911 325 2128 377 equitandi

368 387 458 426 laus
491 387 620 439 viget,
654 385 724 437 qui
758 384 862 423 hanc
895 389 1112 436 petessunt
1143 385 1301 424 nullum
1333 384 1500 437 fugiunt
1521 384 1721 425 dolorem.
1767 384 1877 433 Quid
1902 387 1952 426 de
1975 387 2128 427 nostris

367 448 685 493 ambitionibus,
719 446 816 499 quid
850 445 900 485 de
933 446 1161 498 cupiditate
1183 447 1386 487 honorum
1411 447 1590 500 loquar?
1623 461 1730 501 quae
1753 447 1917 488 flamma
1941 454 2023 497 est,
2057 462 2129 502 per

335 520 489 564 5quam
535 524 615 550 non
655 513 929 548 cucurrerunt
971 508 1021 552 ii,
1063 510 1133 561 qui
1170 509 1273 549 haec
1305 510 1401 549 olim
1441 510 1605 562 punctis
1638 510 1813 562 singulis
1845 511 2128 564 colligebant?

367 576 508 627 ltaque
540 585 703 624 semper
733 570 954 610 Africanus
987 571 1244 610 Socraticum
1277 571 1598 624 Xenophontem
1633 571 1673 610 in
1707 572 1896 612 manibus
1927 573 2128 620 habebat,

366 637 486 676 cuius
517 636 557 674 in
591 634 731 688 primis
765 632 957 672 laudabat
988 633 1113 680 illud,
1152 634 1265 687 quod
1298 634 1452 673 diceret
1484 633 1653 672 eosdem
1684 633 1848 674 labores
1882 648 1964 674 non
1997 648 2130 687 aeque

366 699 501 752 gravis
529 710 619 736 esse
642 696 879 748 imperatori
907 701 947 735 et
969 696 1108 742 militi,
1144 696 1255 748 quod
1278 696 1367 749 ipse
1391 695 1525 734 bonos
1548 695 1731 735 laborem
1755 696 1952 736 leviorem
1975 696 2132 736 faceret

366 760 687 813 imperatorium.
737 756 802 798 63.
848 758 928 797 Sed
976 764 1113 798 tamen
1158 759 1236 797 hoc
1278 758 1435 804 evenit,
1480 762 1525 796 ut
1564 757 1606 796 in
1650 758 1793 810 volgus
1833 759 2126 812 insipientium

316 831 351 860 40
367 822 510 875 opinio
542 821 676 860 valeat
705 820 955 868 honestatis,
988 835 1080 860 cum
1113 820 1245 873 ipsam
1278 820 1417 859 videre
1450 833 1532 858 non
1565 820 1737 872 possint.
1784 821 1928 874 Itaque
1962 820 2069 861 fama
2093 826 2133 861 et

367 883 644 925 multitudinis
676 882 831 922 iudicio
866 888 1105 929 moventur,
1137 896 1229 922 eum
1261 881 1301 920 id
1334 882 1556 920 honestum
1590 886 1756 934 putent,
1793 883 1906 936 quod
1937 896 1959 922 a
1987 883 2133 936 pleris-

366 959 445 1000 que
477 945 682 985 laudetur.
737 946 794 983 Te
835 951 991 992 autem,
1034 945 1067 984 si
1108 945 1149 983 in
1182 944 1315 983 oculis
1356 944 1412 983 sis
1444 943 1743 990 multitudinis,
1776 949 1914 984 tamen
1947 946 2038 985 eius
2070 947 2133 985 iu-

367 1008 473 1048 dicio
506 1013 612 1047 stare
643 1007 771 1047 nolim
804 1020 880 1046 nec
914 1007 1025 1059 quod
1067 1007 1138 1046 illa
1170 1011 1286 1059 putet
1316 1005 1424 1045 idem
1468 1011 1611 1058 putare
1652 1006 1990 1058 pulcherrimum.
2043 1009 2132 1048 Tuo

367 1071 439 1111 tibi
473 1070 625 1109 iudicio
658 1074 720 1108 est
750 1069 974 1108 utendum:
1008 1069 1081 1108 tibi
1114 1069 1148 1108 si
1180 1074 1290 1108 recta
1323 1068 1512 1121 probanti
1548 1068 1750 1120 placebis,
1783 1075 1869 1108 tum
1902 1083 1984 1109 non
2010 1070 2131 1109 modo

318 1143 352 1172 15
369 1139 449 1173 tete
474 1133 636 1178 viceris,
669 1131 778 1185 quod
807 1132 931 1184 paulo
955 1137 1050 1171 ante
1086 1131 1408 1184 praecipiebam,
1441 1130 1513 1170 sed
1537 1131 1671 1170 omnis
1695 1136 1735 1170 et
1756 1132 1908 1172 omnia.
1956 1131 2022 1171 64.
2045 1132 2133 1171 Hoc

368 1197 493 1249 igitur
524 1195 597 1234 tibi
631 1207 838 1246 propone:
871 1193 1183 1246 amplitudinem
1215 1192 1342 1232 animi
1375 1198 1414 1232 et
1450 1192 1569 1246 quasi
1603 1193 1811 1245 quandam
1844 1195 2134 1248 exaggeratio-

368 1273 461 1298 nem
509 1271 632 1311 quam
675 1257 919 1295 altissimam
956 1252 1139 1309 [animi],
1181 1268 1288 1308 quae
1329 1256 1509 1295 maxime
1550 1255 1705 1294 eminet
1744 1258 2062 1297 contemnendis
2095 1262 2135 1297 et

369 1319 649 1373 despiciendis
692 1319 923 1365 doloribus,
971 1332 1093 1358 unam
1136 1331 1227 1357 esse
1267 1317 1450 1357 omnium
1497 1332 1581 1357 rem
1629 1317 1951 1370 pulcherrimam
1996 1333 2134 1373 eoque

369 1382 662 1438 pulchriorem,
695 1381 726 1420 si
761 1386 876 1420 vacet
908 1381 1064 1434 populo
1097 1394 1234 1433 neque
1268 1380 1457 1432 plausum
1492 1386 1663 1433 captans
1696 1394 1739 1420 se
1772 1387 1910 1422 tamen
1943 1382 2033 1436 ipsa
2064 1384 2135 1423 de-

317 1447 505 1485 QOlectet.
560 1444 669 1492 Quin
704 1444 822 1483 etiam
858 1443 957 1482 mihi
992 1442 1160 1496 quidem
1195 1442 1471 1482 laudabiliora
1503 1443 1698 1482 videntur
1719 1443 1880 1491 omnia,
1913 1457 2021 1497 quae
2045 1445 2135 1485 sine

370 1508 651 1550 venditatione
684 1512 724 1546 et
754 1507 843 1545 siue
875 1506 1029 1559 populo
1062 1510 1167 1545 teste
1201 1503 1323 1551 fiunt,
1357 1518 1441 1544 non
1474 1520 1555 1560 quo
1587 1505 1813 1559 fugiendus
1845 1507 1897 1546 sit
1922 1528 1976 1536 —
1997 1507 2136 1547 omnia

369 1573 477 1612 enim
510 1571 615 1610 bene
648 1570 753 1609 facta
785 1570 826 1608 in
858 1569 950 1608 luce
983 1582 1026 1607 sc
1059 1568 1269 1608 conlocari
1294 1567 1438 1607 volunt
1462 1593 1532 1615 -‚
1567 1568 1638 1608 sed
1672 1575 1809 1608 tamen
1833 1569 1994 1610 nullum
2021 1570 2136 1610 thea-

368 1641 474 1675 trum
507 1633 646 1673 virtuti
680 1631 937 1672 conscientia
969 1631 1099 1670 maius
1132 1636 1205 1670 est.

482 1696 651 1736 XXVII.
683 1694 748 1734 65.
782 1696 918 1747 Atque
950 1693 992 1732 in
1026 1694 1167 1746 primis
1200 1693 1448 1733 meditemur
1477 1693 1598 1741 illud,
1631 1698 1674 1733 ut
1710 1696 1812 1734 haee
1841 1695 2040 1748 patientia
2063 1695 2135 1736 do-

317 1760 524 1806 25lorum,
559 1771 679 1812 quam
712 1771 836 1809 saepe
866 1757 947 1796 iam
980 1756 1105 1795 animi
1138 1756 1369 1795 intentione
1402 1756 1488 1795 dixi
1520 1770 1611 1796 esse
1643 1756 1907 1804 firmandam,
1947 1758 1988 1797 in
2021 1758 2132 1798 omni

368 1835 520 1876 genere
563 1835 605 1860 se
645 1820 907 1873 aequabilem
946 1819 1154 1872 praebeat.
1222 1819 1354 1871 Saepe
1395 1819 1504 1858 enim
1546 1819 1685 1866 multi,
1732 1820 1804 1872 qui
1855 1825 1924 1859 aut
1970 1825 2136 1873 propter

370 1884 562 1925 victoriae
595 1882 861 1936 cupiditatem
895 1887 966 1921 aut
997 1886 1167 1934 propter
1197 1881 1352 1933 gloriae
1383 1886 1453 1920 aut
1476 1882 1619 1930 etiam,
1651 1886 1697 1921 ut
1718 1883 1783 1921 ius
1806 1894 1926 1922 suum
1950 1888 1990 1922 et
2011 1882 2135 1922 liber-

369 1954 492 1988 tatem
525 1950 734 1991 tenerent,
765 1944 936 1983 volnera
969 1949 1222 1996 exceperunt
1243 1943 1408 1983 fortiter
1431 1949 1469 1984 et
1491 1944 1694 1992 tulerunt,
1727 1944 1838 1985 idem
1864 1944 2017 1984 omissa
2039 1957 2136 1984 con-

369 2010 554 2050 tentione
594 2008 780 2047 dolorem
820 2006 950 2046 morbi
992 2005 1098 2045 ferre
1140 2020 1223 2045 non
1266 2012 1465 2059 possunt3
1512 2020 1648 2061 neque
1681 2007 1792 2047 enim
1826 2005 1967 2054 illum,
2013 2019 2135 2060 quem

320 2080 356 2109 30
369 2072 489 2112 facile
522 2071 723 2117 tulerant,
756 2070 913 2109 ratione
946 2074 1017 2108 aut
1045 2069 1246 2122 sapientia
1269 2069 1470 2117 tulerant,
1503 2070 1574 2110 sed
1598 2070 1737 2110 studio
1760 2071 1900 2123 potius
1923 2074 1964 2109 et
1985 2069 2136 2122 gloria.

370 2136 511 2187 Itaque
551 2133 716 2172 barbari
760 2132 926 2185 quidam
970 2136 1009 2170 et
1051 2132 1239 2171 inmanes
1282 2131 1391 2172 forro
1433 2133 1645 2173 decertare
1690 2146 1903 2173 acerrume
1946 2137 2135 2185 possunt,

369 2202 582 2250 aegrotare
615 2195 789 2235 viriliter
820 2208 901 2233 non
935 2199 1106 2247 queunt.
1146 2194 1291 2234 Graeci
1325 2200 1463 2234 autem
1487 2196 1692 2243 homines,
1721 2209 1803 2235 non
1827 2196 1924 2235 satis
1946 2195 2136 2242 animosi,

371 2259 615 2313 prudentes,
648 2262 693 2297 ut
724 2262 786 2297 est
817 2262 961 2309 captus
993 2256 1228 2303 hominum,
1262 2257 1382 2303 satis,
1414 2257 1577 2297 bostem
1609 2255 1796 2308 aspicere
1830 2270 1911 2296 non
1944 2262 2137 2309 possunt:

371 2322 504 2362 eidem
547 2321 714 2361 morbos
754 2319 978 2359 toleranter
1016 2324 1141 2372 atque
1183 2320 1363 2358 humane
1396 2318 1545 2357 ferunt.
1600 2319 1651 2358 At
1683 2317 1834 2357 Cimbri
1867 2323 1907 2358 et
1939 2318 2133 2358 Celtiberi

318 2384 412 2423 35in
446 2384 614 2436 proeliis
647 2383 858 2429 exultant,
891 2383 1169 2421 lamentantur
1200 2383 1238 2421 in
1273 2382 1428 2422 morbo.
1479 2381 1590 2421 Nihil
1623 2381 1729 2420 enim
1773 2386 1910 2434 potest
1941 2394 2033 2421 esse
2069 2394 2137 2422 ae-

372 2447 550 2501 quabile,
584 2446 695 2500 quod
729 2459 810 2485 non
842 2460 863 2485 a
895 2450 1003 2485 certa
1036 2445 1197 2484 ratione
1230 2445 1530 2498 proficiscatur.
1564 2442 1629 2483 66.
1664 2444 1744 2484 Sed
1768 2457 1861 2483 cum
1884 2442 2026 2483 videas
2049 2456 2134 2490 eos,

372 2509 441 2563 qui
483 2514 554 2549 aut
593 2508 731 2548 studio
765 2514 834 2548 aut
865 2508 1063 2561 opinione
1096 2507 1322 2555 ducantur,
1364 2508 1406 2547 in
1439 2521 1487 2547 eo
1521 2507 1813 2561 persequendo
1845 2512 1972 2560 atque
2003 2505 2137 2558 adipi-

372 2573 523 2612 scendo
557 2572 700 2611 dolore
733 2585 816 2610 non
848 2570 1003 2623 frangi,
1038 2570 1189 2610 debeas
1222 2570 1459 2610 existimare
1492 2576 1561 2610 aut
1593 2583 1675 2610 non
1708 2583 1800 2610 esse
1832 2569 1985 2608 malum
2017 2567 2135 2608 dolo-

373 2647 457 2672 rem
488 2638 577 2681 aut,
610 2633 733 2674 etiam
766 2634 821 2681 si,
855 2633 1053 2686 quicquid
1082 2646 1275 2687 asperum
1299 2633 1566 2686 alienumque
1591 2638 1737 2672 natura
1760 2632 1837 2679 sit,
1870 2632 1911 2671 id
1933 2628 2136 2684 appellari

374 2830 521 2862 conferri
545 2832 660 2871 potest
684 2831 701 2871 g
727 2831 761 2862 61
792 2834 825 2862 at
850 2831 922 2862 ille
939 2848 986 2854 --
1003 2831 1154 2869 inquit.
1189 2831 1243 2868 lv,
1270 2829 1310 2862 24
1335 2830 1473 2861 exsistit.
1502 2829 1611 2861 Madv.
1633 2829 1677 2860 ad
1703 2830 1772 2860 Fin.
1792 2827 1844 2866 111,
1863 2827 1904 2860 49
1923 2830 2062 2868 polest.»
2080 2827 2135 2859 W.

373 2898 414 2903 -—-
441 2882 469 2912 l.
496 2889 632 2921 magnos
656 2882 681 2911 G
707 2882 740 2911 et
765 2882 956 2921 (superscr.
983 2882 1020 2919 u)
1046 2881 1071 2912 R
1099 2897 1133 2902 —-
1167 2880 1207 2910 ab
1230 2880 1278 2910 his
1303 2880 1326 2910 C
1356 2896 1389 2902 —
1424 2880 1454 2911 5.
1483 2880 1691 2910 cucurrerint
1715 2880 1740 2910 O
1767 2896 1801 2900 —
1834 2878 1866 2909 ln·
1891 2878 1915 2910 C
1940 2895 1983 2901 -
2013 2878 2070 2916 qui
2094 2877 2138 2908 ad

372 2930 451 2960 haec
475 2929 560 2970 (syn.
587 2931 629 2960 ad
654 2931 838 2970 expuncta)
864 2932 889 2961 G
911 2948 943 2951 —
971 2930 1001 2960 7.
1028 2939 1092 2960 non
1117 2938 1181 2961 esse
1205 2938 1308 2970 aeque
1330 2931 1448 2970 9rauis
1471 2938 1535 2960 esse
1560 2930 1583 2961 C
1603 2928 1678 2969 (sed
1704 2929 1737 2960 in
1763 2929 1785 2959 R
1811 2928 1939 2968 priore,
1966 2928 1999 2958 in
2025 2927 2048 2957 B
2073 2933 2138 2966 po-

374 2979 518 3009 steriore
545 2987 608 3010 esse
631 2979 777 3019 deleto>3
812 2989 875 3011 non
899 2989 964 3012 esse
987 2988 1089 3019 aeque
1111 2988 1229 3020 graves
1253 2980 1277 3011 O
1306 2995 1338 3001 —
1374 2979 1404 3010 9.
1431 2979 1510 3010 haec
1535 2980 1572 3009 G¹
1601 2997 1633 3001 —-
1668 2979 1879 3018 insipienlum
1908 2977 2017 3016 opinio
2049 2975 2137 3006 ualet

374 3025 412 3059 G¹
440 3046 473 3050 -
501 3028 552 3059 40.
571 3030 655 3068 cum]
680 3039 780 3069 quam
804 3031 894 3061 Bake
920 3030 939 3061 1.
959 3030 981 3061 l.
1010 3038 1041 3070 p.
1061 3030 1114 3061 86.
1136 3046 1169 3050 —
1199 3030 1249 3060 40.
1276 3029 1382 3060 uideri
1408 3030 1431 3059 G
1448 3030 1470 3059 R
1491 3045 1523 3050 —
1555 3029 1605 3060 Μ.
1632 3037 1705 3059 cum
1730 3028 1774 3059 C:
1801 3030 1836 3058 uc
1860 3027 1884 3058 O
1905 3043 1938 3048 -—
1967 3026 2019 3057 46.
2048 3024 2136 3065 [ani-

373 3077 428 3117 mi]
455 3078 498 3112 O:
532 3086 595 3117 ego
620 3079 721 3110 animi
746 3080 778 3110 in
808 3081 966 3120 prox'uno
992 3080 1105 3120 potius
1131 3087 1234 3110 versu
1259 3077 1448 3109 delendum
1474 3078 1606 3110 censui.
1635 3095 1668 3100 -
1698 3078 1749 3108 47.
1776 3076 2037 3116 contempnendis
2054 3077 2079 3106 G
2099 3092 2133 3096 —

376 3127 426 3158 ⁴8.
453 3127 596 3158 dolorem
622 3129 659 3157 G¹
686 3145 718 3150 —
754 3130 804 3159 119.
830 3130 873 3169 se]
897 3131 951 3160 sed
976 3128 1013 3160 G¹
1041 3147 1073 3152 —
1108 3132 1215 3160 lamen
1241 3129 1285 3159 C:
1318 3132 1447 3159 tamum
1471 3129 1495 3159 O
1522 3145 1556 3149 —-
1591 3129 1643 3160 20.
1670 3128 1749 3168 quin
1776 3127 1876 3157 etiam
1892 3128 2033 3156 --teste
2053 3125 2137 3165 fiunt

375 3176 504 3208 Nonius
530 3185 562 3216 p.
591 3177 662 3207 ⁴89.
691 3195 720 3198 —
760 3179 811 3209 28.
838 3179 934 3209 iidem
959 3180 983 3210 O
1012 3196 1044 3199 —
1079 3177 1130 3210 34.
1165 3179 1249 3209 idem
1271 3178 1400 3209 morbos
1423 3178 1602 3209 toleranter
1626 3180 1723 3216 alque
1747 3177 1887 3207 humane
1909 3176 2020 3216 ferunt
2043 3175 2136 3206 Cha-

376 3225 477 3256 risius
502 3234 534 3265 p.
562 3226 635 3264 222,
662 3227 692 3257 8.
719 3243 750 3248 —
780 3228 874 3259 iidem
899 3229 923 3259 O
954 3245 984 3249 —
1018 3229 1128 3268 ferunt
1157 3227 1264 3259 habet
1288 3229 1391 3259 etiam
1418 3229 1453 3267 R,
1480 3227 1543 3259 sed
1569 3226 1726 3258 ultimam
1751 3224 1923 3265 syllabam
1947 3233 2010 3265 per
2034 3231 2135 3255 eom-

375 3274 554 3315 pendium.
575 3291 609 3296 —
637 3274 689 3306 39.
715 3276 854 3315 apellari
878 3278 916 3308 G.
