2249 3624
401 165 488 204 Lm.
520 163 571 205 11.
610 161 706 202 cst.
736 158 1083 201 xL111—XL1v.
1122 155 1181 211 §ss
1214 154 1460 197 432—436.
1758 151 1803 194 54

57 292 224 320 caveam
264 291 317 318 ne
358 277 492 317 scelus
531 275 709 315 faciam?
751 273 885 314 scelus
926 275 1036 312 enim
1076 271 1242 311 dicebas
1273 284 1385 319 esse,
1428 268 1621 317 Luculle,
1663 268 1813 322 dogma

56 341 248 395 prodere.
302 340 504 380 Contineo
536 338 663 391 igitur
692 350 777 383 mc,
809 349 860 375 ne
892 335 1104 387 incognito
1134 334 1366 374 adsentiar:
1399 332 1513 387 quod
1546 332 1647 372 mihi
1678 336 1813 371 tecum

58 408 118 444 est
149 404 299 456 dogma
329 414 562 442 commune.
629 397 714 439 134.
747 401 853 438 Ecce
884 398 1013 437 multo
1045 398 1177 437 maior
1207 398 1331 437 ctiam
1364 395 1583 436 dissensio.
1628 396 1739 434 Zeno
1772 394 1814 432 iu

58 480 138 506 una
170 466 318 505 virtute
349 465 525 517 positam
548 463 708 502 beatam
731 464 855 502 vitam
883 466 1008 514 putat.
1056 459 1166 508 Quid
1190 459 1450 499 Antiochus?
1481 458 1636 505 Etiam,
1667 457 1815 509 inquit,

57 529 238 574 beatam,
280 526 351 566 sed
384 540 467 565 non
499 525 794 565 beatissimam.
854 525 965 562 Deus
998 523 1089 569 ille,
1131 523 1200 576 qui
1233 522 1334 562 nihil
1364 522 1526 561 censuit
1556 520 1703 560 deesse
1737 519 1847 558 vir-5

57 591 155 637 tuti,
193 589 418 628 homuncio
460 588 547 635 hic,
595 587 666 640 qui
711 588 837 626 multa
877 590 997 638 putat
1036 590 1200 638 praeter
1238 585 1433 624 virtutem
1474 582 1634 623 homini
1667 581 1817 635 partim

57 665 149 692 cara
179 664 292 697 esse,
334 650 484 703 partim
517 651 639 689 etiam
675 649 919 688 necessaria.
975 648 1055 686 Sed
1088 647 1157 686 ille
1189 660 1339 686 vereor
1369 660 1421 686 ne
1452 647 1593 686 virtuti
1623 644 1717 698 plus
1748 644 1819 685 tri-

54 714 156 754 buat
185 727 310 767 quam
342 719 488 752 natura
520 712 720 764 patiatur,
753 711 995 764 praesertim
1028 709 1318 761 Theophrasto
1350 709 1481 749 multa
1502 708 1655 748 diserte
1677 707 1819 760 copio-

55 788 185 829 seque
216 782 354 814 contra
384 774 560 814 dicente.
610 774 662 812 Et
691 773 759 812 hic
790 779 929 812 metuo
961 784 1013 811 ne
1046 772 1115 811 vix
1147 771 1224 810 sibi
1257 776 1441 818 constet,
1479 771 1551 825 qui
1584 784 1676 810 cum
1707 769 1820 809 dicat

56 852 146 879 esse
188 838 391 891 quaedam
435 841 477 876 et
513 836 699 888 corporis
737 841 776 874 et
814 834 1006 873 fortunae
1046 833 1175 880 mala,
1223 838 1360 873 tamen
1404 847 1518 882 eum,
1566 832 1639 887 qui
1679 832 1722 872 in
1752 832 1867 872 histo

56 900 248 941 omnibus
288 900 361 946 sit,
403 899 567 938 beatum
608 897 696 938 fore
728 903 913 944 censeat,
955 896 989 936 si
1021 896 1190 949 sapiens
1221 896 1285 936 sit.
1336 896 1581 936 Distrahor:
1619 902 1705 936 tum
1737 895 1818 935 hoc

56 963 156 1003 mihi
189 962 464 1016 probabilius,
504 967 588 1000 tum
620 960 721 1000 illud
754 960 936 1006 videtur,
978 964 1019 998 et
1050 964 1209 1006 tamen,
1242 958 1323 998 nisi
1355 959 1601 999 alterutrum
1632 959 1705 1006 sit,
1736 959 1818 999 vir-

58 1031 186 1066 tutem
219 1026 356 1065 iacere
388 1024 511 1077 plane
542 1029 656 1076 puto.
707 1024 860 1062 Verum
891 1022 934 1060 in
965 1021 1029 1061 his
1060 1022 1314 1074 discrepant.

168 1087 312 1127 XLIV.
352 1084 439 1126 135.
471 1086 612 1134 Quid?
650 1085 740 1133 illa,
772 1085 815 1124 in
847 1084 999 1138 quibus
1031 1086 1314 1131 consentiunt,
1346 1097 1447 1123 num
1477 1097 1553 1138 pro
1583 1085 1692 1125 veris
1723 1099 1818 1139 pro·

56 1150 153 1190 bare
183 1151 438 1203 possumus?
471 1148 682 1201 Sapientis
712 1147 895 1187 animum
928 1160 1155 1200 numquam
1186 1159 1263 1186 nec
1296 1146 1525 1199 cupiditate
1551 1148 1709 1188 moveri
1741 1154 1867 1188 nec⁴5

57 1213 215 1253 laetitia
247 1212 407 1252 ecferri.
457 1212 562 1263 Age,
600 1210 704 1250 haec
735 1209 967 1263 probabilia
998 1222 1097 1249 sane
1129 1209 1237 1249 sint:
1275 1222 1376 1248 num
1412 1210 1537 1249 etiam
1573 1210 1663 1258 illa,
1699 1224 1819 1251 num-

58 1288 183 1329 quam
213 1275 376 1321 timere,
408 1286 635 1326 numquam
666 1273 842 1312 dolere?
889 1272 1121 1324 Sapiensne
1151 1284 1237 1310 non
1268 1271 1412 1311 timeat
1441 1285 1494 1312 ne
1525 1273 1659 1326 patria
1680 1273 1819 1313 delea-

57 1339 150 1378 tur?
194 1350 279 1376 non
317 1336 478 1383 doleat,
525 1335 559 1374 si
600 1335 737 1375 deleta
767 1335 848 1374 sit?
892 1335 1068 1381 Durum,
1113 1333 1185 1374 sed
1218 1333 1377 1373 Zenoni
1406 1335 1708 1384 necessarium,
1751 1336 1819 1376 cui

55 1405 219 1453 praeter
248 1399 472 1439 honestum
503 1398 607 1438 nihil
639 1403 701 1438 est
731 1398 773 1437 in
804 1396 949 1443 bonis,
989 1396 1061 1436 tibi
1094 1409 1215 1444 vero,
1254 1396 1481 1445 Antioche,
1522 1398 1715 1447 minime,
1753 1400 1818 1440 cui

54 1468 218 1514 praeter
246 1461 507 1501 honestatem
538 1460 667 1500 multa
697 1460 825 1507 bona,
859 1464 1023 1512 praeter
1052 1459 1355 1512 turpitudinem
1385 1460 1515 1500 multa
1542 1461 1651 1501 mala
1671 1461 1818 1502 viden·
1830 1467 1868 1498 20

54 1530 142 1572 tur,
176 1536 283 1577 quae
315 1529 356 1563 et
385 1523 594 1563 venientia
626 1527 783 1562 metuat
813 1522 982 1575 sapiens
1013 1535 1186 1562 necesse
1209 1527 1272 1562 est
1293 1527 1334 1562 et
1354 1523 1517 1563 venisse
1539 1523 1692 1564 doleat.
1736 1523 1819 1564 Sed

56 1599 233 1640 quaem,
265 1586 435 1640 quando
458 1587 537 1625 ista
556 1585 711 1625 fuerint
731 1585 956 1625 Academia
977 1590 1117 1625 vetere
1139 1584 1319 1633 decreta,
1346 1590 1391 1624 ut
1413 1586 1598 1626 animum
1619 1586 1819 1640 sapientis

56 1649 310 1688 commoveri
354 1654 395 1688 et
437 1648 674 1688 conturbari
712 1650 946 1701 negarent?
990 1647 1302 1688 Mediocritates
1342 1647 1402 1687 illi
1443 1649 1677 1701 probabant
1706 1648 1819 1688 etin

57 1711 168 1750 omni
205 1711 467 1765 permotione
508 1710 739 1750 naturalem
778 1710 973 1750 volebant
1013 1723 1105 1750 esse
1138 1709 1352 1763 quendam
1381 1710 1567 1751 modum.
1625 1712 1820 1765 Legimus

57 1786 201 1812 omnes
245 1773 475 1820 Crantoris,
514 1773 667 1813 veteris
708 1772 967 1820 Academici,
1011 1772 1062 1812 de
1103 1771 1236 1820 luctu;
1281 1778 1344 1812 est
1374 1773 1485 1813 enim
1515 1787 1602 1814 non
1632 1781 1871 1828 magnus,25

57 1848 202 1875 verum
233 1835 427 1876 aureolus
459 1840 520 1882 et,
551 1840 598 1875 ut
619 1834 832 1874 Tuberoni
862 1835 1083 1875 Panaetius
1114 1834 1335 1888 praecipit,
1367 1836 1419 1876 ad
1440 1837 1613 1877 verbum
1635 1837 1825 1878 ediscen-

59 1896 136 1937 dus
167 1896 348 1937 libellus.
399 1899 536 1950 Atque
567 1897 626 1937 illi
660 1897 827 1950 quidem
860 1897 984 1937 etiam
1014 1897 1176 1937 utiliter
1205 1910 1229 1937 a
1259 1902 1408 1938 natura
1435 1899 1630 1940 dicebant
1658 1914 1826 1954 permo-

59 1961 198 2000 tiones
240 1961 340 2000 istas
381 1959 531 2000 animis
562 1959 714 1999 nostris
747 1958 884 1999 datas:
927 1965 1082 2000 metum
1113 1959 1287 2000 cavendi
1320 1973 1465 2008 causa,
1496 1962 1827 2003 misericordiam

60 2021 450 2075 aegritudinemque
491 2021 757 2069 clementiae,
794 2021 928 2074 ipsam
960 2022 1220 2062 iracundiam
1250 2022 1510 2064 fortitudinis
1540 2027 1661 2079 quasi
1691 2031 1827 2067 cotem

63 2097 153 2124 esse
185 2083 402 2125 dicebant:
433 2089 545 2124 recte
577 2097 752 2124 secusne
783 2084 885 2124 alias
917 2085 1156 2125 viderimus.
1206 2081 1302 2124 2136.
1322 2085 1527 2127 Atrocitas
1550 2087 1721 2141 quidem
1748 2089 1877 2129 istaao

62 2152 135 2186 tua
165 2160 248 2200 quo
281 2146 405 2187 modo
437 2146 480 2185 in
513 2151 694 2186 veterem
724 2146 992 2187 Academiam
1023 2147 1244 2200 inruperit,
1276 2147 1444 2188 nescio:
1486 2148 1558 2189 illa
1588 2163 1687 2190 vero
1718 2149 1828 2190 ferre

63 2221 146 2248 non
178 2221 373 2261 possum,
405 2221 489 2248 non
522 2221 604 2262 quo
636 2208 738 2248 mihi
769 2208 1021 2262 displiceant
1050 2231 1105 2239 —
1125 2215 1222 2250 sunt
1252 2210 1364 2250 enim
1386 2211 1598 2252 Socratica
1627 2212 1829 2266 pleraque

61 2271 269 2311 mirabilia
299 2270 554 2319 Stoicorum,
588 2284 695 2324 quae
726 2271 939 2324 paradoxa
967 2273 1237 2312 nominantur
1256 2294 1333 2320 —,
1364 2273 1439 2313 sed
1459 2273 1532 2313 ubi
1556 2274 1830 2322 Xenocrates,

60 2333 135 2373 ubi
164 2333 412 2374 Aristoteles
443 2333 522 2374 ista
552 2334 721 2387 tetigit?
752 2333 831 2374 hos
861 2333 973 2373 enim
1005 2334 1125 2388 quasi
1157 2334 1328 2376 eosdem
1349 2348 1442 2375 esse
1462 2335 1601 2376 vultis.
1647 2336 1714 2376 Illi
1740 2350 1832 2376 um-

63 2527 168 2558 etiam
199 2526 346 2568 apparet
375 2534 417 2557 ex
448 2524 503 2556 illo
535 2525 629 2564 quid,
663 2524 758 2566 quod
786 2526 850 2557 AB
883 2527 961 2567 post
990 2527 1145 2558 dicuntur
1173 2525 1305 2558 habent
1336 2528 1371 2558 et
1398 2536 1439 2558 ex
1464 2535 1506 2558 eo
1532 2526 1627 2567 quod
1652 2528 1731 2567 quid
1753 2529 1833 2560 ante

63 2583 147 2616 quae
169 2575 324 2606 dicuntur
349 2576 384 2607 in
400 2578 427 2606 A
452 2584 559 2616 super
582 2574 708 2606 lineam
733 2574 892 2607 additum
917 2578 980 2608 est.
1003 2595 1037 2598 —
1066 2577 1096 2608 6.
1121 2577 1288 2608 homuntio
1304 2578 1328 2608 A
1351 2594 1386 2599 —-
1413 2577 1444 2608 7.
1470 2586 1554 2608 cara
1579 2577 1670 2609 Crat.
1691 2587 1833 2618 margo:

62 2625 158 2657 clara
180 2625 365 2664 ABGrv,
399 2625 487 2657 elata
510 2625 535 2656 E
573 2642 607 2647 —
641 2626 741 2656 etiam
765 2634 835 2656 om.
863 2627 888 2656 G
922 2644 957 2648 —
995 2627 1026 2659 8.
1053 2627 1239 2667 theopraslo
1262 2626 1368 2657 multa
1391 2627 1523 2658 disserte
1545 2628 1572 2659 A
1599 2645 1634 2651 ——
1662 2628 1693 2660 9.
1719 2633 1837 2660 contra

63 2675 185 2707 dicente
217 2675 374 2706 Goerenz
399 2675 553 2714 (auctore
587 2674 776 2713 Lambino,
810 2676 868 2715 qui
891 2679 1009 2707 contra
1033 2679 1111 2717 post
1134 2676 1239 2708 multa
1263 2675 1426 2716 adalam:
1461 2684 1530 2708 om.
1557 2677 1659 2709 codd.
1687 2679 1722 2710 et
1745 2678 1770 2710 Ο
1798 2696 1832 2701 -

64 2723 116 2754 ll.
141 2727 270 2755 censeat
292 2723 422 2755 B2Gv:
451 2726 578 2755 senseat
601 2724 696 2762 AB1,
723 2725 846 2756 senciat
870 2725 915 2763 E,
941 2729 1046 2757 censet
1069 2727 1124 2758 rO
1153 2744 1187 2748 —-
1223 2735 1297 2757 cum
1320 2726 1376 2757 hec
1400 2727 1426 2757 G
1451 2743 1486 2748 —
1514 2725 1567 2758 44.
1594 2728 1672 2767 quid
1695 2729 1754 2759 illa
1779 2728 1836 2760 ed.

63 2772 158 2803 Asc:
184 2773 264 2811 quid
278 2772 359 2804 illud
375 2772 477 2805 codd.
498 2790 533 2795 -—
562 2774 614 2804 45.
632 2781 735 2812 neque
752 2790 770 2795 —
783 2792 800 2797 -
816 2783 919 2814 neque
936 2776 962 2806 G
981 2792 1015 2797 —
1045 2776 1096 2807 46.
1116 2776 1233 2816 ecferri
1256 2776 1345 2807 AB2:
1372 2776 1600 2816 haecferri131,
1626 2778 1736 2817 efferri
1755 2778 1780 2810 O
1799 2795 1834 2800 —

64 2821 118 2852 47.
142 2830 209 2853 non
231 2823 362 2862 timeat,
388 2831 427 2854 ne
446 2823 563 2862 patria
587 2823 759 2854 deleatur?
789 2833 855 2855 non
881 2825 948 2863 (nec
972 2825 1108 2866 Davics)
1135 2827 1259 2863 doleat,
1285 2826 1312 2856 si
1335 2825 1439 2857 deleta
1462 2826 1531 2857 sit?
1555 2827 1687 2858 Durum
1710 2828 1838 2859 Davies

65 2872 100 2901 et
125 2870 252 2903 iterum
275 2871 412 2912 Madvig
436 2871 494 2912 (ad
519 2873 590 2904 Cic.
619 2872 663 2904 de
688 2872 771 2905 finn.
798 2883 831 2914 p.
859 2874 951 2914 820):
980 2884 1045 2906 non
1069 2877 1183 2907 timeat
1205 2884 1264 2907 nec
1287 2876 1314 2906 si
1333 2876 1449 2915 patria
1473 2876 1622 2907 deleatur
1643 2885 1709 2908 non
1733 2877 1841 2909 doleat

66 2919 207 2960 (doleant
236 2921 288 2961 Bi)
319 2922 346 2953 si
369 2922 515 2954 delelatis
544 2922 661 2963 (deleta
688 2924 768 2954 satis
799 2924 856 2961 ΒΞ,
889 2924 916 2974 si
941 2925 1115 2956 delaesalt‘s
1137 2927 1174 2964 A)
1201 2926 1322 2956 durum
1344 2926 1429 2964 AB;
1464 2935 1530 2958 non
1553 2927 1665 2958 timeat
1688 2934 1791 2965 neque
1814 2928 1842 2958 si

62 2981 180 3020 patria
203 2981 354 3014 doleatur
376 2993 442 3015 non
465 2984 573 3015 doleat
595 2993 698 3024 neque
720 2986 747 3016 sl
771 2985 893 3017 durum
918 2988 963 3026 G,
991 2988 1103 3019 timeat
1126 2996 1184 3018 nec
1206 2988 1233 3018 si
1253 2988 1372 3027 patria
1396 2987 1544 3020 deleatur
1558 2997 1623 3019 non
1641 2988 1748 3020 doleat
1763 2989 1844 3020 satis

65 3031 187 3063 dumam
204 3031 228 3063 E
243 3042 249 3070 ;
274 3041 341 3064 non
360 3034 497 3066 timeat?
520 3043 590 3074 nec,
608 3035 635 3066 si
647 3035 765 3075 patria
781 3035 955 3067 deleatur?
978 3046 1043 3068 non
1061 3037 1193 3068 doleat?
1216 3045 1286 3076 nec,
1304 3038 1330 3068 si
1347 3038 1451 3069 deleta
1466 3039 1531 3070 sit?
1555 3038 1646 3069 Satis
1661 3038 1781 3069 durum
1794 3039 1803 3068 !
1818 3039 1843 3069 Ο

71 3098 106 3103 -
132 3081 186 3112 22.
214 3082 351 3121 quanda
381 3083 420 3115 B1
451 3101 486 3106 -
524 3085 567 3116 ab
596 3085 696 3117 Acad.
723 3086 778 3117 ΓΟ
811 3103 845 3107 -
881 3086 1012 3118 decreta
1036 3088 1112 3119 Er:
1151 3087 1275 3117 durata
1307 3087 1332 3118 B
1359 3087 1432 3128 (sed
1456 3096 1498 3118 ra
1522 3095 1590 3118 non
1614 3087 1697 3119 satis
1722 3086 1841 3127 clare),

67 3131 147 3162 dunt
163 3131 211 3162 tia
232 3132 304 3172 (sic)
321 3133 362 3172 A,
388 3134 477 3165 dicta
492 3135 572 3172 Gv;
599 3134 677 3168 sort.
704 3136 829 3167 dictata
848 3153 883 3158 —-
911 3140 970 3168 aut
992 3137 1017 3168 B
1034 3155 1078 3161 —
1100 3136 1153 3168 24.
1180 3136 1285 3167 omnis
1300 3138 1327 3167 A
1347 3153 1381 3158 —
1409 3138 1461 3168 25.
1482 3137 1654 3169 Crantoris
1677 3145 1711 3168 r:
1738 3146 1846 3177 gran-

67 3180 148 3211 toris
170 3182 197 3212 A
213 3180 277 3212 BE
293 3181 320 3212 G
346 3199 382 3204 —-
413 3183 468 3214 26.
492 3186 529 3215 ut
551 3192 622 3216 om.
647 3186 686 3216 B!
712 3202 746 3207 —
776 3187 932 3225 panetius
953 3187 980 3218 A
1007 3203 1042 3208 ——
1070 3187 1123 3218 27.
1150 3195 1172 3216 a
1194 3189 1264 3217 nal.
1289 3186 1414 3218 utiliter
1438 3188 1463 3218 G
1493 3204 1525 3210 -
1553 3188 1606 3218 28.
1634 3187 1719 3218 ditas
1742 3185 1780 3218 B¹
1807 3204 1842 3209 —

68 3228 121 3261 30.
147 3229 213 3261 ista
236 3230 368 3270 quidem
383 3231 507 3266 Lamb.
526 3250 562 3255 —
589 3233 642 3266 31.
667 3235 728 3267 illa
750 3236 796 3274 B,
823 3235 887 3267 sed
913 3245 934 3267 α
957 3237 991 3267 in
1015 3244 1083 3268 ras.
1107 3253 1139 3259 —
1167 3235 1220 3267 33.
1246 3240 1431 3269 senocrates
1454 3237 1480 3268 A
1501 3254 1533 3261 -
1567 3235 1620 3268 34.
1647 3237 1794 3278 tetigitur
1809 3232 1847 3267 Βι

72 3295 107 3301 -
134 3279 192 3312 hos
213 3288 252 3312 r:
276 3280 336 3313 hoc
357 3281 552 3315 ABEGv.
