<?xml version="1.0" encoding="UTF-8"?>
<!DOCTYPE html PUBLIC "-//W3C//DTD XHTML 1.0 Transitional//EN"
    "http://www.w3.org/TR/xhtml1/DTD/xhtml1-transitional.dtd">
<html xmlns="http://www.w3.org/1999/xhtml" xml:lang="en" lang="en">
 <head>
  <title>
</title>
<meta http-equiv="Content-Type" content="text/html;charset=utf-8" />
  <meta name='ocr-system' content='tesseract 3.04.00' />
  <meta name='ocr-capabilities' content='ocr_page ocr_carea ocr_par ocr_line ocrx_word'/>
</head>
<body>
  <div class='ocr_page' id='page_1' title='image "./operaquaesupersu04ciceuoft_0154.png"; bbox 0 0 2249 3624; ppageno 0'>
   <div class='ocr_carea' id='block_1_1' title="bbox 334 133 1701 183">
    <p class='ocr_par' dir='ltr' id='par_1_1' title="bbox 334 133 1701 183">
     <span class='ocr_line' id='line_1_1' title="bbox 334 133 1701 183; baseline 0.003 -6"><span class='ocrx_word' id='word_1_1' title='bbox 334 133 415 177; x_wconf 70' lang='lat'>⁴32</span> <span class='ocrx_word' id='word_1_2' title='bbox 710 139 780 179; x_wconf 92' lang='lat' dir='ltr'>DE</span> <span class='ocrx_word' id='word_1_3' title='bbox 810 137 1016 178; x_wconf 88' lang='lat' dir='ltr'><strong>FINIBUS</strong></span> <span class='ocrx_word' id='word_1_4' title='bbox 1046 138 1309 181; x_wconf 93' lang='lat' dir='ltr'>BONORUM</span> <span class='ocrx_word' id='word_1_5' title='bbox 1337 139 1406 181; x_wconf 92' lang='lat' dir='ltr'>ET</span> <span class='ocrx_word' id='word_1_6' title='bbox 1436 140 1701 183; x_wconf 88' lang='lat' dir='ltr'><strong>MALORUM</strong></span> 
     </span>
    </p>
   </div>
   <div class='ocr_carea' id='block_1_2' title="bbox 269 250 2098 2612">
    <p class='ocr_par' dir='ltr' id='par_1_2' title="bbox 298 250 2094 554">
     <span class='ocr_line' id='line_1_2' title="bbox 334 250 2093 308; baseline 0.003 -17"><span class='ocrx_word' id='word_1_7' title='bbox 334 264 476 291; x_wconf 87' lang='lat' dir='ltr'>earum</span> <span class='ocrx_word' id='word_1_8' title='bbox 515 265 651 292; x_wconf 89' lang='lat' dir='ltr'>rerum</span> <span class='ocrx_word' id='word_1_9' title='bbox 690 251 909 300; x_wconf 83' lang='lat' dir='ltr'>voeabula,</span> <span class='ocrx_word' id='word_1_10' title='bbox 956 266 1063 306; x_wconf 89' lang='lat' dir='ltr'>quae</span> <span class='ocrx_word' id='word_1_11' title='bbox 1101 253 1145 292; x_wconf 93' lang='lat' dir='ltr'>in</span> <span class='ocrx_word' id='word_1_12' title='bbox 1187 267 1358 307; x_wconf 88' lang='lat' dir='ltr'>quaque</span> <span class='ocrx_word' id='word_1_13' title='bbox 1393 259 1478 294; x_wconf 89' lang='lat' dir='ltr'>arte</span> <span class='ocrx_word' id='word_1_14' title='bbox 1510 257 1740 293; x_wconf 85' lang='lat' dir='ltr'>versentur.</span> <span class='ocrx_word' id='word_1_15' title='bbox 1800 250 1841 293; x_wconf 79' lang='lat'>4.</span> <span class='ocrx_word' id='word_1_16' title='bbox 1876 253 2020 308; x_wconf 90' lang='lat' dir='ltr'>Itaque</span> <span class='ocrx_word' id='word_1_17' title='bbox 2052 261 2093 296; x_wconf 89' lang='lat' dir='ltr'>et</span> 
     </span>
     <span class='ocr_line' id='line_1_3' title="bbox 333 313 2092 368; baseline 0.002 -15"><span class='ocrx_word' id='word_1_18' title='bbox 333 313 541 354; x_wconf 87' lang='lat' dir='ltr'>dialectici</span> <span class='ocrx_word' id='word_1_19' title='bbox 574 318 615 353; x_wconf 89' lang='lat' dir='ltr'>et</span> <span class='ocrx_word' id='word_1_20' title='bbox 645 314 805 367; x_wconf 80' lang='lat' dir='ltr'><strong>physici</strong></span> <span class='ocrx_word' id='word_1_21' title='bbox 837 315 974 354; x_wconf 89' lang='lat' dir='ltr'>verbis</span> <span class='ocrx_word' id='word_1_22' title='bbox 1006 320 1179 355; x_wconf 87' lang='lat' dir='ltr'>utuntur</span> <span class='ocrx_word' id='word_1_23' title='bbox 1208 316 1272 362; x_wconf 90' lang='lat' dir='ltr'>iis,</span> <span class='ocrx_word' id='word_1_24' title='bbox 1306 329 1411 368; x_wconf 92' lang='lat' dir='ltr'>quae</span> <span class='ocrx_word' id='word_1_25' title='bbox 1439 316 1517 368; x_wconf 92' lang='lat' dir='ltr'>ipsi</span> <span class='ocrx_word' id='word_1_26' title='bbox 1542 315 1739 355; x_wconf 81' lang='lat' dir='ltr'>Graeciae</span> <span class='ocrx_word' id='word_1_27' title='bbox 1761 320 1861 355; x_wconf 89' lang='lat' dir='ltr'>nota</span> <span class='ocrx_word' id='word_1_28' title='bbox 1881 329 1966 355; x_wconf 91' lang='lat' dir='ltr'>non</span> <span class='ocrx_word' id='word_1_29' title='bbox 1988 317 2092 366; x_wconf 80' lang='lat' dir='ltr'>sint3</span> 
     </span>
     <span class='ocr_line' id='line_1_4' title="bbox 331 377 2092 431; baseline 0.002 -16"><span class='ocrx_word' id='word_1_30' title='bbox 331 381 566 427; x_wconf 78' lang='lat' dir='ltr'>geometrae</span> <span class='ocrx_word' id='word_1_31' title='bbox 596 390 694 416; x_wconf 87' lang='lat' dir='ltr'>vero</span> <span class='ocrx_word' id='word_1_32' title='bbox 726 382 766 416; x_wconf 91' lang='lat' dir='ltr'>et</span> <span class='ocrx_word' id='word_1_33' title='bbox 797 377 967 424; x_wconf 84' lang='lat' dir='ltr'>musici,</span> <span class='ocrx_word' id='word_1_34' title='bbox 999 377 1258 429; x_wconf 81' lang='lat' dir='ltr'>grammatici</span> <span class='ocrx_word' id='word_1_35' title='bbox 1292 379 1415 418; x_wconf 90' lang='lat' dir='ltr'>etiam</span> <span class='ocrx_word' id='word_1_36' title='bbox 1444 392 1556 418; x_wconf 88' lang='lat' dir='ltr'>more</span> <span class='ocrx_word' id='word_1_37' title='bbox 1578 378 1760 431; x_wconf 91' lang='lat' dir='ltr'>quodam</span> <span class='ocrx_word' id='word_1_38' title='bbox 1788 377 1983 418; x_wconf 89' lang='lat' dir='ltr'>locuntur</span> <span class='ocrx_word' id='word_1_39' title='bbox 2004 393 2092 419; x_wconf 91' lang='lat' dir='ltr'>suo.</span> 
     </span>
     <span class='ocr_line' id='line_1_5' title="bbox 329 437 2094 495; baseline 0.003 -20"><span class='ocrx_word' id='word_1_40' title='bbox 329 437 448 490; x_wconf 85' lang='lat' dir='ltr'>Ipsae</span> <span class='ocrx_word' id='word_1_41' title='bbox 480 437 693 478; x_wconf 87' lang='lat' dir='ltr'>rhetorum</span> <span class='ocrx_word' id='word_1_42' title='bbox 725 444 854 486; x_wconf 89' lang='lat' dir='ltr'>artes,</span> <span class='ocrx_word' id='word_1_43' title='bbox 892 452 1000 492; x_wconf 91' lang='lat' dir='ltr'>quae</span> <span class='ocrx_word' id='word_1_44' title='bbox 1032 445 1130 479; x_wconf 89' lang='lat' dir='ltr'>sunt</span> <span class='ocrx_word' id='word_1_45' title='bbox 1160 445 1271 479; x_wconf 91' lang='lat' dir='ltr'>totae</span> <span class='ocrx_word' id='word_1_46' title='bbox 1301 439 1490 480; x_wconf 85' lang='lat' dir='ltr'>forenses</span> <span class='ocrx_word' id='word_1_47' title='bbox 1521 446 1647 495; x_wconf 90' lang='lat' dir='ltr'>atque</span> <span class='ocrx_word' id='word_1_48' title='bbox 1678 439 1925 494; x_wconf 86' lang='lat' dir='ltr'>populares,</span> <span class='ocrx_word' id='word_1_49' title='bbox 1956 440 2094 481; x_wconf 87' lang='lat' dir='ltr'>verbis</span> 
     </span>
     <span class='ocr_line' id='line_1_6' title="bbox 298 500 1533 554; baseline 0.001 -13"><span class='ocrx_word' id='word_1_50' title='bbox 298 504 466 541; x_wconf 62' lang='lat' dir='ltr'>stamen</span> <span class='ocrx_word' id='word_1_51' title='bbox 497 500 540 539; x_wconf 89' lang='lat' dir='ltr'>in</span> <span class='ocrx_word' id='word_1_52' title='bbox 571 500 761 540; x_wconf 88' lang='lat' dir='ltr'>docendo</span> <span class='ocrx_word' id='word_1_53' title='bbox 794 502 915 554; x_wconf 84' lang='lat' dir='ltr'>quasi</span> <span class='ocrx_word' id='word_1_54' title='bbox 949 502 1120 554; x_wconf 90' lang='lat' dir='ltr'>privatis</span> <span class='ocrx_word' id='word_1_55' title='bbox 1151 508 1329 542; x_wconf 90' lang='lat' dir='ltr'>utuntur</span> <span class='ocrx_word' id='word_1_56' title='bbox 1358 516 1404 542; x_wconf 87' lang='lat' dir='ltr'>ac</span> <span class='ocrx_word' id='word_1_57' title='bbox 1435 504 1533 543; x_wconf 90' lang='lat' dir='ltr'>suis.</span> 
     </span>
    </p>

    <p class='ocr_par' dir='ltr' id='par_1_3' title="bbox 326 562 2098 806">
     <span class='ocr_line' id='line_1_7' title="bbox 440 562 2095 619; baseline 0.002 -18"><span class='ocrx_word' id='word_1_58' title='bbox 440 562 490 601; x_wconf 90' lang='grc' dir='ltr'>ΙΙ.</span> <span class='ocrx_word' id='word_1_59' title='bbox 521 562 659 616; x_wconf 85' lang='lat' dir='ltr'>Atque</span> <span class='ocrx_word' id='word_1_60' title='bbox 703 568 750 603; x_wconf 88' lang='lat' dir='ltr'>ut</span> <span class='ocrx_word' id='word_1_61' title='bbox 789 564 975 603; x_wconf 89' lang='lat' dir='ltr'>omittam</span> <span class='ocrx_word' id='word_1_62' title='bbox 1013 563 1088 603; x_wconf 91' lang='lat' dir='ltr'>has</span> <span class='ocrx_word' id='word_1_63' title='bbox 1128 566 1226 604; x_wconf 89' lang='lat' dir='ltr'>artis</span> <span class='ocrx_word' id='word_1_64' title='bbox 1266 565 1465 617; x_wconf 89' lang='lat' dir='ltr'>elegantis</span> <span class='ocrx_word' id='word_1_65' title='bbox 1503 571 1542 605; x_wconf 89' lang='lat' dir='ltr'>et</span> <span class='ocrx_word' id='word_1_66' title='bbox 1572 565 1800 617; x_wconf 88' lang='lat' dir='ltr'>ingenuas,</span> <span class='ocrx_word' id='word_1_67' title='bbox 1838 580 1890 607; x_wconf 91' lang='lat' dir='ltr'>ne</span> <span class='ocrx_word' id='word_1_68' title='bbox 1924 563 2095 619; x_wconf 84' lang='lat' dir='ltr'>opifices</span> 
     </span>
     <span class='ocr_line' id='line_1_8' title="bbox 329 623 2098 679; baseline 0.003 -16"><span class='ocrx_word' id='word_1_69' title='bbox 329 623 501 677; x_wconf 90' lang='lat' dir='ltr'>quidem</span> <span class='ocrx_word' id='word_1_70' title='bbox 540 625 647 664; x_wconf 89' lang='lat' dir='ltr'>tueri</span> <span class='ocrx_word' id='word_1_71' title='bbox 679 639 752 665; x_wconf 86' lang='lat' dir='ltr'>sua</span> <span class='ocrx_word' id='word_1_72' title='bbox 784 624 957 666; x_wconf 79' lang='lat' dir='ltr'>artificia</span> <span class='ocrx_word' id='word_1_73' title='bbox 988 633 1181 679; x_wconf 82' lang='lat' dir='ltr'>possent,</span> <span class='ocrx_word' id='word_1_74' title='bbox 1227 628 1306 667; x_wconf 90' lang='lat' dir='ltr'>nisi</span> <span class='ocrx_word' id='word_1_75' title='bbox 1339 628 1550 668; x_wconf 77' lang='lat' dir='ltr'>vocabulis</span> <span class='ocrx_word' id='word_1_76' title='bbox 1582 633 1800 668; x_wconf 88' lang='lat' dir='ltr'>uterentur</span> <span class='ocrx_word' id='word_1_77' title='bbox 1829 628 1950 668; x_wconf 90' lang='lat' dir='ltr'>nobis</span> <span class='ocrx_word' id='word_1_78' title='bbox 1983 628 2098 668; x_wconf 91' lang='lat' dir='ltr'>inco-</span> 
     </span>
     <span class='ocr_line' id='line_1_9' title="bbox 328 686 2097 744; baseline 0.003 -19"><span class='ocrx_word' id='word_1_79' title='bbox 328 686 478 739; x_wconf 90' lang='lat' dir='ltr'>gnitis,</span> <span class='ocrx_word' id='word_1_80' title='bbox 517 687 681 727; x_wconf 88' lang='lat' dir='ltr'>usitatis</span> <span class='ocrx_word' id='word_1_81' title='bbox 723 688 814 728; x_wconf 88' lang='lat' dir='ltr'>sibi.</span> <span class='ocrx_word' id='word_1_82' title='bbox 877 688 990 736; x_wconf 86' lang='lat' dir='ltr'>Quin</span> <span class='ocrx_word' id='word_1_83' title='bbox 1030 690 1153 729; x_wconf 86' lang='lat' dir='ltr'>etiam</span> <span class='ocrx_word' id='word_1_84' title='bbox 1194 690 1468 743; x_wconf 83' lang='lat' dir='ltr'>agricultura,</span> <span class='ocrx_word' id='word_1_85' title='bbox 1508 703 1616 744; x_wconf 89' lang='lat' dir='ltr'>quae</span> <span class='ocrx_word' id='word_1_86' title='bbox 1657 690 1855 731; x_wconf 90' lang='lat' dir='ltr'>abhorret</span> <span class='ocrx_word' id='word_1_87' title='bbox 1891 691 1942 731; x_wconf 91' lang='lat' dir='ltr'>ab</span> <span class='ocrx_word' id='word_1_88' title='bbox 1984 691 2097 731; x_wconf 90' lang='lat' dir='ltr'>omni</span> 
     </span>
     <span class='ocr_line' id='line_1_10' title="bbox 326 749 2097 806; baseline 0.003 -18"><span class='ocrx_word' id='word_1_89' title='bbox 326 749 522 801; x_wconf 84' lang='lat' dir='ltr'>politiore</span> <span class='ocrx_word' id='word_1_90' title='bbox 562 750 792 803; x_wconf 84' lang='lat' dir='ltr'>elegantia,</span> <span class='ocrx_word' id='word_1_91' title='bbox 834 756 975 791; x_wconf 87' lang='lat' dir='ltr'>tamen</span> <span class='ocrx_word' id='word_1_92' title='bbox 1006 765 1074 791; x_wconf 92' lang='lat' dir='ltr'>eas</span> <span class='ocrx_word' id='word_1_93' title='bbox 1113 766 1203 800; x_wconf 89' lang='lat' dir='ltr'>res,</span> <span class='ocrx_word' id='word_1_94' title='bbox 1242 754 1285 792; x_wconf 93' lang='lat' dir='ltr'>in</span> <span class='ocrx_word' id='word_1_95' title='bbox 1317 753 1468 806; x_wconf 90' lang='lat' dir='ltr'>quibus</span> <span class='ocrx_word' id='word_1_96' title='bbox 1499 758 1711 800; x_wconf 87' lang='lat' dir='ltr'>versatur,</span> <span class='ocrx_word' id='word_1_97' title='bbox 1750 753 1992 794; x_wconf 88' lang='lat' dir='ltr'>nominibus</span> <span class='ocrx_word' id='word_1_98' title='bbox 2022 766 2097 793; x_wconf 89' lang='lat' dir='ltr'>no-</span> 
     </span>
    </p>

    <p class='ocr_par' dir='ltr' id='par_1_4' title="bbox 269 811 2098 2612">
     <span class='ocr_line' id='line_1_11' title="bbox 277 811 2096 867; baseline 0.001 -15"><span class='ocrx_word' id='word_1_99' title='bbox 277 811 430 852; x_wconf 66' lang='lat' dir='ltr'>totavit</span> <span class='ocrx_word' id='word_1_100' title='bbox 474 812 608 852; x_wconf 87' lang='lat' dir='ltr'>novis.</span> <span class='ocrx_word' id='word_1_101' title='bbox 671 812 764 860; x_wconf 90' lang='lat' dir='ltr'>Quo</span> <span class='ocrx_word' id='word_1_102' title='bbox 810 814 941 866; x_wconf 89' lang='lat' dir='ltr'>magis</span> <span class='ocrx_word' id='word_1_103' title='bbox 977 813 1056 853; x_wconf 90' lang='lat' dir='ltr'>hoc</span> <span class='ocrx_word' id='word_1_104' title='bbox 1096 814 1348 867; x_wconf 92' lang='lat' dir='ltr'>philosopho</span> <span class='ocrx_word' id='word_1_105' title='bbox 1390 815 1627 854; x_wconf 86' lang='lat' dir='ltr'>faciendum</span> <span class='ocrx_word' id='word_1_106' title='bbox 1660 821 1744 855; x_wconf 89' lang='lat' dir='ltr'>est:</span> <span class='ocrx_word' id='word_1_107' title='bbox 1792 829 1858 855; x_wconf 91' lang='lat' dir='ltr'>ars</span> <span class='ocrx_word' id='word_1_108' title='bbox 1891 820 1954 855; x_wconf 87' lang='lat' dir='ltr'>est</span> <span class='ocrx_word' id='word_1_109' title='bbox 1985 816 2096 856; x_wconf 92' lang='lat' dir='ltr'>enim</span> 
     </span>
     <span class='ocr_line' id='line_1_12' title="bbox 325 873 2095 931; baseline 0.002 -18"><span class='ocrx_word' id='word_1_110' title='bbox 325 873 595 927; x_wconf 85' lang='lat' dir='ltr'>philosophia</span> <span class='ocrx_word' id='word_1_111' title='bbox 635 876 764 923; x_wconf 89' lang='lat' dir='ltr'>vitae,</span> <span class='ocrx_word' id='word_1_112' title='bbox 809 876 861 916; x_wconf 83' lang='lat' dir='ltr'>de</span> <span class='ocrx_word' id='word_1_113' title='bbox 893 890 977 929; x_wconf 88' lang='lat' dir='ltr'>qua</span> <span class='ocrx_word' id='word_1_114' title='bbox 1008 876 1216 917; x_wconf 90' lang='lat' dir='ltr'>disserens</span> <span class='ocrx_word' id='word_1_115' title='bbox 1254 878 1436 929; x_wconf 84' lang='lat' dir='ltr'>arripere</span> <span class='ocrx_word' id='word_1_116' title='bbox 1469 877 1593 916; x_wconf 81' lang='lat' dir='ltr'>verba</span> <span class='ocrx_word' id='word_1_117' title='bbox 1625 876 1675 917; x_wconf 90' lang='lat' dir='ltr'>de</span> <span class='ocrx_word' id='word_1_118' title='bbox 1706 877 1795 918; x_wconf 88' lang='lat' dir='ltr'>foro</span> <span class='ocrx_word' id='word_1_119' title='bbox 1827 892 1913 918; x_wconf 92' lang='lat' dir='ltr'>non</span> <span class='ocrx_word' id='word_1_120' title='bbox 1944 883 2095 931; x_wconf 81' lang='lat' dir='ltr'>potest.</span> 
     </span>
     <span class='ocr_line' id='line_1_13' title="bbox 325 935 2096 993; baseline 0.002 -17"><span class='ocrx_word' id='word_1_121' title='bbox 325 935 364 976; x_wconf 78' lang='lat'>5.</span> <span class='ocrx_word' id='word_1_122' title='bbox 397 936 661 991; x_wconf 87' lang='lat' dir='ltr'>Quamquam</span> <span class='ocrx_word' id='word_1_123' title='bbox 693 952 745 978; x_wconf 78' lang='lat' dir='ltr'>ex</span> <span class='ocrx_word' id='word_1_124' title='bbox 777 939 970 978; x_wconf 90' lang='lat' dir='ltr'>omnibus</span> <span class='ocrx_word' id='word_1_125' title='bbox 1003 939 1265 993; x_wconf 91' lang='lat' dir='ltr'>philosophis</span> <span class='ocrx_word' id='word_1_126' title='bbox 1298 940 1426 979; x_wconf 89' lang='lat' dir='ltr'>Stoici</span> <span class='ocrx_word' id='word_1_127' title='bbox 1449 940 1628 992; x_wconf 87' lang='lat' dir='ltr'>plurima</span> <span class='ocrx_word' id='word_1_128' title='bbox 1650 945 1930 988; x_wconf 87' lang='lat' dir='ltr'>novaverunt,</span> <span class='ocrx_word' id='word_1_129' title='bbox 1962 941 2096 979; x_wconf 88' lang='lat' dir='ltr'>Zeno—</span> 
     </span>
     <span class='ocr_line' id='line_1_14' title="bbox 325 1001 2096 1055; baseline 0.002 -16"><span class='ocrx_word' id='word_1_130' title='bbox 325 1012 407 1053; x_wconf 87' lang='lat' dir='ltr'>que</span> <span class='ocrx_word' id='word_1_131' title='bbox 439 1013 584 1040; x_wconf 90' lang='lat' dir='ltr'>eorum</span> <span class='ocrx_word' id='word_1_132' title='bbox 614 1001 807 1054; x_wconf 92' lang='lat' dir='ltr'>princeps</span> <span class='ocrx_word' id='word_1_133' title='bbox 840 1015 925 1040; x_wconf 90' lang='lat' dir='ltr'>non</span> <span class='ocrx_word' id='word_1_134' title='bbox 958 1008 1040 1041; x_wconf 90' lang='lat' dir='ltr'>tam</span> <span class='ocrx_word' id='word_1_135' title='bbox 1072 1016 1209 1041; x_wconf 90' lang='lat' dir='ltr'>rerum</span> <span class='ocrx_word' id='word_1_136' title='bbox 1242 1003 1436 1041; x_wconf 84' lang='lat' dir='ltr'>inventor</span> <span class='ocrx_word' id='word_1_137' title='bbox 1465 1002 1542 1041; x_wconf 86' lang='lat' dir='ltr'>fuit</span> <span class='ocrx_word' id='word_1_138' title='bbox 1571 1015 1695 1055; x_wconf 89' lang='lat' dir='ltr'>quam</span> <span class='ocrx_word' id='word_1_139' title='bbox 1717 1003 1940 1043; x_wconf 90' lang='lat' dir='ltr'>verborum</span> <span class='ocrx_word' id='word_1_140' title='bbox 1965 1015 2096 1042; x_wconf 84' lang='lat' dir='ltr'>novo-</span> 
     </span>
     <span class='ocr_line' id='line_1_15' title="bbox 323 1062 2096 1118; baseline 0.002 -17"><span class='ocrx_word' id='word_1_141' title='bbox 323 1075 429 1103; x_wconf 89' lang='lat' dir='ltr'>rum.</span> <span class='ocrx_word' id='word_1_142' title='bbox 481 1062 605 1110; x_wconf 85' lang='lat' dir='ltr'>Quod</span> <span class='ocrx_word' id='word_1_143' title='bbox 637 1064 671 1103; x_wconf 92' lang='lat' dir='ltr'>si</span> <span class='ocrx_word' id='word_1_144' title='bbox 702 1064 746 1102; x_wconf 92' lang='lat' dir='ltr'>in</span> <span class='ocrx_word' id='word_1_145' title='bbox 778 1077 825 1103; x_wconf 90' lang='lat' dir='ltr'>ea</span> <span class='ocrx_word' id='word_1_146' title='bbox 849 1064 1004 1117; x_wconf 86' lang='lat' dir='ltr'>lingua,</span> <span class='ocrx_word' id='word_1_147' title='bbox 1038 1078 1161 1117; x_wconf 87' lang='lat' dir='ltr'>quam</span> <span class='ocrx_word' id='word_1_148' title='bbox 1183 1064 1373 1118; x_wconf 87' lang='lat' dir='ltr'>plerique</span> <span class='ocrx_word' id='word_1_149' title='bbox 1396 1065 1633 1104; x_wconf 86' lang='lat' dir='ltr'>uberiorem</span> <span class='ocrx_word' id='word_1_150' title='bbox 1656 1070 1816 1118; x_wconf 88' lang='lat' dir='ltr'>putant,</span> <span class='ocrx_word' id='word_1_151' title='bbox 1848 1079 2096 1106; x_wconf 88' lang='lat' dir='ltr'>concessum</span> 
     </span>
     <span class='ocr_line' id='line_1_16' title="bbox 275 1126 2098 1180; baseline 0.001 -16"><span class='ocrx_word' id='word_1_152' title='bbox 275 1136 310 1164; x_wconf 67' lang='lat'>»¹5</span> <span class='ocrx_word' id='word_1_153' title='bbox 324 1130 387 1164; x_wconf 84' lang='lat' dir='ltr'>est</span> <span class='ocrx_word' id='word_1_154' title='bbox 421 1130 468 1164; x_wconf 89' lang='lat' dir='ltr'>ut</span> <span class='ocrx_word' id='word_1_155' title='bbox 498 1126 727 1166; x_wconf 89' lang='lat' dir='ltr'>doctissimi</span> <span class='ocrx_word' id='word_1_156' title='bbox 756 1126 949 1166; x_wconf 90' lang='lat' dir='ltr'>homines</span> <span class='ocrx_word' id='word_1_157' title='bbox 982 1127 1032 1167; x_wconf 90' lang='lat' dir='ltr'>de</span> <span class='ocrx_word' id='word_1_158' title='bbox 1064 1127 1188 1166; x_wconf 88' lang='lat' dir='ltr'>rebus</span> <span class='ocrx_word' id='word_1_159' title='bbox 1220 1141 1303 1166; x_wconf 89' lang='lat' dir='ltr'>non</span> <span class='ocrx_word' id='word_1_160' title='bbox 1335 1128 1570 1180; x_wconf 83' lang='lat' dir='ltr'>pervagatis</span> <span class='ocrx_word' id='word_1_161' title='bbox 1600 1127 1812 1167; x_wconf 87' lang='lat' dir='ltr'>inusitatis</span> <span class='ocrx_word' id='word_1_162' title='bbox 1839 1127 1976 1167; x_wconf 90' lang='lat' dir='ltr'>verbis</span> <span class='ocrx_word' id='word_1_163' title='bbox 2007 1133 2098 1166; x_wconf 92' lang='lat' dir='ltr'>ute-</span> 
     </span>
     <span class='ocr_line' id='line_1_17' title="bbox 322 1188 2097 1243; baseline 0.001 -16"><span class='ocrx_word' id='word_1_164' title='bbox 322 1193 487 1235; x_wconf 90' lang='lat' dir='ltr'>rentur,</span> <span class='ocrx_word' id='word_1_165' title='bbox 529 1194 687 1242; x_wconf 88' lang='lat' dir='ltr'>quanto</span> <span class='ocrx_word' id='word_1_166' title='bbox 728 1188 768 1228; x_wconf 92' lang='lat' dir='ltr'>id</span> <span class='ocrx_word' id='word_1_167' title='bbox 811 1189 931 1228; x_wconf 90' lang='lat' dir='ltr'>nohis</span> <span class='ocrx_word' id='word_1_168' title='bbox 964 1190 1092 1241; x_wconf 88' lang='lat' dir='ltr'>magis</span> <span class='ocrx_word' id='word_1_169' title='bbox 1125 1194 1187 1228; x_wconf 91' lang='lat' dir='ltr'>est</span> <span class='ocrx_word' id='word_1_170' title='bbox 1219 1190 1558 1237; x_wconf 88' lang='lat' dir='ltr'>concedendum,</span> <span class='ocrx_word' id='word_1_171' title='bbox 1593 1190 1664 1243; x_wconf 91' lang='lat' dir='ltr'>qui</span> <span class='ocrx_word' id='word_1_172' title='bbox 1697 1203 1744 1229; x_wconf 91' lang='lat' dir='ltr'>ea</span> <span class='ocrx_word' id='word_1_173' title='bbox 1775 1203 1887 1230; x_wconf 89' lang='lat' dir='ltr'>nunc</span> <span class='ocrx_word' id='word_1_174' title='bbox 1918 1189 2097 1243; x_wconf 90' lang='lat' dir='ltr'>primum</span> 
     </span>
     <span class='ocr_line' id='line_1_18' title="bbox 322 1251 2098 1305; baseline -0.001 -15"><span class='ocrx_word' id='word_1_175' title='bbox 322 1251 524 1291; x_wconf 90' lang='lat' dir='ltr'>audemus</span> <span class='ocrx_word' id='word_1_176' title='bbox 554 1252 789 1302; x_wconf 75' lang='lat' dir='ltr'>attingere?</span> <span class='ocrx_word' id='word_1_177' title='bbox 835 1252 887 1291; x_wconf 82' lang='lat' dir='ltr'>Et</span> <span class='ocrx_word' id='word_1_178' title='bbox 921 1253 1123 1305; x_wconf 88' lang='lat' dir='ltr'>quoniam</span> <span class='ocrx_word' id='word_1_179' title='bbox 1157 1265 1282 1304; x_wconf 86' lang='lat' dir='ltr'>saepe</span> <span class='ocrx_word' id='word_1_180' title='bbox 1317 1252 1522 1299; x_wconf 80' lang='lat' dir='ltr'>diximus,</span> <span class='ocrx_word' id='word_1_181' title='bbox 1556 1257 1596 1292; x_wconf 83' lang='lat' dir='ltr'>et</span> <span class='ocrx_word' id='word_1_182' title='bbox 1628 1252 1800 1305; x_wconf 91' lang='lat' dir='ltr'>quidem</span> <span class='ocrx_word' id='word_1_183' title='bbox 1833 1265 1926 1291; x_wconf 91' lang='lat' dir='ltr'>cum</span> <span class='ocrx_word' id='word_1_184' title='bbox 1957 1251 2098 1304; x_wconf 87' lang='lat' dir='ltr'>aliqua</span> 
     </span>
     <span class='ocr_line' id='line_1_19' title="bbox 323 1313 2096 1368; baseline 0 -16"><span class='ocrx_word' id='word_1_185' title='bbox 323 1313 509 1367; x_wconf 91' lang='lat' dir='ltr'>querella</span> <span class='ocrx_word' id='word_1_186' title='bbox 539 1327 626 1353; x_wconf 90' lang='lat' dir='ltr'>non</span> <span class='ocrx_word' id='word_1_187' title='bbox 659 1314 912 1353; x_wconf 89' lang='lat' dir='ltr'>Graecorum</span> <span class='ocrx_word' id='word_1_188' title='bbox 945 1314 1090 1362; x_wconf 90' lang='lat' dir='ltr'>modo,</span> <span class='ocrx_word' id='word_1_189' title='bbox 1124 1314 1195 1354; x_wconf 88' lang='lat' dir='ltr'>sed</span> <span class='ocrx_word' id='word_1_190' title='bbox 1227 1328 1369 1354; x_wconf 88' lang='lat' dir='ltr'>eorum</span> <span class='ocrx_word' id='word_1_191' title='bbox 1403 1315 1539 1362; x_wconf 86' lang='lat' dir='ltr'>etiam,</span> <span class='ocrx_word' id='word_1_192' title='bbox 1576 1315 1648 1368; x_wconf 91' lang='lat' dir='ltr'>qui</span> <span class='ocrx_word' id='word_1_193' title='bbox 1676 1329 1719 1355; x_wconf 93' lang='lat' dir='ltr'>se</span> <span class='ocrx_word' id='word_1_194' title='bbox 1752 1314 1933 1354; x_wconf 87' lang='lat' dir='ltr'>Graecos</span> <span class='ocrx_word' id='word_1_195' title='bbox 1966 1314 2096 1366; x_wconf 89' lang='lat' dir='ltr'>magis</span> 
     </span>
     <span class='ocr_line' id='line_1_20' title="bbox 322 1376 2096 1429; baseline -0.001 -13"><span class='ocrx_word' id='word_1_196' title='bbox 322 1389 448 1429; x_wconf 91' lang='lat' dir='ltr'>quam</span> <span class='ocrx_word' id='word_1_197' title='bbox 479 1382 646 1416; x_wconf 91' lang='lat' dir='ltr'>nostros</span> <span class='ocrx_word' id='word_1_198' title='bbox 677 1376 821 1416; x_wconf 87' lang='lat' dir='ltr'>haberi</span> <span class='ocrx_word' id='word_1_199' title='bbox 852 1376 1021 1424; x_wconf 87' lang='lat' dir='ltr'>volunt,</span> <span class='ocrx_word' id='word_1_200' title='bbox 1054 1390 1129 1417; x_wconf 93' lang='lat' dir='ltr'>nos</span> <span class='ocrx_word' id='word_1_201' title='bbox 1162 1391 1243 1417; x_wconf 89' lang='lat' dir='ltr'>non</span> <span class='ocrx_word' id='word_1_202' title='bbox 1276 1378 1400 1416; x_wconf 90' lang='lat' dir='ltr'>modo</span> <span class='ocrx_word' id='word_1_203' title='bbox 1432 1390 1516 1416; x_wconf 92' lang='lat' dir='ltr'>non</span> <span class='ocrx_word' id='word_1_204' title='bbox 1551 1377 1660 1416; x_wconf 81' lang='lat' dir='ltr'>vinci</span> <span class='ocrx_word' id='word_1_205' title='bbox 1692 1390 1715 1417; x_wconf 89' lang='lat' dir='ltr'>a</span> <span class='ocrx_word' id='word_1_206' title='bbox 1747 1377 1917 1417; x_wconf 89' lang='lat' dir='ltr'>Graecis</span> <span class='ocrx_word' id='word_1_207' title='bbox 1948 1376 2096 1416; x_wconf 81' lang='lat' dir='ltr'>verbo-</span> 
     </span>
     <span class='ocr_line' id='line_1_21' title="bbox 272 1438 2094 1493; baseline 0.001 -15"><span class='ocrx_word' id='word_1_208' title='bbox 272 1449 411 1480; x_wconf 49' lang='lat' dir='ltr'>c‘iorum</span> <span class='ocrx_word' id='word_1_209' title='bbox 452 1440 592 1493; x_wconf 87' lang='lat' dir='ltr'>copia,</span> <span class='ocrx_word' id='word_1_210' title='bbox 634 1439 707 1479; x_wconf 90' lang='lat' dir='ltr'>sed</span> <span class='ocrx_word' id='word_1_211' title='bbox 747 1452 839 1479; x_wconf 89' lang='lat' dir='ltr'>esse</span> <span class='ocrx_word' id='word_1_212' title='bbox 880 1440 923 1478; x_wconf 88' lang='lat' dir='ltr'>in</span> <span class='ocrx_word' id='word_1_213' title='bbox 965 1453 1013 1479; x_wconf 89' lang='lat' dir='ltr'>ea</span> <span class='ocrx_word' id='word_1_214' title='bbox 1052 1440 1176 1479; x_wconf 86' lang='lat' dir='ltr'>etiam</span> <span class='ocrx_word' id='word_1_215' title='bbox 1213 1440 1472 1493; x_wconf 87' lang='lat' dir='ltr'>superiores,</span> <span class='ocrx_word' id='word_1_216' title='bbox 1515 1440 1815 1479; x_wconf 89' lang='lat' dir='ltr'>elaborandum</span> <span class='ocrx_word' id='word_1_217' title='bbox 1848 1444 1984 1479; x_wconf 90' lang='lat' dir='ltr'>estut</span> <span class='ocrx_word' id='word_1_218' title='bbox 2014 1438 2094 1478; x_wconf 82' lang='lat' dir='ltr'>hoc</span> 
     </span>
     <span class='ocr_line' id='line_1_22' title="bbox 319 1501 2092 1555; baseline -0.001 -13"><span class='ocrx_word' id='word_1_219' title='bbox 319 1516 404 1542; x_wconf 90' lang='lat' dir='ltr'>non</span> <span class='ocrx_word' id='word_1_220' title='bbox 435 1503 479 1542; x_wconf 87' lang='lat' dir='ltr'>in</span> <span class='ocrx_word' id='word_1_221' title='bbox 510 1502 662 1542; x_wconf 90' lang='lat' dir='ltr'>nostris</span> <span class='ocrx_word' id='word_1_222' title='bbox 694 1501 829 1542; x_wconf 91' lang='lat' dir='ltr'>solum</span> <span class='ocrx_word' id='word_1_223' title='bbox 861 1502 1031 1548; x_wconf 88' lang='lat' dir='ltr'>artibus,</span> <span class='ocrx_word' id='word_1_224' title='bbox 1064 1503 1137 1541; x_wconf 92' lang='lat' dir='ltr'>sed</span> <span class='ocrx_word' id='word_1_225' title='bbox 1170 1502 1293 1541; x_wconf 89' lang='lat' dir='ltr'>etiam</span> <span class='ocrx_word' id='word_1_226' title='bbox 1325 1502 1367 1540; x_wconf 89' lang='lat' dir='ltr'>in</span> <span class='ocrx_word' id='word_1_227' title='bbox 1398 1502 1566 1541; x_wconf 90' lang='lat' dir='ltr'>illorum</span> <span class='ocrx_word' id='word_1_228' title='bbox 1589 1502 1774 1555; x_wconf 90' lang='lat' dir='ltr'>ipsorum</span> <span class='ocrx_word' id='word_1_229' title='bbox 1796 1514 2092 1555; x_wconf 88' lang='lat' dir='ltr'>assequamur:</span> 
     </span>
     <span class='ocr_line' id='line_1_23' title="bbox 321 1564 2095 1618; baseline -0.001 -14"><span class='ocrx_word' id='word_1_230' title='bbox 321 1578 573 1618; x_wconf 87' lang='lat' dir='ltr'>quamquam</span> <span class='ocrx_word' id='word_1_231' title='bbox 615 1578 663 1604; x_wconf 88' lang='lat' dir='ltr'>ea</span> <span class='ocrx_word' id='word_1_232' title='bbox 698 1565 847 1611; x_wconf 78' lang='lat' dir='ltr'>verba,</span> <span class='ocrx_word' id='word_1_233' title='bbox 889 1565 1042 1618; x_wconf 89' lang='lat' dir='ltr'>quihus</span> <span class='ocrx_word' id='word_1_234' title='bbox 1081 1564 1272 1604; x_wconf 87' lang='lat' dir='ltr'>instituto</span> <span class='ocrx_word' id='word_1_235' title='bbox 1313 1568 1499 1604; x_wconf 79' lang='lat' dir='ltr'>veterum</span> <span class='ocrx_word' id='word_1_236' title='bbox 1530 1565 1688 1604; x_wconf 89' lang='lat' dir='ltr'>utimur</span> <span class='ocrx_word' id='word_1_237' title='bbox 1717 1578 1794 1618; x_wconf 92' lang='lat' dir='ltr'>pro</span> <span class='ocrx_word' id='word_1_238' title='bbox 1825 1564 2007 1611; x_wconf 84' lang='lat' dir='ltr'>Latinis,</span> <span class='ocrx_word' id='word_1_239' title='bbox 2048 1568 2095 1603; x_wconf 91' lang='lat' dir='ltr'>ut</span> 
     </span>
     <span class='ocr_line' id='line_1_24' title="bbox 318 1626 2094 1681; baseline -0.001 -15"><span class='ocrx_word' id='word_1_240' title='bbox 318 1628 410 1681; x_wconf 89' lang='lat' dir='ltr'>ipsa</span> <span class='ocrx_word' id='word_1_241' title='bbox 439 1627 728 1680; x_wconf 91' lang='lat' dir='ltr'>philosophia,</span> <span class='ocrx_word' id='word_1_242' title='bbox 768 1633 814 1666; x_wconf 91' lang='lat' dir='ltr'>ut</span> <span class='ocrx_word' id='word_1_243' title='bbox 843 1627 1076 1674; x_wconf 88' lang='lat' dir='ltr'>rhetorica,</span> <span class='ocrx_word' id='word_1_244' title='bbox 1119 1627 1356 1674; x_wconf 84' lang='lat' dir='ltr'>dialectica,</span> <span class='ocrx_word' id='word_1_245' title='bbox 1398 1627 1689 1679; x_wconf 88' lang='lat' dir='ltr'>grammatica,</span> <span class='ocrx_word' id='word_1_246' title='bbox 1722 1626 1971 1679; x_wconf 86' lang='lat' dir='ltr'>geometria,</span> <span class='ocrx_word' id='word_1_247' title='bbox 2004 1639 2094 1664; x_wconf 90' lang='lat' dir='ltr'>mu·</span> 
     </span>
     <span class='ocr_line' id='line_1_25' title="bbox 320 1689 2094 1743; baseline -0.001 -14"><span class='ocrx_word' id='word_1_248' title='bbox 320 1690 428 1738; x_wconf 90' lang='lat' dir='ltr'>sica,</span> <span class='ocrx_word' id='word_1_249' title='bbox 462 1703 716 1743; x_wconf 89' lang='lat' dir='ltr'>quamquam</span> <span class='ocrx_word' id='word_1_250' title='bbox 746 1690 892 1729; x_wconf 85' lang='lat' dir='ltr'>Latine</span> <span class='ocrx_word' id='word_1_251' title='bbox 924 1703 973 1729; x_wconf 86' lang='lat' dir='ltr'>ea</span> <span class='ocrx_word' id='word_1_252' title='bbox 1004 1689 1083 1728; x_wconf 89' lang='lat' dir='ltr'>dici</span> <span class='ocrx_word' id='word_1_253' title='bbox 1116 1695 1333 1742; x_wconf 88' lang='lat' dir='ltr'>poterant,</span> <span class='ocrx_word' id='word_1_254' title='bbox 1364 1694 1524 1736; x_wconf 88' lang='lat' dir='ltr'>tamen,</span> <span class='ocrx_word' id='word_1_255' title='bbox 1557 1689 1758 1741; x_wconf 88' lang='lat' dir='ltr'>quoniam</span> <span class='ocrx_word' id='word_1_256' title='bbox 1789 1702 1867 1728; x_wconf 92' lang='lat' dir='ltr'>usu</span> <span class='ocrx_word' id='word_1_257' title='bbox 1894 1692 2094 1741; x_wconf 89' lang='lat' dir='ltr'>percepta</span> 
     </span>
     <span class='ocr_line' id='line_1_26' title="bbox 269 1749 2091 1805; baseline 0 -15"><span class='ocrx_word' id='word_1_258' title='bbox 269 1761 305 1790; x_wconf 75' lang='lat'>25</span> <span class='ocrx_word' id='word_1_259' title='bbox 320 1758 436 1800; x_wconf 89' lang='lat' dir='ltr'>sunt,</span> <span class='ocrx_word' id='word_1_260' title='bbox 468 1759 609 1792; x_wconf 85' lang='lat' dir='ltr'>nostra</span> <span class='ocrx_word' id='word_1_261' title='bbox 641 1753 856 1792; x_wconf 87' lang='lat' dir='ltr'>ducamus.</span> <span class='ocrx_word' id='word_1_262' title='bbox 906 1753 1043 1805; x_wconf 88' lang='lat' dir='ltr'>Atque</span> <span class='ocrx_word' id='word_1_263' title='bbox 1074 1751 1177 1791; x_wconf 88' lang='lat' dir='ltr'>haec</span> <span class='ocrx_word' id='word_1_264' title='bbox 1209 1751 1379 1804; x_wconf 88' lang='lat' dir='ltr'>quidem</span> <span class='ocrx_word' id='word_1_265' title='bbox 1412 1751 1462 1790; x_wconf 88' lang='lat' dir='ltr'>de</span> <span class='ocrx_word' id='word_1_266' title='bbox 1494 1764 1633 1790; x_wconf 90' lang='lat' dir='ltr'>rerum</span> <span class='ocrx_word' id='word_1_267' title='bbox 1656 1751 1910 1790; x_wconf 91' lang='lat' dir='ltr'>nominihus.</span> <span class='ocrx_word' id='word_1_268' title='bbox 1961 1749 2000 1790; x_wconf 88' lang='grc'>6.</span> <span class='ocrx_word' id='word_1_269' title='bbox 2033 1752 2091 1790; x_wconf 87' lang='lat' dir='ltr'>De</span> 
     </span>
     <span class='ocr_line' id='line_1_27' title="bbox 319 1813 2091 1868; baseline 0 -16"><span class='ocrx_word' id='word_1_270' title='bbox 319 1813 421 1868; x_wconf 90' lang='lat' dir='ltr'>ipsis</span> <span class='ocrx_word' id='word_1_271' title='bbox 462 1815 584 1854; x_wconf 89' lang='lat' dir='ltr'>rebus</span> <span class='ocrx_word' id='word_1_272' title='bbox 625 1820 764 1854; x_wconf 84' lang='lat' dir='ltr'>autem</span> <span class='ocrx_word' id='word_1_273' title='bbox 803 1828 928 1867; x_wconf 88' lang='lat' dir='ltr'>saepe</span> <span class='ocrx_word' id='word_1_274' title='bbox 959 1827 1157 1861; x_wconf 87' lang='lat' dir='ltr'>numero,</span> <span class='ocrx_word' id='word_1_275' title='bbox 1199 1815 1351 1860; x_wconf 89' lang='lat' dir='ltr'>Brute,</span> <span class='ocrx_word' id='word_1_276' title='bbox 1390 1827 1536 1854; x_wconf 81' lang='lat' dir='ltr'>vereor</span> <span class='ocrx_word' id='word_1_277' title='bbox 1566 1826 1618 1852; x_wconf 89' lang='lat' dir='ltr'>ne</span> <span class='ocrx_word' id='word_1_278' title='bbox 1649 1813 1955 1866; x_wconf 87' lang='lat' dir='ltr'>reprehendar,</span> <span class='ocrx_word' id='word_1_279' title='bbox 1998 1826 2091 1853; x_wconf 88' lang='lat' dir='ltr'>cum</span> 
     </span>
     <span class='ocr_line' id='line_1_28' title="bbox 317 1875 2092 1930; baseline 0 -15"><span class='ocrx_word' id='word_1_280' title='bbox 317 1875 421 1916; x_wconf 90' lang='lat' dir='ltr'>haec</span> <span class='ocrx_word' id='word_1_281' title='bbox 452 1877 503 1916; x_wconf 89' lang='lat' dir='ltr'>ad</span> <span class='ocrx_word' id='word_1_282' title='bbox 535 1883 575 1917; x_wconf 93' lang='lat' dir='ltr'>te</span> <span class='ocrx_word' id='word_1_283' title='bbox 607 1877 806 1923; x_wconf 89' lang='lat' dir='ltr'>scribam,</span> <span class='ocrx_word' id='word_1_284' title='bbox 838 1877 908 1930; x_wconf 92' lang='lat' dir='ltr'>qui</span> <span class='ocrx_word' id='word_1_285' title='bbox 941 1891 1035 1916; x_wconf 89' lang='lat' dir='ltr'>cum</span> <span class='ocrx_word' id='word_1_286' title='bbox 1066 1877 1109 1916; x_wconf 92' lang='lat' dir='ltr'>in</span> <span class='ocrx_word' id='word_1_287' title='bbox 1140 1876 1410 1930; x_wconf 89' lang='lat' dir='ltr'>philosophia</span> <span class='ocrx_word' id='word_1_288' title='bbox 1442 1882 1530 1916; x_wconf 88' lang='lat' dir='ltr'>tum</span> <span class='ocrx_word' id='word_1_289' title='bbox 1564 1876 1605 1915; x_wconf 91' lang='lat' dir='ltr'>in</span> <span class='ocrx_word' id='word_1_290' title='bbox 1632 1876 1791 1929; x_wconf 91' lang='lat' dir='ltr'>optimo</span> <span class='ocrx_word' id='word_1_291' title='bbox 1816 1889 1968 1929; x_wconf 87' lang='lat' dir='ltr'>genere</span> <span class='ocrx_word' id='word_1_292' title='bbox 1999 1876 2092 1930; x_wconf 91' lang='lat' dir='ltr'>phi-</span> 
     </span>
     <span class='ocr_line' id='line_1_29' title="bbox 318 1938 2091 1993; baseline -0.001 -15"><span class='ocrx_word' id='word_1_293' title='bbox 318 1939 536 1993; x_wconf 91' lang='lat' dir='ltr'>losophiae</span> <span class='ocrx_word' id='word_1_294' title='bbox 566 1944 726 1979; x_wconf 87' lang='lat' dir='ltr'>tantum</span> <span class='ocrx_word' id='word_1_295' title='bbox 757 1940 1027 1992; x_wconf 89' lang='lat' dir='ltr'>processeris.</span> <span class='ocrx_word' id='word_1_296' title='bbox 1080 1939 1203 1987; x_wconf 88' lang='lat' dir='ltr'>Quod</span> <span class='ocrx_word' id='word_1_297' title='bbox 1236 1939 1270 1979; x_wconf 92' lang='lat' dir='ltr'>si</span> <span class='ocrx_word' id='word_1_298' title='bbox 1301 1939 1479 1979; x_wconf 87' lang='lat' dir='ltr'>facerem</span> <span class='ocrx_word' id='word_1_299' title='bbox 1512 1939 1632 1992; x_wconf 88' lang='lat' dir='ltr'>quasi</span> <span class='ocrx_word' id='word_1_300' title='bbox 1664 1945 1704 1978; x_wconf 90' lang='lat' dir='ltr'>te</span> <span class='ocrx_word' id='word_1_301' title='bbox 1737 1938 1958 1987; x_wconf 90' lang='lat' dir='ltr'>erudiens,</span> <span class='ocrx_word' id='word_1_302' title='bbox 2001 1938 2091 1978; x_wconf 89' lang='lat' dir='ltr'>iure</span> 
     </span>
     <span class='ocr_line' id='line_1_30' title="bbox 318 2001 2089 2055; baseline -0.001 -14"><span class='ocrx_word' id='word_1_303' title='bbox 318 2001 669 2055; x_wconf 88' lang='lat' dir='ltr'>reprehenderer,</span> <span class='ocrx_word' id='word_1_304' title='bbox 701 2002 774 2042; x_wconf 91' lang='lat' dir='ltr'>sed</span> <span class='ocrx_word' id='word_1_305' title='bbox 805 2002 855 2042; x_wconf 90' lang='lat' dir='ltr'>ab</span> <span class='ocrx_word' id='word_1_306' title='bbox 889 2015 937 2042; x_wconf 91' lang='lat' dir='ltr'>eo</span> <span class='ocrx_word' id='word_1_307' title='bbox 967 2002 1193 2055; x_wconf 87' lang='lat' dir='ltr'>plurimum</span> <span class='ocrx_word' id='word_1_308' title='bbox 1223 2002 1370 2041; x_wconf 86' lang='lat' dir='ltr'>absum</span> <span class='ocrx_word' id='word_1_309' title='bbox 1396 2015 1536 2055; x_wconf 89' lang='lat' dir='ltr'>neque</span> <span class='ocrx_word' id='word_1_310' title='bbox 1558 2007 1604 2041; x_wconf 90' lang='lat' dir='ltr'>ut</span> <span class='ocrx_word' id='word_1_311' title='bbox 1627 2015 1676 2041; x_wconf 91' lang='lat' dir='ltr'>ea</span> <span class='ocrx_word' id='word_1_312' title='bbox 1697 2015 1946 2054; x_wconf 88' lang='lat' dir='ltr'>cognoscas,</span> <span class='ocrx_word' id='word_1_313' title='bbox 1981 2014 2089 2055; x_wconf 87' lang='lat' dir='ltr'>quae</span> 
     </span>
     <span class='ocr_line' id='line_1_31' title="bbox 270 2063 2090 2117; baseline 0.001 -14"><span class='ocrx_word' id='word_1_314' title='bbox 270 2073 306 2103; x_wconf 87' lang='lat'>30</span> <span class='ocrx_word' id='word_1_315' title='bbox 319 2065 395 2104; x_wconf 90' lang='lat' dir='ltr'>tibi</span> <span class='ocrx_word' id='word_1_316' title='bbox 424 2066 643 2105; x_wconf 88' lang='lat' dir='ltr'>notissima</span> <span class='ocrx_word' id='word_1_317' title='bbox 672 2069 788 2111; x_wconf 92' lang='lat' dir='ltr'>sunt,</span> <span class='ocrx_word' id='word_1_318' title='bbox 832 2063 884 2103; x_wconf 91' lang='lat' dir='ltr'>ad</span> <span class='ocrx_word' id='word_1_319' title='bbox 916 2069 956 2104; x_wconf 89' lang='lat' dir='ltr'>te</span> <span class='ocrx_word' id='word_1_320' title='bbox 986 2065 1128 2112; x_wconf 91' lang='lat' dir='ltr'>mitto,</span> <span class='ocrx_word' id='word_1_321' title='bbox 1166 2064 1241 2104; x_wconf 90' lang='lat' dir='ltr'>sed</span> <span class='ocrx_word' id='word_1_322' title='bbox 1284 2065 1383 2117; x_wconf 92' lang='lat' dir='ltr'>quia</span> <span class='ocrx_word' id='word_1_323' title='bbox 1412 2064 1610 2104; x_wconf 88' lang='lat' dir='ltr'>facillime</span> <span class='ocrx_word' id='word_1_324' title='bbox 1642 2064 1685 2103; x_wconf 94' lang='lat' dir='ltr'>in</span> <span class='ocrx_word' id='word_1_325' title='bbox 1716 2064 1885 2104; x_wconf 92' lang='lat' dir='ltr'>nomine</span> <span class='ocrx_word' id='word_1_326' title='bbox 1916 2069 1988 2104; x_wconf 91' lang='lat' dir='ltr'>tuo</span> <span class='ocrx_word' id='word_1_327' title='bbox 2021 2077 2090 2104; x_wconf 87' lang='lat' dir='ltr'>ac-</span> 
     </span>
     <span class='ocr_line' id='line_1_32' title="bbox 322 2124 2091 2181; baseline -0.001 -14"><span class='ocrx_word' id='word_1_328' title='bbox 322 2127 492 2181; x_wconf 85' lang='lat' dir='ltr'>quiesco</span> <span class='ocrx_word' id='word_1_329' title='bbox 536 2133 577 2168; x_wconf 88' lang='lat' dir='ltr'>et</span> <span class='ocrx_word' id='word_1_330' title='bbox 614 2127 713 2181; x_wconf 88' lang='lat' dir='ltr'>quia</span> <span class='ocrx_word' id='word_1_331' title='bbox 750 2132 790 2167; x_wconf 90' lang='lat' dir='ltr'>te</span> <span class='ocrx_word' id='word_1_332' title='bbox 830 2126 964 2179; x_wconf 69' lang='lat' dir='ltr'>haheo</span> <span class='ocrx_word' id='word_1_333' title='bbox 1007 2127 1309 2180; x_wconf 90' lang='lat' dir='ltr'>aequissimum</span> <span class='ocrx_word' id='word_1_334' title='bbox 1349 2141 1492 2167; x_wconf 91' lang='lat' dir='ltr'>eorum</span> <span class='ocrx_word' id='word_1_335' title='bbox 1533 2127 1790 2176; x_wconf 90' lang='lat' dir='ltr'>studiorum,</span> <span class='ocrx_word' id='word_1_336' title='bbox 1837 2139 1944 2179; x_wconf 87' lang='lat' dir='ltr'>quae</span> <span class='ocrx_word' id='word_1_337' title='bbox 1987 2124 2091 2166; x_wconf 92' lang='lat' dir='ltr'>mihi</span> 
     </span>
     <span class='ocr_line' id='line_1_33' title="bbox 321 2189 2092 2241; baseline -0.003 -10"><span class='ocrx_word' id='word_1_338' title='bbox 321 2190 558 2231; x_wconf 89' lang='lat' dir='ltr'>communia</span> <span class='ocrx_word' id='word_1_339' title='bbox 596 2195 732 2230; x_wconf 87' lang='lat' dir='ltr'>tecum</span> <span class='ocrx_word' id='word_1_340' title='bbox 770 2194 886 2237; x_wconf 92' lang='lat' dir='ltr'>sunt,</span> <span class='ocrx_word' id='word_1_341' title='bbox 925 2189 1257 2230; x_wconf 79' lang='lat' dir='ltr'>existimatorem</span> <span class='ocrx_word' id='word_1_342' title='bbox 1299 2194 1339 2229; x_wconf 90' lang='lat' dir='ltr'>et</span> <span class='ocrx_word' id='word_1_343' title='bbox 1379 2189 1571 2229; x_wconf 87' lang='lat' dir='ltr'>iudicem.</span> <span class='ocrx_word' id='word_1_344' title='bbox 1628 2189 1829 2230; x_wconf 86' lang='lat' dir='ltr'>Attendes</span> <span class='ocrx_word' id='word_1_345' title='bbox 1859 2189 2007 2241; x_wconf 87' lang='lat' dir='ltr'>igitur,</span> <span class='ocrx_word' id='word_1_346' title='bbox 2046 2191 2092 2227; x_wconf 91' lang='lat' dir='ltr'>ut</span> 
     </span>
     <span class='ocr_line' id='line_1_34' title="bbox 320 2250 2088 2306; baseline -0.003 -13"><span class='ocrx_word' id='word_1_347' title='bbox 320 2254 454 2301; x_wconf 88' lang='lat' dir='ltr'>soles,</span> <span class='ocrx_word' id='word_1_348' title='bbox 486 2253 707 2306; x_wconf 87' lang='lat' dir='ltr'>diligenter</span> <span class='ocrx_word' id='word_1_349' title='bbox 738 2265 914 2304; x_wconf 86' lang='lat' dir='ltr'>eamque</span> <span class='ocrx_word' id='word_1_350' title='bbox 946 2252 1274 2291; x_wconf 90' lang='lat' dir='ltr'>controversiam</span> <span class='ocrx_word' id='word_1_351' title='bbox 1306 2251 1575 2300; x_wconf 86' lang='lat' dir='ltr'>diiudicabis,</span> <span class='ocrx_word' id='word_1_352' title='bbox 1614 2265 1722 2305; x_wconf 91' lang='lat' dir='ltr'>quae</span> <span class='ocrx_word' id='word_1_353' title='bbox 1752 2251 1855 2291; x_wconf 91' lang='lat' dir='ltr'>mihi</span> <span class='ocrx_word' id='word_1_354' title='bbox 1884 2250 1964 2291; x_wconf 87' lang='lat' dir='ltr'>fuit</span> <span class='ocrx_word' id='word_1_355' title='bbox 1994 2263 2088 2290; x_wconf 91' lang='lat' dir='ltr'>cum</span> 
     </span>
     <span class='ocr_line' id='line_1_35' title="bbox 319 2312 2090 2367; baseline -0.003 -11"><span class='ocrx_word' id='word_1_356' title='bbox 319 2315 528 2356; x_wconf 89' lang='lat' dir='ltr'>avunculo</span> <span class='ocrx_word' id='word_1_357' title='bbox 562 2320 654 2362; x_wconf 91' lang='lat' dir='ltr'>tuo,</span> <span class='ocrx_word' id='word_1_358' title='bbox 695 2314 834 2354; x_wconf 93' lang='lat' dir='ltr'>divino</span> <span class='ocrx_word' id='word_1_359' title='bbox 875 2327 922 2353; x_wconf 91' lang='lat' dir='ltr'>ac</span> <span class='ocrx_word' id='word_1_360' title='bbox 953 2314 1155 2367; x_wconf 88' lang='lat' dir='ltr'>singulari</span> <span class='ocrx_word' id='word_1_361' title='bbox 1186 2314 1290 2354; x_wconf 87' lang='lat' dir='ltr'>viro.</span> <span class='ocrx_word' id='word_1_362' title='bbox 1350 2312 1389 2353; x_wconf 79' lang='lat'>7.</span> <span class='ocrx_word' id='word_1_363' title='bbox 1420 2316 1523 2353; x_wconf 88' lang='lat' dir='ltr'>Nam</span> <span class='ocrx_word' id='word_1_364' title='bbox 1554 2315 1597 2354; x_wconf 93' lang='lat' dir='ltr'>in</span> <span class='ocrx_word' id='word_1_365' title='bbox 1629 2314 1868 2354; x_wconf 90' lang='lat' dir='ltr'>Tusculano</span> <span class='ocrx_word' id='word_1_366' title='bbox 1901 2327 1995 2353; x_wconf 88' lang='lat' dir='ltr'>cum</span> <span class='ocrx_word' id='word_1_367' title='bbox 2026 2325 2090 2351; x_wconf 90' lang='lat' dir='ltr'>es-</span> 
     </span>
     <span class='ocr_line' id='line_1_36' title="bbox 270 2374 2090 2431; baseline -0.001 -16"><span class='ocrx_word' id='word_1_368' title='bbox 270 2386 306 2415; x_wconf 84' lang='lat'>35</span> <span class='ocrx_word' id='word_1_369' title='bbox 321 2391 407 2418; x_wconf 91' lang='lat' dir='ltr'>sem</span> <span class='ocrx_word' id='word_1_370' title='bbox 439 2378 675 2431; x_wconf 89' lang='lat' dir='ltr'>vellemque</span> <span class='ocrx_word' id='word_1_371' title='bbox 708 2391 730 2417; x_wconf 91' lang='lat' dir='ltr'>e</span> <span class='ocrx_word' id='word_1_372' title='bbox 760 2376 1015 2416; x_wconf 88' lang='lat' dir='ltr'>bibliotheca</span> <span class='ocrx_word' id='word_1_373' title='bbox 1045 2377 1165 2429; x_wconf 89' lang='lat' dir='ltr'>pueri</span> <span class='ocrx_word' id='word_1_374' title='bbox 1188 2376 1353 2416; x_wconf 91' lang='lat' dir='ltr'>Luculli</span> <span class='ocrx_word' id='word_1_375' title='bbox 1376 2376 1627 2430; x_wconf 84' lang='lat' dir='ltr'>quibusdam</span> <span class='ocrx_word' id='word_1_376' title='bbox 1658 2377 1776 2417; x_wconf 91' lang='lat' dir='ltr'>libris</span> <span class='ocrx_word' id='word_1_377' title='bbox 1806 2375 1890 2424; x_wconf 90' lang='lat' dir='ltr'>uti,</span> <span class='ocrx_word' id='word_1_378' title='bbox 1921 2374 2015 2416; x_wconf 86' lang='lat' dir='ltr'>veni</span> <span class='ocrx_word' id='word_1_379' title='bbox 2047 2374 2090 2413; x_wconf 90' lang='lat' dir='ltr'>in</span> 
     </span>
     <span class='ocr_line' id='line_1_37' title="bbox 321 2438 2088 2493; baseline -0.002 -14"><span class='ocrx_word' id='word_1_380' title='bbox 321 2441 411 2480; x_wconf 93' lang='lat' dir='ltr'>eius</span> <span class='ocrx_word' id='word_1_381' title='bbox 443 2439 598 2488; x_wconf 82' lang='lat' dir='ltr'>villam,</span> <span class='ocrx_word' id='word_1_382' title='bbox 628 2445 675 2479; x_wconf 89' lang='lat' dir='ltr'>ut</span> <span class='ocrx_word' id='word_1_383' title='bbox 705 2453 776 2479; x_wconf 93' lang='lat' dir='ltr'>eos</span> <span class='ocrx_word' id='word_1_384' title='bbox 807 2440 911 2492; x_wconf 91' lang='lat' dir='ltr'>ipse,</span> <span class='ocrx_word' id='word_1_385' title='bbox 940 2444 986 2478; x_wconf 91' lang='lat' dir='ltr'>ut</span> <span class='ocrx_word' id='word_1_386' title='bbox 1017 2439 1226 2487; x_wconf 89' lang='lat' dir='ltr'>solebam,</span> <span class='ocrx_word' id='word_1_387' title='bbox 1258 2439 1562 2493; x_wconf 89' lang='lat' dir='ltr'>depromerem.</span> <span class='ocrx_word' id='word_1_388' title='bbox 1610 2439 1703 2487; x_wconf 89' lang='lat' dir='ltr'>Quo</span> <span class='ocrx_word' id='word_1_389' title='bbox 1742 2453 1836 2479; x_wconf 92' lang='lat' dir='ltr'>cum</span> <span class='ocrx_word' id='word_1_390' title='bbox 1865 2438 2088 2484; x_wconf 86' lang='lat' dir='ltr'>venissem,</span> 
     </span>
     <span class='ocr_line' id='line_1_38' title="bbox 319 2501 2088 2556; baseline -0.001 -14"><span class='ocrx_word' id='word_1_391' title='bbox 319 2503 373 2542; x_wconf 87' lang='lat' dir='ltr'>M.</span> <span class='ocrx_word' id='word_1_392' title='bbox 406 2502 626 2551; x_wconf 87' lang='lat' dir='ltr'>Catonem,</span> <span class='ocrx_word' id='word_1_393' title='bbox 668 2516 793 2556; x_wconf 91' lang='lat' dir='ltr'>quem</span> <span class='ocrx_word' id='word_1_394' title='bbox 834 2502 891 2541; x_wconf 94' lang='lat' dir='ltr'>ibi</span> <span class='ocrx_word' id='word_1_395' title='bbox 934 2515 1024 2542; x_wconf 91' lang='lat' dir='ltr'>esse</span> <span class='ocrx_word' id='word_1_396' title='bbox 1063 2502 1316 2548; x_wconf 88' lang='lat' dir='ltr'>nescieram‚</span> <span class='ocrx_word' id='word_1_397' title='bbox 1356 2501 1443 2541; x_wconf 84' lang='lat' dir='ltr'>vidi</span> <span class='ocrx_word' id='word_1_398' title='bbox 1483 2501 1525 2540; x_wconf 91' lang='lat' dir='ltr'>in</span> <span class='ocrx_word' id='word_1_399' title='bbox 1566 2501 1822 2541; x_wconf 90' lang='lat' dir='ltr'>bibliotheca</span> <span class='ocrx_word' id='word_1_400' title='bbox 1858 2501 2088 2546; x_wconf 88' lang='lat' dir='ltr'>sedentem,</span> 
     </span>
     <span class='ocr_line' id='line_1_39' title="bbox 321 2562 2090 2612; baseline -0.001 -9"><span class='ocrx_word' id='word_1_401' title='bbox 321 2564 461 2605; x_wconf 91' lang='lat' dir='ltr'>multis</span> <span class='ocrx_word' id='word_1_402' title='bbox 498 2564 793 2605; x_wconf 88' lang='lat' dir='ltr'>circumfusum</span> <span class='ocrx_word' id='word_1_403' title='bbox 824 2564 1062 2605; x_wconf 84' lang='lat' dir='ltr'>Stoicorum</span> <span class='ocrx_word' id='word_1_404' title='bbox 1102 2564 1234 2605; x_wconf 92' lang='lat' dir='ltr'>libris.</span> <span class='ocrx_word' id='word_1_405' title='bbox 1291 2565 1390 2604; x_wconf 88' lang='lat' dir='ltr'>Erat</span> <span class='ocrx_word' id='word_1_406' title='bbox 1429 2564 1562 2612; x_wconf 88' lang='lat' dir='ltr'>enim,</span> <span class='ocrx_word' id='word_1_407' title='bbox 1601 2568 1647 2604; x_wconf 91' lang='lat' dir='ltr'>ut</span> <span class='ocrx_word' id='word_1_408' title='bbox 1690 2563 1792 2612; x_wconf 85' lang='lat' dir='ltr'>scis,</span> <span class='ocrx_word' id='word_1_409' title='bbox 1831 2563 1877 2603; x_wconf 92' lang='lat' dir='ltr'>in</span> <span class='ocrx_word' id='word_1_410' title='bbox 1913 2576 1962 2603; x_wconf 89' lang='lat' dir='ltr'>eo</span> <span class='ocrx_word' id='word_1_411' title='bbox 2003 2562 2090 2602; x_wconf 85' lang='lat' dir='ltr'>avi-</span> 
     </span>
    </p>
   </div>
   <div class='ocr_carea' id='block_1_3' title="bbox 323 2682 529 2689">
    <p class='ocr_par' dir='ltr' id='par_1_5' title="bbox 323 2682 529 2689">
     <span class='ocr_line' id='line_1_40' title="bbox 323 2682 529 2689; baseline 0 0"><span class='ocrx_word' id='word_1_412' title='bbox 323 2682 529 2689; x_wconf 95' lang='lat' dir='ltr'> </span> 
     </span>
    </p>
   </div>
   <div class='ocr_carea' id='block_1_4' title="bbox 318 2769 2087 3305">
    <p class='ocr_par' dir='ltr' id='par_1_6' title="bbox 318 2769 2087 3310">
     <span class='ocr_line' id='line_1_41' title="bbox 408 2769 2087 2811; baseline -0.001 -11"><span class='ocrx_word' id='word_1_413' title='bbox 408 2770 438 2800; x_wconf 71' lang='lat'>⁴.</span> <span class='ocrx_word' id='word_1_414' title='bbox 463 2769 589 2810; x_wconf 79' lang='lat' dir='ltr'>earum]</span> <span class='ocrx_word' id='word_1_415' title='bbox 616 2780 688 2803; x_wconf 88' lang='lat' dir='ltr'>eam</span> <span class='ocrx_word' id='word_1_416' title='bbox 713 2772 793 2811; x_wconf 85' lang='lat' dir='ltr'>(non</span> <span class='ocrx_word' id='word_1_417' title='bbox 811 2770 859 2809; x_wconf 88' lang='lat' dir='ltr'>ea)</span> <span class='ocrx_word' id='word_1_418' title='bbox 885 2770 944 2801; x_wconf 86' lang='lat' dir='ltr'>BE</span> <span class='ocrx_word' id='word_1_419' title='bbox 970 2786 1004 2791; x_wconf 89' lang='lat'>——</span> <span class='ocrx_word' id='word_1_420' title='bbox 1032 2773 1061 2800; x_wconf 81' lang='lat' dir='ltr'>el</span> <span class='ocrx_word' id='word_1_421' title='bbox 1085 2778 1154 2801; x_wconf 86' lang='lat' dir='ltr'>om.</span> <span class='ocrx_word' id='word_1_422' title='bbox 1174 2770 1198 2801; x_wconf 91' lang='lat' dir='ltr'>B</span> <span class='ocrx_word' id='word_1_423' title='bbox 1219 2786 1252 2791; x_wconf 93' lang='lat'>—</span> <span class='ocrx_word' id='word_1_424' title='bbox 1281 2770 1311 2800; x_wconf 72' lang='lat'>⁶2.</span> <span class='ocrx_word' id='word_1_425' title='bbox 1339 2779 1401 2800; x_wconf 77' lang='lat' dir='ltr'>non</span> <span class='ocrx_word' id='word_1_426' title='bbox 1420 2771 1464 2801; x_wconf 83' lang='lat' dir='ltr'>B:</span> <span class='ocrx_word' id='word_1_427' title='bbox 1493 2779 1562 2801; x_wconf 89' lang='lat' dir='ltr'>om.</span> <span class='ocrx_word' id='word_1_428' title='bbox 1582 2771 1607 2801; x_wconf 98' lang='lat' dir='ltr'><strong>A</strong></span> <span class='ocrx_word' id='word_1_429' title='bbox 1628 2786 1662 2792; x_wconf 80' lang='lat'>-—</span> <span class='ocrx_word' id='word_1_430' title='bbox 1689 2770 1752 2801; x_wconf 76' lang='lat' dir='ltr'>sint</span> <span class='ocrx_word' id='word_1_431' title='bbox 1776 2769 1988 2810; x_wconf 80' lang='lat' dir='ltr'>Madvigius:</span> <span class='ocrx_word' id='word_1_432' title='bbox 2013 2771 2087 2800; x_wconf 76' lang='lat' dir='ltr'>sunt</span> 
     </span>
     <span class='ocr_line' id='line_1_42' title="bbox 321 2819 2083 2860; baseline -0.001 -10"><span class='ocrx_word' id='word_1_433' title='bbox 321 2819 422 2850; x_wconf 82' lang='lat' dir='ltr'>codd.</span> <span class='ocrx_word' id='word_1_434' title='bbox 450 2822 483 2851; x_wconf 86' lang='lat' dir='ltr'>et</span> <span class='ocrx_word' id='word_1_435' title='bbox 508 2821 532 2851; x_wconf 93' lang='grc' dir='ltr'>Ο</span> <span class='ocrx_word' id='word_1_436' title='bbox 552 2838 586 2842; x_wconf 93' lang='grc'><strong>-</strong></span> <span class='ocrx_word' id='word_1_437' title='bbox 614 2822 645 2852; x_wconf 89' lang='grc'>3.</span> <span class='ocrx_word' id='word_1_438' title='bbox 673 2822 876 2852; x_wconf 80' lang='lat' dir='ltr'>Geometriae</span> <span class='ocrx_word' id='word_1_439' title='bbox 892 2822 936 2858; x_wconf 78' lang='lat' dir='ltr'><strong>A3</strong></span> <span class='ocrx_word' id='word_1_440' title='bbox 968 2820 1124 2860; x_wconf 65' lang='lat' dir='ltr'>geometri</span> <span class='ocrx_word' id='word_1_441' title='bbox 1148 2819 1207 2850; x_wconf 84' lang='lat' dir='ltr'>BE</span> <span class='ocrx_word' id='word_1_442' title='bbox 1228 2837 1261 2841; x_wconf 91' lang='lat'>—</span> <span class='ocrx_word' id='word_1_443' title='bbox 1290 2819 1320 2850; x_wconf 60' lang='lat'>4.</span> <span class='ocrx_word' id='word_1_444' title='bbox 1346 2820 1440 2859; x_wconf 92' lang='lat' dir='ltr'>Ipsae</span> <span class='ocrx_word' id='word_1_445' title='bbox 1463 2822 1488 2850; x_wconf 97' lang='lat' dir='ltr'><strong>A</strong></span> <span class='ocrx_word' id='word_1_446' title='bbox 1504 2820 1549 2850; x_wconf 85' lang='lat' dir='ltr'>B:</span> <span class='ocrx_word' id='word_1_447' title='bbox 1576 2820 1655 2851; x_wconf 78' lang='lat' dir='ltr'>Item</span> <span class='ocrx_word' id='word_1_448' title='bbox 1678 2820 1767 2859; x_wconf 80' lang='lat' dir='ltr'>ipsae</span> <span class='ocrx_word' id='word_1_449' title='bbox 1792 2821 1816 2851; x_wconf 96' lang='lat' dir='ltr'>O</span> <span class='ocrx_word' id='word_1_450' title='bbox 1836 2838 1871 2842; x_wconf 97' lang='lat'><strong>—</strong></span> <span class='ocrx_word' id='word_1_451' title='bbox 1899 2819 1930 2850; x_wconf 89' lang='grc'>6.</span> <span class='ocrx_word' id='word_1_452' title='bbox 1956 2819 2014 2849; x_wconf 83' lang='lat' dir='ltr'>has</span> <span class='ocrx_word' id='word_1_453' title='bbox 2037 2820 2083 2849; x_wconf 89' lang='lat' dir='ltr'>A:</span> 
     </span>
     <span class='ocr_line' id='line_1_43' title="bbox 319 2868 2086 2911; baseline -0.001 -11"><span class='ocrx_word' id='word_1_454' title='bbox 319 2878 388 2901; x_wconf 90' lang='lat' dir='ltr'>om.</span> <span class='ocrx_word' id='word_1_455' title='bbox 410 2871 451 2907; x_wconf 74' lang='lat'>133</span> <span class='ocrx_word' id='word_1_456' title='bbox 480 2869 559 2910; x_wconf 82' lang='lat' dir='ltr'>[has]</span> <span class='ocrx_word' id='word_1_457' title='bbox 585 2871 616 2901; x_wconf 77' lang='lat' dir='ltr'>M</span> <span class='ocrx_word' id='word_1_458' title='bbox 636 2888 670 2892; x_wconf 79' lang='lat'>—</span> <span class='ocrx_word' id='word_1_459' title='bbox 697 2871 821 2911; x_wconf 77' lang='lat' dir='ltr'>opificis</span> <span class='ocrx_word' id='word_1_460' title='bbox 836 2871 916 2907; x_wconf 84' lang='lat' dir='ltr'><strong>AE;</strong></span> <span class='ocrx_word' id='word_1_461' title='bbox 943 2870 1075 2908; x_wconf 72' lang='lat' dir='ltr'>opositis</span> <span class='ocrx_word' id='word_1_462' title='bbox 1099 2870 1122 2900; x_wconf 86' lang='lat' dir='ltr'>B</span> <span class='ocrx_word' id='word_1_463' title='bbox 1144 2887 1179 2891; x_wconf 86' lang='lat'><em>-</em></span> <span class='ocrx_word' id='word_1_464' title='bbox 1205 2869 1235 2900; x_wconf 49' lang='lat' dir='ltr'>S¹</span> <span class='ocrx_word' id='word_1_465' title='bbox 1257 2869 1420 2909; x_wconf 79' lang='lat' dir='ltr'>abhorret]</span> <span class='ocrx_word' id='word_1_466' title='bbox 1440 2869 1569 2900; x_wconf 76' lang='lat' dir='ltr'>oberret.</span> <span class='ocrx_word' id='word_1_467' title='bbox 1590 2871 1616 2901; x_wconf 92' lang='lat' dir='ltr'><strong>A</strong></span> <span class='ocrx_word' id='word_1_468' title='bbox 1637 2887 1671 2892; x_wconf 87' lang='lat'><strong>—</strong></span> <span class='ocrx_word' id='word_1_469' title='bbox 1699 2870 1729 2901; x_wconf 85' lang='lat'>9.</span> <span class='ocrx_word' id='word_1_470' title='bbox 1757 2879 1812 2901; x_wconf 86' lang='lat' dir='ltr'>eas</span> <span class='ocrx_word' id='word_1_471' title='bbox 1835 2872 1908 2901; x_wconf 91' lang='lat' dir='ltr'>tres</span> <span class='ocrx_word' id='word_1_472' title='bbox 1925 2868 2086 2908; x_wconf 80' lang='lat' dir='ltr'>Madvigii</span> 
     </span>
     <span class='ocr_line' id='line_1_44' title="bbox 320 2918 2085 2961; baseline -0.001 -11"><span class='ocrx_word' id='word_1_473' title='bbox 320 2920 478 2951; x_wconf 84' lang='lat' dir='ltr'>codices:</span> <span class='ocrx_word' id='word_1_474' title='bbox 505 2930 543 2951; x_wconf 85' lang='lat' dir='ltr'>ea</span> <span class='ocrx_word' id='word_1_475' title='bbox 566 2923 591 2952; x_wconf 87' lang='lat' dir='ltr'><strong>A</strong></span> <span class='ocrx_word' id='word_1_476' title='bbox 607 2921 630 2951; x_wconf 88' lang='lat' dir='ltr'>B</span> <span class='ocrx_word' id='word_1_477' title='bbox 644 2921 668 2951; x_wconf 95' lang='lat' dir='ltr'>O</span> <span class='ocrx_word' id='word_1_478' title='bbox 688 2938 722 2943; x_wconf 86' lang='lat'>—</span> <span class='ocrx_word' id='word_1_479' title='bbox 751 2923 801 2952; x_wconf 73' lang='lat' dir='ltr'>tt).</span> <span class='ocrx_word' id='word_1_480' title='bbox 821 2924 865 2952; x_wconf 70' lang='lat' dir='ltr'>est</span> <span class='ocrx_word' id='word_1_481' title='bbox 884 2922 973 2961; x_wconf 80' lang='lat' dir='ltr'>(post</span> <span class='ocrx_word' id='word_1_482' title='bbox 990 2922 1058 2957; x_wconf 83' lang='lat' dir='ltr'>ars)</span> <span class='ocrx_word' id='word_1_483' title='bbox 1077 2928 1145 2950; x_wconf 89' lang='lat' dir='ltr'>om.</span> <span class='ocrx_word' id='word_1_484' title='bbox 1166 2920 1188 2950; x_wconf 89' lang='lat' dir='ltr'>B</span> <span class='ocrx_word' id='word_1_485' title='bbox 1203 2937 1245 2941; x_wconf 88' lang='lat'>-—</span> <span class='ocrx_word' id='word_1_486' title='bbox 1271 2920 1321 2949; x_wconf 75' lang='lat'>42.</span> <span class='ocrx_word' id='word_1_487' title='bbox 1342 2919 1451 2949; x_wconf 76' lang='lat' dir='ltr'>stoicis</span> <span class='ocrx_word' id='word_1_488' title='bbox 1475 2920 1535 2949; x_wconf 87' lang='lat' dir='ltr'><strong>AB</strong></span> <span class='ocrx_word' id='word_1_489' title='bbox 1549 2919 1571 2949; x_wconf 89' lang='lat' dir='ltr'>E</span> <span class='ocrx_word' id='word_1_490' title='bbox 1592 2936 1626 2941; x_wconf 89' lang='lat'>—-</span> <span class='ocrx_word' id='word_1_491' title='bbox 1655 2918 1705 2951; x_wconf 59' lang='lat'>422.</span> <span class='ocrx_word' id='word_1_492' title='bbox 1725 2927 1911 2951; x_wconf 83' lang='lat' dir='ltr'>eoncessum</span> <span class='ocrx_word' id='word_1_493' title='bbox 1934 2918 1978 2949; x_wconf 84' lang='lat' dir='ltr'>B:</span> <span class='ocrx_word' id='word_1_494' title='bbox 2004 2926 2085 2948; x_wconf 86' lang='lat' dir='ltr'>eon-</span> 
     </span>
     <span class='ocr_line' id='line_1_45' title="bbox 318 2968 2081 3010; baseline -0.001 -10"><span class='ocrx_word' id='word_1_495' title='bbox 318 2978 442 3000; x_wconf 80' lang='lat' dir='ltr'>cessum</span> <span class='ocrx_word' id='word_1_496' title='bbox 458 2979 479 3000; x_wconf 92' lang='lat' dir='ltr'>a</span> <span class='ocrx_word' id='word_1_497' title='bbox 494 2970 606 3010; x_wconf 63' lang='lat' dir='ltr'>grecia</span> <span class='ocrx_word' id='word_1_498' title='bbox 622 2972 667 3005; x_wconf 81' lang='lat' dir='ltr'><strong>A;</strong></span> <span class='ocrx_word' id='word_1_499' title='bbox 693 2979 878 3001; x_wconf 77' lang='lat' dir='ltr'>eoncessum</span> <span class='ocrx_word' id='word_1_500' title='bbox 896 2969 930 3009; x_wconf 94' lang='lat' dir='ltr'>[a</span> <span class='ocrx_word' id='word_1_501' title='bbox 945 2968 1097 3009; x_wconf 78' lang='lat' dir='ltr'>Graecia]</span> <span class='ocrx_word' id='word_1_502' title='bbox 1114 2969 1138 2999; x_wconf 94' lang='lat' dir='ltr'>O</span> <span class='ocrx_word' id='word_1_503' title='bbox 1157 2985 1191 2990; x_wconf 86' lang='lat'><em>—</em></span> <span class='ocrx_word' id='word_1_504' title='bbox 1220 2968 1272 2999; x_wconf 73' lang='lat'>47.</span> <span class='ocrx_word' id='word_1_505' title='bbox 1288 2968 1328 2999; x_wconf 81' lang='lat' dir='ltr'>Et</span> <span class='ocrx_word' id='word_1_506' title='bbox 1346 2969 1503 3006; x_wconf 71' lang='lat' dir='ltr'>quoniam</span> <span class='ocrx_word' id='word_1_507' title='bbox 1520 2968 1731 3008; x_wconf 81' lang='lat' dir='ltr'>Madvigius:</span> <span class='ocrx_word' id='word_1_508' title='bbox 1757 2969 1814 3000; x_wconf 86' lang='lat' dir='ltr'>etsi</span> <span class='ocrx_word' id='word_1_509' title='bbox 1831 2968 1989 3009; x_wconf 84' lang='lat' dir='ltr'>quoniam</span> <span class='ocrx_word' id='word_1_510' title='bbox 2001 2969 2026 2999; x_wconf 90' lang='lat' dir='ltr'><strong>A</strong></span> <span class='ocrx_word' id='word_1_511' title='bbox 2039 2968 2081 3004; x_wconf 89' lang='lat' dir='ltr'>B;</span> 
     </span>
     <span class='ocr_line' id='line_1_46' title="bbox 318 3018 2079 3058; baseline -0.001 -9"><span class='ocrx_word' id='word_1_512' title='bbox 318 3019 490 3057; x_wconf 75' lang='lat' dir='ltr'>Ecsi‚qu0d</span> <span class='ocrx_word' id='word_1_513' title='bbox 515 3020 539 3050; x_wconf 92' lang='lat' dir='ltr'><strong>O</strong></span> <span class='ocrx_word' id='word_1_514' title='bbox 566 3037 600 3041; x_wconf 94' lang='lat'>—</span> <span class='ocrx_word' id='word_1_515' title='bbox 629 3019 680 3050; x_wconf 70' lang='lat'>⁴8.</span> <span class='ocrx_word' id='word_1_516' title='bbox 707 3020 864 3058; x_wconf 79' lang='lat' dir='ltr'>quaerela</span> <span class='ocrx_word' id='word_1_517' title='bbox 887 3021 931 3055; x_wconf 84' lang='lat' dir='ltr'><strong>A;</strong></span> <span class='ocrx_word' id='word_1_518' title='bbox 958 3019 1090 3058; x_wconf 74' lang='lat' dir='ltr'>querela</span> <span class='ocrx_word' id='word_1_519' title='bbox 1114 3018 1220 3049; x_wconf 87' lang='lat' dir='ltr'>BMO</span> <span class='ocrx_word' id='word_1_520' title='bbox 1248 3036 1282 3039; x_wconf 90' lang='lat'>—</span> <span class='ocrx_word' id='word_1_521' title='bbox 1309 3027 1422 3050; x_wconf 82' lang='lat' dir='ltr'>eoram</span> <span class='ocrx_word' id='word_1_522' title='bbox 1446 3019 1543 3049; x_wconf 79' lang='lat' dir='ltr'>etiam</span> <span class='ocrx_word' id='word_1_523' title='bbox 1568 3019 1631 3050; x_wconf 78' lang='lat' dir='ltr'><strong>AB</strong></span> <span class='ocrx_word' id='word_1_524' title='bbox 1648 3019 1690 3050; x_wconf 86' lang='lat' dir='ltr'>E:</span> <span class='ocrx_word' id='word_1_525' title='bbox 1726 3020 1826 3051; x_wconf 79' lang='lat' dir='ltr'>etiam</span> <span class='ocrx_word' id='word_1_526' title='bbox 1848 3027 1963 3051; x_wconf 87' lang='lat' dir='ltr'>eorum</span> <span class='ocrx_word' id='word_1_527' title='bbox 1986 3018 2018 3049; x_wconf 89' lang='lat' dir='ltr'>M</span> <span class='ocrx_word' id='word_1_528' title='bbox 2045 3034 2079 3041; x_wconf 89' lang='lat'>-—</span> 
     </span>
     <span class='ocr_line' id='line_1_47' title="bbox 318 3067 2080 3109; baseline 0 -11"><span class='ocrx_word' id='word_1_529' title='bbox 318 3068 371 3099; x_wconf 64' lang='grc' dir='ltr'>ΞΟ.</span> <span class='ocrx_word' id='word_1_530' title='bbox 389 3069 567 3107; x_wconf 76' lang='lat' dir='ltr'>superioris</span> <span class='ocrx_word' id='word_1_531' title='bbox 583 3070 641 3099; x_wconf 83' lang='lat' dir='ltr'><strong>AB</strong></span> <span class='ocrx_word' id='word_1_532' title='bbox 654 3069 677 3099; x_wconf 84' lang='lat' dir='ltr'>E</span> <span class='ocrx_word' id='word_1_533' title='bbox 698 3086 731 3089; x_wconf 97' lang='lat'><strong>—</strong></span> <span class='ocrx_word' id='word_1_534' title='bbox 759 3070 811 3099; x_wconf 64' lang='grc' dir='ltr'>Ἢ.</span> <span class='ocrx_word' id='word_1_535' title='bbox 838 3069 871 3099; x_wconf 50' lang='lat' dir='ltr'>in&gt;</span> <span class='ocrx_word' id='word_1_536' title='bbox 895 3069 1024 3108; x_wconf 76' lang='lat' dir='ltr'>nostris]</span> <span class='ocrx_word' id='word_1_537' title='bbox 1050 3067 1153 3106; x_wconf 57' lang='lat' dir='ltr'>inqris</span> <span class='ocrx_word' id='word_1_538' title='bbox 1170 3070 1194 3098; x_wconf 87' lang='lat' dir='ltr'><strong>A</strong></span> <span class='ocrx_word' id='word_1_539' title='bbox 1216 3085 1250 3089; x_wconf 72' lang='lat'><em>—</em></span> <span class='ocrx_word' id='word_1_540' title='bbox 1278 3077 1495 3106; x_wconf 73' lang='lat' dir='ltr'>assequamur</span> <span class='ocrx_word' id='word_1_541' title='bbox 1512 3071 1535 3099; x_wconf 81' lang='lat' dir='ltr'><strong>A</strong></span> <span class='ocrx_word' id='word_1_542' title='bbox 1549 3069 1571 3099; x_wconf 84' lang='lat' dir='ltr'>B</span> <span class='ocrx_word' id='word_1_543' title='bbox 1584 3069 1608 3099; x_wconf 94' lang='lat' dir='ltr'>D</span> <span class='ocrx_word' id='word_1_544' title='bbox 1621 3069 1664 3100; x_wconf 89' lang='lat' dir='ltr'>E:</span> <span class='ocrx_word' id='word_1_545' title='bbox 1691 3077 1933 3109; x_wconf 83' lang='lat' dir='ltr'>consequamur</span> <span class='ocrx_word' id='word_1_546' title='bbox 1955 3067 2025 3099; x_wconf 84' lang='grc' dir='ltr'>ΜΟ</span> <span class='ocrx_word' id='word_1_547' title='bbox 2045 3084 2080 3088; x_wconf 98' lang='lat'><strong>—</strong></span> 
     </span>
     <span class='ocr_line' id='line_1_48' title="bbox 318 3115 2082 3158; baseline -0.002 -10"><span class='ocrx_word' id='word_1_548' title='bbox 318 3117 371 3149; x_wconf 68' lang='lat'>22.</span> <span class='ocrx_word' id='word_1_549' title='bbox 393 3116 443 3157; x_wconf 86' lang='lat' dir='ltr'>ea]</span> <span class='ocrx_word' id='word_1_550' title='bbox 468 3126 540 3148; x_wconf 84' lang='lat' dir='ltr'>eam</span> <span class='ocrx_word' id='word_1_551' title='bbox 564 3117 622 3148; x_wconf 82' lang='lat' dir='ltr'>BE</span> <span class='ocrx_word' id='word_1_552' title='bbox 641 3134 674 3138; x_wconf 90' lang='lat'>—-</span> <span class='ocrx_word' id='word_1_553' title='bbox 699 3127 761 3156; x_wconf 80' lang='lat' dir='ltr'>pro</span> <span class='ocrx_word' id='word_1_554' title='bbox 779 3117 914 3158; x_wconf 75' lang='lat' dir='ltr'>Latinis]</span> <span class='ocrx_word' id='word_1_555' title='bbox 935 3117 1134 3157; x_wconf 78' lang='lat' dir='ltr'>prolationis</span> <span class='ocrx_word' id='word_1_556' title='bbox 1149 3117 1244 3148; x_wconf 84' lang='lat' dir='ltr'><strong>ABE</strong></span> <span class='ocrx_word' id='word_1_557' title='bbox 1266 3135 1299 3139; x_wconf 91' lang='lat'><strong>—</strong></span> <span class='ocrx_word' id='word_1_558' title='bbox 1328 3118 1379 3149; x_wconf 62' lang='lat'>223.</span> <span class='ocrx_word' id='word_1_559' title='bbox 1406 3118 1604 3157; x_wconf 31' lang='lat' dir='ltr'>(seomelricav</span> <span class='ocrx_word' id='word_1_560' title='bbox 1621 3120 1648 3150; x_wconf 89' lang='lat' dir='ltr'><strong>A</strong></span> <span class='ocrx_word' id='word_1_561' title='bbox 1668 3136 1700 3142; x_wconf 89' lang='lat'>—</span> <span class='ocrx_word' id='word_1_562' title='bbox 1730 3118 1784 3150; x_wconf 70' lang='lat'>24.</span> <span class='ocrx_word' id='word_1_563' title='bbox 1812 3116 1980 3158; x_wconf 78' lang='lat' dir='ltr'>quoniam]</span> <span class='ocrx_word' id='word_1_564' title='bbox 2003 3115 2082 3154; x_wconf 79' lang='lat' dir='ltr'>quia</span> 
     </span>
     <span class='ocr_line' id='line_1_49' title="bbox 318 3164 2083 3207; baseline -0.002 -10"><span class='ocrx_word' id='word_1_565' title='bbox 318 3167 342 3197; x_wconf 90' lang='lat' dir='ltr'>B</span> <span class='ocrx_word' id='word_1_566' title='bbox 364 3183 398 3187; x_wconf 92' lang='lat'>—</span> <span class='ocrx_word' id='word_1_567' title='bbox 418 3166 470 3197; x_wconf 72' lang='lat'>28.</span> <span class='ocrx_word' id='word_1_568' title='bbox 488 3167 566 3205; x_wconf 80' lang='lat' dir='ltr'>quid</span> <span class='ocrx_word' id='word_1_569' title='bbox 589 3168 615 3197; x_wconf 81' lang='lat' dir='ltr'>si</span> <span class='ocrx_word' id='word_1_570' title='bbox 632 3167 688 3198; x_wconf 80' lang='grc' dir='ltr'>ΒΕ</span> <span class='ocrx_word' id='word_1_571' title='bbox 710 3184 743 3188; x_wconf 90' lang='lat'>——</span> <span class='ocrx_word' id='word_1_572' title='bbox 764 3167 813 3197; x_wconf 76' lang='lat'>32.</span> <span class='ocrx_word' id='word_1_573' title='bbox 834 3169 1001 3198; x_wconf 66' lang='lat' dir='ltr'>offendens</span> <span class='ocrx_word' id='word_1_574' title='bbox 1014 3170 1039 3199; x_wconf 81' lang='lat' dir='ltr'><strong>A</strong></span> <span class='ocrx_word' id='word_1_575' title='bbox 1059 3184 1094 3191; x_wconf 91' lang='grc'>-</span> <span class='ocrx_word' id='word_1_576' title='bbox 1115 3167 1168 3199; x_wconf 88' lang='grc'>33.</span> <span class='ocrx_word' id='word_1_577' title='bbox 1188 3168 1265 3198; x_wconf 75' lang='lat' dir='ltr'>mihi</span> <span class='ocrx_word' id='word_1_578' title='bbox 1287 3168 1348 3207; x_wconf 72' lang='lat' dir='ltr'>fail</span> <span class='ocrx_word' id='word_1_579' title='bbox 1365 3176 1438 3197; x_wconf 76' lang='lat' dir='ltr'>cnm</span> <span class='ocrx_word' id='word_1_580' title='bbox 1455 3185 1472 3190; x_wconf 93' lang='lat'>-</span> <span class='ocrx_word' id='word_1_581' title='bbox 1485 3185 1502 3190; x_wconf 91' lang='lat'>-</span> <span class='ocrx_word' id='word_1_582' title='bbox 1520 3169 1591 3198; x_wconf 73' lang='lat' dir='ltr'>uiro</span> <span class='ocrx_word' id='word_1_583' title='bbox 1608 3169 1654 3199; x_wconf 87' lang='lat' dir='ltr'><strong>A:</strong></span> <span class='ocrx_word' id='word_1_584' title='bbox 1681 3168 1760 3199; x_wconf 78' lang='lat' dir='ltr'>mihi</span> <span class='ocrx_word' id='word_1_585' title='bbox 1775 3176 1850 3199; x_wconf 85' lang='lat' dir='ltr'>cum</span> <span class='ocrx_word' id='word_1_586' title='bbox 1866 3183 1915 3190; x_wconf 89' lang='lat'>-—</span> <span class='ocrx_word' id='word_1_587' title='bbox 1931 3166 2005 3196; x_wconf 81' lang='lat' dir='ltr'>uiro</span> <span class='ocrx_word' id='word_1_588' title='bbox 2020 3164 2083 3204; x_wconf 75' lang='lat' dir='ltr'>fuit</span> 
     </span>
     <span class='ocr_line' id='line_1_50' title="bbox 319 3213 2084 3258; baseline -0.002 -11"><span class='ocrx_word' id='word_1_589' title='bbox 319 3216 385 3247; x_wconf 83' lang='grc' dir='ltr'>ΒΜ</span> <span class='ocrx_word' id='word_1_590' title='bbox 404 3232 438 3237; x_wconf 93' lang='grc'><strong>-</strong></span> <span class='ocrx_word' id='word_1_591' title='bbox 458 3216 510 3247; x_wconf 81' lang='grc'>35.</span> <span class='ocrx_word' id='word_1_592' title='bbox 533 3217 633 3246; x_wconf 71' lang='lat' dir='ltr'>lucilli</span> <span class='ocrx_word' id='word_1_593' title='bbox 650 3217 706 3247; x_wconf 66' lang='lat'>131⁴]</span> <span class='ocrx_word' id='word_1_594' title='bbox 726 3233 760 3238; x_wconf 91' lang='lat'>—</span> <span class='ocrx_word' id='word_1_595' title='bbox 788 3216 839 3247; x_wconf 77' lang='lat'>36.</span> <span class='ocrx_word' id='word_1_596' title='bbox 860 3218 1082 3256; x_wconf 81' lang='lat' dir='ltr'>depromerem</span> <span class='ocrx_word' id='word_1_597' title='bbox 1098 3218 1177 3249; x_wconf 86' lang='lat' dir='ltr'><strong>AB:</strong></span> <span class='ocrx_word' id='word_1_598' title='bbox 1206 3218 1279 3248; x_wconf 78' lang='lat' dir='ltr'>inde</span> <span class='ocrx_word' id='word_1_599' title='bbox 1292 3226 1477 3257; x_wconf 79' lang='lat' dir='ltr'>promerem</span> <span class='ocrx_word' id='word_1_600' title='bbox 1495 3218 1548 3256; x_wconf 77' lang='lat' dir='ltr'>(cf.</span> <span class='ocrx_word' id='word_1_601' title='bbox 1569 3227 1602 3258; x_wconf 87' lang='lat' dir='ltr'>p.</span> <span class='ocrx_word' id='word_1_602' title='bbox 1623 3218 1696 3256; x_wconf 76' lang='lat'>433,</span> <span class='ocrx_word' id='word_1_603' title='bbox 1714 3218 1764 3258; x_wconf 73' lang='lat'>40)</span> <span class='ocrx_word' id='word_1_604' title='bbox 1784 3218 1849 3249; x_wconf 90' lang='lat' dir='ltr'>MO</span> <span class='ocrx_word' id='word_1_605' title='bbox 1870 3234 1905 3238; x_wconf 92' lang='lat'><strong>—</strong></span> <span class='ocrx_word' id='word_1_606' title='bbox 1932 3215 1984 3247; x_wconf 90' lang='lat'>38.</span> <span class='ocrx_word' id='word_1_607' title='bbox 2007 3213 2084 3244; x_wconf 82' lang='lat' dir='ltr'>aui-</span> 
     </span>
     <span class='ocr_line' id='line_1_51' title="bbox 318 3262 2080 3305; baseline 0.001 -9"><span class='ocrx_word' id='word_1_608' title='bbox 318 3266 404 3297; x_wconf 78' lang='lat' dir='ltr'>ditas</span> <span class='ocrx_word' id='word_1_609' title='bbox 430 3267 512 3298; x_wconf 84' lang='lat' dir='ltr'><strong>AB:</strong></span> <span class='ocrx_word' id='word_1_610' title='bbox 545 3267 742 3299; x_wconf 60' lang='lat' dir='ltr'>inexhausta</span> <span class='ocrx_word' id='word_1_611' title='bbox 772 3269 914 3299; x_wconf 70' lang='lat' dir='ltr'>aviditas</span> <span class='ocrx_word' id='word_1_612' title='bbox 944 3269 986 3305; x_wconf 75' lang='lat'>03</span> <span class='ocrx_word' id='word_1_613' title='bbox 1065 3268 1263 3301; x_wconf 45' lang='lat' dir='ltr'>metuimus-ta</span> <span class='ocrx_word' id='word_1_614' title='bbox 1293 3267 1439 3299; x_wconf 76' lang='lat' dir='ltr'>auidilas</span> <span class='ocrx_word' id='word_1_615' title='bbox 1462 3267 1504 3301; x_wconf 86' lang='lat' dir='ltr'>M.</span> <span class='ocrx_word' id='word_1_616' title='bbox 1546 3266 1711 3300; x_wconf 82' lang='lat' dir='ltr'>«Videtur</span> <span class='ocrx_word' id='word_1_617' title='bbox 1740 3266 1882 3300; x_wconf 90' lang='lat' dir='ltr'>omnino</span> <span class='ocrx_word' id='word_1_618' title='bbox 1907 3262 2080 3298; x_wconf 80' lang='lat' dir='ltr'>excidisse</span> 
     </span>
    </p>
   </div>
  </div>
 </body>
</html>
