<?xml version="1.0" encoding="UTF-8"?>
<!DOCTYPE html PUBLIC "-//W3C//DTD XHTML 1.0 Transitional//EN"
    "http://www.w3.org/TR/xhtml1/DTD/xhtml1-transitional.dtd">
<html xmlns="http://www.w3.org/1999/xhtml" xml:lang="en" lang="en">
 <head>
  <title>
</title>
<meta http-equiv="Content-Type" content="text/html;charset=utf-8" />
  <meta name='ocr-system' content='tesseract 3.04.00' />
  <meta name='ocr-capabilities' content='ocr_page ocr_carea ocr_par ocr_line ocrx_word'/>
</head>
<body>
  <div class='ocr_page' id='page_1' title='image "./operaquaesupersu04ciceuoft_0252.png"; bbox 0 0 2249 3624; ppageno 0'>
   <div class='ocr_carea' id='block_1_1' title="bbox 350 133 1677 185">
    <p class='ocr_par' dir='ltr' id='par_1_1' title="bbox 350 133 1677 185">
     <span class='ocr_line' id='line_1_1' title="bbox 350 133 1677 185; baseline 0.008 -11"><span class='ocrx_word' id='word_1_1' title='bbox 350 133 431 175; x_wconf 71' lang='grc'>224-</span> <span class='ocrx_word' id='word_1_2' title='bbox 787 139 1212 181; x_wconf 88' lang='lat' dir='ltr'>TUSCULANARUM</span> <span class='ocrx_word' id='word_1_3' title='bbox 1241 142 1677 185; x_wconf 87' lang='lat' dir='ltr'><strong>DISPUTATIONUM</strong></span> 
     </span>
    </p>
   </div>
   <div class='ocr_carea' id='block_1_2' title="bbox 283 244 2112 1671">
    <p class='ocr_par' dir='ltr' id='par_1_2' title="bbox 283 244 2112 1671">
     <span class='ocr_line' id='line_1_2' title="bbox 348 244 2111 302; baseline 0.004 -19"><span class='ocrx_word' id='word_1_4' title='bbox 348 245 580 284; x_wconf 90' lang='lat' dir='ltr'>animorum</span> <span class='ocrx_word' id='word_1_5' title='bbox 611 244 803 284; x_wconf 89' lang='lat' dir='ltr'>videatur</span> <span class='ocrx_word' id='word_1_6' title='bbox 833 245 1075 294; x_wconf 83' lang='lat' dir='ltr'>aeternitas,</span> <span class='ocrx_word' id='word_1_7' title='bbox 1106 246 1188 287; x_wconf 90' lang='lat' dir='ltr'>nisi</span> <span class='ocrx_word' id='word_1_8' title='bbox 1220 248 1334 301; x_wconf 93' lang='lat' dir='ltr'>quod</span> <span class='ocrx_word' id='word_1_9' title='bbox 1365 255 1580 301; x_wconf 89' lang='lat' dir='ltr'>nequeunt</span> <span class='ocrx_word' id='word_1_10' title='bbox 1610 250 1744 302; x_wconf 84' lang='lat' dir='ltr'>qualis</span> <span class='ocrx_word' id='word_1_11' title='bbox 1774 250 1937 290; x_wconf 89' lang='lat' dir='ltr'>animus</span> <span class='ocrx_word' id='word_1_12' title='bbox 1969 252 2022 290; x_wconf 92' lang='lat' dir='ltr'>sit</span> <span class='ocrx_word' id='word_1_13' title='bbox 2041 264 2111 290; x_wconf 87' lang='lat' dir='ltr'>va-</span> 
     </span>
     <span class='ocr_line' id='line_1_3' title="bbox 349 306 2110 365; baseline 0.003 -19"><span class='ocrx_word' id='word_1_14' title='bbox 349 319 446 346; x_wconf 85' lang='lat' dir='ltr'>cans</span> <span class='ocrx_word' id='word_1_15' title='bbox 485 319 658 358; x_wconf 88' lang='lat' dir='ltr'>corpore</span> <span class='ocrx_word' id='word_1_16' title='bbox 697 306 940 358; x_wconf 83' lang='lat' dir='ltr'>intellegere</span> <span class='ocrx_word' id='word_1_17' title='bbox 981 313 1020 347; x_wconf 92' lang='lat' dir='ltr'>et</span> <span class='ocrx_word' id='word_1_18' title='bbox 1061 309 1310 361; x_wconf 85' lang='lat' dir='ltr'>cogitatione</span> <span class='ocrx_word' id='word_1_19' title='bbox 1341 310 1719 363; x_wconf 86' lang='lat' dir='ltr'>comprehendere:</span> <span class='ocrx_word' id='word_1_20' title='bbox 1767 313 1887 365; x_wconf 91' lang='lat' dir='ltr'>quasi</span> <span class='ocrx_word' id='word_1_21' title='bbox 1918 326 2017 352; x_wconf 88' lang='lat' dir='ltr'>vero</span> <span class='ocrx_word' id='word_1_22' title='bbox 2049 315 2110 352; x_wconf 90' lang='lat' dir='ltr'>in-</span> 
     </span>
     <span class='ocr_line' id='line_1_4' title="bbox 346 368 2110 427; baseline 0.003 -18"><span class='ocrx_word' id='word_1_23' title='bbox 346 370 546 421; x_wconf 89' lang='lat' dir='ltr'>tellegant</span> <span class='ocrx_word' id='word_1_24' title='bbox 577 369 710 422; x_wconf 90' lang='lat' dir='ltr'>qualis</span> <span class='ocrx_word' id='word_1_25' title='bbox 741 368 795 408; x_wconf 90' lang='lat' dir='ltr'>sit</span> <span class='ocrx_word' id='word_1_26' title='bbox 824 370 866 408; x_wconf 91' lang='lat' dir='ltr'>in</span> <span class='ocrx_word' id='word_1_27' title='bbox 898 369 989 422; x_wconf 92' lang='lat' dir='ltr'>ipso</span> <span class='ocrx_word' id='word_1_28' title='bbox 1020 383 1215 424; x_wconf 88' lang='lat' dir='ltr'>corpore,</span> <span class='ocrx_word' id='word_1_29' title='bbox 1247 385 1356 425; x_wconf 90' lang='lat' dir='ltr'>quae</span> <span class='ocrx_word' id='word_1_30' title='bbox 1388 372 1681 421; x_wconf 84' lang='lat' dir='ltr'>conformatio,</span> <span class='ocrx_word' id='word_1_31' title='bbox 1714 387 1822 427; x_wconf 90' lang='lat' dir='ltr'>quae</span> <span class='ocrx_word' id='word_1_32' title='bbox 1853 375 2110 427; x_wconf 84' lang='lat' dir='ltr'>magnitudo,</span> 
     </span>
     <span class='ocr_line' id='line_1_5' title="bbox 347 431 2110 490; baseline 0.004 -20"><span class='ocrx_word' id='word_1_33' title='bbox 347 432 420 484; x_wconf 94' lang='lat' dir='ltr'>qui</span> <span class='ocrx_word' id='word_1_34' title='bbox 451 431 587 478; x_wconf 91' lang='lat' dir='ltr'>locus,</span> <span class='ocrx_word' id='word_1_35' title='bbox 620 436 711 476; x_wconf 86' lang='lat' dir='ltr'>aut,</span> <span class='ocrx_word' id='word_1_36' title='bbox 743 431 777 470; x_wconf 90' lang='lat' dir='ltr'>si</span> <span class='ocrx_word' id='word_1_37' title='bbox 808 431 888 470; x_wconf 86' lang='lat' dir='ltr'>iam</span> <span class='ocrx_word' id='word_1_38' title='bbox 920 439 1092 484; x_wconf 87' lang='lat' dir='ltr'>possent</span> <span class='ocrx_word' id='word_1_39' title='bbox 1122 433 1164 472; x_wconf 92' lang='lat' dir='ltr'>in</span> <span class='ocrx_word' id='word_1_40' title='bbox 1195 433 1363 473; x_wconf 88' lang='lat' dir='ltr'>homine</span> <span class='ocrx_word' id='word_1_41' title='bbox 1396 435 1491 474; x_wconf 88' lang='lat' dir='ltr'>vivo</span> <span class='ocrx_word' id='word_1_42' title='bbox 1524 436 1638 475; x_wconf 88' lang='lat' dir='ltr'>cerni</span> <span class='ocrx_word' id='word_1_43' title='bbox 1670 437 1829 484; x_wconf 92' lang='lat' dir='ltr'>omnia,</span> <span class='ocrx_word' id='word_1_44' title='bbox 1861 451 1968 490; x_wconf 92' lang='lat' dir='ltr'>quae</span> <span class='ocrx_word' id='word_1_45' title='bbox 2000 450 2110 476; x_wconf 90' lang='lat' dir='ltr'>nunc</span> 
     </span>
     <span class='ocr_line' id='line_1_6' title="bbox 314 493 2111 547; baseline 0.004 -15"><span class='ocrx_word' id='word_1_46' title='bbox 314 499 453 533; x_wconf 81' lang='lat' dir='ltr'>5tecta</span> <span class='ocrx_word' id='word_1_47' title='bbox 485 498 600 539; x_wconf 89' lang='lat' dir='ltr'>sunt,</span> <span class='ocrx_word' id='word_1_48' title='bbox 641 505 869 532; x_wconf 87' lang='lat' dir='ltr'>casurusne</span> <span class='ocrx_word' id='word_1_49' title='bbox 900 493 943 532; x_wconf 92' lang='lat' dir='ltr'>in</span> <span class='ocrx_word' id='word_1_50' title='bbox 975 502 1242 547; x_wconf 90' lang='lat' dir='ltr'>conspectum</span> <span class='ocrx_word' id='word_1_51' title='bbox 1275 497 1466 536; x_wconf 90' lang='lat' dir='ltr'>videatur</span> <span class='ocrx_word' id='word_1_52' title='bbox 1495 498 1680 546; x_wconf 90' lang='lat' dir='ltr'>animus,</span> <span class='ocrx_word' id='word_1_53' title='bbox 1712 511 1763 538; x_wconf 91' lang='lat' dir='ltr'>an</span> <span class='ocrx_word' id='word_1_54' title='bbox 1795 505 1908 539; x_wconf 91' lang='lat' dir='ltr'>tanta</span> <span class='ocrx_word' id='word_1_55' title='bbox 1939 499 1992 538; x_wconf 75' lang='lat' dir='ltr'>Sit</span> <span class='ocrx_word' id='word_1_56' title='bbox 2022 500 2111 538; x_wconf 87' lang='lat' dir='ltr'>eius</span> 
     </span>
     <span class='ocr_line' id='line_1_7' title="bbox 344 553 2110 614; baseline 0.003 -19"><span class='ocrx_word' id='word_1_57' title='bbox 344 555 545 601; x_wconf 88' lang='lat' dir='ltr'>tenuitas,</span> <span class='ocrx_word' id='word_1_58' title='bbox 587 560 631 593; x_wconf 92' lang='lat' dir='ltr'>ut</span> <span class='ocrx_word' id='word_1_59' title='bbox 669 553 801 607; x_wconf 88' lang='lat' dir='ltr'>fugiat</span> <span class='ocrx_word' id='word_1_60' title='bbox 839 555 983 594; x_wconf 85' lang='lat' dir='ltr'>aciem.</span> <span class='ocrx_word' id='word_1_61' title='bbox 1044 555 1110 596; x_wconf 78' lang='lat'>51.</span> <span class='ocrx_word' id='word_1_62' title='bbox 1141 558 1253 597; x_wconf 88' lang='lat' dir='ltr'>Haec</span> <span class='ocrx_word' id='word_1_63' title='bbox 1285 565 1480 610; x_wconf 79' lang='lat' dir='ltr'>reputent</span> <span class='ocrx_word' id='word_1_64' title='bbox 1517 560 1607 607; x_wconf 88' lang='lat' dir='ltr'>isti,</span> <span class='ocrx_word' id='word_1_65' title='bbox 1640 561 1709 614; x_wconf 92' lang='lat' dir='ltr'>qui</span> <span class='ocrx_word' id='word_1_66' title='bbox 1742 566 1896 614; x_wconf 89' lang='lat' dir='ltr'>negant</span> <span class='ocrx_word' id='word_1_67' title='bbox 1925 561 2110 600; x_wconf 88' lang='lat' dir='ltr'>animum</span> 
     </span>
     <span class='ocr_line' id='line_1_8' title="bbox 344 617 2112 675; baseline 0.005 -20"><span class='ocrx_word' id='word_1_68' title='bbox 344 618 435 656; x_wconf 90' lang='lat' dir='ltr'>sine</span> <span class='ocrx_word' id='word_1_69' title='bbox 467 630 645 669; x_wconf 89' lang='lat' dir='ltr'>corpore</span> <span class='ocrx_word' id='word_1_70' title='bbox 676 630 718 656; x_wconf 92' lang='grc'><strong>56</strong></span> <span class='ocrx_word' id='word_1_71' title='bbox 750 617 994 670; x_wconf 84' lang='lat' dir='ltr'>intellegere</span> <span class='ocrx_word' id='word_1_72' title='bbox 1025 632 1169 672; x_wconf 90' lang='lat' dir='ltr'>posse:</span> <span class='ocrx_word' id='word_1_73' title='bbox 1202 621 1404 660; x_wconf 86' lang='lat' dir='ltr'>videbunt</span> <span class='ocrx_word' id='word_1_74' title='bbox 1435 634 1557 674; x_wconf 92' lang='lat' dir='ltr'>quem</span> <span class='ocrx_word' id='word_1_75' title='bbox 1590 622 1633 661; x_wconf 91' lang='lat' dir='ltr'>in</span> <span class='ocrx_word' id='word_1_76' title='bbox 1663 622 1755 675; x_wconf 92' lang='lat' dir='ltr'>ipso</span> <span class='ocrx_word' id='word_1_77' title='bbox 1784 636 1958 675; x_wconf 90' lang='lat' dir='ltr'>corpore</span> <span class='ocrx_word' id='word_1_78' title='bbox 1989 622 2112 663; x_wconf 90' lang='lat' dir='ltr'>intel-</span> 
     </span>
     <span class='ocr_line' id='line_1_9' title="bbox 343 679 2111 733; baseline 0.004 -15"><span class='ocrx_word' id='word_1_79' title='bbox 343 680 495 732; x_wconf 87' lang='lat' dir='ltr'>legant.</span> <span class='ocrx_word' id='word_1_80' title='bbox 556 679 659 719; x_wconf 89' lang='lat' dir='ltr'>Mihi</span> <span class='ocrx_word' id='word_1_81' title='bbox 705 679 872 733; x_wconf 90' lang='lat' dir='ltr'>quidem</span> <span class='ocrx_word' id='word_1_82' title='bbox 909 686 1097 721; x_wconf 89' lang='lat' dir='ltr'>naturam</span> <span class='ocrx_word' id='word_1_83' title='bbox 1137 683 1263 721; x_wconf 91' lang='lat' dir='ltr'>animi</span> <span class='ocrx_word' id='word_1_84' title='bbox 1300 683 1479 722; x_wconf 91' lang='lat' dir='ltr'>intuenti</span> <span class='ocrx_word' id='word_1_85' title='bbox 1520 684 1652 723; x_wconf 92' lang='lat' dir='ltr'>multo</span> <span class='ocrx_word' id='word_1_86' title='bbox 1685 685 1897 725; x_wconf 88' lang='lat' dir='ltr'>difficilior</span> <span class='ocrx_word' id='word_1_87' title='bbox 1927 685 2111 725; x_wconf 89' lang='lat' dir='ltr'>occurrit</span> 
     </span>
     <span class='ocr_line' id='line_1_10' title="bbox 343 742 2109 800; baseline 0.003 -19"><span class='ocrx_word' id='word_1_88' title='bbox 343 743 562 795; x_wconf 88' lang='lat' dir='ltr'>cogitati0‚</span> <span class='ocrx_word' id='word_1_89' title='bbox 594 742 725 782; x_wconf 88' lang='lat' dir='ltr'>multo</span> <span class='ocrx_word' id='word_1_90' title='bbox 758 743 996 790; x_wconf 90' lang='lat' dir='ltr'>ohscurior,</span> <span class='ocrx_word' id='word_1_91' title='bbox 1030 744 1165 797; x_wconf 87' lang='lat' dir='ltr'>qualis</span> <span class='ocrx_word' id='word_1_92' title='bbox 1198 744 1359 783; x_wconf 91' lang='lat' dir='ltr'>animus</span> <span class='ocrx_word' id='word_1_93' title='bbox 1392 745 1434 783; x_wconf 93' lang='lat' dir='ltr'>in</span> <span class='ocrx_word' id='word_1_94' title='bbox 1469 759 1642 798; x_wconf 90' lang='lat' dir='ltr'>corpore</span> <span class='ocrx_word' id='word_1_95' title='bbox 1675 747 1726 786; x_wconf 88' lang='lat' dir='ltr'>sit</span> <span class='ocrx_word' id='word_1_96' title='bbox 1762 753 1973 800; x_wconf 86' lang='lat' dir='ltr'>tamquam</span> <span class='ocrx_word' id='word_1_97' title='bbox 2010 747 2109 787; x_wconf 85' lang='lat' dir='ltr'>alie-</span> 
     </span>
     <span class='ocr_line' id='line_1_11' title="bbox 292 804 2110 861; baseline 0.003 -17"><span class='ocrx_word' id='word_1_98' title='bbox 292 816 328 845; x_wconf 74' lang='grc'>40</span> <span class='ocrx_word' id='word_1_99' title='bbox 342 817 419 843; x_wconf 89' lang='lat' dir='ltr'>nae</span> <span class='ocrx_word' id='word_1_100' title='bbox 451 804 616 851; x_wconf 92' lang='lat' dir='ltr'>domui,</span> <span class='ocrx_word' id='word_1_101' title='bbox 658 818 783 858; x_wconf 90' lang='lat' dir='ltr'>quam</span> <span class='ocrx_word' id='word_1_102' title='bbox 823 806 982 858; x_wconf 86' lang='lat' dir='ltr'>qualis,</span> <span class='ocrx_word' id='word_1_103' title='bbox 1021 820 1115 845; x_wconf 92' lang='lat' dir='ltr'>cum</span> <span class='ocrx_word' id='word_1_104' title='bbox 1157 807 1307 846; x_wconf 80' lang='lat' dir='ltr'>exierit</span> <span class='ocrx_word' id='word_1_105' title='bbox 1337 812 1378 846; x_wconf 86' lang='lat' dir='ltr'>et</span> <span class='ocrx_word' id='word_1_106' title='bbox 1408 807 1449 846; x_wconf 93' lang='lat' dir='ltr'>in</span> <span class='ocrx_word' id='word_1_107' title='bbox 1481 807 1657 847; x_wconf 91' lang='lat' dir='ltr'>liberum</span> <span class='ocrx_word' id='word_1_108' title='bbox 1689 809 1851 849; x_wconf 89' lang='lat' dir='ltr'>caelum</span> <span class='ocrx_word' id='word_1_109' title='bbox 1884 810 2003 861; x_wconf 91' lang='lat' dir='ltr'>quasi</span> <span class='ocrx_word' id='word_1_110' title='bbox 2036 810 2110 849; x_wconf 93' lang='lat' dir='ltr'>do-</span> 
     </span>
     <span class='ocr_line' id='line_1_12' title="bbox 341 868 2110 924; baseline 0.003 -18"><span class='ocrx_word' id='word_1_111' title='bbox 341 881 453 906; x_wconf 91' lang='lat' dir='ltr'>mum</span> <span class='ocrx_word' id='word_1_112' title='bbox 494 881 609 907; x_wconf 87' lang='lat' dir='ltr'>suam</span> <span class='ocrx_word' id='word_1_113' title='bbox 649 868 820 907; x_wconf 89' lang='lat' dir='ltr'>venerit.</span> <span class='ocrx_word' id='word_1_114' title='bbox 877 869 965 907; x_wconf 82' lang='lat' dir='ltr'>Nisi</span> <span class='ocrx_word' id='word_1_115' title='bbox 1007 869 1138 915; x_wconf 92' lang='lat' dir='ltr'>enim,</span> <span class='ocrx_word' id='word_1_116' title='bbox 1179 870 1289 922; x_wconf 87' lang='lat' dir='ltr'>quod</span> <span class='ocrx_word' id='word_1_117' title='bbox 1330 882 1556 922; x_wconf 88' lang='lat' dir='ltr'>numquam</span> <span class='ocrx_word' id='word_1_118' title='bbox 1590 871 1788 918; x_wconf 90' lang='lat' dir='ltr'>vidimus,</span> <span class='ocrx_word' id='word_1_119' title='bbox 1829 871 1869 910; x_wconf 93' lang='lat' dir='ltr'>id</span> <span class='ocrx_word' id='word_1_120' title='bbox 1902 871 2025 924; x_wconf 89' lang='lat' dir='ltr'>quale</span> <span class='ocrx_word' id='word_1_121' title='bbox 2057 872 2110 911; x_wconf 90' lang='lat' dir='ltr'>sit</span> 
     </span>
     <span class='ocr_line' id='line_1_13' title="bbox 340 929 2109 984; baseline 0.002 -16"><span class='ocrx_word' id='word_1_122' title='bbox 340 929 586 981; x_wconf 86' lang='lat' dir='ltr'>intellegere</span> <span class='ocrx_word' id='word_1_123' title='bbox 616 943 702 969; x_wconf 91' lang='lat' dir='ltr'>non</span> <span class='ocrx_word' id='word_1_124' title='bbox 733 943 977 982; x_wconf 90' lang='lat' dir='ltr'>possumus,</span> <span class='ocrx_word' id='word_1_125' title='bbox 1010 936 1119 971; x_wconf 91' lang='lat' dir='ltr'>certe</span> <span class='ocrx_word' id='word_1_126' title='bbox 1151 937 1190 970; x_wconf 93' lang='lat' dir='ltr'>et</span> <span class='ocrx_word' id='word_1_127' title='bbox 1221 931 1345 970; x_wconf 92' lang='lat' dir='ltr'>deum</span> <span class='ocrx_word' id='word_1_128' title='bbox 1377 932 1512 984; x_wconf 90' lang='lat' dir='ltr'>ipsum</span> <span class='ocrx_word' id='word_1_129' title='bbox 1544 938 1585 971; x_wconf 92' lang='lat' dir='ltr'>et</span> <span class='ocrx_word' id='word_1_130' title='bbox 1607 932 1793 972; x_wconf 89' lang='lat' dir='ltr'>divinum</span> <span class='ocrx_word' id='word_1_131' title='bbox 1815 935 1997 972; x_wconf 90' lang='lat' dir='ltr'>animum</span> <span class='ocrx_word' id='word_1_132' title='bbox 2021 946 2109 973; x_wconf 92' lang='lat' dir='ltr'>cor-</span> 
     </span>
     <span class='ocr_line' id='line_1_14' title="bbox 338 992 2109 1048; baseline 0.002 -17"><span class='ocrx_word' id='word_1_133' title='bbox 338 1005 440 1045; x_wconf 90' lang='lat' dir='ltr'>pore</span> <span class='ocrx_word' id='word_1_134' title='bbox 479 992 699 1032; x_wconf 90' lang='lat' dir='ltr'>liberatum</span> <span class='ocrx_word' id='word_1_135' title='bbox 731 993 984 1045; x_wconf 84' lang='lat' dir='ltr'>cogitatione</span> <span class='ocrx_word' id='word_1_136' title='bbox 1016 993 1237 1046; x_wconf 86' lang='lat' dir='ltr'>complecti</span> <span class='ocrx_word' id='word_1_137' title='bbox 1268 1007 1506 1045; x_wconf 91' lang='lat' dir='ltr'>possumus.</span> <span class='ocrx_word' id='word_1_138' title='bbox 1554 993 1831 1034; x_wconf 87' lang='lat' dir='ltr'>Dicaearchus</span> <span class='ocrx_word' id='word_1_139' title='bbox 1865 995 2035 1048; x_wconf 90' lang='lat' dir='ltr'>quidem</span> <span class='ocrx_word' id='word_1_140' title='bbox 2067 1002 2109 1036; x_wconf 89' lang='lat' dir='ltr'>et</span> 
     </span>
     <span class='ocr_line' id='line_1_15' title="bbox 337 1052 2106 1110; baseline 0.002 -17"><span class='ocrx_word' id='word_1_141' title='bbox 337 1055 638 1102; x_wconf 81' lang='lat' dir='ltr'>Aristoxenus,</span> <span class='ocrx_word' id='word_1_142' title='bbox 671 1055 770 1108; x_wconf 89' lang='lat' dir='ltr'>quia</span> <span class='ocrx_word' id='word_1_143' title='bbox 803 1052 984 1095; x_wconf 87' lang='lat' dir='ltr'>difficilis</span> <span class='ocrx_word' id='word_1_144' title='bbox 1017 1061 1103 1095; x_wconf 89' lang='lat' dir='ltr'>erat</span> <span class='ocrx_word' id='word_1_145' title='bbox 1133 1056 1259 1095; x_wconf 89' lang='lat' dir='ltr'>animi</span> <span class='ocrx_word' id='word_1_146' title='bbox 1287 1055 1386 1108; x_wconf 90' lang='lat' dir='ltr'>quid</span> <span class='ocrx_word' id='word_1_147' title='bbox 1418 1061 1489 1096; x_wconf 89' lang='lat' dir='ltr'>aut</span> <span class='ocrx_word' id='word_1_148' title='bbox 1511 1057 1648 1109; x_wconf 89' lang='lat' dir='ltr'>qualis</span> <span class='ocrx_word' id='word_1_149' title='bbox 1678 1064 1790 1097; x_wconf 89' lang='lat' dir='ltr'>esset</span> <span class='ocrx_word' id='word_1_150' title='bbox 1809 1057 2106 1110; x_wconf 89' lang='lat' dir='ltr'>intellegentia,</span> 
     </span>
     <span class='ocr_line' id='line_1_16' title="bbox 287 1115 2108 1172; baseline 0.002 -16"><span class='ocrx_word' id='word_1_151' title='bbox 287 1115 498 1156; x_wconf 69' lang='lat' dir='ltr'>isnullum</span> <span class='ocrx_word' id='word_1_152' title='bbox 530 1117 701 1156; x_wconf 92' lang='lat' dir='ltr'>omnino</span> <span class='ocrx_word' id='word_1_153' title='bbox 733 1117 917 1157; x_wconf 89' lang='lat' dir='ltr'>animum</span> <span class='ocrx_word' id='word_1_154' title='bbox 950 1130 1040 1157; x_wconf 88' lang='lat' dir='ltr'>esse</span> <span class='ocrx_word' id='word_1_155' title='bbox 1073 1118 1284 1157; x_wconf 82' lang='lat' dir='ltr'>dixerunt.</span> <span class='ocrx_word' id='word_1_156' title='bbox 1336 1115 1401 1157; x_wconf 66' lang='lat'>52.</span> <span class='ocrx_word' id='word_1_157' title='bbox 1434 1118 1508 1157; x_wconf 89' lang='lat' dir='ltr'>Est</span> <span class='ocrx_word' id='word_1_158' title='bbox 1539 1118 1642 1157; x_wconf 93' lang='lat' dir='ltr'>illud</span> <span class='ocrx_word' id='word_1_159' title='bbox 1673 1119 1843 1172; x_wconf 91' lang='lat' dir='ltr'>quidem</span> <span class='ocrx_word' id='word_1_160' title='bbox 1867 1119 1931 1159; x_wconf 89' lang='lat' dir='ltr'>vel</span> <span class='ocrx_word' id='word_1_161' title='bbox 1964 1133 2108 1159; x_wconf 86' lang='lat' dir='ltr'>maxu-</span> 
     </span>
     <span class='ocr_line' id='line_1_17' title="bbox 337 1179 2107 1235; baseline 0.002 -16"><span class='ocrx_word' id='word_1_162' title='bbox 337 1192 463 1226; x_wconf 93' lang='lat' dir='ltr'>mum,</span> <span class='ocrx_word' id='word_1_163' title='bbox 493 1179 632 1218; x_wconf 89' lang='lat' dir='ltr'>animo</span> <span class='ocrx_word' id='word_1_164' title='bbox 665 1180 756 1232; x_wconf 92' lang='lat' dir='ltr'>ipso</span> <span class='ocrx_word' id='word_1_165' title='bbox 785 1180 968 1219; x_wconf 89' lang='lat' dir='ltr'>animum</span> <span class='ocrx_word' id='word_1_166' title='bbox 991 1180 1152 1227; x_wconf 87' lang='lat' dir='ltr'>videre,</span> <span class='ocrx_word' id='word_1_167' title='bbox 1185 1186 1225 1219; x_wconf 91' lang='lat' dir='ltr'>et</span> <span class='ocrx_word' id='word_1_168' title='bbox 1246 1181 1440 1220; x_wconf 90' lang='lat' dir='ltr'>nimirum</span> <span class='ocrx_word' id='word_1_169' title='bbox 1460 1181 1569 1220; x_wconf 89' lang='lat' dir='ltr'>hanc</span> <span class='ocrx_word' id='word_1_170' title='bbox 1590 1181 1715 1220; x_wconf 89' lang='lat' dir='ltr'>hahet</span> <span class='ocrx_word' id='word_1_171' title='bbox 1736 1182 1817 1220; x_wconf 91' lang='lat' dir='ltr'>vim</span> <span class='ocrx_word' id='word_1_172' title='bbox 1841 1188 2107 1235; x_wconf 86' lang='lat' dir='ltr'>praeceptum</span> 
     </span>
     <span class='ocr_line' id='line_1_18' title="bbox 335 1238 2106 1298; baseline 0.003 -19"><span class='ocrx_word' id='word_1_173' title='bbox 335 1241 555 1294; x_wconf 87' lang='lat' dir='ltr'>Apollinis,</span> <span class='ocrx_word' id='word_1_174' title='bbox 587 1238 689 1295; x_wconf 79' lang='lat' dir='ltr'>[quo</span> <span class='ocrx_word' id='word_1_175' title='bbox 721 1239 875 1295; x_wconf 87' lang='lat' dir='ltr'>monet]</span> <span class='ocrx_word' id='word_1_176' title='bbox 910 1248 955 1282; x_wconf 88' lang='lat' dir='ltr'>ut</span> <span class='ocrx_word' id='word_1_177' title='bbox 985 1256 1028 1282; x_wconf 92' lang='lat' dir='ltr'>se</span> <span class='ocrx_word' id='word_1_178' title='bbox 1060 1244 1238 1296; x_wconf 87' lang='lat' dir='ltr'>quisque</span> <span class='ocrx_word' id='word_1_179' title='bbox 1269 1249 1427 1283; x_wconf 89' lang='lat' dir='ltr'>noscat.</span> <span class='ocrx_word' id='word_1_180' title='bbox 1468 1245 1560 1283; x_wconf 83' lang='lat' dir='ltr'>Non</span> <span class='ocrx_word' id='word_1_181' title='bbox 1584 1244 1708 1291; x_wconf 90' lang='lat' dir='ltr'>enim,</span> <span class='ocrx_word' id='word_1_182' title='bbox 1741 1244 1878 1291; x_wconf 90' lang='lat' dir='ltr'>credo,</span> <span class='ocrx_word' id='word_1_183' title='bbox 1912 1244 1954 1284; x_wconf 90' lang='lat' dir='ltr'>id</span> <span class='ocrx_word' id='word_1_184' title='bbox 1987 1257 2106 1298; x_wconf 90' lang='lat' dir='ltr'>prae-</span> 
     </span>
     <span class='ocr_line' id='line_1_19' title="bbox 336 1303 2106 1360; baseline 0.003 -18"><span class='ocrx_word' id='word_1_185' title='bbox 336 1303 454 1357; x_wconf 88' lang='lat' dir='ltr'>cipit,</span> <span class='ocrx_word' id='word_1_186' title='bbox 496 1309 543 1343; x_wconf 91' lang='lat' dir='ltr'>ut</span> <span class='ocrx_word' id='word_1_187' title='bbox 578 1304 762 1344; x_wconf 92' lang='lat' dir='ltr'>membra</span> <span class='ocrx_word' id='word_1_188' title='bbox 803 1310 946 1344; x_wconf 88' lang='lat' dir='ltr'>nostra</span> <span class='ocrx_word' id='word_1_189' title='bbox 976 1311 1046 1345; x_wconf 91' lang='lat' dir='ltr'>aut</span> <span class='ocrx_word' id='word_1_190' title='bbox 1077 1311 1276 1345; x_wconf 86' lang='lat' dir='ltr'>staturam</span> <span class='ocrx_word' id='word_1_191' title='bbox 1308 1304 1535 1358; x_wconf 87' lang='lat' dir='ltr'>figuramve</span> <span class='ocrx_word' id='word_1_192' title='bbox 1567 1319 1812 1355; x_wconf 89' lang='lat' dir='ltr'>noscamus;</span> <span class='ocrx_word' id='word_1_193' title='bbox 1858 1320 1997 1360; x_wconf 88' lang='lat' dir='ltr'>neque</span> <span class='ocrx_word' id='word_1_194' title='bbox 2028 1320 2106 1347; x_wconf 91' lang='lat' dir='ltr'>nos</span> 
     </span>
     <span class='ocr_line' id='line_1_20' title="bbox 335 1367 2107 1422; baseline 0.002 -17"><span class='ocrx_word' id='word_1_195' title='bbox 335 1379 513 1418; x_wconf 87' lang='lat' dir='ltr'>corpora</span> <span class='ocrx_word' id='word_1_196' title='bbox 542 1380 705 1414; x_wconf 91' lang='lat' dir='ltr'>sumus,</span> <span class='ocrx_word' id='word_1_197' title='bbox 743 1380 820 1407; x_wconf 90' lang='lat' dir='ltr'>nec</span> <span class='ocrx_word' id='word_1_198' title='bbox 852 1381 927 1419; x_wconf 92' lang='lat' dir='ltr'>ego</span> <span class='ocrx_word' id='word_1_199' title='bbox 959 1368 1033 1407; x_wconf 86' lang='lat' dir='ltr'>tibi</span> <span class='ocrx_word' id='word_1_200' title='bbox 1063 1369 1164 1407; x_wconf 89' lang='lat' dir='ltr'>haec</span> <span class='ocrx_word' id='word_1_201' title='bbox 1197 1367 1340 1407; x_wconf 91' lang='lat' dir='ltr'>dicens</span> <span class='ocrx_word' id='word_1_202' title='bbox 1372 1369 1537 1421; x_wconf 87' lang='lat' dir='ltr'>corpori</span> <span class='ocrx_word' id='word_1_203' title='bbox 1570 1374 1642 1408; x_wconf 92' lang='lat' dir='ltr'>tuo</span> <span class='ocrx_word' id='word_1_204' title='bbox 1677 1369 1785 1409; x_wconf 90' lang='lat' dir='ltr'>dico.</span> <span class='ocrx_word' id='word_1_205' title='bbox 1849 1370 1950 1409; x_wconf 88' lang='lat' dir='ltr'>Cum</span> <span class='ocrx_word' id='word_1_206' title='bbox 1982 1370 2107 1422; x_wconf 86' lang='lat' dir='ltr'>igitur</span> 
     </span>
     <span class='ocr_line' id='line_1_21' title="bbox 283 1429 2106 1484; baseline 0.001 -15"><span class='ocrx_word' id='word_1_207' title='bbox 283 1439 494 1469; x_wconf 77' lang='lat' dir='ltr'>20n0sce</span> <span class='ocrx_word' id='word_1_208' title='bbox 525 1434 574 1468; x_wconf 88' lang='lat' dir='ltr'>te</span> <span class='ocrx_word' id='word_1_209' title='bbox 607 1429 726 1476; x_wconf 90' lang='lat' dir='ltr'>dicit,</span> <span class='ocrx_word' id='word_1_210' title='bbox 758 1430 837 1469; x_wconf 91' lang='lat' dir='ltr'>hoc</span> <span class='ocrx_word' id='word_1_211' title='bbox 869 1430 993 1470; x_wconf 85' lang='lat' dir='ltr'>dicit:</span> <span class='ocrx_word' id='word_1_212' title='bbox 1026 1444 1192 1470; x_wconf 91' lang='lat' dir='ltr'>nosce</span> <span class='ocrx_word' id='word_1_213' title='bbox 1224 1431 1456 1470; x_wconf 86' lang='lat' dir='ltr'>animum</span> <span class='ocrx_word' id='word_1_214' title='bbox 1488 1437 1643 1470; x_wconf 89' lang='lat' dir='ltr'>tuum.</span> <span class='ocrx_word' id='word_1_215' title='bbox 1700 1433 1804 1470; x_wconf 76' lang='lat' dir='ltr'>Nam</span> <span class='ocrx_word' id='word_1_216' title='bbox 1837 1444 1987 1484; x_wconf 89' lang='lat' dir='ltr'>corpus</span> <span class='ocrx_word' id='word_1_217' title='bbox 2013 1431 2106 1484; x_wconf 92' lang='lat' dir='ltr'>qui-</span> 
     </span>
     <span class='ocr_line' id='line_1_22' title="bbox 333 1491 2105 1546; baseline 0.002 -16"><span class='ocrx_word' id='word_1_218' title='bbox 333 1491 428 1531; x_wconf 91' lang='lat' dir='ltr'>dem</span> <span class='ocrx_word' id='word_1_219' title='bbox 455 1492 573 1544; x_wconf 85' lang='lat' dir='ltr'>quasi</span> <span class='ocrx_word' id='word_1_220' title='bbox 605 1505 676 1531; x_wconf 87' lang='lat' dir='ltr'>vas</span> <span class='ocrx_word' id='word_1_221' title='bbox 708 1498 770 1532; x_wconf 87' lang='lat' dir='ltr'>est</span> <span class='ocrx_word' id='word_1_222' title='bbox 800 1498 871 1532; x_wconf 86' lang='lat' dir='ltr'>aut</span> <span class='ocrx_word' id='word_1_223' title='bbox 900 1493 1074 1546; x_wconf 89' lang='lat' dir='ltr'>aliquod</span> <span class='ocrx_word' id='word_1_224' title='bbox 1104 1493 1231 1533; x_wconf 90' lang='lat' dir='ltr'>animi</span> <span class='ocrx_word' id='word_1_225' title='bbox 1261 1493 1593 1546; x_wconf 84' lang='lat' dir='ltr'>receptaculum:</span> <span class='ocrx_word' id='word_1_226' title='bbox 1626 1493 1676 1532; x_wconf 88' lang='lat' dir='ltr'>ab</span> <span class='ocrx_word' id='word_1_227' title='bbox 1708 1493 1848 1533; x_wconf 91' lang='lat' dir='ltr'>animo</span> <span class='ocrx_word' id='word_1_228' title='bbox 1881 1499 1952 1533; x_wconf 92' lang='lat' dir='ltr'>tuo</span> <span class='ocrx_word' id='word_1_229' title='bbox 1985 1494 2105 1546; x_wconf 91' lang='lat' dir='ltr'>quic-</span> 
     </span>
     <span class='ocr_line' id='line_1_23' title="bbox 333 1554 2104 1608; baseline 0.001 -15"><span class='ocrx_word' id='word_1_230' title='bbox 333 1554 434 1608; x_wconf 86' lang='lat' dir='ltr'>quid</span> <span class='ocrx_word' id='word_1_231' title='bbox 466 1554 612 1605; x_wconf 87' lang='lat' dir='ltr'>agitur,</span> <span class='ocrx_word' id='word_1_232' title='bbox 643 1554 685 1594; x_wconf 89' lang='lat' dir='ltr'>id</span> <span class='ocrx_word' id='word_1_233' title='bbox 717 1555 854 1607; x_wconf 89' lang='lat' dir='ltr'>agitur</span> <span class='ocrx_word' id='word_1_234' title='bbox 883 1567 906 1594; x_wconf 85' lang='lat' dir='ltr'>a</span> <span class='ocrx_word' id='word_1_235' title='bbox 940 1561 992 1595; x_wconf 90' lang='lat' dir='ltr'>te.</span> <span class='ocrx_word' id='word_1_236' title='bbox 1048 1555 1169 1594; x_wconf 92' lang='lat' dir='ltr'>Hunc</span> <span class='ocrx_word' id='word_1_237' title='bbox 1207 1555 1332 1608; x_wconf 90' lang='lat' dir='ltr'>igitur</span> <span class='ocrx_word' id='word_1_238' title='bbox 1363 1569 1487 1595; x_wconf 91' lang='lat' dir='ltr'>nosse</span> <span class='ocrx_word' id='word_1_239' title='bbox 1519 1556 1598 1595; x_wconf 92' lang='lat' dir='ltr'>nisi</span> <span class='ocrx_word' id='word_1_240' title='bbox 1629 1556 1817 1596; x_wconf 91' lang='lat' dir='ltr'>divinum</span> <span class='ocrx_word' id='word_1_241' title='bbox 1849 1561 1978 1604; x_wconf 89' lang='lat' dir='ltr'>esset,</span> <span class='ocrx_word' id='word_1_242' title='bbox 2019 1569 2104 1596; x_wconf 92' lang='lat' dir='ltr'>non</span> 
     </span>
     <span class='ocr_line' id='line_1_24' title="bbox 332 1615 1812 1671; baseline 0.001 -15"><span class='ocrx_word' id='word_1_243' title='bbox 332 1622 442 1657; x_wconf 91' lang='lat' dir='ltr'>esset</span> <span class='ocrx_word' id='word_1_244' title='bbox 471 1615 549 1656; x_wconf 86' lang='lat' dir='ltr'>hoc</span> <span class='ocrx_word' id='word_1_245' title='bbox 578 1617 748 1657; x_wconf 88' lang='lat' dir='ltr'>acrioris</span> <span class='ocrx_word' id='word_1_246' title='bbox 781 1617 1000 1657; x_wconf 87' lang='lat' dir='ltr'>cuiusdam</span> <span class='ocrx_word' id='word_1_247' title='bbox 1030 1617 1158 1658; x_wconf 89' lang='lat' dir='ltr'>animi</span> <span class='ocrx_word' id='word_1_248' title='bbox 1189 1624 1456 1671; x_wconf 90' lang='lat' dir='ltr'>praeceptum</span> <span class='ocrx_word' id='word_1_249' title='bbox 1489 1618 1689 1658; x_wconf 88' lang='lat' dir='ltr'>tributum</span> <span class='ocrx_word' id='word_1_250' title='bbox 1721 1618 1812 1658; x_wconf 91' lang='lat' dir='ltr'>deo.</span> 
     </span>
    </p>
   </div>
   <div class='ocr_carea' id='block_1_3' title="bbox 314 1808 2102 3302">
    <p class='ocr_par' dir='ltr' id='par_1_3' title="bbox 314 1808 2102 3302">
     <span class='ocr_line' id='line_1_25' title="bbox 417 1808 2101 1850; baseline 0.001 -10"><span class='ocrx_word' id='word_1_251' title='bbox 417 1808 447 1841; x_wconf 74' lang='lat'>4.</span> <span class='ocrx_word' id='word_1_252' title='bbox 475 1812 534 1840; x_wconf 80' lang='lat' dir='ltr'>aut</span> <span class='ocrx_word' id='word_1_253' title='bbox 556 1808 765 1840; x_wconf 83' lang='lat' dir='ltr'>Lambinus:</span> <span class='ocrx_word' id='word_1_254' title='bbox 792 1811 829 1839; x_wconf 76' lang='lat' dir='ltr'>ut</span> <span class='ocrx_word' id='word_1_255' title='bbox 854 1809 877 1840; x_wconf 91' lang='lat' dir='ltr'>C</span> <span class='ocrx_word' id='word_1_256' title='bbox 894 1809 930 1840; x_wconf 94' lang='lat' dir='ltr'>O.</span> <span class='ocrx_word' id='word_1_257' title='bbox 967 1809 1056 1848; x_wconf 83' lang='lat' dir='ltr'>«Ego</span> <span class='ocrx_word' id='word_1_258' title='bbox 1081 1809 1131 1840; x_wconf 88' lang='lat' dir='ltr'>sic</span> <span class='ocrx_word' id='word_1_259' title='bbox 1157 1808 1292 1840; x_wconf 87' lang='lat' dir='ltr'>scribo:</span> <span class='ocrx_word' id='word_1_260' title='bbox 1326 1810 1421 1848; x_wconf 83' lang='lat' dir='ltr'>quasi</span> <span class='ocrx_word' id='word_1_261' title='bbox 1443 1817 1521 1840; x_wconf 83' lang='lat' dir='ltr'>vero</span> <span class='ocrx_word' id='word_1_262' title='bbox 1545 1810 1753 1850; x_wconf 66' lang='lat' dir='ltr'>intellegant,</span> <span class='ocrx_word' id='word_1_263' title='bbox 1780 1810 1888 1849; x_wconf 85' lang='lat' dir='ltr'>qualis</span> <span class='ocrx_word' id='word_1_264' title='bbox 1911 1811 1952 1841; x_wconf 75' lang='lat' dir='ltr'>sit</span> <span class='ocrx_word' id='word_1_265' title='bbox 1975 1810 2009 1841; x_wconf 83' lang='lat' dir='ltr'>in</span> <span class='ocrx_word' id='word_1_266' title='bbox 2031 1811 2101 1850; x_wconf 86' lang='lat' dir='ltr'>ipso</span> 
     </span>
     <span class='ocr_line' id='line_1_26' title="bbox 328 1858 2101 1900; baseline 0 -9"><span class='ocrx_word' id='word_1_267' title='bbox 328 1869 484 1900; x_wconf 86' lang='lat' dir='ltr'>corpore,</span> <span class='ocrx_word' id='word_1_268' title='bbox 510 1877 557 1882; x_wconf 93' lang='lat'>--</span> <span class='ocrx_word' id='word_1_269' title='bbox 575 1860 631 1900; x_wconf 84' lang='lat' dir='ltr'>qui</span> <span class='ocrx_word' id='word_1_270' title='bbox 654 1859 762 1897; x_wconf 82' lang='lat' dir='ltr'>locus,</span> <span class='ocrx_word' id='word_1_271' title='bbox 789 1861 811 1898; x_wconf 41' lang='grc' dir='ltr'>η’*</span> <span class='ocrx_word' id='word_1_272' title='bbox 835 1862 895 1898; x_wconf 84' lang='lat' dir='ltr'>ut,</span> <span class='ocrx_word' id='word_1_273' title='bbox 921 1859 948 1889; x_wconf 85' lang='lat' dir='ltr'>si</span> <span class='ocrx_word' id='word_1_274' title='bbox 971 1859 1039 1889; x_wconf 86' lang='lat' dir='ltr'>iam</span> <span class='ocrx_word' id='word_1_275' title='bbox 1058 1858 1110 1898; x_wconf 83' lang='lat' dir='ltr'>(cf.</span> <span class='ocrx_word' id='word_1_276' title='bbox 1131 1858 1268 1898; x_wconf 76' lang='lat' dir='ltr'>Madvig</span> <span class='ocrx_word' id='word_1_277' title='bbox 1294 1859 1336 1890; x_wconf 92' lang='lat' dir='ltr'>ad</span> <span class='ocrx_word' id='word_1_278' title='bbox 1358 1859 1428 1890; x_wconf 83' lang='lat' dir='ltr'>Fin.</span> <span class='ocrx_word' id='word_1_279' title='bbox 1447 1859 1502 1897; x_wconf 71' lang='lat' dir='ltr'>IV,</span> <span class='ocrx_word' id='word_1_280' title='bbox 1523 1859 1576 1897; x_wconf 90' lang='grc'>66)</span> <span class='ocrx_word' id='word_1_281' title='bbox 1601 1859 1634 1890; x_wconf 88' lang='lat' dir='ltr'>in</span> <span class='ocrx_word' id='word_1_282' title='bbox 1651 1859 1779 1890; x_wconf 79' lang='lat' dir='ltr'>homine</span> <span class='ocrx_word' id='word_1_283' title='bbox 1793 1861 1867 1891; x_wconf 78' lang='lat' dir='ltr'>vivo</span> <span class='ocrx_word' id='word_1_284' title='bbox 1883 1860 1972 1891; x_wconf 86' lang='lat' dir='ltr'>cerni</span> <span class='ocrx_word' id='word_1_285' title='bbox 1990 1861 2101 1891; x_wconf 84' lang='lat' dir='ltr'>omnia</span> 
     </span>
     <span class='ocr_line' id='line_1_27' title="bbox 327 1908 2101 1950; baseline -0.001 -8"><span class='ocrx_word' id='word_1_286' title='bbox 327 1910 419 1950; x_wconf 86' lang='lat' dir='ltr'>(alia,</span> <span class='ocrx_word' id='word_1_287' title='bbox 448 1919 516 1942; x_wconf 91' lang='lat' dir='ltr'>non</span> <span class='ocrx_word' id='word_1_288' title='bbox 542 1912 612 1941; x_wconf 88' lang='lat' dir='ltr'>tam</span> <span class='ocrx_word' id='word_1_289' title='bbox 637 1911 766 1947; x_wconf 86' lang='lat' dir='ltr'>tenuia,</span> <span class='ocrx_word' id='word_1_290' title='bbox 795 1918 898 1950; x_wconf 86' lang='lat' dir='ltr'>quam</span> <span class='ocrx_word' id='word_1_291' title='bbox 925 1910 1095 1948; x_wconf 70' lang='lat' dir='ltr'>animus),</span> <span class='ocrx_word' id='word_1_292' title='bbox 1122 1917 1206 1946; x_wconf 87' lang='lat' dir='ltr'>quae</span> <span class='ocrx_word' id='word_1_293' title='bbox 1230 1917 1317 1939; x_wconf 79' lang='lat' dir='ltr'>nunc</span> <span class='ocrx_word' id='word_1_294' title='bbox 1341 1912 1424 1940; x_wconf 76' lang='lat' dir='ltr'>lecta</span> <span class='ocrx_word' id='word_1_295' title='bbox 1448 1912 1539 1947; x_wconf 76' lang='lat' dir='ltr'>sunt,</span> <span class='ocrx_word' id='word_1_296' title='bbox 1565 1917 1744 1939; x_wconf 79' lang='lat' dir='ltr'>casurusne</span> <span class='ocrx_word' id='word_1_297' title='bbox 1766 1908 1800 1939; x_wconf 85' lang='lat' dir='ltr'>in</span> <span class='ocrx_word' id='word_1_298' title='bbox 1825 1913 2029 1948; x_wconf 77' lang='lat' dir='ltr'>conspectum</span> <span class='ocrx_word' id='word_1_299' title='bbox 2049 1911 2101 1941; x_wconf 84' lang='lat' dir='ltr'>vi-</span> 
     </span>
     <span class='ocr_line' id='line_1_28' title="bbox 327 1958 2101 2000; baseline -0.001 -8"><span class='ocrx_word' id='word_1_300' title='bbox 327 1961 458 2000; x_wconf 78' lang='lat' dir='ltr'>deatur,</span> <span class='ocrx_word' id='word_1_301' title='bbox 484 1969 525 1991; x_wconf 85' lang='lat' dir='ltr'>an</span> <span class='ocrx_word' id='word_1_302' title='bbox 553 1961 591 2000; x_wconf 71' lang='lat' dir='ltr'>(si</span> <span class='ocrx_word' id='word_1_303' title='bbox 620 1961 688 1991; x_wconf 85' lang='lat' dir='ltr'>iam</span> <span class='ocrx_word' id='word_1_304' title='bbox 721 1961 835 1991; x_wconf 85' lang='lat' dir='ltr'>tectus</span> <span class='ocrx_word' id='word_1_305' title='bbox 867 1968 935 1990; x_wconf 91' lang='lat' dir='ltr'>non</span> <span class='ocrx_word' id='word_1_306' title='bbox 967 1961 1073 1997; x_wconf 90' lang='lat' dir='ltr'>esset)</span> <span class='ocrx_word' id='word_1_307' title='bbox 1105 1962 1198 1990; x_wconf 76' lang='lat' dir='ltr'>tanta</span> <span class='ocrx_word' id='word_1_308' title='bbox 1223 1960 1265 1990; x_wconf 77' lang='lat' dir='ltr'>sit</span> <span class='ocrx_word' id='word_1_309' title='bbox 1287 1960 1355 1990; x_wconf 80' lang='lat' dir='ltr'>eius</span> <span class='ocrx_word' id='word_1_310' title='bbox 1379 1959 1541 1997; x_wconf 78' lang='lat' dir='ltr'>tenuitas,</span> <span class='ocrx_word' id='word_1_311' title='bbox 1567 1961 1603 1989; x_wconf 76' lang='lat' dir='ltr'>ut</span> <span class='ocrx_word' id='word_1_312' title='bbox 1625 1958 1733 1999; x_wconf 59' lang='lat' dir='ltr'>fugiat</span> <span class='ocrx_word' id='word_1_313' title='bbox 1758 1959 1873 1989; x_wconf 81' lang='lat' dir='ltr'>aciem.</span> <span class='ocrx_word' id='word_1_314' title='bbox 1912 1958 2101 1990; x_wconf 85' lang='lat' dir='ltr'>Lambinus</span> 
     </span>
     <span class='ocr_line' id='line_1_29' title="bbox 326 2007 2102 2052; baseline -0.002 -10"><span class='ocrx_word' id='word_1_315' title='bbox 326 2011 485 2052; x_wconf 84' lang='lat' dir='ltr'>scripsit:</span> <span class='ocrx_word' id='word_1_316' title='bbox 513 2013 583 2041; x_wconf 78' lang='lat' dir='ltr'>aut</span> <span class='ocrx_word' id='word_1_317' title='bbox 607 2018 656 2041; x_wconf 69' lang='lat' dir='ltr'>sc,</span> <span class='ocrx_word' id='word_1_318' title='bbox 676 2009 864 2050; x_wconf 78' lang='lat' dir='ltr'>intelleqant</span> <span class='ocrx_word' id='word_1_319' title='bbox 884 2009 1036 2047; x_wconf 79' lang='lat' dir='ltr'>(sciant):</span> <span class='ocrx_word' id='word_1_320' title='bbox 1063 2010 1172 2046; x_wconf 80' lang='lat' dir='ltr'>recte,</span> <span class='ocrx_word' id='word_1_321' title='bbox 1200 2010 1342 2049; x_wconf 81' lang='lat' dir='ltr'>opinor;</span> <span class='ocrx_word' id='word_1_322' title='bbox 1370 2009 1412 2040; x_wconf 80' lang='lat' dir='ltr'>cf.</span> <span class='ocrx_word' id='word_1_323' title='bbox 1434 2009 1477 2041; x_wconf 89' lang='lat' dir='ltr'>de</span> <span class='ocrx_word' id='word_1_324' title='bbox 1495 2010 1591 2047; x_wconf 83' lang='lat' dir='ltr'>quasi</span> <span class='ocrx_word' id='word_1_325' title='bbox 1606 2026 1653 2031; x_wconf 91' lang='lat'>—-</span> <span class='ocrx_word' id='word_1_326' title='bbox 1671 2012 1728 2039; x_wconf 77' lang='lat' dir='ltr'>aut</span> <span class='ocrx_word' id='word_1_327' title='bbox 1748 2007 1863 2040; x_wconf 84' lang='lat' dir='ltr'>Milon.</span> <span class='ocrx_word' id='word_1_328' title='bbox 1884 2009 1902 2049; x_wconf 69' lang='grc' dir='ltr'><strong>ἓ</strong></span> <span class='ocrx_word' id='word_1_329' title='bbox 1920 2008 1979 2040; x_wconf 74' lang='lat'>84:</span> <span class='ocrx_word' id='word_1_330' title='bbox 2007 2009 2102 2048; x_wconf 84' lang='lat' dir='ltr'>quasi</span> 
     </span>
     <span class='ocr_line' id='line_1_30' title="bbox 324 2059 2099 2100; baseline -0.002 -7"><span class='ocrx_word' id='word_1_331' title='bbox 324 2066 473 2093; x_wconf 76' lang='lat' dir='ltr'>nostram</span> <span class='ocrx_word' id='word_1_332' title='bbox 495 2062 602 2100; x_wconf 80' lang='lat' dir='ltr'>ipsam</span> <span class='ocrx_word' id='word_1_333' title='bbox 624 2063 763 2091; x_wconf 82' lang='lat' dir='ltr'>mentem</span> <span class='ocrx_word' id='word_1_334' title='bbox 778 2078 795 2082; x_wconf 96' lang='lat'>-</span> <span class='ocrx_word' id='word_1_335' title='bbox 810 2077 827 2082; x_wconf 94' lang='lat'>-</span> <span class='ocrx_word' id='word_1_336' title='bbox 843 2060 954 2090; x_wconf 83' lang='lat' dir='ltr'>videre</span> <span class='ocrx_word' id='word_1_337' title='bbox 978 2063 1052 2090; x_wconf 78' lang='lat' dir='ltr'>aut</span> <span class='ocrx_word' id='word_1_338' title='bbox 1070 2061 1171 2099; x_wconf 83' lang='lat' dir='ltr'>plane</span> <span class='ocrx_word' id='word_1_339' title='bbox 1195 2061 1301 2099; x_wconf 80' lang='lat' dir='ltr'>qualis</span> <span class='ocrx_word' id='word_1_340' title='bbox 1326 2063 1400 2090; x_wconf 73' lang='lat' dir='ltr'>auc</span> <span class='ocrx_word' id='word_1_341' title='bbox 1423 2060 1478 2090; x_wconf 77' lang='lat' dir='ltr'>ubi</span> <span class='ocrx_word' id='word_1_342' title='bbox 1501 2061 1542 2090; x_wconf 77' lang='lat' dir='ltr'>sit</span> <span class='ocrx_word' id='word_1_343' title='bbox 1565 2061 1682 2090; x_wconf 76' lang='lat' dir='ltr'>sentire</span> <span class='ocrx_word' id='word_1_344' title='bbox 1695 2059 1868 2098; x_wconf 80' lang='lat' dir='ltr'>possimus.</span> <span class='ocrx_word' id='word_1_345' title='bbox 1888 2067 1921 2099; x_wconf 92' lang='lat' dir='ltr'>p.</span> <span class='ocrx_word' id='word_1_346' title='bbox 1941 2059 2099 2097; x_wconf 87' lang='lat' dir='ltr'>Quinctio</span> 
     </span>
     <span class='ocr_line' id='line_1_31' title="bbox 326 2109 2099 2151; baseline -0.002 -9"><span class='ocrx_word' id='word_1_347' title='bbox 326 2111 344 2151; x_wconf 70' lang='lat' dir='ltr'>S</span> <span class='ocrx_word' id='word_1_348' title='bbox 371 2111 400 2142; x_wconf 87' lang='lat'>9.</span> <span class='ocrx_word' id='word_1_349' title='bbox 428 2110 480 2142; x_wconf 80' lang='lat'>83.</span> <span class='ocrx_word' id='word_1_350' title='bbox 508 2111 546 2141; x_wconf 87' lang='lat' dir='ltr'>N.</span> <span class='ocrx_word' id='word_1_351' title='bbox 570 2111 610 2141; x_wconf 96' lang='lat' dir='ltr'>D.</span> <span class='ocrx_word' id='word_1_352' title='bbox 636 2111 692 2148; x_wconf 85' lang='lat'>111,</span> <span class='ocrx_word' id='word_1_353' title='bbox 714 2111 765 2141; x_wconf 81' lang='lat' dir='ltr'>ll.</span> <span class='ocrx_word' id='word_1_354' title='bbox 792 2111 863 2141; x_wconf 76' lang='lat' dir='ltr'>fin.</span> <span class='ocrx_word' id='word_1_355' title='bbox 890 2110 929 2148; x_wconf 92' lang='grc' dir='ltr'>ΙΙ,</span> <span class='ocrx_word' id='word_1_356' title='bbox 957 2110 975 2141; x_wconf 81' lang='lat'><strong>7</strong></span> <span class='ocrx_word' id='word_1_357' title='bbox 1002 2110 1066 2149; x_wconf 78' lang='lat' dir='ltr'>(IV,</span> <span class='ocrx_word' id='word_1_358' title='bbox 1094 2111 1144 2141; x_wconf 79' lang='lat'>77.</span> <span class='ocrx_word' id='word_1_359' title='bbox 1172 2109 1232 2140; x_wconf 87' lang='lat' dir='ltr'>ubi</span> <span class='ocrx_word' id='word_1_360' title='bbox 1257 2110 1446 2150; x_wconf 80' lang='lat' dir='ltr'>Madvigius</span> <span class='ocrx_word' id='word_1_361' title='bbox 1471 2118 1511 2140; x_wconf 80' lang='lat' dir='ltr'>ex</span> <span class='ocrx_word' id='word_1_362' title='bbox 1530 2109 1731 2150; x_wconf 71' lang='lat' dir='ltr'>Archetypo</span> <span class='ocrx_word' id='word_1_363' title='bbox 1757 2109 1852 2148; x_wconf 81' lang='lat' dir='ltr'>quasi</span> <span class='ocrx_word' id='word_1_364' title='bbox 1874 2117 1952 2140; x_wconf 79' lang='lat' dir='ltr'>vero</span> <span class='ocrx_word' id='word_1_365' title='bbox 1977 2112 2099 2140; x_wconf 82' lang='lat' dir='ltr'>aut—-</span> 
     </span>
     <span class='ocr_line' id='line_1_32' title="bbox 324 2158 2096 2200; baseline -0.001 -9"><span class='ocrx_word' id='word_1_366' title='bbox 324 2165 358 2192; x_wconf 79' lang='lat' dir='ltr'>et</span> <span class='ocrx_word' id='word_1_367' title='bbox 383 2162 477 2200; x_wconf 83' lang='lat' dir='ltr'>quasi</span> <span class='ocrx_word' id='word_1_368' title='bbox 489 2161 528 2200; x_wconf 57' lang='grc' dir='ltr'>Ὗ).</span> <span class='ocrx_word' id='word_1_369' title='bbox 556 2159 672 2192; x_wconf 86' lang='lat' dir='ltr'>Famil.</span> <span class='ocrx_word' id='word_1_370' title='bbox 692 2160 746 2198; x_wconf 82' lang='lat' dir='ltr'>IX,</span> <span class='ocrx_word' id='word_1_371' title='bbox 767 2160 796 2197; x_wconf 87' lang='grc'>6,</span> <span class='ocrx_word' id='word_1_372' title='bbox 817 2160 846 2190; x_wconf 84' lang='grc'>3.</span> <span class='ocrx_word' id='word_1_373' title='bbox 868 2162 972 2200; x_wconf 83' lang='lat' dir='ltr'>atque</span> <span class='ocrx_word' id='word_1_374' title='bbox 999 2160 1042 2191; x_wconf 91' lang='lat' dir='ltr'>de</span> <span class='ocrx_word' id='word_1_375' title='bbox 1068 2159 1235 2200; x_wconf 85' lang='lat' dir='ltr'>particula</span> <span class='ocrx_word' id='word_1_376' title='bbox 1262 2164 1320 2191; x_wconf 80' lang='lat' dir='ltr'>aut</span> <span class='ocrx_word' id='word_1_377' title='bbox 1345 2169 1425 2191; x_wconf 88' lang='lat' dir='ltr'>cum</span> <span class='ocrx_word' id='word_1_378' title='bbox 1451 2164 1484 2190; x_wconf 84' lang='lat' dir='ltr'>ul</span> <span class='ocrx_word' id='word_1_379' title='bbox 1503 2159 1646 2191; x_wconf 80' lang='lat' dir='ltr'>confusa</span> <span class='ocrx_word' id='word_1_380' title='bbox 1664 2159 1717 2196; x_wconf 74' lang='lat' dir='ltr'>1V,</span> <span class='ocrx_word' id='word_1_381' title='bbox 1738 2158 1790 2190; x_wconf 84' lang='lat'>39.</span> <span class='ocrx_word' id='word_1_382' title='bbox 1810 2159 1862 2190; x_wconf 70' lang='lat'>54.</span> <span class='ocrx_word' id='word_1_383' title='bbox 1884 2159 1924 2189; x_wconf 90' lang='grc'>60</span> <span class='ocrx_word' id='word_1_384' title='bbox 1963 2159 2002 2195; x_wconf 76' lang='lat' dir='ltr'>V,</span> <span class='ocrx_word' id='word_1_385' title='bbox 2024 2158 2096 2190; x_wconf 72' lang='lat'>409.</span> 
     </span>
     <span class='ocr_line' id='line_1_33' title="bbox 327 2208 2097 2250; baseline -0.001 -9"><span class='ocrx_word' id='word_1_386' title='bbox 327 2211 365 2242; x_wconf 65' lang='grc' dir='ltr'>[ἰ</span> <span class='ocrx_word' id='word_1_387' title='bbox 389 2212 438 2249; x_wconf 83' lang='lat'>(=</span> <span class='ocrx_word' id='word_1_388' title='bbox 461 2211 506 2241; x_wconf 90' lang='lat' dir='ltr'>ita</span> <span class='ocrx_word' id='word_1_389' title='bbox 522 2212 569 2249; x_wconf 86' lang='lat' dir='ltr'>ut)</span> <span class='ocrx_word' id='word_1_390' title='bbox 596 2213 629 2241; x_wconf 88' lang='lat' dir='ltr'>et</span> <span class='ocrx_word' id='word_1_391' title='bbox 654 2219 717 2250; x_wconf 89' lang='lat' dir='ltr'>per</span> <span class='ocrx_word' id='word_1_392' title='bbox 742 2219 779 2241; x_wconf 86' lang='lat' dir='ltr'>se</span> <span class='ocrx_word' id='word_1_393' title='bbox 806 2211 920 2250; x_wconf 86' lang='lat' dir='ltr'>ipsum</span> <span class='ocrx_word' id='word_1_394' title='bbox 947 2210 1171 2242; x_wconf 83' lang='lat' dir='ltr'>durissimam</span> <span class='ocrx_word' id='word_1_395' title='bbox 1196 2210 1345 2241; x_wconf 80' lang='lat' dir='ltr'>haberet</span> <span class='ocrx_word' id='word_1_396' title='bbox 1369 2210 1629 2241; x_wconf 63' lang='lat' dir='ltr'>adiunctionem</span> <span class='ocrx_word' id='word_1_397' title='bbox 1649 2211 1681 2240; x_wconf 92' lang='lat' dir='ltr'>et</span> <span class='ocrx_word' id='word_1_398' title='bbox 1698 2208 1848 2240; x_wconf 75' lang='lat' dir='ltr'>verbum</span> <span class='ocrx_word' id='word_1_399' title='bbox 1873 2208 2014 2249; x_wconf 84' lang='lat' dir='ltr'>aliquod</span> <span class='ocrx_word' id='word_1_400' title='bbox 2038 2217 2097 2240; x_wconf 92' lang='lat' dir='ltr'>re-</span> 
     </span>
     <span class='ocr_line' id='line_1_34' title="bbox 324 2257 2098 2302; baseline -0.002 -10"><span class='ocrx_word' id='word_1_401' title='bbox 324 2262 498 2302; x_wconf 85' lang='lat' dir='ltr'>quireret,</span> <span class='ocrx_word' id='word_1_402' title='bbox 525 2260 618 2292; x_wconf 92' lang='lat' dir='ltr'>unde</span> <span class='ocrx_word' id='word_1_403' title='bbox 644 2260 816 2301; x_wconf 86' lang='lat' dir='ltr'>penderet</span> <span class='ocrx_word' id='word_1_404' title='bbox 833 2269 1012 2291; x_wconf 76' lang='lat' dir='ltr'>casurusne</span> <span class='ocrx_word' id='word_1_405' title='bbox 1029 2278 1045 2283; x_wconf 88' lang='lat'><em>-</em></span> <span class='ocrx_word' id='word_1_406' title='bbox 1059 2277 1076 2282; x_wconf 87' lang='lat'><em>—</em></span> <span class='ocrx_word' id='word_1_407' title='bbox 1093 2261 1213 2291; x_wconf 80' lang='lat' dir='ltr'>aciem:</span> <span class='ocrx_word' id='word_1_408' title='bbox 1242 2269 1335 2293; x_wconf 80' lang='lat' dir='ltr'>nam,</span> <span class='ocrx_word' id='word_1_409' title='bbox 1364 2259 1457 2300; x_wconf 90' lang='lat' dir='ltr'>quod</span> <span class='ocrx_word' id='word_1_410' title='bbox 1475 2261 1687 2300; x_wconf 83' lang='lat' dir='ltr'>interpretes</span> <span class='ocrx_word' id='word_1_411' title='bbox 1705 2258 1748 2289; x_wconf 87' lang='lat' dir='ltr'>ad</span> <span class='ocrx_word' id='word_1_412' title='bbox 1766 2257 2000 2290; x_wconf 84' lang='lat' dir='ltr'>anacoluthon</span> <span class='ocrx_word' id='word_1_413' title='bbox 2017 2266 2098 2290; x_wconf 92' lang='lat' dir='ltr'>con-</span> 
     </span>
     <span class='ocr_line' id='line_1_35' title="bbox 323 2310 2098 2352; baseline -0.002 -10"><span class='ocrx_word' id='word_1_414' title='bbox 323 2311 473 2352; x_wconf 82' lang='lat' dir='ltr'>fugiunt,</span> <span class='ocrx_word' id='word_1_415' title='bbox 506 2313 542 2342; x_wconf 88' lang='lat' dir='ltr'>ut</span> <span class='ocrx_word' id='word_1_416' title='bbox 567 2310 732 2348; x_wconf 87' lang='lat' dir='ltr'>Orellius‚</span> <span class='ocrx_word' id='word_1_417' title='bbox 760 2312 817 2350; x_wconf 87' lang='lat' dir='ltr'>qui</span> <span class='ocrx_word' id='word_1_418' title='bbox 848 2314 948 2341; x_wconf 73' lang='lat' dir='ltr'>uc-—</span> <span class='ocrx_word' id='word_1_419' title='bbox 966 2311 1119 2341; x_wconf 71' lang='lat' dir='ltr'>rideatur</span> <span class='ocrx_word' id='word_1_420' title='bbox 1143 2319 1185 2341; x_wconf 76' lang='lat' dir='ltr'>ex</span> <span class='ocrx_word' id='word_1_421' title='bbox 1209 2310 1347 2342; x_wconf 82' lang='lat' dir='ltr'>duabus</span> <span class='ocrx_word' id='word_1_422' title='bbox 1372 2311 1576 2347; x_wconf 78' lang='lat' dir='ltr'>sententiis,</span> <span class='ocrx_word' id='word_1_423' title='bbox 1610 2317 1698 2340; x_wconf 87' lang='lat' dir='ltr'>una:</span> <span class='ocrx_word' id='word_1_424' title='bbox 1731 2313 1768 2339; x_wconf 79' lang='lat' dir='ltr'>ut</span> <span class='ocrx_word' id='word_1_425' title='bbox 1799 2317 1936 2340; x_wconf 86' lang='lat' dir='ltr'>casurus</span> <span class='ocrx_word' id='word_1_426' title='bbox 1957 2310 1993 2340; x_wconf 83' lang='lat' dir='ltr'>in</span> <span class='ocrx_word' id='word_1_427' title='bbox 2017 2317 2098 2340; x_wconf 87' lang='lat' dir='ltr'>con-</span> 
     </span>
     <span class='ocr_line' id='line_1_36' title="bbox 321 2359 2096 2402; baseline -0.002 -9"><span class='ocrx_word' id='word_1_428' title='bbox 321 2366 465 2402; x_wconf 78' lang='lat' dir='ltr'>spectum</span> <span class='ocrx_word' id='word_1_429' title='bbox 495 2361 691 2392; x_wconf 74' lang='lat' dir='ltr'>videalur</span> <span class='ocrx_word' id='word_1_430' title='bbox 720 2361 867 2398; x_wconf 81' lang='lat' dir='ltr'>animus,</span> <span class='ocrx_word' id='word_1_431' title='bbox 902 2359 1032 2390; x_wconf 81' lang='lat' dir='ltr'>altera:</span> <span class='ocrx_word' id='word_1_432' title='bbox 1072 2360 1258 2391; x_wconf 78' lang='lat' dir='ltr'>Casurusne</span> <span class='ocrx_word' id='word_1_433' title='bbox 1288 2361 1317 2391; x_wconf 82' lang='lat' dir='ltr'>in</span> <span class='ocrx_word' id='word_1_434' title='bbox 1350 2363 1557 2400; x_wconf 70' lang='lat' dir='ltr'>conspectura</span> <span class='ocrx_word' id='word_1_435' title='bbox 1588 2360 1800 2396; x_wconf 64' lang='lat' dir='ltr'>videturr,</span> <span class='ocrx_word' id='word_1_436' title='bbox 1839 2359 1986 2389; x_wconf 77' lang='lat' dir='ltr'>mixtum</span> <span class='ocrx_word' id='word_1_437' title='bbox 2016 2366 2096 2390; x_wconf 87' lang='lat' dir='ltr'>esse</span> 
     </span>
     <span class='ocr_line' id='line_1_37' title="bbox 323 2407 2096 2453; baseline -0.003 -10"><span class='ocrx_word' id='word_1_438' title='bbox 323 2413 500 2453; x_wconf 80' lang='lat' dir='ltr'>opinatur,</span> <span class='ocrx_word' id='word_1_439' title='bbox 536 2412 687 2451; x_wconf 88' lang='lat' dir='ltr'>primum</span> <span class='ocrx_word' id='word_1_440' title='bbox 715 2412 809 2441; x_wconf 82' lang='lat' dir='ltr'>certe</span> <span class='ocrx_word' id='word_1_441' title='bbox 835 2409 1064 2441; x_wconf 81' lang='lat' dir='ltr'>scribendum</span> <span class='ocrx_word' id='word_1_442' title='bbox 1090 2410 1149 2441; x_wconf 84' lang='lat' dir='ltr'>suit</span> <span class='ocrx_word' id='word_1_443' title='bbox 1176 2411 1303 2441; x_wconf 73' lang='lat' dir='ltr'>videlia-</span> <span class='ocrx_word' id='word_1_444' title='bbox 1320 2414 1441 2449; x_wconf 78' lang='lat' dir='ltr'>—-esl,</span> <span class='ocrx_word' id='word_1_445' title='bbox 1474 2409 1602 2441; x_wconf 87' lang='lat' dir='ltr'>deinde</span> <span class='ocrx_word' id='word_1_446' title='bbox 1628 2407 1861 2440; x_wconf 80' lang='lat' dir='ltr'>anacoluthon</span> <span class='ocrx_word' id='word_1_447' title='bbox 1888 2408 2002 2439; x_wconf 78' lang='lat' dir='ltr'>existit</span> <span class='ocrx_word' id='word_1_448' title='bbox 2026 2416 2096 2439; x_wconf 92' lang='lat' dir='ltr'>non</span> 
     </span>
     <span class='ocr_line' id='line_1_38' title="bbox 322 2456 2094 2503; baseline -0.004 -9"><span class='ocrx_word' id='word_1_449' title='bbox 322 2463 432 2503; x_wconf 81' lang='lat' dir='ltr'>magis</span> <span class='ocrx_word' id='word_1_450' title='bbox 457 2459 654 2496; x_wconf 80' lang='lat' dir='ltr'>tolerabile,</span> <span class='ocrx_word' id='word_1_451' title='bbox 689 2469 795 2501; x_wconf 83' lang='lat' dir='ltr'>quam</span> <span class='ocrx_word' id='word_1_452' title='bbox 828 2458 909 2490; x_wconf 89' lang='lat' dir='ltr'>illud</span> <span class='ocrx_word' id='word_1_453' title='bbox 934 2460 974 2498; x_wconf 81' lang='lat' dir='ltr'>V,</span> <span class='ocrx_word' id='word_1_454' title='bbox 1000 2460 1053 2497; x_wconf 85' lang='lat'>76,</span> <span class='ocrx_word' id='word_1_455' title='bbox 1080 2460 1139 2490; x_wconf 90' lang='lat' dir='ltr'>ubi</span> <span class='ocrx_word' id='word_1_456' title='bbox 1166 2469 1245 2491; x_wconf 84' lang='lat' dir='ltr'>cum</span> <span class='ocrx_word' id='word_1_457' title='bbox 1271 2460 1344 2496; x_wconf 76' lang='lat' dir='ltr'>alii⁷</span> <span class='ocrx_word' id='word_1_458' title='bbox 1379 2463 1453 2492; x_wconf 83' lang='lat' dir='ltr'>tuin</span> <span class='ocrx_word' id='word_1_459' title='bbox 1480 2461 1543 2501; x_wconf 86' lang='lat' dir='ltr'>ipsi</span> <span class='ocrx_word' id='word_1_460' title='bbox 1569 2458 1713 2491; x_wconf 87' lang='lat' dir='ltr'>Orellius</span> <span class='ocrx_word' id='word_1_461' title='bbox 1740 2461 1773 2489; x_wconf 87' lang='lat' dir='ltr'>et</span> <span class='ocrx_word' id='word_1_462' title='bbox 1797 2456 1995 2496; x_wconf 80' lang='lat' dir='ltr'>Tregderus</span> <span class='ocrx_word' id='word_1_463' title='bbox 2020 2457 2094 2488; x_wconf 90' lang='lat' dir='ltr'>iure</span> 
     </span>
     <span class='ocr_line' id='line_1_39' title="bbox 321 2507 2096 2552; baseline -0.003 -8"><span class='ocrx_word' id='word_1_464' title='bbox 321 2515 370 2545; x_wconf 89' lang='lat' dir='ltr'>sic</span> <span class='ocrx_word' id='word_1_465' title='bbox 396 2513 629 2552; x_wconf 86' lang='lat' dir='ltr'>scripserunt:</span> <span class='ocrx_word' id='word_1_466' title='bbox 660 2509 716 2550; x_wconf 83' lang='lat' dir='ltr'>[ut]</span> <span class='ocrx_word' id='word_1_467' title='bbox 742 2518 781 2540; x_wconf 90' lang='lat' dir='ltr'>ea</span> <span class='ocrx_word' id='word_1_468' title='bbox 808 2510 838 2548; x_wconf 83' lang='lat' dir='ltr'>(i.</span> <span class='ocrx_word' id='word_1_469' title='bbox 859 2518 889 2540; x_wconf 88' lang='lat' dir='ltr'>e.</span> <span class='ocrx_word' id='word_1_470' title='bbox 911 2518 950 2540; x_wconf 87' lang='lat' dir='ltr'>ea</span> <span class='ocrx_word' id='word_1_471' title='bbox 976 2511 1104 2545; x_wconf 70' lang='lat' dir='ltr'>autem]</span> <span class='ocrx_word' id='word_1_472' title='bbox 1132 2511 1187 2549; x_wconf 81' lang='lat' dir='ltr'>qui</span> <span class='ocrx_word' id='word_1_473' title='bbox 1211 2510 1347 2549; x_wconf 65' lang='lat' dir='ltr'>adeptus</span> <span class='ocrx_word' id='word_1_474' title='bbox 1370 2511 1428 2547; x_wconf 79' lang='lat' dir='ltr'>sit,</span> <span class='ocrx_word' id='word_1_475' title='bbox 1455 2508 1780 2546; x_wconf 65' lang='lat' dir='ltr'>cur--dixerims’,</span> <span class='ocrx_word' id='word_1_476' title='bbox 1808 2515 1875 2547; x_wconf 84' lang='lat' dir='ltr'>qua</span> <span class='ocrx_word' id='word_1_477' title='bbox 1900 2507 2096 2547; x_wconf 83' lang='lat' dir='ltr'>interroga-</span> 
     </span>
     <span class='ocr_line' id='line_1_40' title="bbox 320 2556 2094 2601; baseline -0.004 -7"><span class='ocrx_word' id='word_1_478' title='bbox 320 2564 411 2595; x_wconf 91' lang='lat' dir='ltr'>tione</span> <span class='ocrx_word' id='word_1_479' title='bbox 438 2563 487 2593; x_wconf 90' lang='lat' dir='ltr'>sic</span> <span class='ocrx_word' id='word_1_480' title='bbox 511 2563 607 2592; x_wconf 86' lang='lat' dir='ltr'>recte</span> <span class='ocrx_word' id='word_1_481' title='bbox 632 2563 711 2601; x_wconf 86' lang='lat' dir='ltr'>post</span> <span class='ocrx_word' id='word_1_482' title='bbox 735 2560 955 2590; x_wconf 84' lang='lat' dir='ltr'>interiectam</span> <span class='ocrx_word' id='word_1_483' title='bbox 981 2559 1157 2591; x_wconf 81' lang='lat' dir='ltr'>causalem</span> <span class='ocrx_word' id='word_1_484' title='bbox 1175 2560 1384 2591; x_wconf 84' lang='lat' dir='ltr'>sententiam</span> <span class='ocrx_word' id='word_1_485' title='bbox 1403 2560 1489 2599; x_wconf 72' lang='lat' dir='ltr'>(Sint</span> <span class='ocrx_word' id='word_1_486' title='bbox 1505 2556 1888 2598; x_wconf 67' lang='lat' dir='ltr'>enim--contmyant)</span> <span class='ocrx_word' id='word_1_487' title='bbox 1912 2565 2094 2596; x_wconf 84' lang='lat' dir='ltr'>superiora</span> 
     </span>
     <span class='ocr_line' id='line_1_41' title="bbox 321 2608 2092 2651; baseline -0.003 -7"><span class='ocrx_word' id='word_1_488' title='bbox 321 2612 374 2644; x_wconf 90' lang='lat' dir='ltr'>illa</span> <span class='ocrx_word' id='word_1_489' title='bbox 399 2613 451 2644; x_wconf 90' lang='lat' dir='ltr'>Me</span> <span class='ocrx_word' id='word_1_490' title='bbox 475 2611 604 2651; x_wconf 84' lang='lat' dir='ltr'>quidem</span> <span class='ocrx_word' id='word_1_491' title='bbox 619 2627 636 2633; x_wconf 92' lang='lat'><em>-</em></span> <span class='ocrx_word' id='word_1_492' title='bbox 650 2627 667 2632; x_wconf 93' lang='lat'>-</span> <span class='ocrx_word' id='word_1_493' title='bbox 685 2610 913 2640; x_wconf 81' lang='lat' dir='ltr'>descensuram</span> <span class='ocrx_word' id='word_1_494' title='bbox 936 2618 1000 2649; x_wconf 89' lang='lat' dir='ltr'>per</span> <span class='ocrx_word' id='word_1_495' title='bbox 1024 2611 1235 2649; x_wconf 74' lang='lat' dir='ltr'>epexegesin</span> <span class='ocrx_word' id='word_1_496' title='bbox 1260 2611 1477 2649; x_wconf 83' lang='lat' dir='ltr'>repetuntur.</span> <span class='ocrx_word' id='word_1_497' title='bbox 1504 2608 1599 2641; x_wconf 87' lang='lat' dir='ltr'>Alius</span> <span class='ocrx_word' id='word_1_498' title='bbox 1621 2609 1761 2648; x_wconf 83' lang='lat' dir='ltr'>generis</span> <span class='ocrx_word' id='word_1_499' title='bbox 1779 2610 1813 2638; x_wconf 89' lang='lat' dir='ltr'>et</span> <span class='ocrx_word' id='word_1_500' title='bbox 1831 2615 1871 2638; x_wconf 84' lang='lat' dir='ltr'>ea</span> <span class='ocrx_word' id='word_1_501' title='bbox 1891 2615 1981 2645; x_wconf 80' lang='lat' dir='ltr'>esse,</span> <span class='ocrx_word' id='word_1_502' title='bbox 2001 2616 2092 2648; x_wconf 88' lang='lat' dir='ltr'>quae</span> 
     </span>
     <span class='ocr_line' id='line_1_42' title="bbox 320 2657 2089 2702; baseline -0.003 -8"><span class='ocrx_word' id='word_1_503' title='bbox 320 2662 482 2702; x_wconf 79' lang='lat' dir='ltr'>leguntur</span> <span class='ocrx_word' id='word_1_504' title='bbox 497 2661 616 2698; x_wconf 75' lang='lat' dir='ltr'>1V‚76.</span> <span class='ocrx_word' id='word_1_505' title='bbox 633 2661 671 2697; x_wconf 67' lang='lat' dir='ltr'>V,</span> <span class='ocrx_word' id='word_1_506' title='bbox 687 2660 727 2691; x_wconf 78' lang='lat'>82</span> <span class='ocrx_word' id='word_1_507' title='bbox 748 2663 781 2691; x_wconf 88' lang='lat' dir='ltr'>et</span> <span class='ocrx_word' id='word_1_508' title='bbox 803 2668 892 2700; x_wconf 85' lang='lat' dir='ltr'>quae</span> <span class='ocrx_word' id='word_1_509' title='bbox 913 2658 1049 2698; x_wconf 73' lang='lat' dir='ltr'>Madvig</span> <span class='ocrx_word' id='word_1_510' title='bbox 1070 2659 1113 2689; x_wconf 83' lang='lat' dir='ltr'>ad</span> <span class='ocrx_word' id='word_1_511' title='bbox 1134 2660 1204 2690; x_wconf 91' lang='lat' dir='ltr'>Fin.</span> <span class='ocrx_word' id='word_1_512' title='bbox 1220 2660 1321 2699; x_wconf 63' lang='lat' dir='ltr'>p.8=tl</span> <span class='ocrx_word' id='word_1_513' title='bbox 1345 2660 1516 2697; x_wconf 75' lang='lat' dir='ltr'>tractavit,</span> <span class='ocrx_word' id='word_1_514' title='bbox 1536 2658 1618 2689; x_wconf 85' lang='lat' dir='ltr'>nihil</span> <span class='ocrx_word' id='word_1_515' title='bbox 1633 2666 1720 2698; x_wconf 87' lang='lat' dir='ltr'>opus</span> <span class='ocrx_word' id='word_1_516' title='bbox 1735 2657 1965 2689; x_wconf 79' lang='lat' dir='ltr'>estdocere.»</span> <span class='ocrx_word' id='word_1_517' title='bbox 1982 2658 2036 2689; x_wconf 93' lang='lat' dir='ltr'>W.</span> <span class='ocrx_word' id='word_1_518' title='bbox 2055 2675 2089 2680; x_wconf 94' lang='lat'><strong>—</strong></span> 
     </span>
     <span class='ocr_line' id='line_1_43' title="bbox 318 2707 2090 2751; baseline -0.003 -7"><span class='ocrx_word' id='word_1_519' title='bbox 318 2714 394 2744; x_wconf 83' lang='lat' dir='ltr'>vivo</span> <span class='ocrx_word' id='word_1_520' title='bbox 411 2710 573 2751; x_wconf 79' lang='lat' dir='ltr'>Bentley:</span> <span class='ocrx_word' id='word_1_521' title='bbox 600 2719 664 2741; x_wconf 86' lang='lat' dir='ltr'>uno</span> <span class='ocrx_word' id='word_1_522' title='bbox 688 2710 712 2740; x_wconf 94' lang='lat' dir='ltr'>C</span> <span class='ocrx_word' id='word_1_523' title='bbox 733 2726 767 2730; x_wconf 89' lang='lat'><em>—</em></span> <span class='ocrx_word' id='word_1_524' title='bbox 790 2709 820 2740; x_wconf 85' lang='lat'>9.</span> <span class='ocrx_word' id='word_1_525' title='bbox 839 2709 941 2740; x_wconf 78' lang='lat' dir='ltr'>multo</span> <span class='ocrx_word' id='word_1_526' title='bbox 961 2709 1003 2740; x_wconf 87' lang='lat' dir='ltr'>C:</span> <span class='ocrx_word' id='word_1_527' title='bbox 1024 2709 1190 2747; x_wconf 56' lang='lat' dir='ltr'>multoque</span> <span class='ocrx_word' id='word_1_528' title='bbox 1205 2710 1228 2739; x_wconf 96' lang='lat' dir='ltr'>O</span> <span class='ocrx_word' id='word_1_529' title='bbox 1247 2726 1281 2731; x_wconf 85' lang='lat'>—</span> <span class='ocrx_word' id='word_1_530' title='bbox 1308 2709 1356 2739; x_wconf 69' lang='lat'>10.</span> <span class='ocrx_word' id='word_1_531' title='bbox 1374 2710 1459 2740; x_wconf 81' lang='lat' dir='ltr'>domi</span> <span class='ocrx_word' id='word_1_532' title='bbox 1480 2709 1518 2739; x_wconf 92' lang='grc' dir='ltr'>Ο.</span> <span class='ocrx_word' id='word_1_533' title='bbox 1538 2708 1614 2739; x_wconf 76' lang='lat' dir='ltr'>Vid.</span> <span class='ocrx_word' id='word_1_534' title='bbox 1630 2710 1706 2739; x_wconf 88' lang='lat' dir='ltr'>Otto</span> <span class='ocrx_word' id='word_1_535' title='bbox 1721 2708 1766 2739; x_wconf 87' lang='lat' dir='ltr'>ad</span> <span class='ocrx_word' id='word_1_536' title='bbox 1779 2708 1884 2739; x_wconf 86' lang='lat' dir='ltr'>Tacit.</span> <span class='ocrx_word' id='word_1_537' title='bbox 1899 2707 2090 2745; x_wconf 79' lang='lat' dir='ltr'>Ann.1‚73.</span> 
     </span>
     <span class='ocr_line' id='line_1_44' title="bbox 319 2756 2091 2798; baseline -0.002 -5"><span class='ocrx_word' id='word_1_538' title='bbox 319 2780 362 2785; x_wconf 92' lang='lat'>—-</span> <span class='ocrx_word' id='word_1_539' title='bbox 380 2762 431 2793; x_wconf 73' lang='lat'>43.</span> <span class='ocrx_word' id='word_1_540' title='bbox 451 2761 640 2792; x_wconf 82' lang='lat' dir='ltr'>dicearchus</span> <span class='ocrx_word' id='word_1_541' title='bbox 664 2761 688 2790; x_wconf 93' lang='lat' dir='ltr'>G</span> <span class='ocrx_word' id='word_1_542' title='bbox 704 2761 728 2791; x_wconf 85' lang='lat' dir='ltr'>R</span> <span class='ocrx_word' id='word_1_543' title='bbox 749 2778 783 2782; x_wconf 87' lang='lat'>—</span> <span class='ocrx_word' id='word_1_544' title='bbox 812 2759 863 2791; x_wconf 71' lang='lat'>47.</span> <span class='ocrx_word' id='word_1_545' title='bbox 883 2768 946 2798; x_wconf 86' lang='lat' dir='ltr'>quo</span> <span class='ocrx_word' id='word_1_546' title='bbox 963 2762 1070 2789; x_wconf 74' lang='lat' dir='ltr'>monet</span> <span class='ocrx_word' id='word_1_547' title='bbox 1087 2757 1153 2789; x_wconf 89' lang='lat' dir='ltr'>del.</span> <span class='ocrx_word' id='word_1_548' title='bbox 1174 2758 1264 2788; x_wconf 85' lang='lat' dir='ltr'>Bake</span> <span class='ocrx_word' id='word_1_549' title='bbox 1290 2756 1310 2789; x_wconf 86' lang='lat' dir='ltr'>l.</span> <span class='ocrx_word' id='word_1_550' title='bbox 1331 2757 1351 2788; x_wconf 94' lang='lat' dir='ltr'>l.</span> <span class='ocrx_word' id='word_1_551' title='bbox 1373 2767 1405 2798; x_wconf 88' lang='lat' dir='ltr'>p.</span> <span class='ocrx_word' id='word_1_552' title='bbox 1425 2758 1478 2789; x_wconf 78' lang='lat'>78.</span> <span class='ocrx_word' id='word_1_553' title='bbox 1501 2774 1535 2779; x_wconf 94' lang='lat'>—</span> <span class='ocrx_word' id='word_1_554' title='bbox 1558 2758 1728 2796; x_wconf 77' lang='lat' dir='ltr'>praecepit</span> <span class='ocrx_word' id='word_1_555' title='bbox 1744 2757 1767 2788; x_wconf 94' lang='lat' dir='ltr'>B</span> <span class='ocrx_word' id='word_1_556' title='bbox 1788 2774 1822 2779; x_wconf 92' lang='lat'>—</span> <span class='ocrx_word' id='word_1_557' title='bbox 1843 2757 1894 2788; x_wconf 73' lang='lat'>49.</span> <span class='ocrx_word' id='word_1_558' title='bbox 1914 2766 2016 2797; x_wconf 80' lang='lat' dir='ltr'>neque</span> <span class='ocrx_word' id='word_1_559' title='bbox 2032 2766 2091 2798; x_wconf 75' lang='lat' dir='ltr'>eqo</span> 
     </span>
     <span class='ocr_line' id='line_1_45' title="bbox 320 2806 2090 2846; baseline -0.003 -2"><span class='ocrx_word' id='word_1_560' title='bbox 320 2814 344 2844; x_wconf 95' lang='lat' dir='ltr'>O</span> <span class='ocrx_word' id='word_1_561' title='bbox 363 2830 397 2834; x_wconf 98' lang='lat'><strong>—</strong></span> <span class='ocrx_word' id='word_1_562' title='bbox 424 2813 477 2843; x_wconf 77' lang='lat'>⁶22.</span> <span class='ocrx_word' id='word_1_563' title='bbox 504 2812 556 2843; x_wconf 82' lang='lat'>23.</span> <span class='ocrx_word' id='word_1_564' title='bbox 585 2811 754 2841; x_wconf 71' lang='lat' dir='ltr'>«divinum</span> <span class='ocrx_word' id='word_1_565' title='bbox 775 2825 815 2839; x_wconf 69' lang='lat' dir='ltr'><strong><em>z</em></strong></span> <span class='ocrx_word' id='word_1_566' title='bbox 838 2809 1031 2840; x_wconf 72' lang='lat' dir='ltr'>maximum</span> <span class='ocrx_word' id='word_1_567' title='bbox 1056 2810 1090 2839; x_wconf 90' lang='lat' dir='ltr'>et</span> <span class='ocrx_word' id='word_1_568' title='bbox 1114 2806 1367 2846; x_wconf 81' lang='lat' dir='ltr'>difficillimum,</span> <span class='ocrx_word' id='word_1_569' title='bbox 1394 2808 1484 2839; x_wconf 87' lang='lat' dir='ltr'>conf.</span> <span class='ocrx_word' id='word_1_570' title='bbox 1510 2806 1594 2839; x_wconf 87' lang='lat' dir='ltr'>Plat.</span> <span class='ocrx_word' id='word_1_571' title='bbox 1614 2806 1724 2838; x_wconf 81' lang='lat' dir='ltr'>Alcib.</span> <span class='ocrx_word' id='word_1_572' title='bbox 1750 2807 1776 2845; x_wconf 90' lang='grc' dir='ltr'>Ι,</span> <span class='ocrx_word' id='word_1_573' title='bbox 1796 2807 1857 2839; x_wconf 76' lang='grc'>429</span> <span class='ocrx_word' id='word_1_574' title='bbox 1880 2809 1920 2839; x_wconf 85' lang='grc' dir='ltr'>Α.</span> <span class='ocrx_word' id='word_1_575' title='bbox 1947 2807 2019 2839; x_wconf 89' lang='lat' dir='ltr'>Cic.</span> <span class='ocrx_word' id='word_1_576' title='bbox 2045 2806 2090 2839; x_wconf 89' lang='lat' dir='ltr'>de</span> 
     </span>
     <span class='ocr_line' id='line_1_46' title="bbox 322 2857 2085 2901; baseline -0.002 -8"><span class='ocrx_word' id='word_1_577' title='bbox 322 2863 427 2901; x_wconf 81' lang='lat' dir='ltr'>Legg.</span> <span class='ocrx_word' id='word_1_578' title='bbox 449 2863 471 2899; x_wconf 87' lang='lat' dir='ltr'>l,</span> <span class='ocrx_word' id='word_1_579' title='bbox 498 2862 550 2892; x_wconf 81' lang='lat'>58.</span> <span class='ocrx_word' id='word_1_580' title='bbox 578 2860 621 2891; x_wconf 90' lang='lat' dir='ltr'>de</span> <span class='ocrx_word' id='word_1_581' title='bbox 648 2860 717 2891; x_wconf 88' lang='lat' dir='ltr'>Fin.</span> <span class='ocrx_word' id='word_1_582' title='bbox 739 2860 778 2898; x_wconf 80' lang='lat' dir='ltr'>V,</span> <span class='ocrx_word' id='word_1_583' title='bbox 799 2858 852 2891; x_wconf 85' lang='lat'>44.</span> <span class='ocrx_word' id='word_1_584' title='bbox 881 2858 966 2891; x_wconf 89' lang='lat' dir='ltr'>Plut.</span> <span class='ocrx_word' id='word_1_585' title='bbox 989 2868 1020 2889; x_wconf 71' lang='lat' dir='ltr'>v.</span> <span class='ocrx_word' id='word_1_586' title='bbox 1048 2857 1230 2889; x_wconf 84' lang='lat' dir='ltr'>Demosth.</span> <span class='ocrx_word' id='word_1_587' title='bbox 1258 2867 1287 2889; x_wconf 91' lang='lat' dir='ltr'>c.</span> <span class='ocrx_word' id='word_1_588' title='bbox 1307 2857 1337 2888; x_wconf 88' lang='lat'>3.</span> <span class='ocrx_word' id='word_1_589' title='bbox 1360 2876 1394 2880; x_wconf 95' lang='lat'><strong>—</strong></span> <span class='ocrx_word' id='word_1_590' title='bbox 1421 2858 1479 2888; x_wconf 84' lang='lat' dir='ltr'>hoc</span> <span class='ocrx_word' id='word_1_591' title='bbox 1503 2858 1522 2888; x_wconf 84' lang='lat' dir='ltr'>i.</span> <span class='ocrx_word' id='word_1_592' title='bbox 1551 2866 1581 2889; x_wconf 89' lang='lat' dir='ltr'>e.</span> <span class='ocrx_word' id='word_1_593' title='bbox 1609 2860 1645 2888; x_wconf 89' lang='lat' dir='ltr'>ut</span> <span class='ocrx_word' id='word_1_594' title='bbox 1669 2866 1707 2889; x_wconf 91' lang='lat' dir='ltr'>se</span> <span class='ocrx_word' id='word_1_595' title='bbox 1733 2858 1881 2898; x_wconf 89' lang='lat' dir='ltr'>quisque</span> <span class='ocrx_word' id='word_1_596' title='bbox 1906 2860 2029 2889; x_wconf 86' lang='lat' dir='ltr'>noscat</span> <span class='ocrx_word' id='word_1_597' title='bbox 2050 2875 2085 2880; x_wconf 92' lang='lat'>—</span> 
     </span>
     <span class='ocr_line' id='line_1_47' title="bbox 318 2906 2086 2948; baseline -0.002 -7"><span class='ocrx_word' id='word_1_598' title='bbox 318 2911 460 2942; x_wconf 83' lang='lat' dir='ltr'>acrioris</span> <span class='ocrx_word' id='word_1_599' title='bbox 482 2911 653 2941; x_wconf 83' lang='lat' dir='ltr'>cuiusdam</span> <span class='ocrx_word' id='word_1_600' title='bbox 678 2911 800 2947; x_wconf 83' lang='lat' dir='ltr'>animi,</span> <span class='ocrx_word' id='word_1_601' title='bbox 835 2910 937 2941; x_wconf 88' lang='lat' dir='ltr'>unius</span> <span class='ocrx_word' id='word_1_602' title='bbox 962 2909 1105 2941; x_wconf 87' lang='lat' dir='ltr'>alicuius</span> <span class='ocrx_word' id='word_1_603' title='bbox 1131 2911 1267 2948; x_wconf 86' lang='lat' dir='ltr'>septem</span> <span class='ocrx_word' id='word_1_604' title='bbox 1292 2907 1503 2948; x_wconf 80' lang='lat' dir='ltr'>sapientium</span> <span class='ocrx_word' id='word_1_605' title='bbox 1530 2907 1582 2945; x_wconf 83' lang='lat' dir='ltr'>(cf.</span> <span class='ocrx_word' id='word_1_606' title='bbox 1611 2906 1654 2937; x_wconf 90' lang='lat' dir='ltr'>de</span> <span class='ocrx_word' id='word_1_607' title='bbox 1679 2907 1749 2937; x_wconf 78' lang='lat' dir='ltr'>fin.</span> <span class='ocrx_word' id='word_1_608' title='bbox 1778 2907 1831 2945; x_wconf 88' lang='grc' dir='ltr'>ΙΙΙ,</span> <span class='ocrx_word' id='word_1_609' title='bbox 1859 2907 1910 2938; x_wconf 84' lang='lat'>73.</span> <span class='ocrx_word' id='word_1_610' title='bbox 1938 2908 2086 2939; x_wconf 89' lang='lat' dir='ltr'>Pausan.</span> 
     </span>
     <span class='ocr_line' id='line_1_48' title="bbox 316 2956 2088 3000; baseline -0.003 -8"><span class='ocrx_word' id='word_1_611' title='bbox 316 2961 357 2998; x_wconf 90' lang='lat' dir='ltr'>X,</span> <span class='ocrx_word' id='word_1_612' title='bbox 384 2959 436 2998; x_wconf 65' lang='lat'>24,</span> <span class='ocrx_word' id='word_1_613' title='bbox 464 2960 493 2991; x_wconf 75' lang='lat' dir='ltr'>l.</span> <span class='ocrx_word' id='word_1_614' title='bbox 521 2958 607 2991; x_wconf 86' lang='lat' dir='ltr'>Plut.</span> <span class='ocrx_word' id='word_1_615' title='bbox 634 2960 677 2990; x_wconf 88' lang='lat' dir='ltr'>de</span> <span class='ocrx_word' id='word_1_616' title='bbox 703 2957 735 2990; x_wconf 79' lang='grc' dir='ltr'>εἷ</span> <span class='ocrx_word' id='word_1_617' title='bbox 759 2969 813 3000; x_wconf 86' lang='lat' dir='ltr'>ap.</span> <span class='ocrx_word' id='word_1_618' title='bbox 841 2959 965 3000; x_wconf 90' lang='lat' dir='ltr'>Delph.</span> <span class='ocrx_word' id='word_1_619' title='bbox 986 2961 1017 2997; x_wconf 65' lang='grc' dir='ltr'>ἱ),</span> <span class='ocrx_word' id='word_1_620' title='bbox 1038 2960 1106 2997; x_wconf 70' lang='grc' dir='ltr'>Π),</span> <span class='ocrx_word' id='word_1_621' title='bbox 1134 2960 1206 2990; x_wconf 85' lang='lat' dir='ltr'>sive</span> <span class='ocrx_word' id='word_1_622' title='bbox 1231 2958 1381 2989; x_wconf 85' lang='lat' dir='ltr'>Thaletis</span> <span class='ocrx_word' id='word_1_623' title='bbox 1406 2958 1479 2988; x_wconf 76' lang='lat' dir='ltr'>sive</span> <span class='ocrx_word' id='word_1_624' title='bbox 1499 2956 1652 2988; x_wconf 86' lang='lat' dir='ltr'>Chilonis</span> <span class='ocrx_word' id='word_1_625' title='bbox 1674 2957 1728 2996; x_wconf 79' lang='lat' dir='ltr'>(ct.</span> <span class='ocrx_word' id='word_1_626' title='bbox 1747 2958 1844 2996; x_wconf 81' lang='lat' dir='ltr'>Diog.</span> <span class='ocrx_word' id='word_1_627' title='bbox 1865 2957 1977 2987; x_wconf 80' lang='lat' dir='ltr'>Laert.</span> <span class='ocrx_word' id='word_1_628' title='bbox 1997 2957 2088 2988; x_wconf 83' lang='lat' dir='ltr'>Tha-</span> 
     </span>
     <span class='ocr_line' id='line_1_49' title="bbox 318 3006 2083 3049; baseline -0.002 -8"><span class='ocrx_word' id='word_1_629' title='bbox 318 3010 386 3048; x_wconf 87' lang='lat' dir='ltr'>les,</span> <span class='ocrx_word' id='word_1_630' title='bbox 417 3011 548 3041; x_wconf 85' lang='lat' dir='ltr'>Auson.</span> <span class='ocrx_word' id='word_1_631' title='bbox 577 3008 692 3040; x_wconf 89' lang='lat' dir='ltr'>Ludus</span> <span class='ocrx_word' id='word_1_632' title='bbox 723 3009 780 3039; x_wconf 87' lang='lat' dir='ltr'>Vll</span> <span class='ocrx_word' id='word_1_633' title='bbox 810 3009 888 3049; x_wconf 87' lang='lat' dir='ltr'>Sap.</span> <span class='ocrx_word' id='word_1_634' title='bbox 917 3008 1045 3039; x_wconf 90' lang='lat' dir='ltr'>Ludius</span> <span class='ocrx_word' id='word_1_635' title='bbox 1071 3017 1101 3039; x_wconf 76' lang='lat' dir='ltr'>v,</span> <span class='ocrx_word' id='word_1_636' title='bbox 1128 3007 1223 3038; x_wconf 74' lang='lat'>4—3.</span> <span class='ocrx_word' id='word_1_637' title='bbox 1257 3006 1378 3039; x_wconf 84' lang='lat' dir='ltr'>Chilon</span> <span class='ocrx_word' id='word_1_638' title='bbox 1404 3016 1435 3037; x_wconf 76' lang='lat' dir='ltr'>v,</span> <span class='ocrx_word' id='word_1_639' title='bbox 1462 3007 1492 3037; x_wconf 86' lang='lat'>8.</span> <span class='ocrx_word' id='word_1_640' title='bbox 1519 3007 1583 3045; x_wconf 83' lang='lat'>9).»</span> <span class='ocrx_word' id='word_1_641' title='bbox 1610 3008 1664 3038; x_wconf 84' lang='lat' dir='ltr'>W.</span> <span class='ocrx_word' id='word_1_642' title='bbox 1695 3024 1729 3029; x_wconf 92' lang='grc'><strong>-</strong></span> <span class='ocrx_word' id='word_1_643' title='bbox 1760 3006 1918 3038; x_wconf 79' lang='lat' dir='ltr'>tributum</span> <span class='ocrx_word' id='word_1_644' title='bbox 1941 3007 1998 3038; x_wconf 83' lang='lat' dir='ltr'>deo</span> <span class='ocrx_word' id='word_1_645' title='bbox 2022 3007 2083 3038; x_wconf 87' lang='lat' dir='ltr'>W:</span> 
     </span>
     <span class='ocr_line' id='line_1_50' title="bbox 315 3056 2082 3097; baseline -0.002 -6"><span class='ocrx_word' id='word_1_646' title='bbox 315 3060 363 3091; x_wconf 82' lang='lat' dir='ltr'>sic</span> <span class='ocrx_word' id='word_1_647' title='bbox 391 3063 427 3090; x_wconf 76' lang='lat' dir='ltr'>ut</span> <span class='ocrx_word' id='word_1_648' title='bbox 458 3059 617 3090; x_wconf 80' lang='lat' dir='ltr'>tribucum</span> <span class='ocrx_word' id='word_1_649' title='bbox 641 3059 699 3089; x_wconf 84' lang='lat' dir='ltr'>deo</span> <span class='ocrx_word' id='word_1_650' title='bbox 722 3060 763 3089; x_wconf 77' lang='lat' dir='ltr'>sit</span> <span class='ocrx_word' id='word_1_651' title='bbox 787 3059 973 3097; x_wconf 78' lang='lat' dir='ltr'>Manutius,</span> <span class='ocrx_word' id='word_1_652' title='bbox 999 3059 1044 3093; x_wconf 85' lang='lat'>0;</span> <span class='ocrx_word' id='word_1_653' title='bbox 1073 3057 1231 3088; x_wconf 80' lang='lat' dir='ltr'>tributum</span> <span class='ocrx_word' id='word_1_654' title='bbox 1255 3067 1275 3088; x_wconf 92' lang='lat' dir='ltr'>a</span> <span class='ocrx_word' id='word_1_655' title='bbox 1300 3058 1356 3088; x_wconf 87' lang='lat' dir='ltr'>deo</span> <span class='ocrx_word' id='word_1_656' title='bbox 1381 3057 1423 3087; x_wconf 79' lang='lat' dir='ltr'>sit</span> <span class='ocrx_word' id='word_1_657' title='bbox 1446 3057 1504 3087; x_wconf 85' lang='lat' dir='ltr'>hoc</span> <span class='ocrx_word' id='word_1_658' title='bbox 1527 3066 1558 3088; x_wconf 88' lang='lat' dir='ltr'>se</span> <span class='ocrx_word' id='word_1_659' title='bbox 1583 3057 1691 3096; x_wconf 80' lang='lat' dir='ltr'>ipsum</span> <span class='ocrx_word' id='word_1_660' title='bbox 1709 3065 1805 3096; x_wconf 81' lang='lat' dir='ltr'>posse</span> <span class='ocrx_word' id='word_1_661' title='bbox 1829 3064 2021 3096; x_wconf 64' lang='lat' dir='ltr'>cognoscere</span> <span class='ocrx_word' id='word_1_662' title='bbox 2045 3056 2082 3088; x_wconf 92' lang='lat' dir='ltr'>C.</span> 
     </span>
     <span class='ocr_line' id='line_1_51' title="bbox 318 3106 2086 3147; baseline -0.002 -7"><span class='ocrx_word' id='word_1_663' title='bbox 318 3109 388 3140; x_wconf 79' lang='lat' dir='ltr'>«Cf.</span> <span class='ocrx_word' id='word_1_664' title='bbox 417 3108 460 3140; x_wconf 90' lang='lat' dir='ltr'>de</span> <span class='ocrx_word' id='word_1_665' title='bbox 486 3109 555 3139; x_wconf 89' lang='lat' dir='ltr'>Fin.</span> <span class='ocrx_word' id='word_1_666' title='bbox 583 3108 622 3145; x_wconf 80' lang='lat' dir='ltr'>V,</span> <span class='ocrx_word' id='word_1_667' title='bbox 649 3107 710 3139; x_wconf 76' lang='lat'>44:</span> <span class='ocrx_word' id='word_1_668' title='bbox 739 3109 823 3147; x_wconf 82' lang='lat' dir='ltr'>quod</span> <span class='ocrx_word' id='word_1_669' title='bbox 843 3112 1058 3147; x_wconf 79' lang='lat' dir='ltr'>praeceptum</span> <span class='ocrx_word' id='word_1_670' title='bbox 1083 3108 1163 3147; x_wconf 82' lang='lat' dir='ltr'>quia</span> <span class='ocrx_word' id='word_1_671' title='bbox 1186 3109 1293 3138; x_wconf 80' lang='lat' dir='ltr'>maius</span> <span class='ocrx_word' id='word_1_672' title='bbox 1316 3111 1406 3145; x_wconf 78' lang='lat' dir='ltr'>erat,</span> <span class='ocrx_word' id='word_1_673' title='bbox 1435 3116 1534 3146; x_wconf 84' lang='lat' dir='ltr'>quam</span> <span class='ocrx_word' id='word_1_674' title='bbox 1556 3111 1591 3138; x_wconf 73' lang='lat' dir='ltr'>ut</span> <span class='ocrx_word' id='word_1_675' title='bbox 1615 3107 1656 3138; x_wconf 89' lang='lat' dir='ltr'>ab</span> <span class='ocrx_word' id='word_1_676' title='bbox 1679 3107 1806 3137; x_wconf 83' lang='lat' dir='ltr'>homine</span> <span class='ocrx_word' id='word_1_677' title='bbox 1827 3106 2006 3143; x_wconf 75' lang='lat' dir='ltr'>videretur,</span> <span class='ocrx_word' id='word_1_678' title='bbox 2031 3106 2086 3137; x_wconf 83' lang='lat' dir='ltr'>id-</span> 
     </span>
     <span class='ocr_line' id='line_1_52' title="bbox 315 3155 2084 3198; baseline -0.002 -9"><span class='ocrx_word' id='word_1_679' title='bbox 315 3160 404 3190; x_wconf 83' lang='lat' dir='ltr'>circo</span> <span class='ocrx_word' id='word_1_680' title='bbox 426 3157 632 3198; x_wconf 67' lang='lat' dir='ltr'>assignatum</span> <span class='ocrx_word' id='word_1_681' title='bbox 657 3161 701 3188; x_wconf 75' lang='lat' dir='ltr'>cst</span> <span class='ocrx_word' id='word_1_682' title='bbox 725 3158 793 3188; x_wconf 82' lang='lat' dir='ltr'>deo.</span> <span class='ocrx_word' id='word_1_683' title='bbox 828 3157 871 3188; x_wconf 90' lang='lat' dir='ltr'>de</span> <span class='ocrx_word' id='word_1_684' title='bbox 897 3159 999 3198; x_wconf 80' lang='lat' dir='ltr'>Legg.</span> <span class='ocrx_word' id='word_1_685' title='bbox 1026 3159 1052 3195; x_wconf 87' lang='grc' dir='ltr'>Ι,</span> <span class='ocrx_word' id='word_1_686' title='bbox 1078 3157 1138 3188; x_wconf 77' lang='lat'>58:</span> <span class='ocrx_word' id='word_1_687' title='bbox 1173 3158 1265 3188; x_wconf 84' lang='lat' dir='ltr'>cuius</span> <span class='ocrx_word' id='word_1_688' title='bbox 1291 3158 1460 3196; x_wconf 78' lang='lat' dir='ltr'>praecepti</span> <span class='ocrx_word' id='word_1_689' title='bbox 1484 3159 1578 3187; x_wconf 82' lang='lat' dir='ltr'>lanta</span> <span class='ocrx_word' id='word_1_690' title='bbox 1602 3158 1651 3187; x_wconf 79' lang='lat' dir='ltr'>vis</span> <span class='ocrx_word' id='word_1_691' title='bbox 1673 3160 1702 3188; x_wconf 74' lang='lat' dir='ltr'>et</span> <span class='ocrx_word' id='word_1_692' title='bbox 1724 3159 1820 3187; x_wconf 77' lang='lat' dir='ltr'>tanta</span> <span class='ocrx_word' id='word_1_693' title='bbox 1843 3155 2002 3186; x_wconf 78' lang='lat' dir='ltr'>sententia</span> <span class='ocrx_word' id='word_1_694' title='bbox 2024 3158 2084 3193; x_wconf 80' lang='lat' dir='ltr'>est,</span> 
     </span>
     <span class='ocr_line' id='line_1_53' title="bbox 314 3201 2086 3246; baseline -0.002 -8"><span class='ocrx_word' id='word_1_695' title='bbox 314 3210 352 3238; x_wconf 73' lang='lat' dir='ltr'>uc</span> <span class='ocrx_word' id='word_1_696' title='bbox 374 3216 414 3238; x_wconf 89' lang='lat' dir='ltr'>ea</span> <span class='ocrx_word' id='word_1_697' title='bbox 436 3215 501 3237; x_wconf 81' lang='lat' dir='ltr'>non</span> <span class='ocrx_word' id='word_1_698' title='bbox 524 3206 647 3236; x_wconf 81' lang='lat' dir='ltr'>homini</span> <span class='ocrx_word' id='word_1_699' title='bbox 669 3206 825 3245; x_wconf 81' lang='lat' dir='ltr'>cuipiam,</span> <span class='ocrx_word' id='word_1_700' title='bbox 852 3207 906 3237; x_wconf 87' lang='lat' dir='ltr'>sed</span> <span class='ocrx_word' id='word_1_701' title='bbox 930 3206 1086 3246; x_wconf 75' lang='lat' dir='ltr'>Delphici&gt;</span> <span class='ocrx_word' id='word_1_702' title='bbox 1109 3207 1166 3237; x_wconf 88' lang='lat' dir='ltr'>deo</span> <span class='ocrx_word' id='word_1_703' title='bbox 1190 3207 1398 3237; x_wconf 73' lang='lat' dir='ltr'>tribueretur.</span> <span class='ocrx_word' id='word_1_704' title='bbox 1438 3205 1525 3238; x_wconf 89' lang='lat' dir='ltr'>Plut.</span> <span class='ocrx_word' id='word_1_705' title='bbox 1552 3206 1733 3237; x_wconf 84' lang='lat' dir='ltr'>Deinosth.</span> <span class='ocrx_word' id='word_1_706' title='bbox 1761 3214 1791 3237; x_wconf 89' lang='lat' dir='ltr'>c.</span> <span class='ocrx_word' id='word_1_707' title='bbox 1811 3205 1848 3237; x_wconf 88' lang='lat'>3:</span> <span class='ocrx_word' id='word_1_708' title='bbox 1885 3205 1920 3236; x_wconf 82' lang='grc' dir='ltr'>εἰ</span> <span class='ocrx_word' id='word_1_709' title='bbox 1943 3201 2086 3244; x_wconf 76' lang='grc' dir='ltr'><strong><em>παντὸς</em></strong></span> 
     </span>
     <span class='ocr_line' id='line_1_54' title="bbox 317 3250 2085 3302; baseline -0.001 -14"><span class='ocrx_word' id='word_1_710' title='bbox 317 3250 364 3299; x_wconf 75' lang='grc' dir='ltr'>ἢν</span> <span class='ocrx_word' id='word_1_711' title='bbox 387 3252 431 3289; x_wconf 78' lang='grc' dir='ltr'>τὸ</span> <span class='ocrx_word' id='word_1_712' title='bbox 455 3253 607 3288; x_wconf 73' lang='grc' dir='ltr'>Γνῶθι</span> <span class='ocrx_word' id='word_1_713' title='bbox 630 3252 805 3287; x_wconf 67' lang='grc' dir='ltr'><em>σαυτόν</em></span> <span class='ocrx_word' id='word_1_714' title='bbox 828 3251 929 3294; x_wconf 68' lang='grc' dir='ltr'>ἔχειν</span> <span class='ocrx_word' id='word_1_715' title='bbox 953 3253 1169 3302; x_wconf 77' lang='grc' dir='ltr'>πρόχειρον,</span> <span class='ocrx_word' id='word_1_716' title='bbox 1196 3251 1267 3287; x_wconf 74' lang='grc' dir='ltr'>οῦκ</span> <span class='ocrx_word' id='word_1_717' title='bbox 1290 3251 1339 3286; x_wconf 78' lang='grc' dir='ltr'>ἄν</span> <span class='ocrx_word' id='word_1_718' title='bbox 1356 3253 1479 3287; x_wconf 73' lang='grc' dir='ltr'><strong><em>ἐδόκει</em></strong></span> <span class='ocrx_word' id='word_1_719' title='bbox 1495 3253 1723 3302; x_wconf 76' lang='grc' dir='ltr'><em>πρόσταγμα</em></span> <span class='ocrx_word' id='word_1_720' title='bbox 1739 3255 1847 3288; x_wconf 75' lang='grc' dir='ltr'><em>θεῖον</em></span> <span class='ocrx_word' id='word_1_721' title='bbox 1863 3251 1970 3287; x_wconf 78' lang='grc' dir='ltr'><strong><em>εἶναι.</em></strong></span> <span class='ocrx_word' id='word_1_722' title='bbox 1996 3252 2085 3286; x_wconf 80' lang='lat' dir='ltr'>illud</span> 
     </span>
    </p>
   </div>
  </div>
 </body>
</html>
