<?xml version="1.0" encoding="UTF-8"?>
<!DOCTYPE html PUBLIC "-//W3C//DTD XHTML 1.0 Transitional//EN"
    "http://www.w3.org/TR/xhtml1/DTD/xhtml1-transitional.dtd">
<html xmlns="http://www.w3.org/1999/xhtml" xml:lang="en" lang="en">
 <head>
  <title>
</title>
<meta http-equiv="Content-Type" content="text/html;charset=utf-8" />
  <meta name='ocr-system' content='tesseract 3.04.00' />
  <meta name='ocr-capabilities' content='ocr_page ocr_carea ocr_par ocr_line ocrx_word'/>
</head>
<body>
  <div class='ocr_page' id='page_1' title='image "./operaquaesupersu04ciceuoft_0092.png"; bbox 0 0 2249 3624; ppageno 0'>
   <div class='ocr_carea' id='block_1_1' title="bbox 273 115 1759 159">
    <p class='ocr_par' dir='ltr' id='par_1_1' title="bbox 273 115 1759 159">
     <span class='ocr_line' id='line_1_1' title="bbox 273 115 1759 159; baseline -0.001 -3"><span class='ocrx_word' id='word_1_1' title='bbox 273 115 326 156; x_wconf 85' lang='lat'>70</span> <span class='ocrx_word' id='word_1_2' title='bbox 550 117 878 159; x_wconf 84' lang='lat' dir='ltr'><strong>FRAGMENTA</strong></span> <span class='ocrx_word' id='word_1_3' title='bbox 909 115 1337 157; x_wconf 88' lang='lat' dir='ltr'><strong>ACADEMICORUM</strong></span> <span class='ocrx_word' id='word_1_4' title='bbox 1367 116 1433 156; x_wconf 92' lang='grc' dir='ltr'>ΡΟ</span> <span class='ocrx_word' id='word_1_5' title='bbox 1441 115 1759 156; x_wconf 84' lang='lat' dir='ltr'><strong>STERIORUM.</strong></span> 
     </span>
    </p>
   </div>
   <div class='ocr_carea' id='block_1_2' title="bbox 239 227 2040 717">
    <p class='ocr_par' dir='ltr' id='par_1_2' title="bbox 239 227 2040 717">
     <span class='ocr_line' id='line_1_2' title="bbox 273 227 2037 284; baseline -0.003 -12"><span class='ocrx_word' id='word_1_6' title='bbox 273 237 391 272; x_wconf 87' lang='lat' dir='ltr'>vetus</span> <span class='ocrx_word' id='word_1_7' title='bbox 421 231 604 278; x_wconf 86' lang='lat' dir='ltr'>videtur,</span> <span class='ocrx_word' id='word_1_8' title='bbox 636 232 669 270; x_wconf 93' lang='lat' dir='ltr'>si</span> <span class='ocrx_word' id='word_1_9' title='bbox 703 230 873 284; x_wconf 90' lang='lat' dir='ltr'>quidem</span> <span class='ocrx_word' id='word_1_10' title='bbox 905 230 1117 269; x_wconf 81' lang='lat' dir='ltr'>Platonem</span> <span class='ocrx_word' id='word_1_11' title='bbox 1150 242 1202 268; x_wconf 83' lang='lat' dir='ltr'>ex</span> <span class='ocrx_word' id='word_1_12' title='bbox 1231 228 1301 268; x_wconf 89' lang='lat' dir='ltr'>illa</span> <span class='ocrx_word' id='word_1_13' title='bbox 1334 234 1471 268; x_wconf 87' lang='lat' dir='ltr'>vetere</span> <span class='ocrx_word' id='word_1_14' title='bbox 1504 241 1794 274; x_wconf 84' lang='lat' dir='ltr'>numeramuS,</span> <span class='ocrx_word' id='word_1_15' title='bbox 1837 227 1955 267; x_wconf 85' lang='lat' dir='ltr'>cuius</span> <span class='ocrx_word' id='word_1_16' title='bbox 1991 228 2037 267; x_wconf 89' lang='lat' dir='ltr'>in</span> 
     </span>
     <span class='ocr_line' id='line_1_3' title="bbox 272 289 2037 344; baseline -0.003 -10"><span class='ocrx_word' id='word_1_17' title='bbox 272 294 388 334; x_wconf 92' lang='lat' dir='ltr'>libris</span> <span class='ocrx_word' id='word_1_18' title='bbox 419 294 523 334; x_wconf 91' lang='lat' dir='ltr'>nihil</span> <span class='ocrx_word' id='word_1_19' title='bbox 554 291 793 333; x_wconf 84' lang='lat' dir='ltr'>adfirmatur</span> <span class='ocrx_word' id='word_1_20' title='bbox 824 297 864 331; x_wconf 89' lang='lat' dir='ltr'>et</span> <span class='ocrx_word' id='word_1_21' title='bbox 894 292 937 330; x_wconf 87' lang='lat' dir='ltr'>in</span> <span class='ocrx_word' id='word_1_22' title='bbox 969 297 1190 344; x_wconf 88' lang='lat' dir='ltr'>utramque</span> <span class='ocrx_word' id='word_1_23' title='bbox 1222 296 1381 343; x_wconf 84' lang='lat' dir='ltr'>partem</span> <span class='ocrx_word' id='word_1_24' title='bbox 1404 291 1535 330; x_wconf 90' lang='lat' dir='ltr'>multa</span> <span class='ocrx_word' id='word_1_25' title='bbox 1557 291 1842 336; x_wconf 89' lang='lat' dir='ltr'>disseruntur,</span> <span class='ocrx_word' id='word_1_26' title='bbox 1877 289 1927 329; x_wconf 92' lang='lat' dir='ltr'>de</span> <span class='ocrx_word' id='word_1_27' title='bbox 1950 303 2037 329; x_wconf 89' lang='lat' dir='ltr'>om-</span> 
     </span>
     <span class='ocr_line' id='line_1_4' title="bbox 272 352 2034 410; baseline -0.003 -14"><span class='ocrx_word' id='word_1_28' title='bbox 272 357 394 396; x_wconf 91' lang='lat' dir='ltr'>nibus</span> <span class='ocrx_word' id='word_1_29' title='bbox 435 356 666 410; x_wconf 86' lang='lat' dir='ltr'>quaeritur,</span> <span class='ocrx_word' id='word_1_30' title='bbox 707 354 811 393; x_wconf 87' lang='lat' dir='ltr'>nihil</span> <span class='ocrx_word' id='word_1_31' title='bbox 853 353 954 393; x_wconf 87' lang='lat' dir='ltr'>certi</span> <span class='ocrx_word' id='word_1_32' title='bbox 998 353 1171 392; x_wconf 88' lang='lat' dir='ltr'>dicitur:</span> <span class='ocrx_word' id='word_1_33' title='bbox 1213 354 1285 392; x_wconf 88' lang='lat' dir='ltr'>sed</span> <span class='ocrx_word' id='word_1_34' title='bbox 1322 359 1459 392; x_wconf 89' lang='lat' dir='ltr'>tamen</span> <span class='ocrx_word' id='word_1_35' title='bbox 1492 353 1584 400; x_wconf 91' lang='lat' dir='ltr'>illa,</span> <span class='ocrx_word' id='word_1_36' title='bbox 1629 365 1752 406; x_wconf 87' lang='lat' dir='ltr'>quam</span> <span class='ocrx_word' id='word_1_37' title='bbox 1785 352 2034 405; x_wconf 82' lang='lat' dir='ltr'><strong>exposuisti,</strong></span> 
     </span>
     <span class='ocr_line' id='line_1_5' title="bbox 270 414 2038 469; baseline -0.002 -11"><span class='ocrx_word' id='word_1_38' title='bbox 270 423 411 465; x_wconf 87' lang='lat' dir='ltr'>vetus,</span> <span class='ocrx_word' id='word_1_39' title='bbox 442 418 543 457; x_wconf 88' lang='lat' dir='ltr'>haec</span> <span class='ocrx_word' id='word_1_40' title='bbox 575 430 681 457; x_wconf 79' lang='lat' dir='ltr'>nova</span> <span class='ocrx_word' id='word_1_41' title='bbox 713 416 973 463; x_wconf 85' lang='lat' dir='ltr'>nominetur,</span> <span class='ocrx_word' id='word_1_42' title='bbox 1013 428 1121 468; x_wconf 87' lang='lat' dir='ltr'>quae</span> <span class='ocrx_word' id='word_1_43' title='bbox 1153 429 1286 469; x_wconf 89' lang='lat' dir='ltr'>usque</span> <span class='ocrx_word' id='word_1_44' title='bbox 1319 415 1370 455; x_wconf 88' lang='lat' dir='ltr'>ad</span> <span class='ocrx_word' id='word_1_45' title='bbox 1405 415 1659 455; x_wconf 82' lang='lat' dir='ltr'>Carneadem</span> <span class='ocrx_word' id='word_1_46' title='bbox 1698 414 1923 468; x_wconf 84' lang='lat' dir='ltr'>perducta,</span> <span class='ocrx_word' id='word_1_47' title='bbox 1965 415 2038 468; x_wconf 91' lang='lat' dir='ltr'>qui</span> 
     </span>
     <span class='ocr_line' id='line_1_6' title="bbox 239 476 2039 534; baseline -0.002 -14"><span class='ocrx_word' id='word_1_48' title='bbox 239 486 443 534; x_wconf 86' lang='lat' dir='ltr'>5quartus</span> <span class='ocrx_word' id='word_1_49' title='bbox 474 480 524 519; x_wconf 87' lang='lat' dir='ltr'>ab</span> <span class='ocrx_word' id='word_1_50' title='bbox 555 479 740 518; x_wconf 80' lang='lat' dir='ltr'>Arcesila</span> <span class='ocrx_word' id='word_1_51' title='bbox 773 478 872 525; x_wconf 88' lang='lat' dir='ltr'>fuit,</span> <span class='ocrx_word' id='word_1_52' title='bbox 904 479 945 517; x_wconf 92' lang='lat' dir='ltr'>in</span> <span class='ocrx_word' id='word_1_53' title='bbox 978 477 1123 517; x_wconf 88' lang='lat' dir='ltr'>eadem</span> <span class='ocrx_word' id='word_1_54' title='bbox 1145 478 1355 518; x_wconf 82' lang='lat' dir='ltr'>Arcesilae</span> <span class='ocrx_word' id='word_1_55' title='bbox 1387 480 1546 518; x_wconf 84' lang='lat' dir='ltr'>ratione</span> <span class='ocrx_word' id='word_1_56' title='bbox 1571 477 1813 531; x_wconf 82' lang='lat' dir='ltr'>permansit.</span> <span class='ocrx_word' id='word_1_57' title='bbox 1861 476 2039 516; x_wconf 88' lang='lat' dir='ltr'>Carnea-</span> 
     </span>
     <span class='ocr_line' id='line_1_7' title="bbox 271 539 2039 593; baseline -0.002 -11"><span class='ocrx_word' id='word_1_58' title='bbox 271 542 343 582; x_wconf 90' lang='lat' dir='ltr'>des</span> <span class='ocrx_word' id='word_1_59' title='bbox 375 548 511 582; x_wconf 88' lang='lat' dir='ltr'>autem</span> <span class='ocrx_word' id='word_1_60' title='bbox 543 541 699 580; x_wconf 91' lang='lat' dir='ltr'>nullius</span> <span class='ocrx_word' id='word_1_61' title='bbox 732 540 1029 593; x_wconf 79' lang='lat' dir='ltr'>philosophiae</span> <span class='ocrx_word' id='word_1_62' title='bbox 1060 542 1189 593; x_wconf 89' lang='lat' dir='ltr'>partis</span> <span class='ocrx_word' id='word_1_63' title='bbox 1222 541 1392 593; x_wconf 88' lang='lat' dir='ltr'>ignarus</span> <span class='ocrx_word' id='word_1_64' title='bbox 1425 546 1488 588; x_wconf 86' lang='lat' dir='ltr'>et,</span> <span class='ocrx_word' id='word_1_65' title='bbox 1519 547 1565 580; x_wconf 89' lang='lat' dir='ltr'>ut</span> <span class='ocrx_word' id='word_1_66' title='bbox 1586 540 1760 593; x_wconf 72' lang='lat' dir='ltr'>cognovi</span> <span class='ocrx_word' id='word_1_67' title='bbox 1784 552 1836 578; x_wconf 84' lang='lat' dir='ltr'>ex</span> <span class='ocrx_word' id='word_1_68' title='bbox 1857 539 1930 586; x_wconf 90' lang='lat' dir='ltr'>iis,</span> <span class='ocrx_word' id='word_1_69' title='bbox 1968 540 2039 592; x_wconf 94' lang='lat' dir='ltr'>qui</span> 
     </span>
     <span class='ocr_line' id='line_1_8' title="bbox 268 602 2040 656; baseline -0.002 -13"><span class='ocrx_word' id='word_1_70' title='bbox 268 604 386 644; x_wconf 92' lang='lat' dir='ltr'>illum</span> <span class='ocrx_word' id='word_1_71' title='bbox 425 604 664 650; x_wconf 82' lang='lat' dir='ltr'>audierant,</span> <span class='ocrx_word' id='word_1_72' title='bbox 705 603 972 656; x_wconf 80' lang='lat' dir='ltr'>maximeque</span> <span class='ocrx_word' id='word_1_73' title='bbox 1005 616 1057 642; x_wconf 83' lang='lat' dir='ltr'>ex</span> <span class='ocrx_word' id='word_1_74' title='bbox 1089 604 1295 656; x_wconf 88' lang='lat' dir='ltr'>Epicureo</span> <span class='ocrx_word' id='word_1_75' title='bbox 1329 605 1519 650; x_wconf 87' lang='lat' dir='ltr'>Zenone,</span> <span class='ocrx_word' id='word_1_76' title='bbox 1552 604 1622 656; x_wconf 93' lang='lat' dir='ltr'>qui</span> <span class='ocrx_word' id='word_1_77' title='bbox 1656 617 1748 642; x_wconf 90' lang='lat' dir='ltr'>cum</span> <span class='ocrx_word' id='word_1_78' title='bbox 1781 602 1831 642; x_wconf 88' lang='lat' dir='ltr'>ab</span> <span class='ocrx_word' id='word_1_79' title='bbox 1865 614 1914 641; x_wconf 90' lang='lat' dir='ltr'>eo</span> <span class='ocrx_word' id='word_1_80' title='bbox 1947 602 2040 654; x_wconf 87' lang='lat' dir='ltr'>plu-</span> 
     </span>
     <span class='ocr_line' id='line_1_9' title="bbox 267 664 2039 717; baseline -0.002 -11"><span class='ocrx_word' id='word_1_81' title='bbox 267 667 417 706; x_wconf 90' lang='lat' dir='ltr'>rimum</span> <span class='ocrx_word' id='word_1_82' title='bbox 458 666 722 713; x_wconf 86' lang='lat' dir='ltr'>dissentiret,</span> <span class='ocrx_word' id='word_1_83' title='bbox 762 679 894 705; x_wconf 90' lang='lat' dir='ltr'>unum</span> <span class='ocrx_word' id='word_1_84' title='bbox 934 671 1073 704; x_wconf 87' lang='lat' dir='ltr'>tamen</span> <span class='ocrx_word' id='word_1_85' title='bbox 1113 671 1276 717; x_wconf 89' lang='lat' dir='ltr'>praeter</span> <span class='ocrx_word' id='word_1_86' title='bbox 1321 671 1482 706; x_wconf 86' lang='lat' dir='ltr'>ceteros</span> <span class='ocrx_word' id='word_1_87' title='bbox 1514 666 1763 713; x_wconf 88' lang='lat' dir='ltr'>mirahatur,</span> <span class='ocrx_word' id='word_1_88' title='bbox 1802 664 2039 705; x_wconf 87' lang='lat' dir='ltr'>incredibili</span> 
     </span>
    </p>
   </div>
   <div class='ocr_carea' id='block_1_3' title="bbox 269 728 1330 783">
    <p class='ocr_par' dir='ltr' id='par_1_3' title="bbox 269 728 1330 783">
     <span class='ocr_line' id='line_1_10' title="bbox 269 728 1330 783; baseline -0.007 -13"><span class='ocrx_word' id='word_1_89' title='bbox 269 729 448 783; x_wconf 85' lang='lat' dir='ltr'>quadam</span> <span class='ocrx_word' id='word_1_90' title='bbox 479 728 560 769; x_wconf 86' lang='lat' dir='ltr'>fuit</span> <span class='ocrx_word' id='word_1_91' title='bbox 589 728 786 769; x_wconf 84' lang='lat' dir='ltr'>facultate</span> <span class='ocrx_word' id='word_1_92' title='bbox 818 734 858 768; x_wconf 89' lang='lat' dir='ltr'>et</span> <span class='ocrx_word' id='word_1_93' title='bbox 889 729 1007 780; x_wconf 79' lang='lat' dir='ltr'>copia</span> <span class='ocrx_word' id='word_1_94' title='bbox 1036 728 1189 767; x_wconf 82' lang='lat' dir='ltr'>dicendi</span> <span class='ocrx_word' id='word_1_95' title='bbox 1221 728 1244 747; x_wconf 36' lang='grc' dir='ltr'>ἦ</span> <span class='ocrx_word' id='word_1_96' title='bbox 1265 730 1286 747; x_wconf 59' lang='grc'><em>*</em></span> <span class='ocrx_word' id='word_1_97' title='bbox 1309 728 1330 748; x_wconf 46' lang='lat'>³*</span> 
     </span>
    </p>
   </div>
   <div class='ocr_carea' id='block_1_4' title="bbox 514 1008 1787 1112">
    <p class='ocr_par' dir='ltr' id='par_1_4' title="bbox 514 1008 1787 1112">
     <span class='ocr_line' id='line_1_11' title="bbox 514 1008 1787 1112; baseline -0.002 -27"><span class='ocrx_word' id='word_1_98' title='bbox 514 1008 850 1110; x_wconf 76' lang='lat' dir='ltr'>Fragmenta</span> <span class='ocrx_word' id='word_1_99' title='bbox 903 1008 1362 1085; x_wconf 77' lang='lat' dir='ltr'>Academicorum</span> <span class='ocrx_word' id='word_1_100' title='bbox 1414 1011 1787 1112; x_wconf 77' lang='lat' dir='ltr'>posteriorum.</span> 
     </span>
    </p>
   </div>
   <div class='ocr_carea' id='block_1_5' title="bbox 975 1263 1316 1301">
    <p class='ocr_par' dir='ltr' id='par_1_5' title="bbox 975 1263 1316 1301">
     <span class='ocr_line' id='line_1_12' title="bbox 975 1263 1316 1301; baseline -0.003 -1"><span class='ocrx_word' id='word_1_101' title='bbox 975 1265 1056 1300; x_wconf 81' lang='lat' dir='ltr'>Ex</span> <span class='ocrx_word' id='word_1_102' title='bbox 1085 1263 1255 1301; x_wconf 84' lang='lat' dir='ltr'>LIBRO</span> <span class='ocrx_word' id='word_1_103' title='bbox 1283 1265 1316 1300; x_wconf 89' lang='lat'><strong>1.</strong></span> 
     </span>
    </p>
   </div>
   <div class='ocr_carea' id='block_1_6' title="bbox 216 1352 2041 1594">
    <p class='ocr_par' dir='ltr' id='par_1_6' title="bbox 216 1352 2040 1534">
     <span class='ocr_line' id='line_1_13' title="bbox 216 1352 2038 1408; baseline -0.002 -14"><span class='ocrx_word' id='word_1_104' title='bbox 216 1373 251 1400; x_wconf 75' lang='lat'>40</span> <span class='ocrx_word' id='word_1_105' title='bbox 377 1353 415 1395; x_wconf 75' lang='lat' dir='ltr'>sl.</span> <span class='ocrx_word' id='word_1_106' title='bbox 447 1355 606 1395; x_wconf 88' lang='lat' dir='ltr'>Nonius</span> <span class='ocrx_word' id='word_1_107' title='bbox 637 1369 677 1408; x_wconf 89' lang='lat' dir='ltr'>p.</span> <span class='ocrx_word' id='word_1_108' title='bbox 709 1352 761 1392; x_wconf 73' lang='lat'>65</span> <span class='ocrx_word' id='word_1_109' title='bbox 793 1355 919 1393; x_wconf 84' lang='lat' dir='ltr'>Merc.</span> <span class='ocrx_word' id='word_1_110' title='bbox 966 1354 1260 1405; x_wconf 73' lang='lat' dir='ltr'>Diqladiari</span> <span class='ocrx_word' id='word_1_111' title='bbox 1289 1353 1436 1392; x_wconf 79' lang='lat' dir='ltr'>dictum</span> <span class='ocrx_word' id='word_1_112' title='bbox 1467 1358 1521 1391; x_wconf 81' lang='lat' dir='ltr'>est</span> <span class='ocrx_word' id='word_1_113' title='bbox 1547 1352 1754 1391; x_wconf 76' lang='lat' dir='ltr'>dissentire</span> <span class='ocrx_word' id='word_1_114' title='bbox 1784 1358 1818 1391; x_wconf 86' lang='lat' dir='ltr'>et</span> <span class='ocrx_word' id='word_1_115' title='bbox 1839 1352 2038 1397; x_wconf 78' lang='lat' dir='ltr'>dissidere,</span> 
     </span>
     <span class='ocr_line' id='line_1_14' title="bbox 264 1414 2040 1469; baseline -0.002 -11"><span class='ocrx_word' id='word_1_116' title='bbox 264 1419 410 1458; x_wconf 82' lang='lat' dir='ltr'>dictum</span> <span class='ocrx_word' id='word_1_117' title='bbox 445 1432 470 1457; x_wconf 87' lang='lat' dir='ltr'>a</span> <span class='ocrx_word' id='word_1_118' title='bbox 505 1418 665 1469; x_wconf 75' lang='lat' dir='ltr'>yladiis.</span> <span class='ocrx_word' id='word_1_119' title='bbox 725 1418 859 1457; x_wconf 79' lang='lat' dir='ltr'>Cicero</span> <span class='ocrx_word' id='word_1_120' title='bbox 891 1416 1217 1456; x_wconf 77' lang='lat' dir='ltr'>Academicorum</span> <span class='ocrx_word' id='word_1_121' title='bbox 1248 1416 1313 1454; x_wconf 85' lang='lat' dir='ltr'>lib.</span> <span class='ocrx_word' id='word_1_122' title='bbox 1349 1416 1396 1454; x_wconf 87' lang='lat' dir='ltr'>I:</span> <span class='ocrx_word' id='word_1_123' title='bbox 1447 1415 1555 1462; x_wconf 86' lang='lat' dir='ltr'>Quid</span> <span class='ocrx_word' id='word_1_124' title='bbox 1590 1420 1727 1453; x_wconf 86' lang='lat' dir='ltr'>autem</span> <span class='ocrx_word' id='word_1_125' title='bbox 1760 1414 2040 1454; x_wconf 86' lang='lat' dir='ltr'>stomachatur</span> 
     </span>
     <span class='ocr_line' id='line_1_15' title="bbox 264 1477 2038 1534; baseline -0.003 -13"><span class='ocrx_word' id='word_1_126' title='bbox 264 1481 566 1521; x_wconf 76' lang='lat' dir='ltr'>Mnesarchus?</span> <span class='ocrx_word' id='word_1_127' title='bbox 600 1479 702 1534; x_wconf 86' lang='lat' dir='ltr'>quid</span> <span class='ocrx_word' id='word_1_128' title='bbox 733 1480 952 1531; x_wconf 80' lang='lat' dir='ltr'>Antipater</span> <span class='ocrx_word' id='word_1_129' title='bbox 985 1478 1240 1531; x_wconf 85' lang='lat' dir='ltr'>digladiatur</span> <span class='ocrx_word' id='word_1_130' title='bbox 1272 1492 1364 1517; x_wconf 88' lang='lat' dir='ltr'>cum</span> <span class='ocrx_word' id='word_1_131' title='bbox 1400 1477 1614 1517; x_wconf 84' lang='lat' dir='ltr'>Carneade</span> <span class='ocrx_word' id='word_1_132' title='bbox 1638 1483 1700 1516; x_wconf 90' lang='lat' dir='ltr'>tot</span> <span class='ocrx_word' id='word_1_133' title='bbox 1721 1477 2038 1517; x_wconf 73' lang='lat' dir='ltr'>voluminibus?</span> 
     </span>
    </p>

    <p class='ocr_par' dir='ltr' id='par_1_7' title="bbox 377 1539 2041 1594">
     <span class='ocr_line' id='line_1_16' title="bbox 377 1539 2041 1594; baseline -0.003 -11"><span class='ocrx_word' id='word_1_134' title='bbox 377 1541 415 1583; x_wconf 63' lang='grc' dir='ltr'><strong>Ξ).</strong></span> <span class='ocrx_word' id='word_1_135' title='bbox 448 1544 608 1583; x_wconf 81' lang='lat' dir='ltr'>Nonius</span> <span class='ocrx_word' id='word_1_136' title='bbox 640 1557 671 1583; x_wconf 91' lang='lat' dir='ltr'>s.</span> <span class='ocrx_word' id='word_1_137' title='bbox 703 1558 739 1583; x_wconf 91' lang='lat' dir='ltr'><strong>v.</strong></span> <span class='ocrx_word' id='word_1_138' title='bbox 772 1543 1063 1581; x_wconf 76' lang='lat' dir='ltr'>concinnare</span> <span class='ocrx_word' id='word_1_139' title='bbox 1102 1556 1141 1594; x_wconf 91' lang='lat' dir='ltr'>p.</span> <span class='ocrx_word' id='word_1_140' title='bbox 1174 1539 1239 1579; x_wconf 78' lang='lat'><strong>43.</strong></span> <span class='ocrx_word' id='word_1_141' title='bbox 1297 1541 1403 1579; x_wconf 87' lang='lat' dir='ltr'>Idem</span> <span class='ocrx_word' id='word_1_142' title='bbox 1436 1541 1476 1578; x_wconf 84' lang='lat' dir='ltr'>in</span> <span class='ocrx_word' id='word_1_143' title='bbox 1506 1540 1750 1579; x_wconf 74' lang='lat' dir='ltr'>Academicis</span> <span class='ocrx_word' id='word_1_144' title='bbox 1782 1540 1847 1578; x_wconf 77' lang='lat' dir='ltr'>lib.</span> <span class='ocrx_word' id='word_1_145' title='bbox 1883 1540 1926 1578; x_wconf 90' lang='lat' dir='ltr'>l.-</span> <span class='ocrx_word' id='word_1_146' title='bbox 1969 1539 2041 1592; x_wconf 92' lang='lat' dir='ltr'>qui</span> 
     </span>
    </p>
   </div>
   <div class='ocr_carea' id='block_1_7' title="bbox 266 1603 1648 1648">
    <p class='ocr_par' dir='ltr' id='par_1_8' title="bbox 266 1603 1648 1648">
     <span class='ocr_line' id='line_1_17' title="bbox 266 1603 1648 1648; baseline -0.005 -1"><span class='ocrx_word' id='word_1_147' title='bbox 266 1621 358 1648; x_wconf 90' lang='lat' dir='ltr'>cum</span> <span class='ocrx_word' id='word_1_148' title='bbox 389 1606 664 1647; x_wconf 89' lang='lat' dir='ltr'>similitudine</span> <span class='ocrx_word' id='word_1_149' title='bbox 695 1605 809 1646; x_wconf 89' lang='lat' dir='ltr'>verbi</span> <span class='ocrx_word' id='word_1_150' title='bbox 842 1604 1064 1644; x_wconf 85' lang='lat' dir='ltr'>concinere</span> <span class='ocrx_word' id='word_1_151' title='bbox 1096 1603 1276 1643; x_wconf 82' lang='lat' dir='ltr'>maxime</span> <span class='ocrx_word' id='word_1_152' title='bbox 1309 1603 1389 1642; x_wconf 87' lang='lat' dir='ltr'>sibi</span> <span class='ocrx_word' id='word_1_153' title='bbox 1421 1603 1648 1643; x_wconf 72' lang='lat' dir='ltr'>videretur.</span> 
     </span>
    </p>
   </div>
   <div class='ocr_carea' id='block_1_8' title="bbox 218 1721 1333 1761">
    <p class='ocr_par' dir='ltr' id='par_1_9' title="bbox 218 1721 1333 1761">
     <span class='ocr_line' id='line_1_18' title="bbox 218 1721 1333 1761; baseline -0.004 0"><span class='ocrx_word' id='word_1_154' title='bbox 218 1734 253 1761; x_wconf 74' lang='lat'>⁴5</span> <span class='ocrx_word' id='word_1_155' title='bbox 978 1723 1058 1759; x_wconf 84' lang='lat' dir='ltr'>EX</span> <span class='ocrx_word' id='word_1_156' title='bbox 1083 1721 1254 1759; x_wconf 86' lang='lat' dir='ltr'>LIBRO</span> <span class='ocrx_word' id='word_1_157' title='bbox 1281 1722 1333 1757; x_wconf 94' lang='lat'><strong>11.</strong></span> 
     </span>
    </p>
   </div>
   <div class='ocr_carea' id='block_1_9' title="bbox 266 1807 2040 1926">
    <p class='ocr_par' dir='ltr' id='par_1_10' title="bbox 266 1807 2040 1926">
     <span class='ocr_line' id='line_1_19' title="bbox 379 1807 2040 1865; baseline -0.004 -13"><span class='ocrx_word' id='word_1_158' title='bbox 379 1811 416 1852; x_wconf 89' lang='lat'>3.</span> <span class='ocrx_word' id='word_1_159' title='bbox 447 1813 605 1852; x_wconf 80' lang='lat' dir='ltr'>Nonius</span> <span class='ocrx_word' id='word_1_160' title='bbox 638 1826 677 1865; x_wconf 90' lang='lat' dir='ltr'>p.</span> <span class='ocrx_word' id='word_1_161' title='bbox 710 1811 775 1851; x_wconf 77' lang='grc'><strong>65.</strong></span> <span class='ocrx_word' id='word_1_162' title='bbox 830 1812 1020 1865; x_wconf 78' lang='lat' dir='ltr'>Aequor</span> <span class='ocrx_word' id='word_1_163' title='bbox 1058 1811 1104 1849; x_wconf 85' lang='lat' dir='ltr'>ab</span> <span class='ocrx_word' id='word_1_164' title='bbox 1147 1824 1268 1862; x_wconf 80' lang='lat' dir='ltr'>aequo</span> <span class='ocrx_word' id='word_1_165' title='bbox 1311 1817 1343 1849; x_wconf 81' lang='lat' dir='ltr'>ec</span> <span class='ocrx_word' id='word_1_166' title='bbox 1379 1810 1500 1861; x_wconf 80' lang='lat' dir='ltr'>plano</span> <span class='ocrx_word' id='word_1_167' title='bbox 1542 1810 1677 1848; x_wconf 83' lang='lat' dir='ltr'>Cicero</span> <span class='ocrx_word' id='word_1_168' title='bbox 1714 1807 2040 1847; x_wconf 82' lang='lat' dir='ltr'>Academicorum</span> 
     </span>
     <span class='ocr_line' id='line_1_20' title="bbox 266 1870 2038 1926; baseline -0.003 -11"><span class='ocrx_word' id='word_1_169' title='bbox 266 1876 331 1915; x_wconf 74' lang='lat' dir='ltr'>tib.</span> <span class='ocrx_word' id='word_1_170' title='bbox 364 1876 411 1914; x_wconf 92' lang='lat' dir='ltr'>II</span> <span class='ocrx_word' id='word_1_171' title='bbox 449 1875 675 1914; x_wconf 76' lang='lat' dir='ltr'>vocabalum</span> <span class='ocrx_word' id='word_1_172' title='bbox 714 1876 904 1926; x_wconf 75' lang='lat' dir='ltr'>accepisse</span> <span class='ocrx_word' id='word_1_173' title='bbox 947 1875 1176 1925; x_wconf 79' lang='lat' dir='ltr'>confirmat:</span> <span class='ocrx_word' id='word_1_174' title='bbox 1226 1872 1327 1926; x_wconf 89' lang='lat' dir='ltr'>quid</span> <span class='ocrx_word' id='word_1_175' title='bbox 1370 1877 1452 1911; x_wconf 87' lang='lat' dir='ltr'>tam</span> <span class='ocrx_word' id='word_1_176' title='bbox 1497 1871 1667 1925; x_wconf 83' lang='lat' dir='ltr'>planum</span> <span class='ocrx_word' id='word_1_177' title='bbox 1708 1870 1875 1910; x_wconf 80' lang='lat' dir='ltr'>videtur</span> <span class='ocrx_word' id='word_1_178' title='bbox 1915 1883 2038 1924; x_wconf 87' lang='lat' dir='ltr'>quam</span> 
     </span>
    </p>
   </div>
   <div class='ocr_carea' id='block_1_10' title="bbox 266 1936 2038 2054">
    <p class='ocr_par' dir='ltr' id='par_1_11' title="bbox 266 1936 2038 2054">
     <span class='ocr_line' id='line_1_21' title="bbox 266 1936 1439 1990; baseline -0.003 -14"><span class='ocrx_word' id='word_1_179' title='bbox 266 1939 411 1978; x_wconf 79' lang='lat' dir='ltr'>mare?</span> <span class='ocrx_word' id='word_1_180' title='bbox 444 1951 465 1977; x_wconf 89' lang='lat' dir='ltr'>e</span> <span class='ocrx_word' id='word_1_181' title='bbox 499 1951 581 1990; x_wconf 90' lang='lat' dir='ltr'>quo</span> <span class='ocrx_word' id='word_1_182' title='bbox 615 1938 738 1976; x_wconf 84' lang='lat' dir='ltr'>etiam</span> <span class='ocrx_word' id='word_1_183' title='bbox 771 1951 929 1990; x_wconf 91' lang='lat' dir='ltr'>aequor</span> <span class='ocrx_word' id='word_1_184' title='bbox 960 1936 1063 1975; x_wconf 87' lang='lat' dir='ltr'>illud</span> <span class='ocrx_word' id='word_1_185' title='bbox 1095 1942 1242 1988; x_wconf 86' lang='lat' dir='ltr'>poetae</span> <span class='ocrx_word' id='word_1_186' title='bbox 1275 1941 1439 1974; x_wconf 74' lang='lat' dir='ltr'>vocant.</span> 
     </span>
     <span class='ocr_line' id='line_1_22' title="bbox 377 1995 2038 2054; baseline -0.002 -16"><span class='ocrx_word' id='word_1_187' title='bbox 377 1998 416 2039; x_wconf 80' lang='lat'><strong>4.</strong></span> <span class='ocrx_word' id='word_1_188' title='bbox 448 2000 606 2039; x_wconf 77' lang='lat' dir='ltr'>Nonius</span> <span class='ocrx_word' id='word_1_189' title='bbox 638 2016 676 2054; x_wconf 91' lang='lat' dir='ltr'>p.</span> <span class='ocrx_word' id='word_1_190' title='bbox 709 1998 774 2038; x_wconf 74' lang='lat'><strong>69.</strong></span> <span class='ocrx_word' id='word_1_191' title='bbox 822 2000 1069 2038; x_wconf 73' lang='lat' dir='ltr'>Adamare.</span> <span class='ocrx_word' id='word_1_192' title='bbox 1106 1999 1238 2037; x_wconf 81' lang='lat' dir='ltr'>Cicero</span> <span class='ocrx_word' id='word_1_193' title='bbox 1268 1998 1594 2036; x_wconf 75' lang='lat' dir='ltr'>Academicorum</span> <span class='ocrx_word' id='word_1_194' title='bbox 1625 1997 1690 2035; x_wconf 84' lang='lat' dir='ltr'>lib.</span> <span class='ocrx_word' id='word_1_195' title='bbox 1726 1995 1790 2034; x_wconf 88' lang='lat' dir='ltr'>II:</span> <span class='ocrx_word' id='word_1_196' title='bbox 1824 1995 1897 2048; x_wconf 92' lang='lat' dir='ltr'>qui</span> <span class='ocrx_word' id='word_1_197' title='bbox 1929 1995 2038 2034; x_wconf 88' lang='lat' dir='ltr'>enim</span> 
     </span>
    </p>
   </div>
   <div class='ocr_carea' id='block_1_11' title="bbox 214 2059 2038 2108">
    <p class='ocr_par' dir='ltr' id='par_1_12' title="bbox 214 2059 2038 2108">
     <span class='ocr_line' id='line_1_23' title="bbox 214 2059 2038 2108; baseline -0.002 -8"><span class='ocrx_word' id='word_1_198' title='bbox 214 2073 249 2100; x_wconf 65' lang='grc' dir='ltr'>ΞΟ</span> <span class='ocrx_word' id='word_1_199' title='bbox 265 2063 399 2103; x_wconf 88' lang='lat' dir='ltr'>serius</span> <span class='ocrx_word' id='word_1_200' title='bbox 430 2062 610 2102; x_wconf 89' lang='lat' dir='ltr'>honores</span> <span class='ocrx_word' id='word_1_201' title='bbox 642 2062 961 2108; x_wconf 84' lang='lat' dir='ltr'>adamaverunt,</span> <span class='ocrx_word' id='word_1_202' title='bbox 993 2062 1063 2100; x_wconf 79' lang='lat' dir='ltr'>vix</span> <span class='ocrx_word' id='word_1_203' title='bbox 1095 2060 1373 2100; x_wconf 89' lang='lat' dir='ltr'>admittuntur</span> <span class='ocrx_word' id='word_1_204' title='bbox 1403 2060 1454 2099; x_wconf 87' lang='lat' dir='ltr'>ad</span> <span class='ocrx_word' id='word_1_205' title='bbox 1488 2073 1559 2099; x_wconf 88' lang='lat' dir='ltr'>eos</span> <span class='ocrx_word' id='word_1_206' title='bbox 1593 2073 1670 2098; x_wconf 85' lang='lat' dir='ltr'>nec</span> <span class='ocrx_word' id='word_1_207' title='bbox 1702 2059 1800 2098; x_wconf 88' lang='lat' dir='ltr'>satis</span> <span class='ocrx_word' id='word_1_208' title='bbox 1828 2071 2038 2098; x_wconf 85' lang='lat' dir='ltr'>commen-</span> 
     </span>
    </p>
   </div>
   <div class='ocr_carea' id='block_1_12' title="bbox 265 2125 2038 2239">
    <p class='ocr_par' dir='ltr' id='par_1_13' title="bbox 265 2125 2038 2239">
     <span class='ocr_line' id='line_1_24' title="bbox 265 2125 984 2178; baseline -0.003 -14"><span class='ocrx_word' id='word_1_209' title='bbox 265 2125 349 2164; x_wconf 89' lang='lat' dir='ltr'>dati</span> <span class='ocrx_word' id='word_1_210' title='bbox 381 2125 640 2164; x_wconf 84' lang='lat' dir='ltr'>multitudini</span> <span class='ocrx_word' id='word_1_211' title='bbox 672 2131 849 2178; x_wconf 89' lang='lat' dir='ltr'>possunt</span> <span class='ocrx_word' id='word_1_212' title='bbox 880 2137 984 2163; x_wconf 89' lang='lat' dir='ltr'>esse.</span> 
     </span>
     <span class='ocr_line' id='line_1_25' title="bbox 377 2183 2038 2239; baseline -0.003 -13"><span class='ocrx_word' id='word_1_213' title='bbox 377 2186 414 2226; x_wconf 79' lang='grc'><strong>5.</strong></span> <span class='ocrx_word' id='word_1_214' title='bbox 446 2187 604 2226; x_wconf 79' lang='lat' dir='ltr'>Nonius</span> <span class='ocrx_word' id='word_1_215' title='bbox 647 2201 685 2239; x_wconf 89' lang='lat' dir='ltr'>p.</span> <span class='ocrx_word' id='word_1_216' title='bbox 726 2184 812 2225; x_wconf 70' lang='lat'><strong>104.</strong></span> <span class='ocrx_word' id='word_1_217' title='bbox 870 2187 1128 2237; x_wconf 76' lang='lat' dir='ltr'>Eoeponere</span> <span class='ocrx_word' id='word_1_218' title='bbox 1163 2198 1240 2236; x_wconf 77' lang='lat' dir='ltr'>pro</span> <span class='ocrx_word' id='word_1_219' title='bbox 1280 2185 1458 2235; x_wconf 67' lang='lat' dir='ltr'>eoeempla</span> <span class='ocrx_word' id='word_1_220' title='bbox 1497 2185 1587 2222; x_wconf 73' lang='lat' dir='ltr'>boni</span> <span class='ocrx_word' id='word_1_221' title='bbox 1627 2189 1836 2223; x_wconf 71' lang='lat' dir='ltr'>ostentare.</span> <span class='ocrx_word' id='word_1_222' title='bbox 1903 2183 2038 2223; x_wconf 83' lang='lat' dir='ltr'>Cicero</span> 
     </span>
    </p>
   </div>
   <div class='ocr_carea' id='block_1_13' title="bbox 264 2247 2039 2301">
    <p class='ocr_par' dir='ltr' id='par_1_14' title="bbox 264 2247 2039 2301">
     <span class='ocr_line' id='line_1_26' title="bbox 264 2247 2039 2301; baseline -0.002 -12"><span class='ocrx_word' id='word_1_223' title='bbox 264 2250 508 2290; x_wconf 75' lang='lat' dir='ltr'>Academicis</span> <span class='ocrx_word' id='word_1_224' title='bbox 540 2250 603 2288; x_wconf 82' lang='lat' dir='ltr'>lib.</span> <span class='ocrx_word' id='word_1_225' title='bbox 636 2251 700 2288; x_wconf 90' lang='lat' dir='ltr'>Il:</span> <span class='ocrx_word' id='word_1_226' title='bbox 741 2249 933 2301; x_wconf 82' lang='lat' dir='ltr'>frangere</span> <span class='ocrx_word' id='word_1_227' title='bbox 966 2248 1204 2294; x_wconf 79' lang='lat' dir='ltr'>avaritiam‚</span> <span class='ocrx_word' id='word_1_228' title='bbox 1251 2247 1408 2286; x_wconf 86' lang='lat' dir='ltr'>scelera</span> <span class='ocrx_word' id='word_1_229' title='bbox 1440 2260 1616 2300; x_wconf 87' lang='lat' dir='ltr'>ponere,</span> <span class='ocrx_word' id='word_1_230' title='bbox 1657 2247 1784 2286; x_wconf 85' lang='lat' dir='ltr'>vitam</span> <span class='ocrx_word' id='word_1_231' title='bbox 1816 2260 1933 2286; x_wconf 87' lang='lat' dir='ltr'>suam</span> <span class='ocrx_word' id='word_1_232' title='bbox 1967 2259 2039 2285; x_wconf 76' lang='lat' dir='ltr'>ex-</span> 
     </span>
    </p>
   </div>
   <div class='ocr_carea' id='block_1_14' title="bbox 214 2311 2040 2428">
    <p class='ocr_par' dir='ltr' id='par_1_15' title="bbox 214 2311 2040 2428">
     <span class='ocr_line' id='line_1_27' title="bbox 265 2311 1033 2366; baseline -0.004 -14"><span class='ocrx_word' id='word_1_233' title='bbox 265 2326 419 2366; x_wconf 91' lang='lat' dir='ltr'>ponere</span> <span class='ocrx_word' id='word_1_234' title='bbox 452 2312 503 2352; x_wconf 88' lang='lat' dir='ltr'>ad</span> <span class='ocrx_word' id='word_1_235' title='bbox 535 2312 780 2352; x_wconf 88' lang='lat' dir='ltr'>imitandum</span> <span class='ocrx_word' id='word_1_236' title='bbox 813 2311 1033 2351; x_wconf 84' lang='lat' dir='ltr'>iuventuti.</span> 
     </span>
     <span class='ocr_line' id='line_1_28' title="bbox 214 2371 2040 2428; baseline -0.001 -15"><span class='ocrx_word' id='word_1_237' title='bbox 214 2384 250 2413; x_wconf 74' lang='lat'>‘25</span> <span class='ocrx_word' id='word_1_238' title='bbox 376 2374 413 2414; x_wconf 87' lang='grc'>6.</span> <span class='ocrx_word' id='word_1_239' title='bbox 445 2376 601 2415; x_wconf 85' lang='lat' dir='ltr'>Nonius</span> <span class='ocrx_word' id='word_1_240' title='bbox 632 2389 671 2428; x_wconf 91' lang='lat' dir='ltr'>p.</span> <span class='ocrx_word' id='word_1_241' title='bbox 707 2371 803 2412; x_wconf 70' lang='grc' dir='ltr'>ΙΞΙε</span> <span class='ocrx_word' id='word_1_242' title='bbox 839 2374 986 2412; x_wconf 84' lang='lat' dir='ltr'>Hebes</span> <span class='ocrx_word' id='word_1_243' title='bbox 1014 2373 1188 2424; x_wconf 80' lang='lat' dir='ltr'>positum</span> <span class='ocrx_word' id='word_1_244' title='bbox 1216 2385 1291 2423; x_wconf 82' lang='lat' dir='ltr'>pro</span> <span class='ocrx_word' id='word_1_245' title='bbox 1324 2372 1487 2411; x_wconf 77' lang='lat' dir='ltr'>obscuro</span> <span class='ocrx_word' id='word_1_246' title='bbox 1504 2379 1572 2411; x_wconf 79' lang='lat' dir='ltr'>aut</span> <span class='ocrx_word' id='word_1_247' title='bbox 1596 2372 1743 2412; x_wconf 77' lang='lat' dir='ltr'>obtuso.</span> <span class='ocrx_word' id='word_1_248' title='bbox 1777 2373 1911 2412; x_wconf 82' lang='lat' dir='ltr'>Cicero</span> <span class='ocrx_word' id='word_1_249' title='bbox 1938 2371 2040 2411; x_wconf 82' lang='lat' dir='ltr'>Aca-</span> 
     </span>
    </p>
   </div>
   <div class='ocr_carea' id='block_1_15' title="bbox 263 2435 2041 2544">
    <p class='ocr_par' dir='ltr' id='par_1_16' title="bbox 263 2435 2041 2544">
     <span class='ocr_line' id='line_1_29' title="bbox 263 2435 2038 2488; baseline -0.003 -10"><span class='ocrx_word' id='word_1_250' title='bbox 263 2439 503 2478; x_wconf 82' lang='lat' dir='ltr'>demicorum</span> <span class='ocrx_word' id='word_1_251' title='bbox 534 2437 598 2477; x_wconf 79' lang='lat' dir='ltr'>lib.</span> <span class='ocrx_word' id='word_1_252' title='bbox 631 2438 701 2475; x_wconf 87' lang='lat' dir='ltr'>Il:</span> <span class='ocrx_word' id='word_1_253' title='bbox 746 2436 887 2484; x_wconf 71' lang='lat' dir='ltr'>Quid?</span> <span class='ocrx_word' id='word_1_254' title='bbox 931 2436 1055 2475; x_wconf 85' lang='lat' dir='ltr'>lunae</span> <span class='ocrx_word' id='word_1_255' title='bbox 1088 2449 1196 2488; x_wconf 85' lang='lat' dir='ltr'>quae</span> <span class='ocrx_word' id='word_1_256' title='bbox 1239 2435 1484 2474; x_wconf 83' lang='lat' dir='ltr'>liniamenta</span> <span class='ocrx_word' id='word_1_257' title='bbox 1517 2436 1620 2481; x_wconf 90' lang='lat' dir='ltr'>sint,</span> <span class='ocrx_word' id='word_1_258' title='bbox 1666 2440 1841 2487; x_wconf 89' lang='lat' dir='ltr'>potesne</span> <span class='ocrx_word' id='word_1_259' title='bbox 1874 2435 2038 2474; x_wconf 73' lang='lat' dir='ltr'>dicere?</span> 
     </span>
     <span class='ocr_line' id='line_1_30' title="bbox 265 2497 2041 2544; baseline -0.002 -4"><span class='ocrx_word' id='word_1_260' title='bbox 265 2502 382 2541; x_wconf 90' lang='lat' dir='ltr'>cuius</span> <span class='ocrx_word' id='word_1_261' title='bbox 416 2506 455 2539; x_wconf 89' lang='lat' dir='ltr'>et</span> <span class='ocrx_word' id='word_1_262' title='bbox 487 2499 696 2539; x_wconf 86' lang='lat' dir='ltr'>nascentis</span> <span class='ocrx_word' id='word_1_263' title='bbox 729 2505 769 2538; x_wconf 88' lang='lat' dir='ltr'>et</span> <span class='ocrx_word' id='word_1_264' title='bbox 800 2498 1057 2538; x_wconf 85' lang='lat' dir='ltr'>senescentis</span> <span class='ocrx_word' id='word_1_265' title='bbox 1091 2497 1191 2536; x_wconf 89' lang='lat' dir='ltr'>alias</span> <span class='ocrx_word' id='word_1_266' title='bbox 1224 2497 1459 2544; x_wconf 84' lang='lat' dir='ltr'>hebetiora,</span> <span class='ocrx_word' id='word_1_267' title='bbox 1497 2497 1598 2536; x_wconf 84' lang='lat' dir='ltr'>alias</span> <span class='ocrx_word' id='word_1_268' title='bbox 1630 2497 1815 2536; x_wconf 83' lang='lat' dir='ltr'>acutiora</span> <span class='ocrx_word' id='word_1_269' title='bbox 1847 2497 2041 2536; x_wconf 88' lang='lat' dir='ltr'>videntur</span> 
     </span>
    </p>
   </div>
   <div class='ocr_carea' id='block_1_16' title="bbox 266 2575 2038 2677">
    <p class='ocr_par' dir='ltr' id='par_1_17' title="bbox 266 2575 2038 2677">
     <span class='ocr_line' id='line_1_31' title="bbox 266 2575 433 2603; baseline -0.012 0"><span class='ocrx_word' id='word_1_270' title='bbox 266 2575 433 2603; x_wconf 88' lang='lat' dir='ltr'>cornua.</span> 
     </span>
     <span class='ocr_line' id='line_1_32' title="bbox 374 2621 2038 2677; baseline -0.002 -13"><span class='ocrx_word' id='word_1_271' title='bbox 374 2623 412 2664; x_wconf 85' lang='lat'><strong>7.</strong></span> <span class='ocrx_word' id='word_1_272' title='bbox 443 2625 602 2664; x_wconf 89' lang='lat' dir='ltr'>Nonius</span> <span class='ocrx_word' id='word_1_273' title='bbox 633 2638 673 2677; x_wconf 93' lang='lat' dir='ltr'>p.</span> <span class='ocrx_word' id='word_1_274' title='bbox 706 2621 793 2663; x_wconf 67' lang='grc'><strong>162.</strong></span> <span class='ocrx_word' id='word_1_275' title='bbox 843 2623 1181 2674; x_wconf 76' lang='lat' dir='ltr'>Parpurascit.</span> <span class='ocrx_word' id='word_1_276' title='bbox 1227 2623 1304 2662; x_wconf 88' lang='lat' dir='ltr'>Cic.</span> <span class='ocrx_word' id='word_1_277' title='bbox 1337 2622 1665 2661; x_wconf 72' lang='lat' dir='ltr'>Academicorum</span> <span class='ocrx_word' id='word_1_278' title='bbox 1700 2622 1768 2661; x_wconf 80' lang='lat' dir='ltr'>lib.</span> <span class='ocrx_word' id='word_1_279' title='bbox 1799 2623 1864 2661; x_wconf 90' lang='lat' dir='ltr'>II:</span> <span class='ocrx_word' id='word_1_280' title='bbox 1898 2621 2038 2669; x_wconf 70' lang='lat' dir='ltr'>Quid?</span> 
     </span>
    </p>
   </div>
   <div class='ocr_carea' id='block_1_17' title="bbox 255 2788 2040 3283">
    <p class='ocr_par' dir='ltr' id='par_1_18' title="bbox 260 2788 2040 2980">
     <span class='ocr_line' id='line_1_33' title="bbox 348 2788 2040 2830; baseline -0.002 -7"><span class='ocrx_word' id='word_1_281' title='bbox 348 2792 378 2824; x_wconf 88' lang='lat'>3.</span> <span class='ocrx_word' id='word_1_282' title='bbox 404 2792 583 2830; x_wconf 59' lang='lat' dir='ltr'>exposuisti</span> <span class='ocrx_word' id='word_1_283' title='bbox 619 2792 759 2823; x_wconf 88' lang='lat' dir='ltr'>Dnrand</span> <span class='ocrx_word' id='word_1_284' title='bbox 797 2793 829 2822; x_wconf 87' lang='lat' dir='ltr'>et</span> <span class='ocrx_word' id='word_1_285' title='bbox 864 2793 990 2822; x_wconf 77' lang='lat' dir='ltr'>iteruin</span> <span class='ocrx_word' id='word_1_286' title='bbox 1022 2790 1164 2821; x_wconf 77' lang='lat' dir='ltr'>Krische</span> <span class='ocrx_word' id='word_1_287' title='bbox 1196 2798 1228 2830; x_wconf 86' lang='lat' dir='ltr'>p.</span> <span class='ocrx_word' id='word_1_288' title='bbox 1264 2790 1324 2820; x_wconf 74' lang='lat'>53:</span> <span class='ocrx_word' id='word_1_289' title='bbox 1365 2790 1500 2828; x_wconf 54' lang='lat' dir='ltr'>exposui</span> <span class='ocrx_word' id='word_1_290' title='bbox 1531 2790 1627 2820; x_wconf 73' lang='lat' dir='ltr'>Cor</span> <span class='ocrx_word' id='word_1_291' title='bbox 1664 2807 1698 2811; x_wconf 91' lang='lat'><strong>—</strong></span> <span class='ocrx_word' id='word_1_292' title='bbox 1737 2788 1767 2820; x_wconf 65' lang='lat'>4.</span> <span class='ocrx_word' id='word_1_293' title='bbox 1792 2790 1954 2829; x_wconf 81' lang='lat' dir='ltr'>perducta</span> <span class='ocrx_word' id='word_1_294' title='bbox 1985 2791 2040 2829; x_wconf 80' lang='lat' dir='ltr'>qui</span> 
     </span>
     <span class='ocr_line' id='line_1_34' title="bbox 262 2840 2040 2882; baseline -0.001 -10"><span class='ocrx_word' id='word_1_295' title='bbox 262 2846 401 2882; x_wconf 74' lang='lat' dir='ltr'>quartus</span> <span class='ocrx_word' id='word_1_296' title='bbox 425 2842 465 2872; x_wconf 84' lang='lat' dir='ltr'>ab</span> <span class='ocrx_word' id='word_1_297' title='bbox 490 2843 526 2879; x_wconf 79' lang='lat' dir='ltr'>P,</span> <span class='ocrx_word' id='word_1_298' title='bbox 554 2840 615 2872; x_wconf 82' lang='lat' dir='ltr'>sed</span> <span class='ocrx_word' id='word_1_299' title='bbox 638 2851 699 2880; x_wconf 73' lang='lat' dir='ltr'>per</span> <span class='ocrx_word' id='word_1_300' title='bbox 723 2844 757 2872; x_wconf 83' lang='lat' dir='ltr'>et</span> <span class='ocrx_word' id='word_1_301' title='bbox 782 2851 819 2872; x_wconf 77' lang='lat' dir='ltr'>us</span> <span class='ocrx_word' id='word_1_302' title='bbox 842 2841 882 2872; x_wconf 81' lang='lat' dir='ltr'>ab</span> <span class='ocrx_word' id='word_1_303' title='bbox 909 2842 940 2871; x_wconf 94' lang='lat' dir='ltr'>in</span> <span class='ocrx_word' id='word_1_304' title='bbox 966 2849 1035 2872; x_wconf 75' lang='lat' dir='ltr'>ras.</span> <span class='ocrx_word' id='word_1_305' title='bbox 1059 2857 1092 2861; x_wconf 87' lang='lat'><strong>—</strong></span> <span class='ocrx_word' id='word_1_306' title='bbox 1123 2840 1152 2870; x_wconf 84' lang='lat'><strong>6.</strong></span> <span class='ocrx_word' id='word_1_307' title='bbox 1178 2840 1284 2878; x_wconf 73' lang='lat' dir='ltr'>partis</span> <span class='ocrx_word' id='word_1_308' title='bbox 1310 2842 1343 2869; x_wconf 89' lang='lat' dir='ltr'>et</span> <span class='ocrx_word' id='word_1_309' title='bbox 1369 2844 1401 2869; x_wconf 78' lang='lat' dir='ltr'>ut</span> <span class='ocrx_word' id='word_1_310' title='bbox 1427 2848 1494 2870; x_wconf 86' lang='lat' dir='ltr'>om.</span> <span class='ocrx_word' id='word_1_311' title='bbox 1524 2849 1539 2869; x_wconf 81' lang='grc' dir='ltr'>ι·</span> <span class='ocrx_word' id='word_1_312' title='bbox 1568 2857 1599 2861; x_wconf 87' lang='grc'><strong>-</strong></span> <span class='ocrx_word' id='word_1_313' title='bbox 1628 2840 1666 2869; x_wconf 78' lang='lat' dir='ltr'>iis</span> <span class='ocrx_word' id='word_1_314' title='bbox 1690 2849 1722 2870; x_wconf 82' lang='lat' dir='ltr'>r:</span> <span class='ocrx_word' id='word_1_315' title='bbox 1750 2840 1798 2870; x_wconf 70' lang='lat' dir='ltr'>lais</span> <span class='ocrx_word' id='word_1_316' title='bbox 1823 2840 1846 2871; x_wconf 90' lang='lat' dir='ltr'>C</span> <span class='ocrx_word' id='word_1_317' title='bbox 1867 2857 1900 2861; x_wconf 96' lang='lat'><strong>—</strong></span> <span class='ocrx_word' id='word_1_318' title='bbox 1930 2840 1959 2871; x_wconf 82' lang='lat'><strong>7.</strong></span> <span class='ocrx_word' id='word_1_319' title='bbox 1980 2849 2040 2878; x_wconf 81' lang='lat' dir='ltr'>que</span> 
     </span>
     <span class='ocr_line' id='line_1_35' title="bbox 260 2888 2036 2930; baseline -0.001 -8"><span class='ocrx_word' id='word_1_320' title='bbox 260 2901 302 2922; x_wconf 48' lang='lat' dir='ltr'>em·</span> <span class='ocrx_word' id='word_1_321' title='bbox 326 2892 417 2930; x_wconf 78' lang='lat' dir='ltr'>Epic.</span> <span class='ocrx_word' id='word_1_322' title='bbox 447 2899 514 2922; x_wconf 87' lang='lat' dir='ltr'>om.</span> <span class='ocrx_word' id='word_1_323' title='bbox 543 2900 559 2921; x_wconf 89' lang='lat' dir='ltr'>r</span> <span class='ocrx_word' id='word_1_324' title='bbox 588 2909 621 2913; x_wconf 90' lang='lat'>—</span> <span class='ocrx_word' id='word_1_325' title='bbox 650 2892 679 2921; x_wconf 76' lang='grc'><strong>9.</strong></span> <span class='ocrx_word' id='word_1_326' title='bbox 706 2892 866 2930; x_wconf 75' lang='lat' dir='ltr'>facilitate</span> <span class='ocrx_word' id='word_1_327' title='bbox 892 2900 908 2921; x_wconf 93' lang='lat' dir='ltr'>r</span> <span class='ocrx_word' id='word_1_328' title='bbox 934 2908 967 2912; x_wconf 87' lang='lat'>-</span> <span class='ocrx_word' id='word_1_329' title='bbox 996 2894 1024 2921; x_wconf 79' lang='lat' dir='ltr'>et</span> <span class='ocrx_word' id='word_1_330' title='bbox 1049 2891 1142 2928; x_wconf 74' lang='lat' dir='ltr'>copia</span> <span class='ocrx_word' id='word_1_331' title='bbox 1169 2890 1294 2919; x_wconf 73' lang='lat' dir='ltr'>dicendi</span> <span class='ocrx_word' id='word_1_332' title='bbox 1321 2890 1455 2920; x_wconf 78' lang='lat' dir='ltr'>Christ:</span> <span class='ocrx_word' id='word_1_333' title='bbox 1483 2893 1510 2920; x_wconf 85' lang='lat' dir='ltr'>et</span> <span class='ocrx_word' id='word_1_334' title='bbox 1536 2894 1566 2919; x_wconf 79' lang='lat' dir='ltr'>to</span> <span class='ocrx_word' id='word_1_335' title='bbox 1590 2890 1659 2928; x_wconf 37' lang='lat' dir='ltr'>isle)</span> <span class='ocrx_word' id='word_1_336' title='bbox 1680 2892 1721 2926; x_wconf 61' lang='grc' dir='ltr'>(ἐς</span> <span class='ocrx_word' id='word_1_337' title='bbox 1750 2898 1818 2920; x_wconf 90' lang='lat' dir='ltr'>om.</span> <span class='ocrx_word' id='word_1_338' title='bbox 1839 2889 1943 2920; x_wconf 83' lang='lat' dir='ltr'>codd.</span> <span class='ocrx_word' id='word_1_339' title='bbox 1963 2888 2036 2921; x_wconf 83' lang='lat' dir='ltr'>rell.</span> 
     </span>
     <span class='ocr_line' id='line_1_36' title="bbox 260 2939 1629 2980; baseline -0.004 -7"><span class='ocrx_word' id='word_1_340' title='bbox 260 2942 331 2973; x_wconf 86' lang='lat' dir='ltr'>noti</span> <span class='ocrx_word' id='word_1_341' title='bbox 357 2943 389 2972; x_wconf 84' lang='lat' dir='ltr'>et</span> <span class='ocrx_word' id='word_1_342' title='bbox 415 2940 495 2972; x_wconf 63' lang='lat' dir='ltr'>edil.</span> <span class='ocrx_word' id='word_1_343' title='bbox 514 2951 519 2970; x_wconf 65' lang='lat'><strong>².</strong></span> <span class='ocrx_word' id='word_1_344' title='bbox 541 2941 700 2980; x_wconf 77' lang='lat' dir='ltr'>facultate</span> <span class='ocrx_word' id='word_1_345' title='bbox 724 2942 850 2972; x_wconf 78' lang='lat' dir='ltr'>dicendi</span> <span class='ocrx_word' id='word_1_346' title='bbox 876 2939 1067 2972; x_wconf 70' lang='lat' dir='ltr'>clausulam</span> <span class='ocrx_word' id='word_1_347' title='bbox 1094 2940 1201 2970; x_wconf 78' lang='lat' dir='ltr'>tuisse</span> <span class='ocrx_word' id='word_1_348' title='bbox 1229 2939 1318 2970; x_wconf 83' lang='lat' dir='ltr'>coni.</span> <span class='ocrx_word' id='word_1_349' title='bbox 1348 2939 1490 2970; x_wconf 70' lang='lat' dir='ltr'>Krische</span> <span class='ocrx_word' id='word_1_350' title='bbox 1518 2948 1549 2979; x_wconf 84' lang='lat' dir='ltr'>p.</span> <span class='ocrx_word' id='word_1_351' title='bbox 1577 2941 1629 2970; x_wconf 82' lang='lat' dir='ltr'>5o&#39;</span> 
     </span>
    </p>

    <p class='ocr_par' dir='ltr' id='par_1_19' title="bbox 255 2993 2038 3283">
     <span class='ocr_line' id='line_1_37' title="bbox 346 2993 2037 3030; baseline -0.001 -3"><span class='ocrx_word' id='word_1_352' title='bbox 346 2998 395 3027; x_wconf 78' lang='grc' dir='ltr'>Μ.</span> <span class='ocrx_word' id='word_1_353' title='bbox 423 2998 642 3028; x_wconf 72' lang='lat' dir='ltr'>stomachetur</span> <span class='ocrx_word' id='word_1_354' title='bbox 667 2997 690 3026; x_wconf 87' lang='lat' dir='ltr'>O</span> <span class='ocrx_word' id='word_1_355' title='bbox 717 3014 750 3018; x_wconf 74' lang='lat'><strong>—</strong></span> <span class='ocrx_word' id='word_1_356' title='bbox 790 2998 840 3027; x_wconf 49' lang='lat'><strong>1¹¹2.</strong></span> <span class='ocrx_word' id='word_1_357' title='bbox 867 3005 1038 3027; x_wconf 64' lang='lat' dir='ltr'>musar-cus</span> <span class='ocrx_word' id='word_1_358' title='bbox 1065 2996 1143 3026; x_wconf 81' lang='lat' dir='ltr'>LW</span> <span class='ocrx_word' id='word_1_359' title='bbox 1175 2997 1212 3030; x_wconf 70' lang='lat' dir='ltr'>(i.</span> <span class='ocrx_word' id='word_1_360' title='bbox 1242 3004 1271 3025; x_wconf 77' lang='lat' dir='ltr'>e.</span> <span class='ocrx_word' id='word_1_361' title='bbox 1301 2995 1377 3025; x_wconf 78' lang='lat' dir='ltr'>cod.</span> <span class='ocrx_word' id='word_1_362' title='bbox 1406 2995 1587 3026; x_wconf 72' lang='lat' dir='ltr'>Leidensis</span> <span class='ocrx_word' id='word_1_363' title='bbox 1614 2997 1646 3026; x_wconf 86' lang='lat' dir='ltr'>et</span> <span class='ocrx_word' id='word_1_364' title='bbox 1672 2993 2037 3026; x_wconf 80' lang='lat' dir='ltr'>Wolsenhuettelanus</span> 
     </span>
     <span class='ocr_line' id='line_1_38' title="bbox 259 3045 2035 3086; baseline -0.002 -8"><span class='ocrx_word' id='word_1_365' title='bbox 259 3046 427 3078; x_wconf 80' lang='lat' dir='ltr'>Gerlachii</span> <span class='ocrx_word' id='word_1_366' title='bbox 462 3050 495 3078; x_wconf 88' lang='lat' dir='ltr'>et</span> <span class='ocrx_word' id='word_1_367' title='bbox 526 3047 648 3083; x_wconf 80' lang='lat' dir='ltr'>Rothii)</span> <span class='ocrx_word' id='word_1_368' title='bbox 677 3062 709 3068; x_wconf 92' lang='lat'><em>-</em></span> <span class='ocrx_word' id='word_1_369' title='bbox 748 3048 952 3085; x_wconf 61' lang='lat' dir='ltr'>(Iigjlasliatur</span> <span class='ocrx_word' id='word_1_370' title='bbox 981 3047 1130 3086; x_wconf 69' lang='lat' dir='ltr'>scripsi:</span> <span class='ocrx_word' id='word_1_371' title='bbox 1165 3046 1364 3083; x_wconf 61' lang='grc' dir='ltr'>(Ιίῃῖαιίἱθίιιν</span> <span class='ocrx_word' id='word_1_372' title='bbox 1396 3045 1500 3075; x_wconf 71' lang='lat' dir='ltr'>codd.</span> <span class='ocrx_word' id='word_1_373' title='bbox 1530 3049 1560 3076; x_wconf 72' lang='lat' dir='ltr'>et</span> <span class='ocrx_word' id='word_1_374' title='bbox 1589 3047 1612 3075; x_wconf 92' lang='grc'>()</span> <span class='ocrx_word' id='word_1_375' title='bbox 1642 3063 1672 3067; x_wconf 44' lang='grc' dir='ltr'>-ω</span> <span class='ocrx_word' id='word_1_376' title='bbox 1712 3045 1762 3076; x_wconf 76' lang='grc'>13.</span> <span class='ocrx_word' id='word_1_377' title='bbox 1790 3053 1874 3083; x_wconf 80' lang='lat' dir='ltr'>quae</span> <span class='ocrx_word' id='word_1_378' title='bbox 1901 3053 1975 3075; x_wconf 80' lang='lat' dir='ltr'>cum</span> <span class='ocrx_word' id='word_1_379' title='bbox 2002 3045 2035 3081; x_wconf 89' lang='lat' dir='ltr'>L,</span> 
     </span>
     <span class='ocr_line' id='line_1_39' title="bbox 258 3094 2034 3137; baseline -0.002 -11"><span class='ocrx_word' id='word_1_380' title='bbox 258 3096 312 3127; x_wconf 82' lang='lat' dir='ltr'>ed.</span> <span class='ocrx_word' id='word_1_381' title='bbox 340 3095 414 3127; x_wconf 76' lang='lat' dir='ltr'>Ald.</span> <span class='ocrx_word' id='word_1_382' title='bbox 442 3098 539 3128; x_wconf 76' lang='lat' dir='ltr'>Nonii</span> <span class='ocrx_word' id='word_1_383' title='bbox 566 3099 597 3127; x_wconf 76' lang='lat' dir='ltr'>ct</span> <span class='ocrx_word' id='word_1_384' title='bbox 625 3098 661 3133; x_wconf 82' lang='grc' dir='ltr'>Ο,</span> <span class='ocrx_word' id='word_1_385' title='bbox 690 3098 746 3137; x_wconf 87' lang='lat' dir='ltr'>qui</span> <span class='ocrx_word' id='word_1_386' title='bbox 774 3098 1006 3136; x_wconf 67' lang='lat' dir='ltr'>fragmentum</span> <span class='ocrx_word' id='word_1_387' title='bbox 1033 3105 1152 3127; x_wconf 83' lang='lat' dir='ltr'>errore</span> <span class='ocrx_word' id='word_1_388' title='bbox 1180 3096 1222 3126; x_wconf 81' lang='lat' dir='ltr'>ad</span> <span class='ocrx_word' id='word_1_389' title='bbox 1250 3095 1306 3126; x_wconf 80' lang='lat' dir='ltr'>lib.</span> <span class='ocrx_word' id='word_1_390' title='bbox 1337 3096 1361 3126; x_wconf 90' lang='lat' dir='ltr'>ll</span> <span class='ocrx_word' id='word_1_391' title='bbox 1388 3095 1539 3128; x_wconf 75' lang='lat' dir='ltr'>rettulit:</span> <span class='ocrx_word' id='word_1_392' title='bbox 1568 3096 1609 3126; x_wconf 77' lang='lat' dir='ltr'>cl&#39;.</span> <span class='ocrx_word' id='word_1_393' title='bbox 1638 3095 1780 3127; x_wconf 76' lang='lat' dir='ltr'>Krische</span> <span class='ocrx_word' id='word_1_394' title='bbox 1807 3103 1839 3135; x_wconf 88' lang='lat' dir='ltr'>p.</span> <span class='ocrx_word' id='word_1_395' title='bbox 1868 3095 1928 3130; x_wconf 79' lang='lat'>57;</span> <span class='ocrx_word' id='word_1_396' title='bbox 1957 3094 2034 3125; x_wconf 75' lang='lat' dir='ltr'>fort.</span> 
     </span>
     <span class='ocr_line' id='line_1_40' title="bbox 257 3145 2030 3185; baseline -0.001 -10"><span class='ocrx_word' id='word_1_397' title='bbox 257 3146 388 3183; x_wconf 77' lang='lat' dir='ltr'>quicum</span> <span class='ocrx_word' id='word_1_398' title='bbox 416 3163 448 3166; x_wconf 89' lang='lat'><strong>—</strong></span> <span class='ocrx_word' id='word_1_399' title='bbox 484 3147 535 3177; x_wconf 61' lang='lat'><strong>1¹8.</strong></span> <span class='ocrx_word' id='word_1_400' title='bbox 563 3156 604 3176; x_wconf 60' lang='lat' dir='ltr'>ex</span> <span class='ocrx_word' id='word_1_401' title='bbox 629 3155 691 3185; x_wconf 80' lang='lat' dir='ltr'>quo</span> <span class='ocrx_word' id='word_1_402' title='bbox 716 3147 740 3176; x_wconf 89' lang='lat' dir='ltr'>O</span> <span class='ocrx_word' id='word_1_403' title='bbox 769 3164 801 3167; x_wconf 93' lang='lat'>—</span> <span class='ocrx_word' id='word_1_404' title='bbox 840 3147 886 3177; x_wconf 79' lang='lat'>19.</span> <span class='ocrx_word' id='word_1_405' title='bbox 915 3147 1103 3177; x_wconf 72' lang='lat' dir='ltr'>academico</span> <span class='ocrx_word' id='word_1_406' title='bbox 1129 3145 1207 3176; x_wconf 78' lang='lat' dir='ltr'>eod.</span> <span class='ocrx_word' id='word_1_407' title='bbox 1235 3145 1357 3175; x_wconf 71' lang='lat' dir='ltr'>Bouill.</span> <span class='ocrx_word' id='word_1_408' title='bbox 1387 3162 1421 3166; x_wconf 90' lang='lat'><strong>—</strong></span> <span class='ocrx_word' id='word_1_409' title='bbox 1459 3146 1510 3177; x_wconf 74' lang='lat'><strong>⁶25.</strong></span> <span class='ocrx_word' id='word_1_410' title='bbox 1538 3146 1633 3175; x_wconf 73' lang='lat' dir='ltr'>habes</span> <span class='ocrx_word' id='word_1_411' title='bbox 1658 3146 1680 3176; x_wconf 89' lang='lat' dir='ltr'>L</span> <span class='ocrx_word' id='word_1_412' title='bbox 1710 3164 1740 3168; x_wconf 89' lang='lat'><strong>—</strong></span> <span class='ocrx_word' id='word_1_413' title='bbox 1777 3145 1903 3176; x_wconf 73' lang='lat' dir='ltr'>obstuso</span> <span class='ocrx_word' id='word_1_414' title='bbox 1927 3145 1970 3174; x_wconf 78' lang='lat' dir='ltr'>W</span> <span class='ocrx_word' id='word_1_415' title='bbox 2000 3161 2030 3166; x_wconf 94' lang='lat'>—</span> 
     </span>
     <span class='ocr_line' id='line_1_41' title="bbox 256 3193 2038 3233; baseline -0.001 -8"><span class='ocrx_word' id='word_1_416' title='bbox 256 3196 307 3226; x_wconf 47' lang='lat'><strong>¹26.</strong></span> <span class='ocrx_word' id='word_1_417' title='bbox 335 3196 531 3226; x_wconf 83' lang='lat' dir='ltr'>lineamenta</span> <span class='ocrx_word' id='word_1_418' title='bbox 558 3196 581 3226; x_wconf 94' lang='lat' dir='ltr'>O</span> <span class='ocrx_word' id='word_1_419' title='bbox 611 3213 643 3217; x_wconf 92' lang='lat'>—</span> <span class='ocrx_word' id='word_1_420' title='bbox 671 3197 733 3226; x_wconf 80' lang='lat' dir='ltr'>sint</span> <span class='ocrx_word' id='word_1_421' title='bbox 759 3197 895 3227; x_wconf 78' lang='lat' dir='ltr'>lunius:</span> <span class='ocrx_word' id='word_1_422' title='bbox 924 3200 997 3226; x_wconf 78' lang='lat' dir='ltr'>sant</span> <span class='ocrx_word' id='word_1_423' title='bbox 1023 3197 1101 3227; x_wconf 85' lang='lat' dir='ltr'>LW</span> <span class='ocrx_word' id='word_1_424' title='bbox 1129 3212 1163 3216; x_wconf 92' lang='lat'><strong>—</strong></span> <span class='ocrx_word' id='word_1_425' title='bbox 1199 3199 1342 3233; x_wconf 77' lang='lat' dir='ltr'>potestne</span> <span class='ocrx_word' id='word_1_426' title='bbox 1366 3196 1408 3225; x_wconf 80' lang='lat' dir='ltr'>W</span> <span class='ocrx_word' id='word_1_427' title='bbox 1433 3213 1475 3217; x_wconf 97' lang='lat'><strong>—</strong></span> <span class='ocrx_word' id='word_1_428' title='bbox 1499 3195 1552 3226; x_wconf 73' lang='lat'><strong>⁶27.</strong></span> <span class='ocrx_word' id='word_1_429' title='bbox 1580 3204 1618 3226; x_wconf 75' lang='lat' dir='ltr'>ne</span> <span class='ocrx_word' id='word_1_430' title='bbox 1643 3196 1737 3226; x_wconf 80' lang='lat' dir='ltr'>cuius</span> <span class='ocrx_word' id='word_1_431' title='bbox 1761 3195 1843 3226; x_wconf 85' lang='lat' dir='ltr'>LW</span> <span class='ocrx_word' id='word_1_432' title='bbox 1870 3211 1904 3216; x_wconf 92' lang='lat'><em>—</em></span> <span class='ocrx_word' id='word_1_433' title='bbox 1931 3197 1961 3225; x_wconf 79' lang='grc' dir='ltr'>ει</span> <span class='ocrx_word' id='word_1_434' title='bbox 1984 3193 2038 3224; x_wconf 81' lang='lat' dir='ltr'>in-</span> 
     </span>
     <span class='ocr_line' id='line_1_42' title="bbox 255 3245 1396 3283; baseline -0.002 -6"><span class='ocrx_word' id='word_1_435' title='bbox 255 3246 437 3277; x_wconf 81' lang='lat' dir='ltr'>seniscentis</span> <span class='ocrx_word' id='word_1_436' title='bbox 462 3246 514 3283; x_wconf 87' lang='lat' dir='ltr'>W,</span> <span class='ocrx_word' id='word_1_437' title='bbox 542 3253 611 3276; x_wconf 80' lang='lat' dir='ltr'>oni.</span> <span class='ocrx_word' id='word_1_438' title='bbox 639 3246 681 3280; x_wconf 74' lang='lat' dir='ltr'>L3</span> <span class='ocrx_word' id='word_1_439' title='bbox 709 3246 784 3277; x_wconf 86' lang='lat' dir='ltr'>sort.</span> <span class='ocrx_word' id='word_1_440' title='bbox 812 3249 841 3276; x_wconf 82' lang='lat' dir='ltr'>et</span> <span class='ocrx_word' id='word_1_441' title='bbox 865 3246 1077 3277; x_wconf 73' lang='lat' dir='ltr'>decrescentis</span> <span class='ocrx_word' id='word_1_442' title='bbox 1104 3262 1137 3268; x_wconf 78' lang='lat'>——</span> <span class='ocrx_word' id='word_1_443' title='bbox 1165 3245 1336 3276; x_wconf 77' lang='lat' dir='ltr'>habetiora</span> <span class='ocrx_word' id='word_1_444' title='bbox 1360 3245 1396 3276; x_wconf 88' lang='lat' dir='ltr'>L.</span> 
     </span>
    </p>
   </div>
  </div>
 </body>
</html>
