2249 3624
310 251 391 294 994
870 248 1150 292 CICERONIS
1181 247 1526 291 FRAGMENTA.

854 379 942 422 XII.
1004 377 1534 421 CHOROGRAPHIA.

1068 460 1323 491 AnNorATio.

417 528 865 580 Chorographiam
894 539 968 578 pro
998 526 1353 575 Varroniana,
1382 531 1425 565 ut
1452 526 1648 565 Patricius
1669 527 1894 576 existimat,
1930 527 2076 567 Cice-

314 594 585 634 ronianam
625 603 731 631 unus
769 595 970 629 memorat
1004 589 1255 628 Priscianus:
1301 601 1424 640 quem
1454 589 1522 639 qui
1551 601 1684 641 nuper
1711 589 1840 628 edidit
1864 590 2075 641 Krehlius,

285 658 351 699 5h.
383 656 408 695 l.
437 654 855 706 orthographiam
886 653 1008 692 scribi
1036 653 1175 702 iussit,
1206 653 1403 691 subiectis
1432 652 1880 704 chronographiae
1902 654 2078 692 etcho-

315 719 630 771 rographiae
663 715 922 754 lectionibus.
973 715 1057 766 Ego
1086 714 1546 765 chorographiam,
1577 713 1710 753 eidem
1737 719 1943 766 tamquam
1980 728 2080 767 syn-

315 794 503 834 onymam
535 784 832 831 contemptam,
863 777 1272 829 orthographiae
1313 777 1624 829 praeferendam
1660 776 1771 817 duxi.
1825 779 1951 817 Huius
1971 779 2077 818 enim

314 845 470 886 nullum
509 856 683 895 usquam
722 842 799 882 nisi
838 842 880 880 in
918 847 1064 880 vetere
1092 841 1270 892 quodam
1299 840 1437 879 Indice
1468 841 1517 890 (v.
1547 839 1700 879 Titulos
1730 853 1900 892 operum
1929 839 2078 881 dubiae

315 908 420 958 fidei)
448 908 654 946 invenitur
680 905 910 952 vestigium.
967 904 1310 956 Chorographiam
1348 916 1446 943 vero
1473 903 1581 943 haud
1610 905 1692 943 scio
1721 916 1772 943 an
1798 903 1897 943 illud
1936 904 2078 943 Cicero

265 971 568 1023 toinscripserit
607 980 710 1020 opus
747 967 1086 1019 geographicum,
1129 967 1170 1005 in
1198 979 1278 1018 quo
1308 966 1562 1005 conficiendo
1592 978 1636 1004 se
1666 967 1844 1006 Caesare
1872 971 1912 1005 et
1937 965 2078 1005 Bibulo

316 1046 421 1074 coss.
462 1046 495 1072 s.
524 1045 560 1072 a.
599 1044 638 1070 u.
669 1031 755 1071 695.
785 1029 1000 1069 elaborare
1028 1028 1170 1068 scribit
1197 1027 1249 1068 ad
1276 1030 1355 1068 Att.
1386 1028 1412 1066 l.
1440 1031 1489 1066 II.
1522 1040 1616 1079 epp.
1647 1032 1684 1067 4.
1713 1030 1748 1067 6.
1780 1034 1819 1067 et
1854 1032 1893 1068 7.
1930 1030 2075 1068 Nonne.

315 1098 387 1150 (Cf.
418 1097 539 1136 etiam
567 1096 817 1134 Savaronem
845 1092 897 1133 ad
918 1092 1129 1132 Sidonium
1149 1091 1427 1143 Apollinarem
1446 1103 1539 1143 pag.
1563 1093 1599 1130 3.
1631 1092 1658 1131 C
1675 1091 2077 1144 osmographiam

314 1159 493 1213 appellat
520 1159 626 1197 hunc
653 1157 801 1197 librum
831 1155 973 1196 Codex
1000 1156 1233 1195 Turicensis
1269 1155 1519 1205 Carolinus.)

411 1234 470 1274 Ibi
498 1245 744 1286 quercorum
772 1232 874 1271 rami
902 1230 954 1271 ad
981 1237 1133 1272 terram
1160 1232 1318 1282 iacent,
1348 1237 1391 1270 ut
1418 1243 1515 1271 sues
1548 1231 1666 1283 quasi
1695 1241 1844 1283 caprae
1872 1241 1922 1269 ex
1956 1230 2079 1269 ramis

264 1313 300 1342 ⁴5
314 1297 462 1349 glande
490 1301 726 1349 pascantur.
783 1294 1097 1346 (Priscianus
1124 1293 1150 1335 1.
1181 1295 1247 1334 VI.
1278 1307 1312 1334 c.
1347 1295 1404 1334 16.
1437 1294 1472 1345 ξ.
1503 1294 1586 1343 83.)

742 1395 849 1438 ΧΙΙΙ.
908 1396 979 1437 EX
1009 1395 1434 1438 ADMIRANDORUM
1466 1394 1639 1437 LIBRO.

414 1475 848 1518 Admirandorum
874 1474 1024 1514 librum
1052 1476 1247 1515 Patricius
1275 1488 1357 1514 non
1385 1489 1406 1516 a
1435 1475 1583 1525 Plinio,
1625 1475 1700 1515 sed
1728 1488 1751 1515 a
1776 1474 1952 1515 librariis
1992 1475 2079 1513 eius

315 1541 501 1583 Ciceroni
530 1540 684 1580 auctori
714 1543 856 1577 censet
884 1537 1136 1590 adscriptum
1165 1550 1279 1587 esse,
1310 1550 1433 1590 quem
1462 1550 1483 1577 a
1510 1539 1692 1577 Varrone
1721 1538 1947 1589 profectum
1986 1548 2079 1576 esse

316 1609 487 1645 constet.
542 1606 683 1654 Neque
714 1602 835 1650 enim,
867 1602 936 1652 qui
963 1603 1121 1652 integer·
1149 1607 1225 1651 est,
1255 1600 1360 1640 liber
1386 1601 1655 1651 παραὸὠξιυν,
1686 1613 1792 1652 quae
1814 1601 1903 1652 ipse
1936 1600 2079 1640 Cicero

263 1666 657 1712 20Admirabilia
685 1665 781 1704 dicit
808 1664 954 1714 (Acad.
985 1667 1047 1705 Pr.
1080 1665 1122 1703 [Ι.
1153 1677 1188 1703 c.
1218 1665 1280 1703 44.
1312 1664 1347 1714 ξ.
1381 1665 1462 1704 136.
1495 1663 1546 1702 de
1575 1664 1689 1703 Finn.
1709 1664 1776 1703 IV.
1798 1676 1834 1703 c.
1863 1664 1926 1704 27.
1957 1663 1992 1714 ξ.
2013 1666 2076 1702 74.

316 1731 410 1772 add.
456 1727 682 1770 Gernhard.
715 1727 768 1767 ad
794 1726 1004 1767 Paradoxa
1031 1740 1072 1778 p.
1105 1727 1236 1774 1672),
1282 1725 1451 1774 harum,
1495 1738 1600 1777 quae
1633 1724 1743 1777 apud
1770 1725 1940 1765 Plinium
1969 1730 2077 1775 sunt,

315 1793 487 1833 similem
515 1792 692 1843 aliquam
721 1791 1004 1842 complectitur
1031 1790 1289 1829 sententiam.
1344 1790 1490 1828 Nomia.
1547 1790 1631 1828 Sed
1658 1794 1769 1828 recte
1810 1788 2079 1828 Admiran-

315 1857 488 1896 dorum
515 1855 664 1894 librum
693 1854 879 1894 Ciceroni
907 1852 1127 1892 vindicavit
1152 1854 1270 1892 Beier
1298 1853 1551 1900 Schulzeitunq
1579 1852 1687 1891 1828.
1717 1853 1764 1891 Ν.
1794 1852 1856 1891 20.
1888 1851 1961 1890 On.

416 1933 450 1970 1.
501 1932 621 1969 Cicero
648 1933 688 1967 in
704 1931 934 1966 admirandis
947 1931 1092 1977 posuit,
1114 1927 1293 1967 Reatinis
1312 1932 1468 1966 tantum
1487 1926 1708 1978 paludibus
1728 1926 1902 1978 ungulas
1916 1926 2079 1966 iumen-

265 2002 301 2034 25
316 2000 447 2035 torum
473 1993 668 2033 iudurari.
724 1992 951 2041 (Plinius
979 1992 1024 2029 H.
1055 1992 1102 2030 N.
1132 1992 1277 2030 XXXI
1309 2003 1397 2042 cap.
1429 1990 1466 2029 2.
1498 1996 1599 2029 sect.
1629 1991 1688 2039 8.)

413 2058 449 2096 2.
495 2057 682 2102 Quaedam
710 2063 826 2094 terrae
852 2058 1029 2093 imbribus
1056 2057 1222 2092 sicciores
1247 2058 1359 2102 fiunt,
1390 2057 1484 2092 velut
1511 2054 1549 2092 in
1590 2053 1804 2092 Narniensi
1830 2065 1947 2104 agro,
1985 2055 2081 2100 quod

316 2122 553 2159 Admiraudis
590 2123 665 2157 suis
702 2122 853 2157 inseruit
883 2120 937 2158 M.
977 2120 1115 2159 Cicero,
1146 2117 1327 2156 siccitate
1354 2116 1482 2156 lutum
1510 2116 1598 2155 fieri
1624 2119 1798 2164 prodens,
1826 2114 1957 2154 imbre
1984 2113 2080 2166 pul-

317 2195 470 2223 verem.
525 2181 689 2231 (Idem
715 2181 816 2220 ibid.
847 2193 937 2232 cap.
968 2181 1004 2220 3.
1035 2185 1135 2219 sect.
1166 2181 1251 2229 28.)

415 2246 449 2284 3.
496 2247 595 2282 Haec
623 2251 742 2282 autem
770 2245 968 2294 (mustela),
1001 2256 1093 2291 quae
1119 2245 1158 2279 in
1186 2244 1350 2279 domibus
1378 2244 1510 2278 nostris
1538 2243 1683 2278 oberrat
1709 2246 1741 2277 et
1773 2238 1929 2278 catulos
1966 2249 2077 2285 suos,

266 2316 303 2347 30
317 2315 355 2345 ut
383 2314 508 2346 auctor
536 2314 584 2346 est
614 2308 753 2349 Cicero,
787 2305 935 2345 cotidie
964 2305 1159 2344 transfert
1185 2309 1397 2355 mutatque
1431 2302 1596 2353 sedem,
1631 2309 1806 2351 serpentes
1844 2304 2079 2350 persequitur.

317 2369 473 2420 (Idem
500 2369 598 2410 ibid.
629 2371 771 2409 XXIX.
804 2382 892 2420 cap.
924 2372 958 2409 3.
990 2374 1091 2409 sect.
1130 2369 1203 2418 16.)

850 2432 907 2470 Ex
934 2443 1084 2480 EODEM,
1115 2443 1160 2469 ur
1188 2442 1378 2479 VIDETUR,
1406 2440 1538 2468 Lumo:

417 2495 452 2535 4.
500 2496 686 2535 Feminas
715 2507 859 2534 omnes
883 2494 1035 2545 ubique
1055 2495 1145 2533 visu
1160 2505 1332 2540 nocere,
1357 2504 1464 2544 quae
1485 2490 1670 2542 duplices
1691 2488 1867 2542 pupillas
1886 2488 2078 2528 habeant.

318 2559 476 2608 (Idem
506 2557 604 2596 ibid.
633 2559 716 2596 VII.
748 2570 838 2609 cap.
868 2559 902 2596 2.
934 2562 1036 2596 sect.
1066 2557 1101 2596 2.
1133 2557 1182 2595 cf.
1212 2555 1315 2595 Gell.
1351 2555 1418 2594 lx.
1452 2555 1512 2602 4.)

269 2635 304 2664 35
417 2622 451 2660 5.
498 2621 540 2659 In
580 2633 684 2660 nuce
724 2620 924 2660 inclusam
965 2618 1091 2659 Iliada
1131 2619 1294 2658 Homeri
1335 2630 1499 2658 carmen
1538 2617 1578 2655 in
1619 2615 1856 2654 membrana
1884 2614 2080 2665 scriptum

320 2687 472 2721 tradidit
502 2685 633 2721 Cicero.
691 2683 845 2732 (Idem
870 2681 970 2721 ibid.
1000 2695 1036 2720 c.
1065 2683 1127 2721 21.
1159 2687 1258 2720 sect.
1289 2682 1373 2730 21.)

419 2750 454 2786 6.
485 2768 530 2774 —
558 2746 705 2795 fuisse,
736 2746 804 2796 qui
832 2743 1068 2796 pervideret
1096 2744 1291 2784 CXXXV.
1321 2744 1371 2784 M.
1399 2753 1612 2793 passuum.
1667 2738 1826 2789 (Idem
1858 2736 1981 2786 ibid.)

417 2811 454 2847 7.
500 2810 725 2848 Romanum
753 2809 878 2847 fuisse
908 2809 1037 2847 civem
1066 2807 1262 2846 Naevium
1290 2805 1534 2855 Pollionem,
1570 2801 1678 2855 pede
1706 2802 1929 2853 longiorem
1958 2811 2079 2851 quam

322 2883 569 2922 quemquam
595 2871 890 2922 longissimum.
945 2869 1261 2919 (Columella
1288 2869 1313 2907 l.
1345 2871 1414 2906 ΙΙΙ.
1446 2881 1481 2907 c.
1509 2869 1545 2907 S.
1578 2868 1614 2918 §-
1645 2866 1681 2904 2.
1719 2864 1784 2903 ed.
1821 2861 2029 2910 Schneid.)

272 2947 308 2977 40
420 2934 457 2972 8.
504 2935 622 2971 Cicero
662 2933 921 2984 Amyclarum
960 2931 1114 2971 incolas
1152 2936 1321 2982 propter
1358 2931 1522 2969 nimiam
1550 2927 1792 2968 modestiam
1820 2926 1979 2977 perisse
2007 2927 2077 2972 ait,

323 2993 419 3033 dum
460 3007 481 3033 a
519 2996 696 3034 finitimis
737 2996 942 3047 accipiunt
977 2995 1144 3034 iniurias
1186 3000 1225 3033 et
1265 2999 1402 3033 tacent
1439 3004 1524 3033 eas,
1581 2990 1822 3040 (Servius
1857 2987 1992 3026 Lionis
2027 2983 2079 3025 ad

323 3058 423 3095 Aen.
455 3058 515 3107 10,
544 3058 653 3107 554.)

411 3188 463 3220 37.
498 3187 641 3219 videtur
676 3189 789 3229 potius
824 3188 1053 3221 referendum
1088 3187 1131 3219 ad
1166 3187 1271 3219 Acad.
1305 3188 1336 3225 2,
1362 3188 1415 3226 25,
1441 3187 1476 3219 84
1497 3195 1505 3218 z
1532 3187 1584 3217 ille
1606 3184 1711 3217 nescio
1735 3183 1804 3223 qui,
1829 3182 1884 3222 qui
1906 3183 1941 3212 in
1964 3179 2079 3211 scholis

325 3238 491 3268 nominari
515 3237 604 3275 solet,
630 3238 715 3269 mille
738 3242 768 3269 et
791 3240 959 3279 octoginta
981 3239 1090 3270 stadia
1116 3239 1162 3278 (z
1188 3237 1344 3269 CXXXV.
1380 3238 1422 3268 M.
1450 3235 1633 3276 passuum)
1658 3234 1745 3274 quod
1767 3232 1907 3269 abesset,
1937 3229 2077 3262 videbat.

323 3289 380 3319 On.
408 3305 442 3309 —
469 3287 523 3319 40.
550 3287 621 3318 Hoc
645 3286 879 3326 fragmentum
904 3298 921 3320 a
946 3298 1001 3321 me
1027 3287 1183 3320 additum
1212 3288 1348 3328 poterat
1383 3287 1486 3318 etiam
1522 3285 1566 3317 ad
1603 3282 1900 3324 Chorographiam
1937 3279 2074 3316 referri;

324 3339 376 3369 est
401 3338 518 3368 autem
543 3336 684 3367 omnino
708 3336 834 3369 dubiae
859 3337 953 3370 fidei.
986 3339 1043 3370 On.
