2249 3624
653 202 815 242 L113.lI.
858 201 953 242 cn».
977 202 1255 243 xiii—xlv.
1293 201 1352 256 §5
1374 201 1563 243 30—333.
1912 198 1984 241 891

238 311 416 351 efficitur
452 315 491 349 et
531 309 706 360 cogitur.
766 308 849 348 lam
891 322 987 348 vero
1026 309 1328 361 permultorum
1369 310 1656 362 exemplorum
1690 316 1729 349 et
1762 315 1899 349 nostra
1931 317 1993 349 est

236 375 358 428 plena
398 386 464 413 res
503 370 664 425 publica
706 376 743 410 et
775 371 915 410 omnia
947 384 1070 421 regna
1104 385 1335 425 omnesque
1369 372 1513 424 populi
1546 379 1803 425 cunctaeque
1835 377 1992 422 gentes,

235 449 436 489 augurum
466 433 688 488 praedictis
721 434 847 473 multa
879 433 1179 473 incredibiliter
1212 447 1306 473 vera
1339 434 1562 481 cecidisse3
1604 448 1743 488 neque
1774 435 1882 473 enim
1917 435 1992 472 Po-

235 499 334 553 lyidi
367 509 500 551 neque
531 495 805 548 Melampodis
838 510 974 548 neque
998 498 1130 548 Mopsi
1163 510 1301 550 neque
1324 497 1561 550 Amphiarai
1597 510 1733 550 neque
1757 496 1991 536 (lali-hantis

234 576 367 614 neque
399 559 544 600 Heleni
577 563 732 598 tantuin
766 572 916 598 nomen
948 559 1110 606 suisset,
1144 574 1278 613 neque
1313 566 1371 599 tot
1402 561 1590 599 nationes
1624 560 1664 598 id
1697 560 1745 599 ad
1779 560 1857 598 hoc
1888 565 2022 598 tem-5

233 641 308 682 pus
346 623 634 668 retinuissent,
668 621 897 675 Phrygum,
932 623 1192 675 Lycaonum,
1227 622 1396 662 Cilicum
1439 623 1703 674 maximeque
1746 621 1990 667 Pisidarum,

233 689 310 730 nisi
351 690 530 726 vetustas
572 697 619 723 ea
651 689 761 722 certa
794 697 884 723 esse
917 684 1142 723 docuisset.
1203 686 1285 723 Nec
1319 698 1415 723 vero
1451 684 1646 724 Romulus
1679 691 1820 724 noster
1852 684 1991 735 auspi-

231 758 319 792 cato
359 748 501 789 urbem
544 746 824 793 condidisset,
870 760 1006 798 neque
1037 747 1120 785 Atti
1153 747 1253 785 Navi
1298 760 1447 786 nomen
1481 748 1680 786 memoria
1713 749 1877 786 floreret
1909 752 1990 784 tam

230 813 312 860 diu,
343 811 423 851 nisi
457 822 600 849 omnes
633 809 659 847 ii
695 809 822 848 multa
855 808 903 848 ad
930 809 1144 848 veritatem
1168 808 1425 848 admirabilia
1451 810 1666 850 dixissent.
1715 809 1796 848 Sed
1820 809 1989 848 dubium

229 889 311 917 non
345 881 406 914 est
438 875 538 927 quin
571 872 673 911 haec
707 871 927 925 disciplina
961 878 998 911 et
1032 885 1096 911 ars
1129 884 1332 923 augurum
1367 874 1582 912 evanuerit
1614 874 1692 912 iam
1726 879 1765 911 et
1788 876 2041 910 vetustatem

229 945 268 979 et
298 935 572 989 neglegentia.
632 935 691 973 lta
724 947 861 987 neque
893 934 952 974 illi
985 933 1216 977 adsentior,
1260 935 1330 987 qui
1363 934 1468 974 hanc
1502 936 1716 974 scientiam
1750 940 1871 986 negat
1904 946 1992 973 um-

227 1013 351 1055 quam
383 1000 425 1038 in
458 1003 601 1037 nostro
634 996 812 1048 collegio
844 996 996 1043 fuisse,
1038 1009 1174 1049 neque
1205 996 1286 1043 illi,
1328 998 1396 1049 qui
1430 1010 1520 1036 esse
1553 998 1674 1037 etiam
1710 1010 1818 1036 nunc
1852 1001 1988 1048 putat:

227 1075 333 1117 quae
365 1061 464 1101 mihi
495 1059 661 1098 videtur
690 1059 798 1111 apud
832 1059 1012 1097 maiores
1043 1058 1173 1097 fuisse
1207 1058 1383 1111 duplex,
1416 1066 1461 1099 ut
1492 1060 1541 1099 ad
1574 1061 1632 1099 rei
1666 1060 1858 1112 publicae
1889 1064 1991 1097 tem-

225 1138 303 1178 pus
335 1137 416 1163 non
449 1134 690 1175 numquam,
722 1120 772 1160 ad
805 1120 956 1173 agendi
991 1120 1211 1160 consilium
1243 1123 1488 1176 saepissime
1515 1123 1753 1176 pertineret.
1814 1119 1879 1160 34.
1912 1123 1989 1160 All.

228 1186 361 1227 Credo
400 1184 541 1225 hercle
579 1184 635 1223 ita
675 1196 767 1223 esse
807 1184 962 1237 istique
993 1183 1140 1223 rationi
1173 1184 1437 1237 potissimum
1471 1185 1709 1233 adsentior;
1756 1184 1829 1225 sed
1863 1183 2040 1224 redde⁴5

227 1255 377 1290 cetera.

342 1310 450 1350 xlv.
491 1310 546 1349 Μ.
589 1309 776 1349 Reddam
809 1322 906 1349 vero
939 1314 979 1347 et
1010 1307 1075 1354 id,
1109 1308 1142 1347 si
1165 1313 1342 1359 ¹potero,
1374 1309 1503 1348 brevi.
1565 1310 1766 1362 Sequitur
1797 1310 1904 1349 enim
1939 1309 1989 1349 de

225 1374 315 1414 iure
346 1372 464 1412 belli:
508 1371 548 1410 in
581 1384 663 1424 quo
696 1377 736 1410 et
767 1370 1032 1424 suscipiendo
1075 1375 1115 1408 et
1154 1370 1337 1422 gerendo
1371 1377 1411 1410 et
1443 1371 1696 1424 deponendo
1729 1374 1792 1412 ius
1825 1378 1869 1412 ut
1899 1372 1991 1425 plu-

225 1436 376 1476 rimum
407 1433 564 1474 valeret
596 1439 637 1473 et
667 1431 768 1472 fides
801 1445 1030 1485 eorumque
1062 1438 1108 1471 ut
1139 1431 1294 1485 publici
1327 1433 1574 1487 interpretes
1606 1441 1757 1482 essent,
1785 1436 1875 1487 lege
1898 1448 1991 1474 san-

224 1498 373 1538 ximus.
432 1497 516 1536 Iam
550 1495 600 1535 de
633 1496 869 1548 aruspicum
902 1495 1118 1546 religione,
1151 1495 1201 1534 de
1234 1496 1542 1548 expiationibus
1564 1503 1603 1536 et
1625 1497 1988 1550 procurationibus
2003 1503 2039 1532 20

225 1560 324 1600 satis
357 1573 449 1599 esse
480 1559 559 1598 iam
593 1559 635 1598 in
668 1558 756 1612 ipsa
787 1558 879 1610 lege
913 1557 1068 1597 dictum
1102 1563 1216 1610 puto.
1279 1561 1356 1598 ΑΝ.
1387 1558 1631 1606 Adsentior,
1671 1561 1870 1613 quoniam
1903 1574 1990 1599 om-

226 1622 288 1662 nis
328 1621 431 1662 haec
472 1622 513 1660 in
554 1621 758 1673 religione
790 1626 979 1659 versatur
1009 1620 1155 1659 oratio.
1226 1620 1280 1659 M.
1323 1622 1373 1660 At
1403 1635 1502 1661 vero
1538 1622 1650 1675 quod
1685 1624 1873 1676 sequitur
1905 1635 1988 1675 quo

225 1684 348 1724 modo
398 1690 469 1723 aut
519 1690 562 1723 tu
612 1683 844 1723 adsentiare
895 1689 966 1722 aut
1016 1695 1092 1734 ego
1142 1682 1447 1734 reprehendam
1498 1697 1598 1724 sane
1649 1698 1835 1738 quaero,
1885 1684 1987 1724 Tite.

225 1748 306 1787 Aa.
351 1746 464 1794 Quid
506 1746 674 1786 tandem
713 1745 755 1784 id
799 1746 890 1784 est?
961 1742 1029 1784 35.
1075 1746 1129 1784 M.
1168 1746 1228 1784 De
1260 1746 1474 1785 nocturnis
1507 1747 1722 1787 sacrificiis
1755 1747 1988 1786 mulierum.

225 1810 305 1849 Art.
334 1808 423 1861 Ego
456 1821 552 1847 vero
583 1808 812 1854 adsentior,
845 1813 1022 1860 excepto
1056 1808 1300 1860 praesertim
1334 1809 1374 1847 in
1408 1809 1499 1861 ipsa
1531 1810 1622 1862 lege
1647 1810 1839 1849 sollemni
1863 1809 1986 1849 sacri·
2002 1815 2038 1845 25

226 1868 317 1910 ficio
358 1883 404 1909 ac
444 1867 627 1923 publico.
687 1871 740 1909 M.
785 1869 897 1917 Quid
939 1882 1038 1921 ergo
1072 1876 1164 1922 aget
1196 1869 1366 1909 Iacchus
1397 1871 1755 1925 Eumolpidaeque
1787 1872 1916 1911 nostri
1950 1877 1989 1910 et

225 1939 401 1986 augusta
441 1932 511 1972 illa
553 1932 773 1986 mysteria,
815 1932 848 1971 si
890 1931 1060 1984 quidem
1101 1945 1216 1972 sacra
1247 1939 1449 1973 nocturna
1480 1934 1695 1973 tollimus?
1755 1936 1847 1974 Non
1879 1935 1987 1973 enim

224 1995 383 2050 populo
426 1996 639 2041 Romano,
686 1994 757 2034 sed
805 1994 997 2034 omnibus
1041 1995 1163 2034 bonis
1209 1994 1425 2048 firmisque
1467 1996 1636 2049 populis
1676 1997 1788 2049 leges
1830 1996 1988 2036 damus.

311 2181 343 2212 3.
369 2189 411 2212 ea:
433 2189 511 2220 auy.
534 2180 713 2219 praedictis
736 2179 822 2210 Rath
859 2197 901 2201 —
933 2179 1086 2219 poliideip
1110 2182 1136 2211 Α
1163 2181 1330 2219 (extrema
1353 2190 1374 2220 p
1401 2182 1588 2221 punctam),
1612 2182 1787 2221 polyideip.
1815 2183 1851 2219 B,
1881 2182 1988 2221 polide

222 2233 256 2272 ip
281 2232 308 2263 H
336 2248 370 2253 -
397 2230 427 2262 li.
452 2230 657 2268 melanpodis
680 2232 705 2261 Α
722 2230 744 2260 B
775 2247 802 2251 -
835 2230 954 2268 moipsi
979 2229 1026 2265 13¹,
1054 2230 1123 2269 opsi
1147 2228 1187 2261 Ηι
1215 2248 1248 2252 -—
1282 2232 1312 2261 5.
1339 2231 1440 2262 heleni
1467 2233 1490 2262 Α
1517 2240 1607 2262 corr.
1635 2240 1674 2262 ex
1700 2232 1761 2262 heli
1787 2249 1820 2254 —
1849 2232 1879 2262 6.
1907 2235 1986 2263 ante

222 2281 388 2321 Phryyum
418 2282 471 2311 est
504 2280 535 2310 in
562 2281 586 2310 Α
618 2278 819 2319 αρρανίριυη
853 2280 982 2319 (prima
1008 2288 1029 2309 α
1054 2288 1095 2310 ex
1121 2281 1140 2310 d
1165 2280 1289 2319 corin),
1327 2281 1358 2311 in
1384 2282 1407 2311 B
1434 2281 1476 2310 acl
1496 2289 1582 2319 pary
1608 2290 1698 2317 cum,
1736 2283 1767 2312 in
1795 2283 1820 2313 ll
1846 2283 1985 2320 adpari—

222 2339 316 2371 9um;
342 2329 500 2367 Arabum,
518 2330 682 2368 Phryqum
706 2329 730 2359 O
756 2338 796 2359 ex
822 2330 913 2360 coni.
941 2329 1076 2369 pridem
1102 2328 1251 2369 vulgata.
1300 2332 1341 2361 At
1366 2330 1580 2370 probabilior
1604 2330 1741 2362 videtur
1765 2332 1985 2362 Momnisenii

223 2380 309 2410 ratio
341 2387 446 2419 quam
479 2387 543 2410 nos
572 2379 684 2409 secuti
715 2386 857 2415 sumus,
889 2379 943 2409 cui
975 2378 1055 2409 illud
1087 2380 1290 2419 appar-iyum
1321 2388 1361 2410 ex
1395 2381 1624 2420 dittographia
1658 2381 1729 2411 sixe
1756 2383 1867 2421 potius
1892 2383 1984 2412 varia

222 2427 371 2461 lectione
397 2429 612 2467 (PHRYGUM
636 2437 681 2458 an
702 2429 869 2468 pariqum)
896 2431 1011 2459 ortum
1036 2428 1185 2460 videtur.
1224 2447 1257 2451 ——
1295 2430 1473 2470 lyqaonum
1500 2434 1536 2465 Α,
1563 2431 1758 2469 chhaonum
1783 2432 1805 2461 B
1833 2448 1867 2452 —
1894 2433 1986 2470 pysi-

223 2478 342 2509 darum
367 2480 391 2508 A
422 2495 450 2501 -—
482 2478 512 2508 7.
539 2481 628 2509 certa
653 2486 717 2508 esse
741 2477 826 2508 dett.
847 2479 966 2518 pauci:
995 2482 1080 2510 certe
1101 2482 1180 2509 esset
1204 2479 1242 2516 C,
1269 2479 1330 2510 sed
1358 2481 1388 2510 in
1417 2480 1475 2510 BH
1501 2488 1567 2511 esse
1591 2488 1681 2511 corr.
1711 2498 1745 2503 -
1772 2481 1802 2512 8.
1831 2483 1987 2512 condisset

223 2528 247 2558 B
274 2544 309 2549 —-
337 2528 397 2558 atti
422 2528 503 2558 naui
528 2528 574 2560 C:
601 2528 796 2558 AttiiNavii
821 2528 845 2558 O
886 2545 916 2549 -
955 2530 1074 2569 florere
1098 2529 1124 2559 H
1152 2545 1185 2550 ——
1214 2530 1331 2560 tandiu
1355 2532 1379 2560 Α
1392 2530 1417 2560 Η
1455 2547 1495 2552 --
1534 2530 1563 2560 9.
1591 2539 1699 2561 omnes
1721 2531 1746 2561 ii
1771 2539 1852 2560 nos:
1879 2540 1988 2562 omnes

222 2577 250 2607 si
272 2577 344 2616 AB,
371 2586 389 2608 ο
411 2578 437 2607 si
463 2578 501 2613 H,
527 2578 559 2607 hi
583 2585 691 2607 omnes
715 2577 739 2607 O
767 2594 800 2599 —
830 2577 1020 2608 admirabili
1045 2578 1070 2609 H
1106 2595 1139 2599 —
1180 2579 1229 2609 ll.
1258 2580 1420 2619 neylentia
1445 2580 1471 2610 A
1499 2596 1532 2600 —
1560 2580 1708 2611 adsentio
1732 2581 1769 2617 C,
1797 2580 1858 2612 sed
1885 2580 1986 2621 paulo

224 2628 301 2666 post
325 2626 431 2657 iidem
457 2626 623 2657 adsentior
658 2644 700 2648 -—
737 2628 787 2657 ll.
815 2636 918 2667 neque
941 2628 1005 2658 illis
1029 2629 1084 2666 qui
1101 2645 1146 2650 --
1163 2633 1302 2667 afflant,
1328 2637 1430 2666 neque
1453 2629 1516 2658 illis
1541 2630 1597 2668 qui
1619 2647 1636 2652 -
1653 2647 1670 2653 -
1686 2634 1807 2668 putant
1830 2631 1920 2662 Bake
1948 2649 1983 2654 —

224 2675 275 2706 43.
301 2675 424 2714 dupleae
449 2676 491 2706 C:
519 2676 694 2714 dupliciter
718 2677 742 2706 Ο
771 2693 803 2697 -
834 2677 884 2708 ⁴4.
911 2686 1092 2716 'numquam
1116 2678 1140 2708 B
1167 2680 1380 2719 (corruptum
1408 2687 1447 2709 ex
1473 2677 1692 2718 unamquam)
1721 2698 1754 2702 —
1789 2682 1833 2711 ad
1857 2681 1985 2721 ayendt]

221 2727 252 2756 et
275 2726 393 2764 ayendi
418 2726 456 2763 C,
483 2726 576 2757 unde
604 2725 736 2757 Vahlen
764 2726 1010 2766 probabiliter:
1037 2731 1072 2758 uc
1096 2731 1125 2758 et
1149 2729 1192 2758 ad
1215 2737 1243 2758 r.
1268 2737 1302 2766 p.
1330 2732 1352 2758 t.
1378 2737 1441 2758 non
1465 2738 1658 2767 numquam,
1684 2734 1712 2760 et
1736 2731 1780 2760 ad
1803 2731 1920 2769 ayendi
1949 2747 1979 2753 -

224 2776 274 2806 ⁴7.
300 2778 330 2806 et
353 2776 386 2805 id
409 2777 436 2805 si
462 2774 512 2811 112,
539 2778 576 2806 ut
602 2784 692 2806 corr.
721 2775 931 2807 Gulielmus:
965 2780 994 2807 et
1017 2778 1080 2816 ipsi
1106 2774 1146 2808 H¹
1171 2779 1203 2808 et
1229 2779 1288 2808 AB
1316 2780 1395 2808 ante
1421 2786 1592 2815 rasuram,
1626 2783 1654 2809 e!
1677 2781 1703 2809 si
1728 2778 1767 2810 A'-’
1782 2778 1835 2811 [322
1862 2783 1892 2810 et
1915 2781 1986 2818 ipsa

223 2823 248 2854 O
272 2842 314 2847 —
340 2824 392 2856 ⁴8.
419 2825 658 2864 utplurimum
681 2826 807 2856 ualeret
833 2826 876 2856 C:
916 2825 973 2866 [ul]
997 2827 1087 2865 plur.
1111 2826 1196 2857 sale!
1221 2827 1245 2857 O
1285 2843 1316 2848 ·—
1359 2827 1410 2858 49.
1438 2831 1466 2857 el
1490 2826 1548 2857 1⁷1¹:
1576 2831 1610 2857 u!
1634 2828 1693 2858 ΑΒ
1720 2832 1753 2859 et
1778 2830 1804 2860 ll
1830 2837 1893 2869 sup
1927 2828 1983 2859 lin.

226 2888 259 2894 -
288 2882 466 2912 eorumque
489 2874 644 2914 Madvig:
669 2874 844 2913 forumque
869 2875 905 2912 C,
931 2876 1112 2914 horumque
1135 2877 1160 2907 O
1188 2893 1221 2898 —
1248 2877 1301 2907 QO.
1327 2877 1536 2915 haruspicum
1561 2877 1623 2907 ΗΟ
1651 2894 1682 2901 ·-
1712 2879 1873 2918 relegyione
1899 2880 1920 2910 n
1948 2897 1982 2901 —

218 2923 507 2961 procubationibus
532 2923 567 2954 B*
583 2924 609 2955 H
650 2941 682 2944 —
722 2924 774 2954 2¹.
802 2925 882 2954 salis
905 2933 971 2955 esse
994 2926 1063 2956 iam
1086 2926 1118 2955 in
1145 2925 1331 2962 Fcldhiigcl
1357 2927 1388 2956 in
1415 2926 1551 2956 adnot:
1578 2928 1693 2958 satisse
1716 2929 1814 2958 illane
1838 2930 1870 2958 in
1894 2926 1982 2965 ΑῙΒ,

221 2972 300 3001 salis
323 2980 388 3002 esse
418 2974 501 3011 (esse
526 2975 558 3002 iu
585 2974 668 3007 ras)
700 2974 757 3003 illa
789 2983 828 3004 ne
856 2975 889 3004 in
922 2975 966 3013 ll,
1001 2976 1080 3006 salis
1104 2984 1270 3014 supraque
1293 2977 1327 3006 in
1352 2974 1392 3006 A2
1417 2984 1506 3006 corr.
1534 2984 1579 3007 m.
1609 2980 1869 3014 recentissima,
1906 2981 1986 3009 satis

220 3028 380 3060 superque
402 3022 435 3051 in
459 3022 503 3055 02,
541 3019 706 3051 Vahlenio
729 3020 828 3050 illane
852 3023 962 3059 glossa
990 3024 1186 3064 marginalis
1211 3025 1348 3055 xidetur
1372 3025 1574 3056 admirantis
1599 3025 1727 3057 librarii
1752 3028 1843 3067 quod
1864 3029 1985 3058 Cicero

222 3070 305 3100 satis
330 3069 396 3101 sibi
421 3070 548 3102 dixisse
574 3070 745 3100 videatur.
776 3086 801 3090 —-
837 3071 941 3100 omnis
965 3070 1026 3101 hac
1051 3075 1074 3100 (2
1099 3089 1141 3096 »κ-
1175 3075 1225 3104 22.
1252 3074 1347 3114 quod}
1375 3083 1502 3113 quoque
1526 3076 1549 3106 C
1577 3092 1610 3096 ——
1646 3076 1697 3107 ⁴23.
1725 3078 1887 3107 adsentire
1913 3078 1981 3113 AB.

223 3121 280 3148 aut
303 3119 420 3150 sentire
444 3120 470 3150 H
498 3136 533 3141 —
561 3122 618 3149 aut
641 3121 720 3149 ante
745 3127 802 3159 eqo
828 3127 884 3149 om
917 3120 940 3149 C
971 3137 1003 3141 —
1031 3120 1078 3150 rei
1098 3119 1321 3158 praehendam
1347 3124 1371 3152 Η
1400 3140 1433 3145 -
1463 3123 1515 3155 24,
1543 3125 1717 3156 mulierum
1742 3126 1855 3157 (jhrffst
1881 3126 1982 3157 (ὼε-κιο

223 3169 319 3198 notat
346 3185 379 3190 —
407 3169 458 3198 25.
486 3171 620 3207 eaecepto
645 3168 734 3198 coni.
763 3169 880 3198 nescio
905 3169 1001 3208 quis:
1028 3172 1198 3208 expeclato
1224 3170 1246 3198 (ἶ
1277 3186 1309 3190 -
1348 3168 1479 3198 solemni
1506 3174 1529 3203 C
1568 3191 1602 3196 -—
1641 3175 1693 3206 26.
1720 3176 1984 3216 eumolphideque

225 3218 264 3251 A,
290 3214 327 3247 eu
349 3218 521 3256 olphydeq,·
546 3218 570 3248 B
606 3233 638 3238 —
678 3220 779 3247 nostri
804 3218 848 3248 C:
876 3219 974 3248 restra·
1001 3219 1137 3254 (inimo.
1164 3218 1190 3248 si
1216 3218 1298 3257 quid
1324 3218 1544 3254 mutandum,
1569 3225 1679 3261 roem-1¹)
1707 3226 1782 3255 (jar,
1803 3226 1920 3265 Steph,
1949 3229 1981 3256 et

226 3264 396 3297 Manutius
431 3283 464 3287 ——
503 3267 554 3296 -27,
581 3269 723 3305 angusta
749 3267 784 3297 Β1
814 3284 841 3289 -—
873 3268 899 3297 si
925 3268 979 3298 11²:
1008 3268 1056 3298 sid
1081 3266 1120 3298 Ηι
1146 3269 1179 3297 ct
1203 3269 1228 3298 A
1255 3270 1334 3297 aute
1360 3275 1531 3305 rasuram⁷
1558 3268 1591 3298 id
1615 3267 1687 3300 A2B
1715 3285 1745 3290 —
1775 3277 1871 3306 ρηῑηι,
1892 3276 1926 3306 R,
1946 3276 1979 3306 Ρ,

225 3314 279 3345 sed
301 3314 329 3345 H
362 3331 397 3336 —
435 3315 487 3347 28.
513 3315 603 3347 bonis
624 3317 778 3355 sanisque
801 3317 890 3348 coni.
910 3316 1023 3354 Orelli,
1049 3316 1078 3348 b.
1100 3316 1272 3356 liberisque
1296 3316 1439 3347 Krause.
