2249 3624
546 152 635 194 Lm.
667 153 718 193 11.
761 151 858 193 CAP.
889 151 1140 192 LIII—LV.
1177 149 1237 204 §§
1270 148 1519 191 toan-itt.
1840 149 1921 189 555

151 261 336 312 cuiusque
374 271 519 299 versus
558 257 711 298 litteris
751 258 907 312 aliquid
951 258 1212 306 conectitur,
1261 264 1305 298 ut
1346 259 1384 297 in
1427 257 1677 311 quibusdam
1720 257 1921 296 Ennianis

153 324 203 373 Q.
235 322 466 363 Ennius
516 320 697 360 fecit.
759 321 802 360 ld
836 328 946 361 certe
979 323 1107 374 magis
1141 327 1203 361 est
1235 322 1379 361 attenti
1412 321 1538 361 animi
1574 333 1699 373 quam
1734 319 1920 358 furentis.

152 383 244 426 ΜΞ.
290 385 424 436 Atque
469 383 511 422 in
554 384 770 436 Sibyllinis
817 397 868 423 ex
916 385 1048 436 primo
1094 397 1215 423 versu
1260 385 1464 436 cuiusque
1507 383 1736 422 sententiae
1780 381 1921 434 primis

149 447 295 488 litteris
336 446 448 485 illius
489 446 720 485 sententiae
759 460 925 485 carmen
967 460 1090 485 omne
1132 447 1402 499 praetexitur.
1472 447 1561 485 lloc
1594 444 1808 497 scriptoris
1842 448 1920 487 est,

150 524 232 550 non
263 508 462 554 furentis,
494 508 732 547 adhibentis
764 509 1045 559 diligentiam,
1071 522 1154 548 non
1178 510 1326 548 insani.
1378 510 1511 556 Quam
1535 508 1586 546 ob
1610 522 1695 547 rem
1721 506 1919 559 Sibyllam
1936 517 1954 543 ε’,

148 570 317 625 quidem
349 571 573 622 sepositam
613 575 654 609 et
691 570 901 609 conditam
939 570 1189 616 habeamus,
1232 577 1296 616 ut,
1340 571 1377 610 id
1413 571 1525 624 quod
1559 570 1769 622 proditum
1803 575 1864 607 est
1900 582 1923 607 a

148 634 396 679 maioribus,
430 633 591 671 iniussu
625 637 794 671 senatus
827 646 878 670 ne
912 632 1103 683 legantur
1135 633 1302 686 quidem
1343 632 1436 673 libri
1481 634 1729 686 valeantque
1769 631 1818 670 ad
1853 631 1923 669 ‹le-

148 695 362 752 ponendas
395 696 532 748 potius
565 707 688 747 quam
721 694 772 733 ad
805 694 1097 746 suscipiendas
1129 695 1377 745 religiones:
1410 710 1503 735 cum
1537 695 1794 734 antistitibus
1827 706 1923 745 aga-

149 773 252 805 mus,
283 764 328 798 ut
360 757 527 811 quidvis
561 757 698 808 potius
729 769 781 795 ex
807 756 889 795 illis
913 756 1028 795 libris
1052 770 1176 809 quam
1201 770 1337 809 regem
1364 758 1599 810 proferant,
1624 772 1748 811 quem
1771 758 1923 795 Romae

149 821 322 876 posthac
353 834 429 859 nec
463 819 503 858 di
536 832 612 858 nec
645 818 832 858 homines
865 832 956 858 esse
989 820 1211 870 patientur.
1940 827 1974 854 io

262 883 344 923 LV.
385 883 437 921 At
469 881 586 921 multi
619 889 745 934 saepe
776 894 873 921 vera
905 881 1143 927 vaticinati,
1178 887 1221 920 ut
1253 882 1498 929 Cassandra,

374 945 579 997 Iamque
623 944 746 983 mari
788 957 972 996 magno
1004 966 1059 973 --

149 1006 381 1060 eademque
414 1006 540 1059 paulo
573 1012 669 1059 post

371 1069 514 1109 Eheu
554 1068 724 1108 videte
759 1091 814 1098 --

150 1130 242 1173 lll3.
274 1134 380 1172 Num
413 1132 538 1183 igitur
570 1145 634 1171 me
667 1133 782 1184 cogis
816 1132 938 1172 etiam
970 1131 1124 1172 fabulis
1157 1132 1358 1172 credere?
1391 1146 1495 1186 quae
1529 1133 1821 1173 delectationis
1855 1135 1925 1172 lia-
1940 1141 1976 1168 ¹⁵3

148 1198 271 1237 beant
311 1200 515 1249 quantum
560 1194 698 1241 voles,
741 1195 876 1234 verbis
914 1195 1158 1242 sententiis,
1201 1196 1384 1235 numeris
1426 1197 1614 1235 cantibus
1647 1196 1923 1236 adiuventur:

148 1258 435 1300 auctoritatem
468 1256 638 1310 quidem
671 1257 829 1296 nullam
862 1257 1059 1297 debemus
1102 1271 1179 1297 nec
1212 1256 1335 1297 [idem
1368 1259 1669 1297 commenticiis
1702 1259 1824 1297 rebus
1856 1259 1926 1298 ad-

147 1322 332 1374 iungere.
391 1319 639 1372 Eodemque
671 1319 797 1358 modo
830 1332 905 1359 nec
939 1333 1015 1371 ego
1044 1320 1231 1359 Publicio
1263 1320 1403 1359 nescio
1436 1321 1500 1359 cui
1536 1334 1609 1359 nec
1631 1322 1792 1361 Marciis
1825 1322 1927 1361 vati-

150 1383 227 1423 bus
250 1395 325 1421 nec
348 1381 554 1434 Apollinis
577 1382 734 1435 opertis
757 1382 1014 1422 credendum
1037 1382 1252 1429 existimo,
1277 1396 1457 1436 quorum
1480 1384 1631 1435 partim
1654 1384 1748 1423 licta
1770 1389 1925 1437 aperte,

150 1444 301 1499 partim
330 1442 491 1484 effutita
514 1450 691 1491 temere,
714 1458 941 1497 numquam
965 1459 1016 1485 ne
1039 1445 1236 1485 mediocri
1263 1446 1434 1499 quidem
1455 1447 1673 1498 cuiquam,
1696 1459 1779 1486 non
1804 1447 1925 1486 modo
1940 1454 1977 1482 ΞΟ

150 1506 347 1563 prudenti
380 1507 555 1558 probata
585 1512 695 1546 sunt.
750 1504 844 1546 llls1-.
878 1507 1022 1555 Quid?
1056 1507 1242 1561 inquies,
1273 1521 1417 1547 remex
1440 1508 1511 1547 ille
1535 1509 1585 1548 de
1609 1508 1740 1548 classe
1764 1508 1926 1561 Coponi

149 1583 288 1611 nonne
319 1582 367 1609 ea
397 1569 620 1622 praedixit,
651 1582 759 1623 quae
791 1569 897 1610 facta
929 1572 1054 1610 sunt?
1105 1570 1179 1609 Ille
1212 1584 1310 1610 vero
1340 1576 1381 1609 et
1413 1584 1461 1610 ea
1492 1571 1685 1624 quidem,
1710 1584 1816 1622 quae
1839 1584 1926 1610 om-

150 1646 225 1673 nes
266 1645 315 1672 eo
355 1637 542 1684 tempore
586 1645 638 1671 ne
678 1632 912 1673 acciderent
950 1633 1213 1672 timebamus.
1290 1632 1433 1672 Castra
1475 1633 1587 1672 euim
1629 1633 1670 1672 in
1711 1633 1928 1673 Thessalia

152 1696 295 1736 castris
337 1694 503 1735 conlata
544 1694 848 1742 audiebamus,
895 1695 1201 1748 videbaturque
1243 1695 1364 1735 nobis
1406 1696 1618 1735 exercitus
1661 1696 1847 1736 Caesaris
1889 1700 1927 1735 et

151 1759 352 1799 audaciae
390 1757 484 1810 plus
520 1756 698 1803 habere,
741 1758 898 1810 quippe
931 1758 1002 1811 qui
1036 1759 1195 1810 patriae
1227 1758 1382 1797 bellum
1415 1758 1648 1805 intulisset,
1693 1765 1731 1797 et
1764 1758 1926 1797 roboris
1941 1767 1977 1795 25

150 1826 320 1875 propter
347 1824 611 1859 vetustatem.
656 1820 807 1859 Casum
839 1826 977 1860 autem
1009 1820 1158 1873 proelii
1191 1834 1313 1860 nemo
1346 1826 1531 1860 nostrum
1565 1826 1651 1860 erat
1682 1821 1785 1873 quin
1808 1820 1928 1859 time-

149 1887 228 1930 ret,
262 1881 336 1922 sed
367 1882 445 1929 ita,
477 1887 522 1921 ut
554 1882 845 1922 constantibus
878 1883 1113 1922 hominibus
1147 1897 1223 1935 par
1244 1888 1351 1929 erat,
1375 1896 1459 1922 non
1483 1888 1638 1935 aperte.
1690 1883 1764 1922 llle
1788 1887 1925 1922 autem

153 1945 334 1985 Graecus
367 1944 467 1997 quid
501 1944 673 1991 mirum,
711 1945 745 1984 si
779 1945 1067 1998 magnitudine
1101 1946 1286 1993 timoris,
1318 1951 1364 1985 ut
1395 1945 1646 1998 plerumque
1678 1943 1742 1991 fit,
1775 1958 1798 1984 a
1829 1958 1929 1984 con-

151 2006 304 2048 stantia
335 2012 460 2059 atque
492 2020 514 2047 a
546 2013 684 2047 mente
710 2013 838 2061 atque
868 2022 890 2048 a
913 2022 956 2048 se
980 2009 1069 2061 ipse
1092 2008 1316 2048 discessit?
1352 2021 1436 2061 qua
1460 2008 1776 2061 perturbatione
1798 2008 1927 2047 animi

150 2082 270 2123 quae,
303 2081 429 2108 sanus
461 2083 555 2109 cum
587 2076 719 2118 esset,
753 2071 926 2110 timebat
956 2084 1008 2110 ne
1039 2071 1282 2117 evenirent,
1316 2083 1362 2110 ea
1397 2070 1569 2110 demens
1602 2077 1804 2111 eventura
1837 2084 1927 2111 esse
1942 2080 1978 2109 30

150 2131 326 2171 dicebat.
373 2132 517 2172 Utrum
551 2132 732 2180 tandem,
767 2147 840 2186 per
871 2134 972 2173 deos
1006 2139 1133 2187 atque
1164 2133 1380 2173 homines!
1418 2134 1548 2185 magis
1580 2134 1667 2172 veri
1700 2133 1835 2173 simile
1867 2138 1930 2173 est

150 2207 347 2234 vesanum
380 2195 581 2247 remigem
612 2209 665 2235 an
696 2196 883 2249 aliquem
915 2201 1124 2243 nostrum,
1157 2196 1230 2248 qui
1263 2195 1319 2234 ibi
1353 2200 1440 2235 tum
1474 2208 1658 2242 eramus,
1691 2208 1774 2242 me,
1809 2195 1929 2235 Cato-

151 2270 271 2303 nem,
312 2257 566 2304 Varronem,
610 2257 845 2311 Coponium
890 2258 1029 2311 ipsum
1077 2258 1253 2297 consilia
1294 2257 1469 2297 deorum
1511 2258 1795 2298 inmortalium
1835 2271 1929 2310 per-

150 2320 311 2372 spicere
342 2319 558 2372 potuisse?

151 2446 211 2477 que
234 2445 347 2468 versus
371 2436 518 2475 litteris):
545 2446 589 2468 ex
607 2438 711 2477 primi
736 2447 850 2468 uersus
873 2438 989 2469 litteris
1011 2440 1078 2475 ΑΒ,
1106 2448 1148 2469 ea)
1170 2438 1288 2477 primis
1312 2447 1425 2469 uersus
1448 2438 1565 2469 litteris
1582 2438 1620 2474 V,
1647 2446 1690 2468 ea:
1710 2438 1829 2477 primis
1851 2447 1929 2469 ver-

149 2496 244 2518 suum
267 2487 370 2518 literis
399 2487 502 2519 codd.
530 2487 727 2528 interpolati
753 2489 878 2519 Moseri
905 2488 930 2519 O
973 2506 1006 2510 —
1052 2490 1081 2519 vt.
1108 2496 1173 2519 (τιή
1190 2489 1330 2518 nectitur
1354 2488 1398 2525 B,
1431 2488 1635 2518 formet-titur
1660 2488 1719 2518 VO
1755 2505 1788 2508 —-
1828 2488 1858 2518 2.
1889 2490 1925 2527 Q.

149 2538 322 2569 Auratus:
354 2545 438 2576 quae
463 2539 487 2568 C
517 2555 551 2558 —
585 2546 679 2575 quem
704 2537 740 2568 Β1
771 2555 804 2560 -
841 2537 870 2568 3.
898 2541 1056 2577 atque--
1079 2539 1185 2569 insani
1211 2537 1385 2576 glossema
1412 2546 1490 2567 csse
1518 2535 1714 2567 i='renzelius
1740 2536 1928 2568 arbitratus

151 2590 205 2619 est
230 2605 263 2609 —
291 2587 449 2627 sybillinis
471 2588 538 2626 AB,
564 2587 712 2618 sibillinis
736 2586 775 2617 Ψ
801 2605 829 2609 -
858 2588 1017 2619 sententia
1043 2589 1065 2618 B
1095 2605 1129 2609 -
1154 2588 1272 2626 primis
1296 2587 1399 2617 literis
1425 2587 1510 2617 illias
1533 2587 1710 2617 sententiae
1734 2595 1803 2616 om.
1826 2587 1926 2622 Pith.v

150 2645 193 2668 ex
217 2637 336 2676 primis
366 2645 520 2668 versuum
551 2639 710 2676 cuiusque
741 2638 917 2669 sententiae
942 2638 1058 2668 litteris
1083 2638 1168 2668 illins
1192 2637 1370 2667 sententiae
1394 2646 1528 2667 carmen
1555 2638 1727 2672 Aoi-atus,
1765 2645 1807 2666 esc
1829 2637 1929 2675 primi

149 2695 260 2718 versus
282 2687 438 2725 cuiusque
461 2688 637 2719 sententiae
658 2688 776 2726 primis
800 2688 904 2718 liter-is
929 2688 980 2718 Fr.
1000 2687 1108 2718 Jacob
1135 2689 1167 2718 in
1195 2686 1312 2718 Philol.
1342 2687 1507 2724 111,.·33¹2:
1544 2694 1626 2716 vera
1654 2686 1816 2716 codicum
1842 2687 1931 2717 scri-

151 2738 252 2776 ptura
275 2737 325 2767 sic
350 2735 556 2777 explicanda
582 2739 651 2767 est:
681 2738 714 2768 in
739 2737 956 2769 carminibus
974 2736 1150 2777 Sibyllinis
1176 2746 1244 2767 non
1271 2736 1384 2767 solum
1412 2746 1451 2765 ex
1479 2737 1598 2775 primis
1624 2744 1791 2766 versuum
1809 2735 1930 2768 litteris

151 2783 279 2825 aliquid
305 2788 518 2825 conectitur,
551 2786 613 2818 sed
640 2789 736 2827 ipsae
763 2788 896 2828 primae
923 2786 1042 2818 literae
1069 2788 1240 2827 cuiusque
1266 2787 1461 2817 sententiae
1493 2787 1525 2816 in
1552 2785 1723 2826 capitibus
1748 2796 1928 2825 xci-suum,

152 2835 210 2874 qui
235 2834 327 2865 illam
352 2837 563 2868 sententiam
588 2837 779 2875 continent,
807 2836 886 2868 inde
913 2847 929 2867 a
958 2838 1070 2877 primo
1095 2846 1199 2868 versu
1224 2837 1394 2876 repetitae
1421 2835 1592 2875 leguntur.
1615 2853 1648 2857 —
1677 2837 1707 2867 5.
1728 2837 1879 2875 sybillam
1904 2841 1930 2868 Α

156 2901 189 2906 -
215 2884 246 2915 7.
272 2888 404 2916 senatus
426 2888 470 2924 A,
497 2886 561 2918 sed
584 2896 623 2917 us
648 2887 680 2918 in
705 2896 772 2918 ras.
808 2905 842 2909 —
881 2887 911 2918 8.
938 2887 1109 2926 reliyionis
1133 2887 1156 2917 Β
1197 2904 1230 2907 -
1269 2885 1443 2916 antistibus
1467 2886 1526 2916 AB
1561 2902 1594 2907 —
1636 2886 1686 2916 vtO.
1709 2887 1846 2925 posthac
1871 2888 1925 2918 13¹:

150 2934 303 2973 posthaec
320 2935 455 2966 ABVO
482 2953 516 2958 —
544 2937 590 2967 dii
607 2935 683 2967 A2O
712 2954 746 2959 —-
770 2937 948 2976 pacientur
965 2938 989 2966 Α
1019 2953 1053 2957 -
1082 2936 1133 2966 tt.
1155 2936 1199 2966 acl
1215 2934 1282 2966 ΑΒ1
1303 2953 1336 2957 -ή
1366 2936 1474 2965 multis
1490 2934 1528 2965 13¹
1548 2952 1581 2956 —-
1612 2935 1663 2966 113.
1680 2936 1791 2976 paulo]
1807 2937 1930 2976 populo

153 2983 181 3013 V
206 3000 241 3005 —
275 2985 327 3015 45.
353 2984 415 3025 me]
439 2994 479 3016 ne
503 2986 526 3016 B
568 3004 601 3008 —
640 2986 863 3017 delectationis
887 2985 1008 3025 vulgo:
1048 2987 1275 3018 delectationes
1300 2988 1323 3017 C
1363 3003 1398 3008 —
1440 2987 1491 3017 40.
1519 2986 1655 3016 canticis
1680 2986 1767 3017 Pith.
1806 3004 1834 3008 —
1876 2987 1927 3017 118.

153 3033 348 3064 tennescio
371 3034 396 3064 B
425 3052 458 3057 —
488 3036 540 3066 49.
561 3036 736 3075 appollinis
760 3036 782 3066 B
806 3053 837 3058 —-
865 3036 957 3075 facta
983 3037 1019 3066 Β1
1039 3054 1073 3058 -
1102 3037 1155 3068 ⁶20.
1177 3037 1307 3075 quidem
1332 3045 1410 3076 sup,
1429 3035 1487 3066 lin.
1507 3036 1611 3066 habet
1630 3037 1654 3067 B
1679 3054 1721 3058 —
1746 3037 1798 3067 Ἣ.
1818 3045 1930 3067 remea·

153 3081 191 3119 B,
217 3082 280 3113 sed
305 3091 347 3113 ex
371 3083 405 3114 in
430 3092 497 3116 ras.
522 3102 554 3106 —
583 3086 724 3116 deviasse
749 3083 796 3121 13¹,
825 3086 1011 3116 declarasse
1035 3084 1073 3117 Β·ὲ
1100 3105 1133 3108 -
1162 3087 1298 3125 Coponii
1322 3087 1346 3117 O
1375 3104 1408 3107 —
1436 3087 1490 3117 25
1510 3086 1668 3117 audatiae
1686 3089 1708 3117 ,t
1739 3105 1773 3108 —
1800 3087 1853 3117 ⁵26.
1874 3087 1930 3125 qui

155 3131 279 3163 timeret
301 3131 353 3170 V¹,
387 3134 444 3172 qui
468 3143 532 3164 non
555 3135 683 3166 timeret
706 3132 749 3164 VJ
776 3152 808 3156 —
844 3135 896 3165 227.
924 3138 961 3166 uc
985 3144 1075 3166 corr.
1104 3144 1145 3166 ex
1170 3140 1228 3166 aa!
1253 3136 1276 3166 B
1311 3153 1344 3156 —
1378 3137 1411 3166 ill
1437 3136 1659 3167 constantibus
1683 3136 1864 3167 Ernestius
1891 3153 1926 3158 —

154 3179 207 3211 29.
233 3181 378 3221 adeoque
401 3192 422 3214 a
445 3192 478 3214 sc
500 3184 570 3222 ipso
601 3183 723 3215 maluit
753 3184 910 3216 Mosei-us
952 3203 986 3207 —
1029 3186 1081 3216 30.
1110 3194 1166 3217 uec
1190 3186 1339 3216 uenirent
1365 3184 1401 3216 B¹
1441 3203 1474 3207 —
1518 3186 1570 3216 31.
1596 3185 1652 3226 est]
1678 3186 1718 3215 sit
1743 3188 1768 3216 A
1802 3186 1834 3216 in
1859 3194 1927 3216 ras.

156 3237 202 3261 m.
228 3238 300 3262 sec.
340 3249 375 3254 —
417 3233 470 3264 32.
497 3243 638 3266 uesanus
660 3236 707 3274 A,
739 3233 804 3266 sed
835 3242 915 3266 uesa
946 3236 979 3267 in
1012 3244 1080 3268 ras.
1122 3254 1155 3258 —
1198 3245 1248 3267 me
1273 3236 1428 3267 Catonem
1452 3237 1531 3268 AB:
1570 3237 1615 3268 M.
1643 3236 1797 3267 Catonem
1830 3235 1856 3265 V
1890 3252 1923 3257 —

155 3278 208 3312 33.
234 3281 392 3322 respicere
415 3282 485 3315 AV.
