2249 3624
540 189 624 227 Lm.
647 187 716 227 111.
757 185 854 226 cst.
879 185 1224 225 xxix-xxx.
1264 183 1323 237 §§
1348 181 1597 224 ¹103-4110.
1869 182 1949 224 7:37

196 300 335 345 aliter,
369 296 408 336 id
441 295 473 335 si
506 307 589 333 non
620 293 783 337 fecerit,
817 293 977 332 nullum
1011 299 1070 332 est
1102 292 1342 345 periurium.
1404 292 1472 337 Ut,
1505 292 1536 331 si
1568 290 1848 344 praedonibus
1880 305 1952 344 pa-

196 369 306 402 ctum
349 372 422 413 pro
465 357 597 410 capite
641 357 817 409 pretium
862 370 941 394 non
975 356 1188 401 attuleris,
1232 354 1345 393 nulla
1377 353 1488 393 fraus
1520 359 1603 401 est,
1644 367 1695 393 nc
1727 354 1759 393 si
1794 355 1950 394 iuratus

195 423 363 478 quidem
404 420 444 461 id
487 433 569 458 non
610 418 772 457 fereris.
843 419 943 457 Nam
987 418 1118 471 pirata
1160 430 1242 456 non
1285 422 1346 456 est
1386 431 1436 455 ex
1467 416 1744 470 perduellium
1778 431 1950 456 numero

194 483 412 531 delinitus,
453 482 525 523 sed
568 481 799 521 communis
831 480 963 519 hostis
995 481 1203 519 omnium:
1248 493 1339 519 cum
1371 481 1449 519 hoc
1482 493 1556 519 ner
1588 478 1690 519 tides
1722 479 1845 519 debet
1876 494 1952 519 nec

194 549 258 587 ius
298 545 518 586 iurandum
562 558 653 583 esse
695 556 926 583 commune.
994 540 1087 582 1108.
1131 544 1222 581 Non
1257 544 1363 582 enim
1397 542 1542 582 salsum
1575 543 1708 582 iurare
1741 543 1984 596 periurare5

194 617 277 655 est,
317 609 413 654 sed,
455 608 566 661 quod
599 619 656 646 iix
686 620 804 646 ANlMl
836 619 902 644 rvr
936 618 1164 644 SENTENTIA
1196 606 1372 651 iuraris,
1414 606 1519 644 sicut
1551 606 1686 645 verbis
1718 606 1954 660 concipitur

195 686 307 714 more
340 676 503 717 nostro,
535 669 575 708 id
609 682 693 708 non
725 668 861 707 farere
894 669 1122 720 periurium
1156 673 1229 707 est.
1291 668 1401 707 Scite
1434 668 1543 707 enim
1576 667 1821 721 Euripides:

418 732 589 773 Iuravi
641 732 840 783 lingua,
881 736 1089 769 mentem
1131 730 1402 770 iniuratam
1444 744 1573 782 gero.

192 797 374 850 Regulus
415 809 513 836 vero
555 808 639 834 non
681 794 826 833 debuit
867 792 1132 833 conditiones
1173 794 1472 847 pactionesque
1512 794 1682 834 bellicas
1714 800 1754 833 et
1784 794 1954 834 hostiles

193 856 435 912 perturbare
477 857 674 911 periurio.
748 855 848 895 Cum
892 855 1000 894 iusto
1042 854 1152 893 enim
1187 860 1227 894 et
1258 855 1445 907 legitimo
1477 855 1594 895 hoste
1626 870 1690 896 res
1721 858 1954 910 gerebatur,
1973 866 2005 895 ¹0

193 921 391 961 adversus
424 933 549 974 quem
583 925 623 959 et
654 923 784 959 totum
818 918 881 957 ius
914 917 1053 957 fetiale
1087 922 1127 957 et
1158 918 1285 957 multa
1309 923 1404 957 sunt
1425 918 1514 957 iura
1538 922 1782 960 communia.
1830 921 1955 969 Quod

195 985 235 1024 ni
267 984 323 1023 ita
354 989 484 1030 esset,
526 995 751 1034 numquam
792 981 926 1021 claros
957 981 1068 1020 viros
1101 986 1271 1020 senatus
1303 981 1464 1021 vinctos
1495 982 1684 1022 hostibus
1716 981 1956 1023 dedidisset.

193 1047 327 1087 XXX.
367 1043 460 1085 409.
493 1046 544 1084 At
574 1058 670 1084 vero
702 1046 747 1084 T.
771 1044 966 1084 Veturius
998 1049 1039 1083 et
1072 1044 1139 1097 Sp.
1163 1044 1421 1091 Postumius,
1454 1058 1545 1083 cum
1578 1045 1727 1085 iterum
1761 1047 1956 1086 consules

195 1115 347 1156 essent,
380 1109 493 1162 quia,
526 1122 617 1148 cum
650 1107 756 1147 male
788 1112 1016 1160 pugnatum
1040 1106 1151 1159 apud
1177 1106 1378 1146 Caudium
1402 1113 1524 1154 esset,
1546 1107 1782 1159 legionibus
1805 1109 1957 1148 nostris

194 1171 272 1211 sub
304 1171 445 1223 iugum
481 1170 615 1210 missis
647 1183 791 1223 pacem
824 1184 916 1209 cum
950 1169 1203 1208 Samnitibus
1244 1167 1450 1217 fecerant,
1495 1169 1624 1209 dediti
1657 1176 1752 1210 sunt
1783 1170 1854 1210 iis:
1896 1171 2008 1210 iii-15

194 1235 306 1274 iussu
340 1234 448 1272 enim
482 1233 627 1285 populi
651 1238 904 1284 senatusque
927 1232 1123 1272 fecerant.
1168 1231 1415 1285 Eodemque
1439 1237 1627 1285 tempore
1651 1233 1711 1272 Ti.
1730 1232 1958 1281 Numicius,

196 1297 244 1345 Q.
268 1297 466 1341 Maelius,
500 1296 570 1348 qui
602 1300 687 1335 tum
719 1294 875 1334 tribuni
907 1295 962 1348 pl.
995 1300 1126 1342 erant,
1158 1294 1272 1348 quod
1305 1308 1448 1334 eorum
1480 1295 1728 1336 auctoritate
1761 1310 1842 1349 pax
1874 1302 1961 1336 erat

193 1359 324 1407 facta,
366 1358 495 1398 dediti
530 1363 647 1405 sunt,
688 1363 734 1396 ut
764 1370 845 1411 pax
878 1357 1125 1397 Samnitium
1157 1358 1462 1411 repudiaretur.
1523 1358 1656 1412 Atque
1688 1358 1812 1399 huius
1845 1358 1960 1398 dedi-

196 1421 320 1461 tionis
352 1420 441 1473 ipse
463 1420 715 1467 Postumius,
747 1420 820 1473 qui
851 1419 1094 1468 dedebatur,
1126 1434 1272 1461 suasor
1304 1426 1344 1460 et
1375 1426 1520 1461 auctor
1551 1421 1643 1461 fuit.
1695 1421 1817 1469 Quod
1850 1422 1958 1462 idem

196 1484 338 1525 multis
379 1484 499 1523 annis
541 1488 635 1536 post
679 1482 720 1522 C.
752 1482 994 1529 Mancinus,
1036 1483 1109 1536 qui
1150 1488 1197 1523 ut
1234 1484 1525 1531 Numantinis,
1573 1484 1821 1536 quibuscum
1871 1484 2011 1524 sinesso

196 1552 365 1587 senatus
407 1545 648 1586 auctoritate
686 1544 834 1584 foedus
875 1544 1054 1591 fecerat,
1102 1545 1346 1595 dederetur,
1388 1548 1646 1600 rogationem
1690 1548 1818 1588 suasit
1858 1561 1961 1595 eam,

196 1623 320 1664 quam
353 1610 397 1648 L.
419 1608 587 1655 Furius,
621 1608 716 1647 Sex.
740 1608 888 1647 Atilius
920 1622 973 1647 ex
1004 1613 1173 1648 senatus
1207 1611 1398 1650 consulto
1429 1610 1638 1651 ferebant:
1681 1623 1763 1662 qua
1795 1616 1963 1664 accepta

196 1678 259 1712 est
289 1672 479 1711 hostibus
511 1670 690 1711 deditus.
750 1671 979 1711 Honestius
1020 1671 1088 1711 hic
1127 1686 1252 1726 quam
1286 1673 1336 1721 Q.
1359 1673 1607 1726 Pompeius,
1651 1686 1759 1727 quo,
1797 1686 1888 1713 cum
1921 1672 1962 1711 in

197 1734 341 1774 eadem
374 1747 496 1774 causa
529 1739 652 1780 esset,
685 1733 936 1787 deprecante
969 1740 1139 1787 accepta
1171 1735 1239 1775 lex
1271 1750 1354 1775 non
1388 1741 1463 1776 est.
1524 1736 1601 1775 Hic
1627 1749 1696 1782 ea,
1720 1747 1826 1788 quae
1849 1734 1964 1774 vide-

194 1797 318 1837 batur
346 1796 517 1842 utihtas,
550 1796 643 1848 plus
675 1796 805 1835 valuit
835 1809 958 1849 quam
989 1797 1200 1845 honestas,
1232 1798 1341 1851 apud
1374 1798 1612 1850 superiores
1643 1796 1836 1837 utilitatis
1868 1810 1962 1850 spe·
1978 1806 2013 1834 25

196 1859 280 1899 cies
319 1858 422 1898 salsa
465 1858 514 1897 ab
546 1858 778 1898 honestatis
810 1859 1059 1899 auctoritate
1091 1866 1285 1914 superata
1318 1866 1393 1900 est.
1465 1857 1558 1899 ΜΟ.
1603 1861 1680 1899 «At
1710 1874 1791 1900 non
1824 1859 1965 1900 debuit

197 1926 330 1960 ratum
364 1932 469 1967 esse,
502 1920 615 1972 quod
648 1926 734 1960 erat
764 1926 899 1960 actum
931 1934 1007 1973 per
1037 1921 1161 1961 vim.»
1215 1922 1346 1971 Quasi
1380 1936 1477 1962 vero
1509 1922 1603 1962 forti
1638 1923 1726 1962 viro
1750 1922 1811 1962 vis
1836 1922 1966 1975 possit

197 1983 398 2023 adhiberi.
463 1983 571 2022 «Cur
610 1983 737 2036 igitur
776 1983 827 2022 ad
865 1989 1055 2023 senatum
1098 1985 1460 2038 proficiscebatur,
1504 2000 1595 2025 cum
1629 1984 1873 2038 praesertim
1915 1984 1964 2022 de

198 2046 370 2098 captivis
403 2045 671 2085 dissuasurus
704 2048 869 2085 esset‘b)
921 2046 1043 2094 Quod
1077 2047 1303 2087 maximum
1337 2048 1379 2087 in
1403 2062 1453 2088 eo
1477 2055 1558 2096 est,
1581 2048 1620 2088 id
1645 2046 1964 2101 reprehenditis.

196 2109 290 2148 Non
332 2108 440 2147 enim
482 2121 558 2147 suo
603 2108 758 2147 iudicio
800 2108 937 2156 stetit,
981 2109 1051 2148 sed
1096 2110 1280 2163 suscepit
1321 2124 1510 2158 eausam,
1551 2115 1595 2150 ut
1626 2116 1736 2150 esset
1767 2108 2015 2149 iudicium30

199 2175 393 2210 senatus:
438 2170 504 2209 cui
550 2170 629 2210 nisi
671 2171 762 2223 ipse
802 2176 947 2210 auctor
988 2170 1158 2219 fuisset,
1207 2173 1358 2226 captivi
1400 2173 1589 2227 profecto
1622 2172 1773 2212 Poenis
1813 2170 1966 2211 redditi

200 2238 352 2272 essent.
405 2232 464 2271 Ita
503 2232 723 2272 incolumis
765 2232 806 2272 in
848 2234 981 2286 patria
1014 2234 1198 2287 Regulus
1230 2236 1462 2276 restitisset.
1524 2235 1645 2284 Quod
1679 2235 1776 2288 quia
1807 2233 1966 2287 patriae

200 2307 282 2334 non
315 2293 417 2333 utile
450 2295 633 2346 putavit,
675 2295 832 2335 idcirco
865 2296 943 2335 sibi
974 2296 1198 2336 honestum
1231 2303 1272 2337 et
1303 2300 1457 2339 sentire
1489 2299 1560 2338 illa
1591 2303 1631 2337 et
1661 2297 1743 2351 pati
1778 2297 1966 2337 credidit.

201 2357 301 2396 Nam
345 2356 457 2410 quod
490 2357 631 2404 aiunt,
675 2358 785 2410 quod
821 2358 942 2398 valde
974 2359 1077 2398 utile
1111 2358 1184 2406 sit,
1223 2360 1264 2399 id
1298 2360 1386 2399 fieri
1418 2360 1663 2406 honestum,
1707 2359 1834 2398 immo
1867 2371 1965 2398 vero

202 2432 316 2466 esse,
359 2432 443 2458 non
474 2417 576 2459 fieri.
636 2420 710 2460 Est
741 2421 849 2461 enim
882 2421 985 2461 nihil
1020 2421 1145 2469 utile,
1190 2422 1302 2475 quod
1335 2422 1446 2462 idem
1480 2437 1561 2462 non
1592 2422 1834 2468 honestum,
1876 2433 2015 2467 nec,35

202 2482 300 2535 quia
331 2481 455 2529 utile,
496 2481 744 2530 honestum,
785 2484 879 2530 sed,
922 2484 1019 2536 quia
1050 2484 1296 2531 honestum,
1338 2485 1454 2524 utile.
1517 2484 1609 2532 Qua
1648 2497 1692 2522 re
1733 2496 1785 2522 ex
1827 2482 1965 2522 multis

291 2599 320 2629 4.
346 2598 458 2637 fecerit
476 2598 519 2629 C:
545 2598 659 2638 seceris
683 2607 701 2630 ο
730 2617 763 2622 -
790 2599 822 2631 4.
844 2600 1014 2640 [definitus]
1041 2608 1059 2631 ο
1085 2609 1164 2631 cum
1184 2602 1330 2632 Grutero
1357 2603 1389 2631 et
1415 2602 1438 2631 I.
1456 2602 1501 2631 M.
1525 2600 1752 2639 {teusingmo
1775 2616 1809 2621 —
1836 2607 1876 2629 ne
1889 2598 1968 2637 fides

203 2656 224 2679 a
251 2665 284 2671 —
313 2647 400 2679 debet
424 2657 487 2679 om.
514 2650 541 2679 A
569 2666 603 2670 —
636 2650 666 2680 7.
693 2650 778 2680 Scite
801 2650 886 2680 enim
910 2652 932 2681 Α
951 2658 987 2681 c:
1015 2650 1082 2680 Scit
1107 2651 1191 2681 enim
1216 2651 1238 2680 B
1258 2651 1281 2681 ll
1298 2651 1350 2681 ab
1389 2667 1423 2671 —
1463 2650 1493 2681 8.
1520 2648 1609 2689 gero]
1635 2653 1759 2686 lenens,
1786 2656 1965 2688 superscr.

203 2706 251 2729 m.
278 2705 349 2728 sec.
375 2706 501 2738 yerens,
529 2705 546 2728 c
582 2716 615 2721 —
652 2699 682 2729 9.
709 2700 910 2730 coruliliones
933 2703 956 2731 A
974 2700 1117 2736 BHac,
1144 2701 1348 2731 condiciones
1372 2699 1411 2730 b:
1440 2700 1659 2730 condictiones
1684 2707 1702 2730 o
1730 2716 1764 2720 —
1791 2701 1819 2728 et
1843 2697 1970 2727 hostiles

205 2755 273 2778 om.
294 2754 314 2786 p
340 2764 381 2769 —-
407 2747 457 2778 40.
480 2749 630 2787 periurio
651 2749 849 2787 perturbare
873 2758 890 2780 c
919 2767 953 2772 —
982 2750 1031 2780 tt.
1058 2750 1174 2788 feciale
1197 2751 1221 2780 A
1238 2749 1259 2780 l)
1275 2758 1292 2780 c
1321 2767 1354 2771 —
1393 2749 1443 2779 4-2.
1472 2750 1598 2779 uim-tos
1621 2750 1691 2778 Ac:
1718 2748 1822 2777 uictos
1846 2745 1966 2777 Bllab

206 2814 247 2819 —-
271 2797 441 2828 dedidisset
464 2806 554 2829 corr.
575 2807 615 2828 ex
640 2799 773 2829 dedisset
798 2808 837 2833 a;
864 2800 1000 2830 dedisset
1023 2802 1047 2830 A
1063 2800 1087 2830 B
1116 2817 1150 2822 —
1189 2800 1241 2831 43.
1270 2799 1302 2830 T.
1330 2807 1365 2829 c:
1394 2799 1427 2829 ti.
1455 2800 1478 2828 Α
1497 2798 1520 2828 Η
1538 2797 1606 2834 ab,
1632 2798 1655 2828 ii
1682 2798 1868 2837 (superscr.
1887 2797 1919 2833 h)
1945 2797 1966 2826 Β

209 2863 242 2868 -
270 2846 340 2886 Sp.]
366 2847 498 2885 spurius
522 2849 545 2878 Α
563 2848 585 2878 Β
601 2847 655 2879 ab
695 2866 727 2870 —
769 2848 819 2879 lsi.
847 2850 924 2887 quia
949 2857 1023 2879 cum
1047 2847 1153 2880 B¹ab
1169 2857 1203 2879 c:
1242 2849 1314 2888 quis
1338 2857 1435 2878 acum
1461 2848 1504 2878 ll:
1543 2848 1599 2886 qui
1623 2855 1730 2877 secum
1755 2846 1793 2876 B‘·'
1815 2864 1857 2868 —
1892 2849 1971 2876 esset

207 2896 296 2934 apud
320 2897 454 2927 Gadium
479 2904 496 2927 c
525 2914 559 2918 —
587 2898 638 2928 45.
666 2898 829 2929 iisABb:
857 2899 905 2929 leis
931 2899 955 2929 Η
971 2907 1002 2935 a,
1029 2898 1090 2937 lzijs
1114 2906 1131 2928 c
1159 2915 1193 2920 —
1223 2899 1274 2928 46.
1302 2899 1387 2928 enim
1410 2899 1541 2927 senatus
1563 2898 1708 2934 fecerant
1733 2903 1750 2926 ο
1779 2912 1811 2917 -
1838 2894 1972 2926 liberius

207 2947 370 2977 nzinucius
386 2948 435 2984 .().
455 2947 583 2977 emilius
609 2948 652 2985 11,
685 2948 820 2979 tiberius
843 2949 1000 2979 minucius
1019 2950 1069 2987 .Q.
1097 2948 1224 2979 emilius
1247 2956 1286 2984 a,
1314 2948 1349 2978 ti.
1374 2947 1542 2977 minulius.
1564 2947 1600 2984 O.
1627 2946 1754 2976 emilius
1778 2951 1813 2981 c,
1840 2945 1972 2975 tiberius

208 2996 434 3034 minuciusque
457 2996 585 3026 ennlius
610 2997 656 3033 B,
695 2997 828 3027 tiberius
851 2999 1071 3036 minutiusque
1094 2998 1221 3028 emilius
1250 2996 1324 3027 Ab.
1376 2995 1464 3026 «Pal.
1501 2998 1619 3026 noster
1649 3004 1716 3026 non
1747 2994 1817 3025 abit
1848 2994 1891 3025 ab
1923 2994 1971 3024 eis

209 3042 317 3080 libris,
344 3045 401 3084 qui
427 3044 629 3084 praeferunt
654 3046 698 3076 Ti.
717 3045 895 3084 Minucius,
917 3048 952 3085 Q.
973 3047 1162 3078 Aemilius.»
1189 3048 1289 3077 Gru-r.
1319 3061 1353 3066 —
1382 3045 1432 3074 49.
1461 3044 1635 3075 debebatur
1660 3045 1685 3075 H
1715 3062 1747 3066 —
1775 3045 1827 3075 Ἦ).
1849 3044 1887 3075 G.
1907 3044 1971 3075 All

214 3109 247 3115 -
274 3093 327 3124 ⁶22.
354 3093 389 3123 L.
407 3093 516 3132 furius
541 3095 585 3125 C:
622 3096 654 3126 P.
675 3095 795 3126 Furius
819 3104 837 3127 ο
864 3105 944 3127 cum
969 3096 1230 3136 Oudendorpio.
1272 3111 1305 3116 —
1344 3097 1475 3125 senatus
1498 3094 1653 3134 consulto]
1679 3103 1704 3126 s.
1724 3103 1750 3125 c.
1780 3096 1803 3126 C
1844 3111 1879 3116 —
1918 3094 1970 3124 23.

211 3150 413 3181 quamquam
433 3144 602 3183 pompeius
626 3154 644 3176 c
673 3162 706 3166 —
733 3145 785 3175 26.
807 3145 848 3175 ab
864 3145 1029 3177 honestate
1053 3147 1263 3177 auctorizans
1288 3144 1308 3175 h
1337 3161 1370 3166 —
1399 3144 1451 3173 Ξῖ.
1470 3144 1518 3174 vis
1544 3152 1612 3175 om.
1634 3144 1659 3174 Η
1689 3163 1723 3167 -
1750 3145 1802 3176 28.
1823 3144 1976 3175 adhibere

211 3190 234 3222 b
263 3209 296 3213 —
323 3191 426 3230 690*qu-
448 3193 580 3233 reyulus
603 3195 647 3224 ad
672 3202 690 3225 c
730 3212 764 3216 —
802 3195 840 3225 de
862 3196 1002 3234 captivis
1026 3204 1094 3226 om.
1116 3204 1133 3225 c
1171 3213 1205 3216 —
1244 3195 1295 3226 31.
1322 3193 1385 3234 cui]
1412 3194 1504 3232 Quod
1528 3203 1546 3224 c
1580 3211 1614 3216 -
1652 3196 1765 3235 suisset
1788 3204 1858 3226 om.
1878 3193 1973 3232 A¹b;

213 3244 289 3273 esset
312 3241 352 3272 A2
377 3257 413 3264 -
441 3241 493 3273 35.
519 3252 576 3274 nec
600 3245 679 3283 quia
702 3244 781 3275 utile
802 3244 968 3276 honestum
993 3253 1061 3276 om.
1082 3254 1112 3276 c.

324 3300 441 3330 cremo
463 3302 495 3333 T.
517 3302 566 3334 lV.
1586 3304 1639 3348 47
