2249 3624
252 118 333 161 592
965 121 1105 162 CATO
1137 121 1310 163 MAIOR

252 229 339 268 ulla
375 230 420 268 in
458 242 557 282 agro
589 229 748 268 maiora
779 241 906 281 opera
936 225 1061 275 fiunt,
1101 241 1187 267 non
1219 227 1432 275 serendis,
1473 242 1558 269 non
1587 229 1890 283 percipiendis,
1932 244 2019 272 non
2040 276 2050 287 l

253 291 486 331 condendis
524 291 739 331 fructibus.
801 290 1063 343 Quamquam
1095 289 1139 328 in
1170 290 1264 330 aliis
1295 290 1434 330 minus
1464 291 1546 331 hoc
1577 292 1727 331 mirum
1760 298 1848 341 est3
1895 306 2018 334 nemo

253 354 365 394 enim
397 359 460 393 est
491 358 573 393 tam
605 366 734 392 senex
766 353 838 406 qui
869 365 913 391 se
945 365 1100 392 annum
1131 365 1217 392 non
1249 358 1367 405 putet
1396 366 1520 406 posse
1550 354 1717 394 vivere:
1748 353 1822 394 sed
1843 355 1955 395 idem
1976 355 2020 395 in

254 417 314 456 eis
346 416 584 463 elaborant,
617 428 722 468 quae
754 415 887 454 sciunt
917 414 1022 453 nihil
1052 413 1104 453 ad
1136 427 1180 454 se
1211 415 1383 455 omnino
1417 416 1654 468 pertinere:

223 486 240 514 5
424 478 567 518 Serit
606 477 847 523 arbores,
886 490 1013 529 quae
1054 477 1217 516 alteri
1260 477 1443 517 saeclo
1487 479 1733 531 prosint,

252 547 297 581 ut
335 541 392 581 ait
432 541 590 580 Statius
632 545 774 579 noster
814 539 856 578 in
895 537 1171 594 Synephebis.
1250 537 1316 578 25.
1358 541 1444 579 Nec
1483 554 1582 580 vero
1625 541 1787 581 dubitat
1826 541 2024 594 agricola,

253 604 442 657 quamvis
475 604 530 643 sit
560 615 710 649 senex,
751 602 989 655 quaerenti,
1032 601 1095 641 cui
1129 607 1259 649 serat,
1299 602 1582 655 respondere:
1619 603 1694 643 Dis
1716 603 2024 652 inmortalibus,

252 667 326 720 qui
357 679 422 705 me
452 679 537 704 non
569 664 758 717 accipere
791 664 916 704 modo
947 664 1052 703 haec
1082 676 1106 703 a
1136 664 1367 704 maioribus
1399 664 1642 713 voluerunt,
1686 665 1760 706 sed
1792 665 1918 706 etiam
1949 679 2026 719 po-

252 728 375 769 steris
407 728 602 781 prodere.

201 802 237 831 40
365 791 472 830 VllI.
509 791 560 829 Et
589 785 739 829 melius
773 788 979 829 Caecilius
1010 789 1062 829 de
1094 802 1194 829 sene
1226 789 1347 829 alteri
1379 789 1547 829 saeculo
1578 790 1862 844 prospiciente
1896 803 2022 844 quam

250 853 355 893 illud
386 853 524 892 idem:

419 914 645 968 Edepol,
688 920 964 963 senectus,
1006 915 1046 954 si
1088 915 1163 955 nil
1207 915 1492 968 quicquam
1534 913 1682 953 aliud
1723 915 1823 955 viti

418 978 682 1031 Adportes
723 983 913 1025 tecum,
957 991 1063 1017 cum
1106 977 1345 1023 advenis,
1390 990 1539 1016 unum
1580 976 1630 1015 id
1672 983 1751 1017 sat
1791 982 1891 1026 est,

420 1040 566 1088 Quod
607 1040 696 1079 diu
736 1040 959 1079 vivendo
1002 1039 1161 1079 multa
1202 1052 1330 1092 quae
1369 1052 1471 1078 non
1509 1039 1621 1079 volt
1664 1039 1825 1080 videt.

199 1115 235 1144 45
361 1103 413 1142 Et
444 1103 574 1143 multa
604 1102 804 1150 fortasse,
844 1116 952 1155 quae
984 1102 1099 1142 volt!
1147 1107 1272 1154 atque
1304 1101 1347 1140 in
1379 1115 1448 1149 ea,
1492 1115 1600 1155 quae
1632 1115 1718 1141 non
1750 1102 1857 1150 volt,
1899 1115 2024 1156 saepe

249 1165 374 1206 etiam
406 1164 693 1204 adulescentia
725 1165 913 1204 incurrit.
974 1164 1079 1204 Illud
1111 1178 1210 1204 vero
1243 1164 1355 1203 idem
1391 1164 1597 1204 Caecilius
1629 1164 1841 1204 vitiosius:

418 1229 537 1267 Tum
569 1227 808 1281 equidem
840 1228 889 1266 in
924 1232 1136 1267 senecta
1168 1227 1266 1266 hoc
1298 1226 1493 1279 deputo
1526 1227 1904 1276 miserrimum,

420 1289 637 1330 Sentire
680 1305 735 1331 ea
777 1296 953 1330 aetate
995 1303 1109 1330 esse
1152 1302 1204 1329 se
1246 1289 1492 1329 odiosum
1534 1290 1709 1329 alteri.

361 1351 427 1393 ⁶26.
460 1354 693 1393 Iucundum
727 1354 866 1407 potius
899 1367 1022 1406 quam
1055 1352 1278 1392 odiosum!
1322 1352 1374 1391 Ut
1405 1352 1517 1391 enim
1549 1351 1890 1392 adulescentibus
1912 1352 2024 1393 bona

196 1430 233 1459 ΞΟ
248 1417 390 1458 indole
422 1416 624 1470 praeditis
653 1420 865 1469 sapientes
889 1429 1011 1455 senes
1035 1415 1315 1462 delectantur,
1341 1415 1559 1468 leviorque
1581 1414 1627 1454 fit
1650 1420 1843 1454 senectus
1865 1428 2022 1463 eorum,

249 1482 319 1535 qui
351 1494 375 1521 a
406 1481 623 1520 iuventute
655 1479 852 1519 coluntur
874 1484 914 1518 et
936 1478 1189 1531 diliguntur,
1214 1478 1272 1517 sic
1297 1477 1591 1517 adulescentes
1614 1490 1760 1518 senum
1784 1478 2021 1530 praeceptis

247 1544 450 1597 gaudent,
493 1542 646 1596 quibus
678 1541 730 1581 ad
762 1541 961 1580 virtutum
994 1540 1131 1579 studia
1162 1540 1401 1588 ducuntur3
1444 1553 1521 1580 nec
1554 1541 1691 1580 minus
1723 1540 1923 1593 intellego
1956 1554 2022 1580 me

248 1607 364 1648 vobis
398 1619 522 1660 quam
555 1604 658 1645 mihi
690 1617 762 1644 vos
794 1617 886 1643 esse
918 1603 1138 1642 iucundos.
1190 1603 1273 1642 Sed
1296 1603 1471 1650 videtis,
1495 1608 1542 1642 ut
1564 1608 1759 1642 senectus
1781 1616 1867 1642 non
1892 1602 2018 1643 modo

246 1669 448 1722 languida
478 1674 602 1722 atque
634 1668 746 1706 iners
778 1680 863 1705 non
896 1666 962 1712 sit,
995 1679 1138 1705 verum
1170 1665 1295 1704 etiam
1328 1666 1381 1705 sit
1411 1678 1590 1718 operosa
1622 1672 1661 1706 et
1692 1678 1859 1718 semper
1891 1679 2019 1718 agens

196 1733 408 1786 25aliquid
448 1737 488 1771 et
525 1731 726 1777 moliens,
767 1729 850 1769 tale
887 1729 1068 1776 scilicet,
1113 1728 1236 1781 quale
1270 1729 1478 1782 cuiusque
1510 1729 1693 1768 studium
1725 1728 1768 1767 in
1800 1730 2018 1782 superiore

246 1797 330 1835 vita
361 1795 451 1834 fuit.
512 1793 654 1842 Quid?
701 1793 771 1846 qui
804 1792 927 1831 etiam
959 1792 1182 1831 addiscunt
1212 1791 1406 1844 aliquid?
1447 1796 1493 1830 ut
1524 1797 1565 1831 et
1596 1791 1796 1832 Solonem
1829 1792 2021 1832 versibus

247 1859 496 1912 gloriantem
528 1856 733 1902 videmus,
769 1855 839 1908 qui
873 1869 917 1895 se
950 1854 1102 1894 cotidie
1133 1854 1295 1907 aliquid
1319 1854 1606 1894 addiscentem
1629 1853 1731 1893 dicit
1753 1867 1896 1894 senem
1921 1852 2022 1903 fieri,

247 1927 288 1960 et
319 1934 395 1973 ego
427 1920 531 1967 feci,
574 1919 643 1974 qui
689 1919 846 1958 litteras
889 1919 1068 1957 Graecas
1111 1930 1243 1956 senex
1274 1916 1426 1965 didici,
1469 1930 1573 1970 quas
1607 1916 1779 1970 quidem
1811 1919 1869 1958 sic
1900 1918 2022 1958 avide

246 1983 402 2036 arripui
443 1984 564 2037 quasi
606 1983 847 2022 diuturnam
890 1982 1001 2020 sitim
1044 1980 1217 2034 explere
1258 1980 1456 2033 cupiens,
1498 1985 1544 2019 ut
1582 1993 1632 2019 ea
1670 1980 1763 2032 ipsa
1794 1979 1894 2020 mibi
1925 1985 2024 2021 nota

196 2058 232 2088 30
249 2051 403 2093 essent,
436 2046 592 2099 quibus
625 2059 690 2084 me
722 2058 834 2084 nunc
867 2043 1072 2096 exemplis
1104 2044 1166 2083 uti
1198 2042 1362 2082 videtis.
1418 2042 1541 2090 Quod
1575 2055 1668 2082 cum
1702 2040 1851 2083 fecisse
1876 2044 2024 2084 Socra-

245 2115 329 2149 tem
359 2110 403 2149 in
434 2109 590 2149 fidibus
622 2107 835 2155 audirem,
869 2107 1019 2147 vellem
1052 2106 1248 2159 equidem
1282 2106 1407 2145 etiam
1440 2105 1546 2145 illud
1578 2130 1631 2137 —
1662 2103 1879 2146 discebant
1910 2107 2022 2147 enim

244 2172 397 2213 fidibus
429 2172 591 2227 antiqui
611 2193 686 2219 —‚
725 2170 798 2211 sed
829 2171 872 2210 in
903 2170 1051 2209 litteris
1084 2175 1195 2209 certe
1227 2168 1455 2208 elaboravi.

334 2316 364 2346 l.
390 2316 425 2346 in
449 2322 533 2354 apro
556 2312 625 2343 utta
650 2312 709 2343 ER
734 2329 776 2334 —
800 2311 830 2341 Ξ.
857 2311 981 2341 mirum
1004 2314 1049 2342 est
1073 2310 1233 2351 Madvig:
1259 2311 1382 2341 mimm
1407 2311 1447 2341 sit
1472 2310 1515 2349 C,
1541 2310 1665 2341 mirum
1689 2310 1714 2341 Ο
1742 2327 1777 2333 -
1812 2310 1842 2342 3.
1869 2314 1914 2343 est
1937 2311 2022 2343 enim

244 2368 354 2405 ElS,
393 2374 485 2397 nemo
509 2364 595 2395 enim
619 2368 687 2394 tam
711 2370 811 2393 senex
834 2365 879 2392 est
903 2362 927 2392 Β
956 2379 991 2383 -
1028 2360 1127 2391 iidem
1151 2361 1176 2391 Ο
1203 2377 1237 2382 -
1265 2360 1299 2391 in
1323 2360 1372 2391 his
1395 2360 1455 2391 ER
1489 2377 1523 2381 —
1560 2359 1590 2391 4.
1620 2360 1752 2391 omnino
1777 2362 1821 2392 ad
1842 2370 1876 2393 se
1898 2362 1954 2393 BS
1984 2379 2018 2384 -

243 2420 275 2450 5.
301 2417 407 2448 saeclo
433 2414 535 2446 codd.
562 2411 700 2444 Tuscul.
728 2413 758 2448 Ι,
787 2411 858 2451 §31
891 2412 938 2451 (v.
967 2418 1072 2450 supra
1098 2410 1172 2447 247,
1191 2410 1272 2449 33):
1306 2410 1438 2440 saeculo
1463 2409 1517 2441 vel
1541 2409 1648 2441 secuto
1674 2410 1735 2442 CO
1760 2429 1802 2435 -
1823 2413 1951 2451 prosint
1975 2412 2019 2444 C:

238 2469 388 2509 prosient
415 2465 518 2497 lectio
542 2463 638 2494 varia
671 2463 703 2493 in
729 2470 838 2501 marg.
860 2463 883 2493 P
908 2469 954 2492 m.
976 2469 1047 2492 sec.
1076 2463 1110 2492 et
1134 2461 1180 2495 O:
1215 2461 1293 2491 serit
1317 2460 1457 2492 Arbores
1488 2469 1573 2500 quae
1605 2461 1702 2492 alleri
1726 2462 1857 2493 saeculo
1877 2462 2023 2502 prosient

243 2518 468 2550 Hei-mannus
496 2532 531 2537 —
565 2514 595 2544 6.
623 2514 672 2544 ait
694 2512 800 2543 actius
825 2512 848 2542 E
878 2529 911 2532 —
946 2511 1015 2542 sine
1036 2511 1145 2550 phebis
1168 2512 1191 2541 P
1219 2529 1254 2533 —
1281 2510 1403 2541 dubitet
1427 2511 1472 2548 Ο,
1501 2510 1600 2551 prob.
1629 2510 1800 2551 Madvigio
1825 2512 1952 2553 Opusc.
1979 2511 2018 2548 ΙΙ,

243 2568 306 2600 209
336 2585 368 2590 -—
397 2566 427 2597 7.
447 2566 487 2596 sit
511 2572 580 2595 om.
602 2564 626 2594 O
651 2581 694 2585 —
718 2563 768 2593 dis
786 2563 826 2593 P:
854 2561 915 2592 diis
932 2561 1072 2591 BEIRS
1100 2577 1135 2582 -
1163 2560 1194 2592 8.
1213 2569 1276 2591 non
1303 2561 1668 2600 accipere—-prodere
1691 2561 1822 2592 Nonius
1846 2561 2015 2602 p.363,34

242 2637 286 2641 —
308 2617 505 2657 posteriores
529 2615 567 2646 El
593 2630 627 2635 —-
664 2613 715 2644 40.
742 2612 784 2643 Et
807 2612 831 2642 Β
850 2612 861 2642 Ι
878 2612 900 2642 Ρ
915 2611 959 2641 S:
987 2619 1056 2641 om.
1086 2610 1182 2642 ERO
1211 2628 1245 2632 -
1272 2610 1407 2641 cecilius
1430 2610 1517 2641 dixit
1542 2610 1580 2641 de
1602 2610 1627 2641 R
1663 2627 1698 2632 —-
1733 2619 1834 2649 quam
1857 2611 1918 2642 sibi
1941 2610 2022 2642 illud

241 2671 328 2701 idem
352 2670 394 2706 Β,
428 2675 535 2707 super
557 2664 639 2697 illud
661 2665 685 2695 P
711 2671 757 2694 m.
784 2663 804 2694 2
829 2662 959 2694 habet:
987 2662 1074 2692 ennii
1109 2677 1143 2682 —
1185 2661 1235 2691 42.
1262 2660 1345 2691 nihil
1369 2660 1393 2691 C
1418 2678 1461 2683 —
1494 2661 1674 2701 quicquam
1698 2668 1767 2691 om.
1788 2661 1800 2691 Ι
1829 2678 1863 2682 -
1895 2660 1971 2692 uitii
1995 2660 2019 2692 C

243 2720 413 2760 (apportes
436 2717 516 2748 uicii
539 2716 580 2754 E)
616 2730 660 2737 —
697 2713 747 2744 ⁴3.
779 2712 956 2743 adueneris
986 2711 1026 2742 E*3
1061 2728 1091 2732 -
1131 2711 1165 2741 id
1194 2711 1274 2741 satis
1303 2713 1351 2742 est
1378 2710 1403 2741 B
1440 2727 1474 2731 —
1519 2709 1570 2742 44.
1598 2710 1698 2741 uidet.
1726 2709 1760 2741 C.
1788 2710 1829 2742 Et
1851 2710 1958 2741 multa
1981 2710 2018 2748 R,

241 2770 342 2801 uidet.
366 2767 470 2799 Verba
494 2765 632 2797 catonis.
657 2765 700 2795 Et
723 2763 829 2794 mulla
852 2763 865 2793 I
893 2780 927 2784 -
956 2763 1007 2793 45.
1036 2760 1129 2800 atqui
1154 2761 1176 2791 B
1206 2777 1239 2781 —
1267 2761 1301 2791 in
1326 2769 1366 2792 ea
1391 2761 1439 2792 C:
1465 2761 1501 2792 in
1525 2769 1565 2791 ea
1588 2760 1719 2800 quidem
1743 2760 1768 2791 O
1794 2777 1829 2782 -
1858 2760 1910 2791 46.
1938 2759 2021 2792 Cae-

242 2819 337 2850 cilius
358 2817 509 2848 uitiosius
532 2815 612 2846 illud
635 2815 683 2845 ait
706 2814 743 2845 de
766 2815 926 2845 senectute
951 2811 1129 2843 Charisius
1155 2819 1188 2851 p.
1205 2809 1280 2848 224,
1301 2811 1319 2842 8
1344 2811 1382 2841 Κ.
1414 2827 1448 2832 -
1483 2810 1628 2842 uiciosus
1651 2810 1737 2841 dimit
1760 2810 1786 2841 R
1813 2826 1849 2832 —
1883 2810 1935 2842 ⁴7.
1961 2810 2020 2841 hoc

242 2869 278 2899 in
301 2871 428 2899 senecta
452 2868 477 2898 R
501 2883 544 2888 —-
575 2864 626 2896 48.
655 2872 721 2895 esse
743 2872 776 2894 se
800 2863 948 2893 odiosum
972 2861 1003 2892 I:
1038 2869 1068 2891 se
1092 2868 1157 2891 esse
1180 2860 1231 2891 od.
1260 2860 1300 2897 E.
1328 2868 1394 2891 esse
1417 2860 1566 2890 odiosum
1590 2860 1698 2897 BPS,
1729 2868 1795 2891 esse
1817 2861 1965 2892 odiosum
1987 2869 2020 2891 se

243 2918 288 2957 R,
314 2927 387 2949 eum
411 2917 518 2956 ipsum
541 2923 607 2946 esse
631 2914 778 2945 odiosum
801 2912 933 2944 Nonius
958 2911 989 2947 l,
1008 2911 1067 2947 20,
1093 2909 1187 2941 unde
1213 2909 1369 2941 Ribbeck
1396 2918 1476 2941 cum
1502 2909 1624 2941 Bothio
1651 2910 1762 2950 (Com.
1784 2911 1816 2941 L.
1836 2909 1898 2942 rel.
1919 2909 2018 2952 p.33)

242 2969 351 3008 ipsum
373 2975 438 2998 esse
462 2966 610 2997 odiosum
646 2979 681 2985 —
720 2962 828 3003 alteri]
854 2961 962 2992 alleri.
982 2958 1016 2991 C.
1044 2960 1088 2997 R,
1124 2959 1232 2990 alteri.
1256 2959 1361 2990 Verba
1384 2960 1513 2989 catonis
1537 2960 1549 2989 1
1588 2975 1623 2980 —
1663 2958 1717 2990 20.
1741 2959 1789 3000 fit]
1815 2963 1860 2991 est
1885 2961 1945 2992 ER
1979 2976 2015 2982 --

244 3026 360 3049 eorum
383 3019 526 3047 senectus
549 3015 574 3046 O
599 3031 641 3036 —-
667 3014 717 3044 2⁴.
737 3013 782 3044 sic
806 3012 1025 3043 adulescentes
1040 3026 1088 3032 --
1106 3010 1274 3039 ducuntur
1297 3008 1428 3040 Nonius
1454 3016 1486 3048 p.
1503 3007 1578 3045 ⁵283,
1599 3006 1638 3039 44
1665 3024 1700 3029 —
1729 3008 1781 3040 22.
1801 3009 1845 3040 ad
1860 3010 2018 3040 uirtutem

244 3067 354 3098 studia
378 3066 403 3097 R
429 3082 464 3086 —
499 3063 552 3095 24.
578 3064 666 3094 iners
682 3079 729 3085 --
745 3062 881 3093 moliens
904 3060 1036 3092 Nonius
1062 3068 1095 3100 p.
1112 3059 1187 3095 346,
1203 3061 1242 3091 40
1272 3077 1305 3081 —
1342 3067 1481 3099 operosa
1503 3059 1542 3089 sit
1567 3059 1579 3089 1
1608 3075 1641 3080 ——
1675 3061 1705 3090 et
1728 3066 1856 3097 semper
1878 3058 1899 3089 S
1924 3065 2015 3090 corr.

246 3124 288 3147 ex
313 3118 349 3145 ut
371 3123 395 3145 s.
425 3131 460 3135 —
496 3114 548 3144 25.
574 3113 737 3152 superiori
761 3112 785 3143 E
813 3129 847 3134 -
883 3110 936 3142 26.
964 3109 1082 3150 aliquit
1107 3110 1279 3140 addiscunt
1302 3109 1314 3139 1
1343 3124 1377 3130 —
1410 3110 1446 3138 ut
1469 3110 1499 3138 et
1525 3107 1651 3139 E1PR
1667 3108 1709 3138 S:
1743 3111 1779 3138 ut
1802 3107 1866 3138 ΒΟ
1892 3123 1927 3129 -
1960 3106 2014 3138 27.

244 3166 374 3198 cottidie
397 3165 488 3196 BRS
517 3181 551 3185 -
584 3164 637 3195 ⁹28.
664 3167 693 3195 et
716 3172 775 3204 eqo
800 3161 958 3201 Madvig:
991 3163 1027 3191 ut
1050 3167 1108 3200 ego
1134 3159 1157 3191 C
1173 3160 1197 3190 O
1229 3175 1264 3180 -
1300 3158 1447 3189 Graecas
1469 3157 1584 3188 literas
1609 3157 1633 3188 O
1666 3173 1700 3179 —-
1735 3157 1788 3188 29.
1815 3159 1918 3187 essent
1939 3158 2018 3186 nota

245 3217 270 3249 P
294 3214 409 3253 solus,
442 3213 506 3245 sed
531 3214 637 3253 signis
662 3212 943 3253 transpositionis
968 3209 1095 3241 additis
1128 3225 1162 3230 —
1199 3208 1250 3239 30.
1276 3208 1424 3248 fecissent
1446 3209 1470 3239 P
1496 3209 1575 3238 ante
1600 3215 1761 3238 rasuram
1796 3222 1830 3228 —
1868 3208 2018 3237 socraten

245 3265 306 3298 ER
333 3282 368 3288 —
394 3263 447 3296 31.
473 3264 591 3295 audire
615 3259 651 3295 Ρι
677 3279 712 3285 -
737 3262 886 3302 equidem
908 3260 1024 3294 uellem
1046 3259 1072 3292 Ε
1101 3276 1134 3282 -
1160 3258 1261 3291 etiam
1282 3257 1365 3290 illud
1387 3256 1536 3298 equidem
1559 3257 1586 3289 R
1611 3270 1647 3279 —
1675 3256 1728 3288 32.
1756 3255 1911 3288 labor-aui
1933 3255 1971 3288 Ε.
