2249 3624
214 102 295 145 616
985 98 1208 139 LAELlUS

210 214 357 250 senatu
390 207 562 248 dimisso
594 205 763 245 domum
794 204 845 244 ad
878 217 1095 257 vesperum
1126 203 1325 244 reductus
1357 209 1420 244 est
1449 218 1473 244 a
1502 205 1691 258 patribus
1713 204 1975 260 conscriptis,

212 272 366 327 populo
398 272 605 315 Romano,
646 268 770 307 sociis
810 272 851 306 et
889 266 1071 312 Latinis,
1113 266 1248 319 pridie
1281 279 1405 319 quam
1437 267 1617 307 excessit
1649 280 1670 306 e
1701 268 1808 314 vita,
1846 275 1892 309 ut
1923 283 1976 310 ex

211 341 295 374 tam
335 333 419 373 alto
461 330 672 384 dignitatis
714 328 846 381 gradu
892 329 944 368 ad
990 341 1163 381 superos
1207 328 1397 368 videatur
1438 327 1540 368 deos
1581 328 1718 382 potius
1760 343 1883 383 quam
1923 331 1974 372 ad

212 396 369 436 inferos
399 395 654 448 pervenisse.

180 472 198 500 5
325 458 392 497 IV.
428 454 490 495 113.
522 457 667 507 Neque
699 453 809 493 enim
841 453 1054 493 adsentior
1083 452 1153 499 iis,
1186 453 1258 505 qui
1288 465 1423 506 nuper
1452 452 1556 493 haec
1589 452 1793 493 dissererc
1824 467 1976 508 coepe-

211 526 327 568 runt,
367 533 459 559 cum
492 517 737 570 corporibus
769 515 892 555 simul
926 516 1086 555 animos
1118 515 1289 554 interire
1331 521 1458 568 atque
1497 516 1637 555 omnia
1669 522 1801 556 morte
1833 517 1975 559 deleri.

210 583 307 622 Plus
339 580 447 634 apud
479 592 545 618 me
576 578 847 630 antiquorum
879 578 1104 617 auctoritas
1135 576 1264 624 valet,
1298 578 1365 617 vel
1396 583 1632 618 nostrorum
1655 579 1879 627 maiorum,
1903 582 1976 634 qui

211 645 385 684 mortuis
425 649 508 682 tam
550 641 746 693 religiosa
784 641 873 680 iura
904 641 1160 687 tribuerunt,
1199 639 1314 693 quod
1346 653 1427 679 non
1460 640 1661 681 fecissent
1692 641 1898 693 profecto,
1939 642 1975 682 si

209 707 313 747 nihil
349 706 401 745 ad
440 717 511 743 eos
550 703 760 756 pertinere
792 703 1113 750 arbitrarentur,
1155 703 1219 742 vel
1253 715 1416 750 eorum,
1461 703 1533 756 qui
1564 703 1606 742 in
1637 703 1715 743 hac
1747 709 1857 743 terra
1886 704 1976 745 fue-

161 783 196 812 ἰο
210 775 306 810 runt
336 780 611 820 magnamque
644 765 882 813 Graeciam,
914 778 1020 818 quae
1053 779 1162 805 nunc
1196 765 1364 819 quidem
1399 764 1533 805 deleta
1565 771 1639 813 est,
1671 771 1756 805 tum
1790 763 1976 814 florebat,

209 831 410 872 institutis
450 834 489 868 et
530 827 762 881 praeceptis
795 827 878 867 suis
911 827 1174 875 erudierunt,
1217 828 1280 867 vel
1313 828 1423 875 eius,
1466 829 1537 882 qui
1571 828 1775 882 Apollinis
1807 829 1974 870 oraculo

211 892 544 947 sapientissimus
577 895 639 929 est
668 889 898 937 iudicatus,
932 890 1002 943 qui
1035 903 1117 929 non
1149 896 1235 930 tum
1267 889 1374 937 hoc,
1406 895 1492 930 tum
1524 889 1651 938 illud,
1681 896 1728 930 ut
1757 891 1800 930 in
1830 891 1977 944 pleris-

212 969 317 1010 que,
359 952 431 993 sed
463 953 573 992 idem
607 965 796 1005 semper,
837 953 998 992 animos
1029 953 1244 992 hominum
1277 966 1369 992 esse
1403 952 1570 992 divinos
1600 953 1761 1006 iisque,
1799 967 1892 994 cum
1923 967 1977 994 ex

211 1030 385 1070 corpore
418 1015 711 1061 excessissent,
743 1013 921 1054 reditum
954 1016 995 1054 in
1027 1015 1187 1054 caelum
1219 1020 1361 1068 patere
1394 1020 1654 1068 optumoque
1683 1020 1724 1055 et
1743 1015 1975 1056 iustissimo

161 1095 196 1123 115
210 1081 361 1133 cuique
394 1077 768 1132 expeditissimum.
834 1074 894 1116 14.
926 1077 1050 1125 Quod
1083 1077 1195 1116 idem
1219 1077 1402 1129 Scipioni
1436 1077 1667 1125 videbatur,
1698 1078 1770 1130 qui
1791 1078 1976 1131 quidem,

210 1143 328 1197 quasi
360 1141 632 1195 praesagiret,
664 1139 885 1193 perpaucis
917 1146 1013 1180 ante
1046 1144 1219 1178 mortem
1253 1138 1417 1187 diebus,
1450 1152 1542 1179 cum
1576 1145 1617 1179 et
1647 1139 1790 1180 Philus
1822 1146 1862 1181 et
1891 1142 1978 1182 Ma-

210 1206 337 1245 nilius
369 1204 565 1243 adessent
597 1208 639 1242 et
668 1202 737 1242 alii
769 1202 931 1255 plures,
972 1208 1103 1255 tuque
1136 1202 1284 1249 etiam,
1324 1202 1548 1250 Scaevola,
1580 1215 1743 1242 mecum
1776 1203 1976 1252 venisses,

208 1267 393 1308 triduum
425 1265 625 1305 disseruit
655 1264 706 1304 de
738 1278 781 1304 re
813 1264 1002 1317 publica,
1034 1264 1153 1304 cuius
1186 1263 1483 1317 disputationis
1514 1263 1593 1304 fuit
1624 1269 1856 1304 extremum
1887 1265 1975 1306 fere

209 1331 259 1369 de
290 1328 587 1369 inmortalitate
618 1327 876 1374 animorum,
917 1340 1025 1380 quae
1065 1339 1108 1366 se
1146 1326 1189 1365 in
1231 1326 1374 1380 quiete
1412 1339 1487 1380 per
1523 1326 1658 1366 visum
1697 1340 1749 1366 ex
1779 1327 1976 1369 Africano

160 1392 374 1435 2oaudisse
407 1391 583 1430 dicebat.
642 1389 689 1429 ld
730 1390 763 1429 si
805 1390 861 1430 ita
902 1395 984 1436 est,
1026 1394 1071 1428 ut
1112 1389 1275 1442 optumi
1316 1389 1520 1444 cuiusque
1561 1389 1724 1429 animus
1766 1389 1810 1429 in
1840 1396 1976 1432 morte

207 1456 403 1497 facillime
445 1453 582 1494 evolet
620 1458 830 1506 tamquam
863 1466 885 1492 e
915 1451 1106 1492 custodia
1136 1451 1370 1504 vinclisque
1403 1451 1617 1505 corporis,
1658 1451 1723 1492 cui
1755 1465 1976 1494 censemus

208 1533 374 1558 cursum
407 1517 458 1557 ad
490 1515 589 1555 deos
621 1515 852 1555 faciliorem
883 1514 1013 1554 fuisse
1046 1527 1168 1568 quam
1193 1513 1410 1566 Scipioni?
1451 1514 1661 1562 Quocirca
1688 1528 1874 1555 maerere
1894 1516 1976 1557 hoc

208 1581 298 1620 eius
344 1584 495 1620 eventu
534 1591 681 1618 vereor
722 1592 774 1618 ne
815 1578 943 1617 invidi
984 1577 1114 1628 magis
1155 1589 1280 1630 quam
1320 1576 1441 1616 amici
1483 1577 1549 1616 sit.
1617 1577 1689 1617 Sin
1727 1583 1868 1618 autem
1905 1578 1977 1619 illa

207 1644 392 1690 veriora,
433 1648 478 1681 ut
514 1641 623 1680 idem
664 1640 858 1680 interitus
895 1640 948 1680 sit
985 1639 1214 1679 animorum
1253 1642 1293 1678 et
1325 1652 1543 1692 corporum
1576 1652 1653 1679 nec
1685 1640 1795 1680 ullus
1827 1655 1975 1682 sensus

156 1719 192 1747 25
209 1710 393 1752 maneat,
430 1708 476 1744 ut
511 1703 614 1743 nihil
654 1703 753 1743 boni
785 1708 848 1743 est
879 1703 920 1742 in
954 1707 1110 1750 morte,
1150 1701 1209 1742 sic
1241 1706 1353 1741 certe
1384 1701 1490 1741 nihil
1520 1702 1633 1741 mali.
1694 1702 1829 1743 Sensu
1861 1705 1974 1744 enim

206 1756 359 1807 amisso
393 1765 435 1807 tit
463 1766 589 1814 idem,
623 1766 739 1820 quasi
772 1772 892 1806 natus
924 1779 1008 1805 non
1042 1768 1152 1805 esset
1183 1764 1369 1812 omnine,
1403 1778 1529 1817 quem
1560 1770 1696 1805 tamen
1719 1778 1810 1805 esse
1832 1772 1975 1806 natum

207 1836 246 1869 et
278 1844 351 1869 nos
384 1830 610 1881 gaudemus
656 1834 695 1869 et
732 1829 835 1869 haec
873 1829 1040 1875 civitas,
1083 1827 1181 1866 dum
1214 1826 1314 1873 erit,
1356 1826 1590 1867 laetabitur.
1656 1825 1718 1867 15.
1755 1828 1890 1876 Quam
1921 1829 1974 1869 ob

204 1906 291 1932 rem
325 1906 417 1932 cum
450 1892 521 1931 illo
555 1891 739 1945 quidem,
772 1897 815 1931 ut
847 1904 972 1944 supra
1004 1890 1107 1937 dixi,
1140 1896 1278 1930 actum
1311 1895 1482 1942 optume
1513 1895 1588 1938 est,
1620 1904 1783 1931 mecum
1814 1892 1975 1932 incom-

205 1955 391 2002 modius,
434 1968 558 2007 quem
590 1954 725 1994 fuerat
755 1954 955 2007 aequius,
999 1960 1043 1993 ut
1080 1953 1197 2006 prius
1228 1952 1495 1999 introieram,
1538 1952 1598 1992 sic
1628 1953 1744 2006 prius
1775 1954 1891 1994 exire
1923 1954 1974 1994 de

154 2030 190 2060 30
208 2018 300 2057 vita.
363 2017 443 2056 Sed
476 2022 614 2056 tamen
646 2016 942 2056 recordatione
978 2022 1146 2055 nostrae
1184 2014 1389 2054 amicitiae
1422 2015 1479 2054 sic
1511 2014 1650 2063 fruor,
1690 2021 1735 2056 ut
1765 2016 1885 2057 beate
1915 2017 1975 2056 vi-

204 2080 316 2119 xisse
349 2079 509 2127 videar,
544 2079 643 2132 quia
675 2093 767 2118 cum
802 2079 997 2131 Scipione
1029 2077 1229 2124 vixerim,
1272 2090 1453 2130 quocum
1484 2077 1585 2116 mihi
1617 2078 1845 2118 coniuncta
1877 2093 1975 2119 cura

205 2142 255 2181 de
288 2143 452 2196 publica
486 2155 529 2181 re
561 2147 602 2182 et
633 2141 683 2181 de
714 2142 877 2195 privata
909 2139 998 2188 fuit,
1033 2154 1213 2194 quocum
1247 2145 1287 2179 et
1320 2139 1468 2179 domus
1500 2139 1582 2180 fuit
1613 2145 1653 2180 et
1683 2140 1832 2180 militia
1863 2154 1975 2180 com-

204 2206 341 2245 munis
384 2210 424 2244 et
462 2204 524 2252 id,
565 2204 607 2243 in
648 2218 731 2256 quo
768 2208 831 2244 est
862 2204 997 2243 omnis
1029 2203 1090 2242 vis
1122 2201 1355 2248 amicitiae,
1397 2202 1685 2250 voluntatum,
1727 2203 1973 2251 studiorum,

203 2268 503 2307 sententiarum
551 2280 711 2306 summa
758 2267 994 2307 consensio.
1064 2266 1213 2319 ltaque
1256 2278 1340 2304 non
1379 2270 1462 2304 tam
1504 2265 1584 2305 ista
1624 2278 1688 2305 me
1729 2265 1974 2318 sapientiae,

151 2343 187 2372 35
204 2344 328 2383 quam
368 2329 493 2369 modo
531 2330 714 2369 Fannius
755 2330 1121 2376 commemoravit,
1165 2328 1275 2368 fama
1313 2327 1521 2375 delectat,
1567 2327 1672 2367 falsa
1713 2328 1974 2381 praesertim,

290 2486 318 2516 4.
346 2486 388 2516 acl
412 2493 585 2524 uesperum
609 2484 761 2515 reductus
784 2484 928 2515 BGSV:
955 2484 1108 2515 reductus
1131 2483 1175 2513 ad
1196 2491 1366 2522 vesperum
1390 2482 1487 2513 DEO
1515 2499 1550 2503 —
1576 2481 1607 2512 21
1628 2490 1644 2513 e
1669 2489 1739 2513 om.
1760 2482 1780 2512 S
1806 2499 1840 2503 —
1876 2483 1906 2514 5.
1925 2482 1974 2513 his

201 2536 326 2567 BGSV
355 2554 385 2557 2-
416 2543 520 2574 nuper
543 2535 622 2565 haec
646 2534 790 2565 BGSV:
816 2534 894 2566 haec
918 2543 1024 2574 nuper
1049 2534 1147 2565 DEO
1175 2552 1207 2555 —
1235 2536 1390 2572 ceperunt
1409 2532 1472 2564 GV
1492 2550 1527 2555 —
1555 2532 1584 2563 6.
1605 2533 1735 2563 animas
1752 2531 1776 2562 E
1805 2548 1839 2552 —
1866 2531 1973 2570 adque

202 2584 239 2616 G¹
266 2603 300 2607 —
335 2586 364 2616 7.
393 2589 471 2625 aput
495 2586 520 2616 G
547 2601 581 2606 —
617 2584 647 2616 8.
670 2585 818 2624 profecto
844 2594 906 2615 non
931 2585 1078 2623 fecissent
1102 2585 1129 2615 D
1158 2599 1192 2605 —
1229 2583 1258 2614 9,
1285 2583 1409 2622 fuerint.
1433 2583 1552 2622 quique
1573 2591 1734 2622 magnam
1757 2583 1777 2613 S
1804 2582 1972 2622 (maynam

199 2635 282 2665 item
302 2635 336 2673 B)
357 2652 390 2656 —
420 2635 470 2665 40.
491 2634 619 2674 quidem
637 2642 705 2665 om.
722 2634 746 2665 E
767 2652 800 2656 -
820 2638 896 2666 tzmc
914 2635 938 2665 O
959 2651 995 2657 —
1026 2636 1075 2665 11.
1095 2634 1309 2664 erudiuerunc
1325 2632 1420 2665 BEV
1441 2650 1475 2656 —-
1503 2633 1554 2664 42.
1573 2632 1638 2673 qui]
1657 2634 1709 2664 cui
1729 2631 1812 2672 (scil.
1828 2632 1971 2670 videtur)

200 2685 348 2717 Putsche
374 2685 405 2714 in
432 2684 594 2724 Philologi
626 2684 701 2722 XII,
729 2685 859 2725 p.300,
892 2694 981 2725 quae
1008 2685 1210 2715 coniectura
1240 2685 1284 2714 ita
1314 2683 1454 2714 videtur
1477 2682 1678 2724 probanda,
1711 2684 1749 2713 ut
1773 2682 1899 2714 deinde
1924 2683 1973 2713 uti

200 2736 285 2773 (ulei)
309 2735 472 2773 plerisque
503 2734 689 2766 scribatur.
724 2751 757 2756 —
799 2735 848 2764 113.
876 2735 975 2766 isdem
1007 2744 1131 2774 semper
1162 2735 1207 2771 Β,
1239 2743 1364 2773 semper
1387 2734 1471 2764 idem
1502 2734 1529 2764 D
1569 2751 1603 2755 —
1643 2741 1708 2764 esse
1735 2733 1902 2763 hominum
1931 2732 1968 2769 E,

198 2785 364 2814 hommum
390 2793 457 2815 om.
479 2785 505 2816 D
540 2803 574 2806 —
612 2785 724 2822 hisque
747 2785 877 2815 BGSV
913 2804 946 2808 —
984 2794 1026 2816 ex
1050 2784 1234 2816 BDGSV:
1270 2793 1285 2814 e
1309 2784 1369 2814 EO
1404 2799 1438 2806 -
1478 2783 1529 2815 44.
1557 2787 1753 2823 optumoque
1777 2783 1822 2813 G:
1850 2783 1971 2821 optimo

198 2834 324 2865 Blisv
344 2852 377 2855 —
405 2835 521 2873 cuique
545 2838 574 2865 et
598 2836 771 2866 iussissimo
798 2835 890 2865 BSV
911 2853 944 2856 —
974 2836 1025 2866 45.
1054 2836 1136 2865 idem
1162 2835 1202 2866 C:
1232 2834 1306 2864 ilem
1331 2834 1355 2865 O
1384 2851 1417 2855 —
1447 2834 1567 2872 quique
1590 2835 1673 2864 idem
1699 2832 1826 2863 BGSV
1853 2850 1888 2853 —
1921 2832 1968 2863 16.

192 2885 313 2924 paucis
338 2885 357 2914 S
387 2902 420 2906 —*
447 2889 474 2915 el
497 2885 583 2923 pilus
608 2885 643 2919 E„
671 2886 698 2915 ei
718 2885 826 2924 philus
851 2886 893 2921 B,
921 2888 951 2916 et
974 2885 1096 2924 ephilus
1120 2885 1140 2914 S
1168 2901 1200 2905 —-
1236 2884 1378 2914 manlius
1400 2884 1563 2914 BDGSV
1592 2901 1625 2906 —-
1654 2883 1705 2914 47.
1732 2883 1856 2912 adesset
1880 2881 1905 2913 E
1932 2898 1967 2903 -

198 2936 272 2965 αίὶιε
296 2935 318 2965 Β
346 2951 379 2955 -
414 2944 536 2965 mes-um
560 2944 635 2966 cnm
660 2936 679 2965 S
712 2952 746 2956 ——
788 2935 838 2966 ⁴8.
864 2935 932 2974 fere
955 2938 1138 2965 eac-tremum
1165 2934 1221 2964 DS
1250 2951 1284 2955 —
1325 2934 1377 2964 21.
1403 2933 1572 2973 facillume
1594 2933 1622 2962 V
1649 2949 1683 2953 —
1720 2931 1807 2962 uolet
1831 2932 1906 2963 DG²
1932 2947 1966 2953 —

199 2993 240 3016 ea:
267 2985 302 3023 B,
329 2994 344 3014 e
369 2993 438 3015 om.
458 2986 478 3015 S
505 3003 538 3007 —
568 2987 770 3025 maculisque
797 2986 853 3016 DS
881 3002 915 3006 —-
952 2986 1004 3016 2¹2,
1031 2985 1090 3015 hoe
1113 2985 1204 3015 exitu
1230 2984 1256 3014 D
1287 3001 1320 3006 —-
1348 2984 1386 3014 '023
1426 2983 1547 3023 aulem}
1573 2986 1683 3014 autem
1708 2985 1767 3013 aut
1792 2983 1828 3020 G,
1858 2985 1970 3012 aulem

196 3035 276 3064 haul
303 3034 388 3064 RES
420 3052 449 3055 —
484 3035 534 3065 -Η,
562 3045 678 3066 uereor
702 3035 865 3066 BEGSV
889 3053 932 3058 —
961 3036 1012 3065 25.
1039 3034 1157 3065 bonum
1182 3034 1206 3064 F,
1236 3050 1269 3054 —-
1297 3034 1393 3072 enim]
1413 3034 1516 3073 igitur
1540 3033 1564 3064 E
1593 3050 1626 3054 —-
1654 3032 1707 3063 ⁶29.
1735 3041 1829 3072 quem
1854 3040 1923 3063 om.
1942 3032 1966 3062 B

199 3086 287 3123 (sup.
314 3083 424 3122 fuero!
449 3084 527 3113 add.
556 3093 601 3114 m.
630 3086 646 3115 Ξ
672 3086 787 3123 (luam)
828 3103 861 3107 -—
905 3087 940 3114 ut
963 3085 1044 3115 sicut
1067 3085 1161 3122 prius
1185 3084 1205 3113 S
1251 3098 1283 3104 —
1340 3092 1355 3113 e
1378 3084 1449 3113 uita
1474 3084 1495 3114 S
1535 3100 1568 3105 -
1623 3082 1674 3113 32.
1698 3082 1834 3121 puplica
1856 3090 1892 3112 re
1924 3081 1963 3119 V,

198 3143 232 3164 rc
253 3134 341 3172 publ.
363 3134 420 3164 EO
443 3151 476 3154 —
504 3137 531 3164 et
556 3135 593 3163 de
615 3135 752 3171 priuata
777 3143 811 3165 re
836 3135 860 3165 G
880 3152 914 3156 —
941 3134 1002 3174 fui!
1021 3135 1113 3173 (post
1129 3134 1271 3172 privata·
1295 3141 1364 3164 om.
1383 3134 1420 3169 B,
1444 3133 1545 3171 fuerit
1570 3132 1595 3163 E
1617 3149 1650 3153 —
1678 3135 1706 3162 et
1731 3132 1822 3170 (ante
1840 3130 1965 3169 domus)

198 3192 265 3214 om.
286 3184 306 3214 S
335 3201 368 3205 —
394 3183 458 3221 fuit
484 3186 571 3221 (post
589 3184 711 3222 domus)
739 3185 779 3215 C:
808 3193 876 3215 om.
898 3184 922 3214 O
957 3201 991 3205 —
1026 3183 1077 3214 33.
1105 3183 1209 3213 omnis
1234 3183 1282 3213 uis
1305 3186 1350 3213 est
1375 3183 1465 3213 BSV
1488 3200 1529 3205 —-
1560 3182 1770 3222 uoluptatum
1793 3182 1817 3212 B
1847 3198 1878 3204 -
1909 3179 1962 3212 34.

196 3233 351 3272 consessio
377 3241 467 3263 corr.
495 3233 527 3263 in
552 3235 715 3264 consensio
741 3235 765 3263 G
794 3251 828 3256 —
855 3234 1051 3273 sapienlium
1074 3232 1113 3265 E¹
1140 3250 1174 3255 —
1202 3232 1254 3264 35.
1280 3231 1385 3274 modo]
1404 3232 1483 3263 mihi
1505 3232 1545 3264 D.
