2249 3624
904 223 1231 266 FRAGMENTA.
1837 225 1944 268 4055

293 329 328 367 3.
386 329 505 366 cicero
544 335 634 366 certe
673 328 922 367 Graecorum
962 329 1234 367 Metrodorum
1272 329 1484 380 Scepsium
1520 335 1559 368 et
1594 330 1806 382 Empylum
1836 331 1943 369 Rho-

193 390 304 429 dium
335 396 650 442 nostrorumque
691 391 950 429 Hortensium
984 395 1149 434 tradidit,
1191 403 1296 442 quac
1325 392 1601 440 cogitaverant
1628 392 1679 431 ad
1706 393 1875 432 verbum
1905 395 1943 432 in

192 452 350 503 agendo
378 452 582 493 retulisse.
636 453 1014 502 (Quintilianus
1044 456 1102 503 10,
1132 455 1167 503 6,
1205 457 1262 503 4.)

290 517 325 555 4.
381 517 422 555 Si
449 516 559 555 calor
587 529 633 555 ac
661 516 828 567 spiritus
857 517 969 566 tulit,
999 518 1236 568 frequenter
1263 516 1409 555 accidit
1438 524 1480 556 ut
1515 530 1751 557 successum
1787 525 1944 557 extem-

189 578 373 630 poralem
411 580 608 630 consequi
645 591 740 618 cura
769 591 849 617 non
877 580 1019 630 possit.
1075 581 1203 618 Deum
1233 585 1327 618 tunc
1355 581 1556 630 adfuisse,
1594 594 1684 620 cum
1712 581 1752 619 id
1781 584 1946 621 evenis—

191 646 267 690 set,
297 647 459 680 veteres
488 646 686 690 oratores,
716 648 754 678 ut
783 643 903 678 Cicero
930 645 995 684 aie,
1029 641 1282 681 dictitabant.
1339 642 1485 692 (Idem
1516 646 1574 686 10,
1604 648 1641 692 7,
1674 645 1749 691 13.)

288 704 326 744 5.
381 704 522 754 Neque
562 704 644 742 sere
682 710 762 742 tam
791 710 853 743 est
879 704 985 742 ullus
1013 704 1102 742 dies
1131 711 1375 755 occupatus,
1421 711 1462 744 ut
1494 706 1586 744 nihil
1621 706 1861 757 luci-ativae,
1907 715 1947 744 ut

192 767 312 803 Cicero
340 767 492 803 Brutum
519 770 637 813 facere
666 770 790 810 tradit,
824 779 974 819 operae
1002 766 1054 805 ad
1083 767 1346 806 scribendum
1375 774 1444 806 aut
1471 768 1688 817 legendum
1717 776 1785 808 aut
1804 770 1947 808 dicen-

190 827 286 868 dum
315 829 402 880 rapi
431 828 566 880 aliquo
595 836 800 868 momento
829 831 1026 881 temporis
1055 830 1196 880 possit.
1254 831 1293 868 Si
1322 830 1487 881 quidem
1517 832 1559 870 C.
1592 832 1724 871 Carbo
1753 833 1872 870 etiam
1908 834 1947 871 in

190 890 456 930 tabernaculo
485 891 645 931 solebat
671 892 747 931 hac
774 893 829 931 uti
859 894 1164 931 exercitatione.
1220 894 1276 931 Ne
1305 893 1344 931 id
1374 893 1539 944 quidem
1572 895 1812 946 tacendum,
1854 900 1948 944 quod

188 957 301 992 eidem
331 955 493 992 Ciceroni
518 958 648 1005 placet,
685 955 839 994 nullum
868 961 1051 994 nostrum
1080 967 1254 1006 usquam
1282 956 1554 1006 negligentem
1583 970 1676 995 esse
1696 971 1943 998 sermonem:

189 1015 388 1068 quidquid
428 1016 643 1069 loquemur
682 1018 954 1070 ubicumque,
997 1020 1049 1057 sit
1087 1031 1160 1070 pro
1198 1031 1272 1058 sua
1300 1019 1453 1058 scilicet
1480 1021 1665 1071 portione
1709 1022 1944 1073 perfectum.

189 1078 344 1129 (Idem
374 1080 434 1130 10,
461 1083 501 1127 7,
530 1081 578 1119 27
607 1087 646 1120 et
678 1082 760 1131 28.)

290 1142 326 1180 6.
381 1141 532 1181 Iudicis
573 1143 708 1182 vultus
749 1156 874 1195 saepe
914 1144 1002 1194 ipse
1036 1148 1170 1182 rector
1209 1149 1272 1182 est
1307 1143 1500 1194 dicentis,
1541 1153 1578 1182 ut
1606 1146 1726 1183 Cicero
1755 1151 1945 1195 praecipit.

191 1203 343 1253 (Idem
373 1205 432 1251 12,
465 1205 524 1255 10,
554 1205 638 1249 56.)

287 1270 324 1306 7.
380 1265 427 1305 Id
469 1279 563 1306 esse
601 1267 822 1318 optimum,
865 1265 975 1317 quod
1012 1278 1102 1304 cum
1131 1272 1169 1304 te
1199 1266 1312 1305 facile
1341 1266 1564 1306 credideris
1592 1270 1787 1320 consequi
1814 1271 1948 1311 imita-

190 1330 314 1379 tione,
349 1342 431 1369 non
469 1331 616 1382 possis.
675 1328 1041 1380 (Quintilianus
1079 1328 1105 1366 l.
1136 1331 1203 1367 XI.
1235 1342 1269 1368 c.
1301 1332 1331 1369 1.
1362 1331 1397 1380 ξ.
1428 1331 1505 1380 92,
1535 1330 1604 1369 ubi
1633 1331 1800 1371 consule
1827 1333 1949 1384 Spal-

192 1390 387 1443 dingium.
440 1393 533 1445 Ipsa
560 1392 688 1430 verba
716 1390 898 1429 nondum
927 1397 1022 1429 sunt
1049 1393 1240 1441 reperta.)

287 1454 325 1493 8.
369 1475 417 1482 —
455 1466 536 1492 non
560 1452 603 1492 id
631 1454 789 1504 egisse,
821 1458 865 1492 ut
892 1453 946 1491 ita
976 1453 1150 1502 diceret,
1181 1465 1261 1504 quo
1281 1454 1398 1491 modo
1427 1465 1471 1493 se
1492 1454 1662 1505 quilibet
1687 1467 1810 1507 posse
1850 1468 1949 1496 con-

190 1514 359 1565 fideret,
389 1515 464 1555 sed
493 1528 574 1568 quo
602 1516 722 1555 modo
751 1528 884 1554 nemo.
942 1516 1101 1564 (Idem
1126 1515 1240 1560 ibid.)

784 1617 833 1659 Il.
894 1616 963 1658 EX
993 1615 1363 1659 ORATIONIBUS.

292 1724 326 1762 1.
382 1721 637 1761 Gladiatores
674 1721 827 1760 invisos
867 1721 1095 1771 habemus,
1135 1722 1167 1759 si
1197 1722 1303 1759 omni
1332 1720 1450 1760 modo
1476 1722 1598 1762 vitam
1624 1724 1844 1775 impetrare
1875 1738 1950 1765 cu-

194 1785 323 1836 piunt.
379 1785 599 1834 (Seneca
629 1783 680 1822 de
709 1785 857 1835 Tranq.
887 1797 922 1823 c.
956 1786 1013 1823 11.
1045 1796 1167 1835 quem
1195 1783 1328 1823 locum
1353 1785 1514 1835 Lipsius
1542 1786 1665 1825 refert
1691 1787 1742 1826 ad
1769 1787 1926 1827 Milonia

191 1859 301 1897 nam,
330 1847 370 1885 in
401 1859 482 1898 qua
510 1852 620 1885 certe
650 1847 792 1886 similia
820 1847 1010 1897 leguntur
1039 1860 1072 1885 c.
1105 1848 1164 1885 34.
1196 1848 1231 1897 ξ.
1262 1848 1338 1897 92.)

291 1909 330 1948 2.
383 1908 485 1949 Nihil
517 1911 655 1947 Tullius
683 1914 735 1947 ait
766 1921 884 1959 esse,
916 1909 1026 1960 quod
1054 1910 1105 1947 sit
1132 1909 1320 1947 manibus
1348 1909 1534 1949 humanis
1560 1909 1809 1961 laboratum,
1840 1912 1951 1964 quod

191 1983 272 2010 non
309 1971 530 2024 aliquando
563 1971 615 2011 ad
650 1973 856 2011 interitum
896 1971 1106 2022 redigatur
1142 1971 1205 2009 vel
1234 1972 1378 2010 iniuria
1407 1972 1613 2011 hominum
1642 1973 1706 2011 vel
1733 1974 1821 2025 ipsa
1850 1986 1950 2013 con—

191 2034 356 2073 fectrice
384 2046 521 2073 rerum
551 2035 730 2073 omnium
759 2040 977 2074 vetustate.
1035 2034 1364 2082 (Lactantius
1391 2036 1489 2073 Inst.
1519 2034 1544 2073 l.
1575 2036 1660 2074 VII.
1692 2047 1725 2073 e.
1759 2037 1816 2074 11.
1848 2036 1884 2086 ἓ.
1912 2037 1947 2074 5.

193 2097 241 2136 ef.
269 2109 344 2149 pro
371 2096 559 2136 Marcello
589 2110 623 2135 e.
653 2099 713 2146 4.)

294 2160 328 2198 3.
373 2180 419 2188 -
459 2171 551 2198 cum
589 2172 762 2211 parcere
803 2159 867 2198 vel
899 2158 1065 2198 laedere
1104 2159 1304 2210 potuisset
1344 2158 1558 2208 (Tullius),
1599 2168 1637 2196 *ut
1666 2164 1738 2208 ipse
1772 2164 1947 2208 affirmat,

190 2221 430 2273 ignoscendi
470 2233 676 2273 quaerens
711 2234 877 2272 causas,
914 2234 995 2260 non
1023 2220 1221 2272 puniendi
1249 2221 1508 2270 occasiones,
1546 2220 1655 2272 quod
1683 2221 1827 2261 iudicis
1855 2222 1952 2262 lenti

193 2289 235 2323 et
275 2283 523 2323 considerati
553 2289 618 2323 est
642 2284 867 2335 proprium.
924 2284 1237 2329 (Ammianus
1274 2282 1608 2322 Marcellinus
1648 2283 1673 2322 l.
1698 2285 1801 2323 XIX.
1824 2297 1859 2323 c.
1892 2286 1952 2326 12.

192 2346 276 2386 Hoc
301 2347 572 2398 fragmentum
598 2347 766 2385 Beierus
794 2345 846 2385 ad
875 2346 1098 2385 orationem
1125 2344 1370 2382 Metellinam
1397 2345 1657 2383 referendum
1687 2348 1864 2396 censet.)

292 2411 330 2447 4.
385 2411 436 2448 At
468 2409 588 2448 huius
629 2407 931 2448 sceleratissimi
961 2420 1104 2459 opera,
1135 2407 1203 2458 qui
1231 2407 1304 2445 fuit
1329 2406 1445 2445 lucus
1471 2406 1817 2458 religiosissimus,
1846 2421 1953 2448 nunc

195 2476 258 2511 est
288 2470 403 2511 locus
441 2471 767 2510 desertissimus:
805 2472 995 2510 nimirum
1033 2471 1223 2521 quoniam
1250 2469 1438 2508 traditam
1467 2469 1543 2507 sibi
1584 2469 1838 2521 publicorum
1879 2483 1953 2510 cu-

195 2532 370 2574 stodiam
405 2545 615 2573 sacrorum
642 2545 724 2571 non
750 2533 910 2582 honori,
949 2531 1023 2571 sed
1052 2533 1163 2570 oneri
1192 2543 1283 2569 esse
1312 2531 1566 2570 existimavit.
1599 2532 1833 2580 (Rutilius
1860 2533 1953 2571 Lu—

194 2607 293 2647 pus
321 2607 356 2635 c,
387 2597 422 2636 3.
451 2608 491 2647 p.
524 2595 569 2634 12
597 2606 707 2646 sqq.,
737 2594 807 2633 ubi
837 2595 1004 2633 consule
1034 2594 1330 2632 Ruhnkenium.
1368 2593 1636 2632 Charisius
1664 2594 1686 2632 l.
1715 2595 1779 2632 IV.
1802 2608 1841 2646 p.
1865 2596 1950 2635 251.

195 2658 474 2697 Diomedes
515 2658 541 2697 l.
582 2658 628 2696 ΙΙ.
666 2670 706 2709 p.
749 2656 834 2695 441.
891 2656 1078 2696 Clodium
1112 2656 1282 2694 sortasse
1316 2655 1528 2705 significat.
1586 2656 1778 2695 Ceterum
1818 2657 1867 2695 cs.
1905 2658 1950 2696 ΙΙ.

196 2719 311 2760 Verr.
340 2719 366 2760 l.
396 2721 464 2758 IV.
495 2732 529 2758 c.
561 2721 621 2759 48.
650 2719 721 2758 ubi
751 2718 892 2757 similis
921 2724 983 2757 est
1009 2718 1164 2769 ploce.)

295 2783 331 2823 5.
387 2783 644 2832 Quamquam
686 2780 753 2820 illa
792 2793 872 2820 non
908 2793 1062 2832 poena,
1094 2781 1167 2820 sed
1198 2779 1415 2830 prohibitio
1449 2778 1616 2818 sceleris
1645 2780 1729 2819 fuit.
1785 2781 1953 2830 (Quin-

198 2843 457 2884 tilianusl.
486 2845 555 2883 IX.
586 2856 620 2882 c.
651 2843 686 2882 2.
719 2843 755 2893 ξ.
786 2844 844 2883 18.
899 2843 1203 2882 Rufinianus
1233 2854 1268 2879 c.
1300 2842 1357 2880 14.
1388 2854 1428 2891 p.
1458 2842 1566 2889 208.)

295 2907 331 2945 6.
384 2907 518 2955 Miror,
549 2904 648 2957 quid
676 2905 748 2953 sit,
781 2905 891 2956 quod
920 2910 1039 2955 pater
1066 2910 1182 2950 tuus,
1217 2903 1334 2941 homo
1363 2904 1738 2954 constantissimUS,
1767 2910 1806 2943 te
1834 2904 1953 2943 nobis

197 2967 353 3008 varium
393 2968 571 3019 reliquit.
625 2966 980 3014 Quintilianus
1019 2966 1045 3005 l.
1081 2967 1142 3005 VI.
1182 2978 1216 3003 c.
1256 2967 1290 3003 3.
1332 2966 1367 3015 ἓ.
1405 2967 1467 3004 48.
1532 2966 1607 3016 (Va
1625 2967 1755 3004 rium
1786 2967 1954 3005 Huetius

199 3030 226 3069 S
242 3042 292 3069 er
307 3030 488 3069 vilium
516 3032 533 3067 I
549 3042 597 3069 sa
613 3029 801 3068 uricum
829 3027 907 3067 dici
934 3035 1065 3080 putat,
1094 3028 1296 3066 hominem
1316 3028 1494 3077 vestigiis
1511 3027 1755 3067 variolarum
1772 3034 1812 3067 et
1833 3029 1954 3068 animi

199 3092 397 3131 varietate
417 3092 649 3142 insignem.)

295 3155 334 3192 7.
387 3153 530 3203 Neque
570 3155 678 3191 enim
721 3157 880 3204 poterat
919 3151 1067 3191 indicio
1104 3158 1144 3190 et
1184 3152 1244 3190 his
1283 3150 1503 3202 damnatis,
1548 3154 1616 3204 qui
1653 3152 1950 3193 indicabantur.

202 3212 356 3264 (Idem
382 3213 408 3252 1.
439 3216 507 3253 IX.
541 3226 575 3254 c.
607 3216 642 3253 3.
669 3213 705 3265 ἓ.
733 3214 781 3253 42
809 3215 895 3266 sq.)

300 3277 338 3316 8.
390 3276 498 3315 Mitto
521 3275 631 3317 illam
657 3276 828 3328 primam
859 3275 1037 3315 libidinis
1063 3276 1265 3316 iniuriam.
1321 3277 1346 3326 (Ι
1363 3275 1471 3315 dem
1498 3278 1534 3327 9,
1560 3277 1597 3327 2,
1630 3278 1704 3326 47.)
