2249 3624
344 165 426 208 384
940 168 1011 207 DE
1042 166 1264 208 DEORUM
1292 167 1510 208 NATURA

345 274 569 328 confugitis
600 274 650 314 ad
683 273 826 320 deum,
858 270 925 312 54.
962 273 1079 312 cuius
1112 286 1282 325 operam
1315 273 1505 326 profecto
1537 286 1622 312 non
1644 272 1959 321 desideraretis,
1992 274 2025 313 si
2051 273 2114 313 in-

346 351 531 377 mensam
564 343 605 376 et
640 336 949 376 interminatam
989 337 1031 375 in
1064 337 1199 375 omnis
1230 336 1357 388 partis
1391 335 1721 388 magnitudinem
1752 336 1974 388 regionum
2004 336 2119 376 vide-

344 401 466 448 retis,
509 400 552 439 in
584 412 707 452 quam
749 412 792 438 se
828 398 1006 438 iniciens
1038 399 1200 438 animus
1231 403 1273 437 et
1303 397 1526 437 intendens
1558 397 1613 438 ita
1645 399 1727 437 late
1760 397 1968 451 longeque
1999 411 2120 451 pere-

346 465 552 516 grinatur,
593 468 638 501 ut
675 461 833 500 nullam
874 467 1013 500 tamen
1045 474 1157 501 oram
1191 460 1327 500 ultimi
1359 461 1518 507 videat,
1558 460 1601 499 in
1633 473 1713 513 qua
1745 460 1879 513 possit
1908 460 2118 500 insistere.

313 529 390 568 51n
422 527 499 565 hac
530 524 656 577 igitur
686 523 951 562 inmensitate
973 522 1266 570 latitudinum,
1299 522 1634 575 longitudinum,
1667 522 1936 563 altitudinum
1958 520 2121 563 infinita

344 591 407 631 vis
436 586 802 628 innumerabilium
834 585 983 625 volitat
1012 590 1262 633 atomorum,
1296 598 1405 638 quae
1433 585 1655 625 interiecto
1678 585 1793 626 inani
1816 584 2122 625 cohaerescunt

345 660 485 693 tamen
516 651 623 689 inter
653 662 697 688 se
728 654 768 687 et
799 648 905 687 aliae
937 648 1039 687 alias
1070 647 1435 700 adprehendentes
1468 648 1787 696 continuantur3
1831 661 1884 687 ex
1916 660 2000 701 quo
2032 646 2122 686 effi-

344 717 509 755 ciuntur
540 727 612 753 eae
644 725 781 750 rerum
814 708 973 750 formae
1006 714 1046 750 et
1076 708 1252 762 figurae,
1293 723 1397 762 quas
1430 724 1503 749 vos
1536 708 1642 750 effici
1674 723 1797 763 posse
1829 710 1919 750 sine
1950 709 2121 749 follibus

345 784 384 817 et
414 775 636 816 incudibus
668 787 751 813 non
784 773 953 827 putatis.
1005 773 1150 826 ltaque
1181 772 1427 826 inposuistis
1460 773 1501 812 in
1525 773 1757 812 cervicibus
1789 772 1944 812 nostris
1969 772 2122 824 sempi-

294 851 329 879 40
345 830 507 880 ternum
541 837 777 883 dominum,
810 849 934 889 quem
968 835 1057 875 dies
1089 841 1130 875 et
1156 842 1299 875 noctes
1322 835 1587 883 timeremus;
1620 835 1714 887 quis
1738 835 1848 875 enim
1871 848 1955 873 non
1978 834 2122 874 timeat

345 901 486 942 omnia
521 900 811 953 providentem
853 904 895 938 et
933 898 1187 951 cogitantem
1231 903 1271 937 et
1313 897 1712 937 animadvertentem
1747 903 1786 937 et
1821 897 1963 937 omnia
1994 896 2044 936 ad
2077 909 2120 936 se

344 965 553 1018 pertinere
584 968 800 1016 putantem
833 961 1045 1001 curiosum
1078 966 1119 1000 et
1158 960 1327 1013 plenum
1360 959 1515 1011 negotii
1548 959 1706 998 deum?
1767 958 1833 999 55.
1866 959 1972 999 Hinc
2003 958 2120 999 vobis

344 1029 482 1068 extitit
511 1027 691 1081 primum
724 1025 797 1064 illa
826 1022 963 1063 fatalis
995 1022 1243 1069 necessitas,
1276 1035 1402 1075 quam
1428 1026 1690 1077 εἱμαρμένην
1713 1022 1873 1070 dicitis,
1904 1028 1970 1070 ut,
2002 1022 2121 1076 quic-

344 1090 445 1144 quid
478 1089 658 1135 accidat‚
701 1088 740 1127 id
774 1100 825 1126 ex
856 1091 1027 1126 aeterna
1058 1085 1233 1125 veritate
1265 1097 1569 1137 causarumque
1602 1085 1916 1125 continuatione
1947 1085 2121 1125 fluxisse

294 1163 328 1191 45
344 1153 505 1194 dicatis.
557 1151 710 1200 Quanti
752 1155 892 1190 autem
932 1149 1033 1188 haec
1076 1146 1346 1200 philosophia
1387 1146 1646 1186 aestimanda
1689 1153 1770 1194 est,
1813 1148 1878 1187 cui
1908 1154 2121 1201 tamquam

343 1216 519 1256 aniculis
551 1221 592 1254 et
622 1214 673 1254 iis
705 1212 874 1266 quidem
906 1211 1087 1251 indoctis
1119 1207 1202 1249 fato
1229 1210 1318 1249 fieri
1344 1209 1565 1249 videantur
1589 1210 1763 1249 omnia?
1796 1209 1994 1262 Sequitur
2012 1226 2122 1263 μαν-

345 1275 626 1328 τικφ>’νθεῐι·3,
659 1288 766 1330 quae
800 1275 943 1314 Latine
976 1273 1177 1313 divinatio
1211 1272 1382 1319 dicitur,
1414 1285 1497 1325 qua
1529 1278 1641 1312 tanta
1672 1272 1945 1312 inbueremur
1975 1284 2123 1325 super-

345 1343 533 1388 stitione,
573 1340 606 1379 si
638 1353 710 1380 vos
742 1339 886 1378 audire
917 1336 1141 1381 vellemus,
1181 1340 1225 1374 ut
1255 1334 1523 1387 haruspices,
1555 1348 1755 1387 augures,
1787 1333 1959 1381 harioli,
1991 1340 2121 1382 vates,

344 1405 602 1444 coniectores
640 1402 762 1442 nobis
804 1406 946 1440 essent
985 1398 1163 1438 colendi.
1224 1396 1290 1435 56.
1322 1397 1397 1436 His
1436 1397 1663 1437 terroribus
1696 1397 1746 1437 ab
1777 1397 1961 1450 Epicuro
1995 1396 2121 1436 soluti

293 1475 329 1503 20
344 1473 384 1506 et
413 1468 456 1506 in
488 1467 720 1506 libertatem
752 1462 950 1504 vindicati
982 1475 1058 1501 nec
1091 1460 1315 1500 metuimus
1348 1472 1442 1506 eOS,
1475 1473 1582 1513 quos
1614 1460 1900 1513 intellegimus
1932 1473 2008 1500 nec
2040 1459 2120 1500 sibi

343 1527 500 1582 fingere
542 1527 667 1567 ullam
706 1525 941 1565 molestiam
981 1537 1059 1564 nec
1090 1523 1209 1562 alteri
1241 1535 1466 1575 quaerere,
1505 1528 1545 1562 et
1583 1522 1651 1576 pie
1684 1528 1913 1576 sancteque
1946 1522 2121 1562 colimus

342 1597 533 1631 naturam
567 1590 842 1629 excellentem
884 1593 1011 1640 atque
1054 1591 1347 1639 praestantem.
1411 1584 1493 1624 Sed
1537 1584 1668 1624 elatus
1711 1585 1848 1626 studio
1881 1599 2028 1626 vereor
2068 1597 2121 1625 ne

342 1655 510 1707 longior
548 1653 708 1693 fuerim.
759 1652 858 1691 Erat
898 1655 1037 1690 autem
1069 1646 1234 1689 difficile
1265 1660 1351 1687 rem
1384 1653 1539 1687 tantam
1571 1653 1741 1701 tamque
1773 1648 2028 1701 praeclaram
2059 1647 2123 1687 in-

343 1717 533 1758 choatam
563 1716 827 1768 relinquere:
861 1725 1116 1767 quamquam
1148 1724 1232 1750 non
1264 1716 1348 1750 tam
1371 1710 1539 1750 dicendi
1572 1710 1680 1750 ratio
1704 1710 1806 1750 mihi
1831 1711 2025 1751 habenda
2044 1709 2122 1750 fuit

292 1787 328 1817 ‘25
345 1793 470 1835 quam
502 1778 713 1819 audiendi.

458 1842 567 1881 XXl.
600 1839 665 1879 57.
698 1841 803 1879 Tum
833 1839 951 1879 Cotta
983 1837 1172 1885 comiter,
1204 1843 1248 1877 ut
1274 1837 1450 1883 solebat,
1483 1836 1629 1889 Atqui,
1661 1836 1821 1890 inquit,
1855 1836 2002 1883 Vellei,
2033 1835 2116 1876 nisi

342 1911 387 1945 tu
417 1903 575 1958 aliquid
607 1903 802 1949 dixisses,
834 1901 938 1941 nihil
965 1914 1064 1940 sane
1087 1914 1139 1940 ex
1166 1914 1230 1940 me
1253 1900 1424 1953 quidem
1447 1899 1593 1939 audire
1614 1899 1849 1952 potuisses;
1882 1899 1983 1939 mihi
2006 1899 2117 1939 enim

342 1982 425 2008 non
457 1974 537 2007 tam
570 1966 691 2006 facile
722 1965 765 2004 in
798 1970 977 2004 mentem
1009 1964 1152 2002 venire
1185 1963 1309 2010 solet,
1343 1976 1426 2016 qua
1456 1976 1500 2001 re
1532 1976 1675 2002 verum
1701 1963 1754 2002 sit
1774 1962 1959 2016 aliquid,
1992 1974 2117 2016 quam

343 2045 426 2085 qua
456 2044 500 2070 re
530 2029 703 2075 falsum,
736 2028 863 2080 idque
896 2041 987 2066 cum
1018 2040 1163 2079 saepe,
1195 2032 1303 2072 tum,
1336 2039 1427 2064 cum
1452 2032 1491 2065 te
1512 2024 1723 2072 audirem,
1755 2025 1881 2078 paulo
1902 2029 2000 2064 ante
2022 2037 2125 2063 con--

291 2095 446 2147 30tigit.
504 2096 640 2145 Roges
681 2106 769 2138 me,
811 2090 978 2144 qualem
1021 2096 1210 2128 naturam
1255 2088 1428 2127 deorum
1471 2101 1562 2127 esse
1595 2087 1763 2135 ducam,
1806 2087 1912 2126 nihil
1943 2086 2119 2126 fortasse

341 2155 642 2209 respondeam;
678 2166 875 2207 quaeras,
916 2157 1111 2206 putemne
1145 2152 1269 2193 talem
1302 2164 1416 2198 esse,
1451 2150 1586 2203 qualis
1618 2151 1743 2190 modo
1777 2164 1800 2190 a
1831 2156 1870 2190 te
1903 2149 1955 2189 sit
1988 2160 2120 2201 expo-

341 2221 437 2267 sita,
482 2219 582 2258 nihil
622 2217 758 2257 dicam
799 2215 900 2255 mihi
943 2215 1074 2255 videri
1108 2216 1259 2253 minus.
1318 2213 1399 2253 Sed
1432 2218 1528 2252 ante
1562 2226 1687 2267 quam
1720 2212 1941 2266 adgrediar
1972 2210 2023 2251 ad
2056 2223 2118 2258 ea,

343 2295 451 2336 quae
482 2296 506 2321 a
536 2287 575 2321 te
599 2280 807 2333 disputata
840 2284 956 2325 sunt,
988 2278 1038 2316 de
1071 2283 1110 2317 te
1142 2278 1234 2330 ipso
1258 2275 1391 2317 dicam
1415 2276 1515 2329 quid
1539 2276 1731 2315 sentiam.
1763 2274 1828 2315 58.
1856 2275 1989 2328 Saepe
2008 2273 2118 2314 enim

343 2345 393 2384 de
424 2344 629 2384 familiare
660 2343 732 2382 illo
765 2348 837 2381 tuo
869 2341 1018 2380 videor
1048 2340 1237 2387 audisse,
1270 2353 1362 2379 cum
1396 2345 1435 2379 te
1467 2340 1619 2391 togatis
1648 2340 1843 2379 omnibns
1876 2339 1965 2378 sine
1988 2334 2117 2376 dubio

291 2416 326 2444 35
341 2407 568 2447 anteferret
599 2411 639 2445 et
670 2418 825 2458 paucos
857 2410 993 2443 tecum
1025 2403 1255 2455 Epicureos
1289 2416 1310 2441 e
1343 2402 1519 2441 Graecia
1551 2407 1829 2455 compararet,
1874 2401 1969 2449 sed,
2003 2398 2118 2454 quod

343 2470 392 2509 ab
425 2483 474 2509 eo
506 2474 546 2508 te
578 2466 751 2507 mirifice
783 2466 897 2519 diligi
930 2465 1248 2517 intellegebam,
1280 2465 1511 2505 arbitrabar
1532 2465 1649 2504 illum
1672 2470 1841 2519 propter
1862 2462 2119 2503 benevolen-

342 2532 442 2572 tiam
472 2531 640 2571 uberius
672 2530 712 2570 id
745 2530 897 2569 dicere.
947 2529 1036 2581 Ego
1069 2534 1227 2575 autem,
1261 2527 1339 2567 etsi
1361 2540 1507 2568 vereor
1537 2526 1706 2567 laudare
1738 2532 2024 2579 praesentem,
2055 2524 2119 2564 iu-

346 2658 510 2665 ψ.-

429 2751 459 2783 4.
487 2751 601 2782 horum
627 2751 653 2780 A
682 2765 715 2770 —
743 2748 894 2779 ultimam
919 2746 1090 2778 Davisius,
1114 2764 1147 2767 —
1177 2746 1206 2776 6.
1233 2746 1401 2777 interleclo
1426 2746 1449 2777 B
1478 2763 1511 2768 —
1540 2746 1571 2776 7.
1598 2748 1705 2776 lamen
1732 2745 1762 2775 in
1788 2753 1819 2776 se
1844 2745 1866 2776 P
1894 2761 1929 2767 —-
1957 2746 1989 2777 8.
2016 2747 2046 2776 et
2069 2743 2116 2777 ⁵21:

342 2806 441 2841 atque
464 2803 488 2832 O
516 2819 550 2823 —
580 2801 630 2831 40.
658 2800 725 2830 dies
747 2808 786 2830 uc
809 2802 917 2829 'noctes
940 2798 964 2828 B
992 2813 1026 2818 -
1057 2797 1108 2827 42.
1134 2796 1209 2827 hinc
1234 2806 1325 2827 corr.
1355 2805 1396 2828 ex
1421 2797 1471 2827 hic
1496 2798 1519 2827 Α
1545 2813 1579 2818 -
1610 2796 1660 2826 43.
1688 2796 1798 2826 ewrile'l,
1820 2796 1963 2835 praeter
1986 2792 2118 2825 litteras

342 2863 384 2885 επ
409 2853 440 2883 in
467 2859 588 2883 rasura
614 2849 722 2880 habet
738 2851 764 2880 A
785 2866 818 2871 —-
846 2849 1088 2878 himarmanem
1112 2848 1138 2877 A
1155 2848 1199 2881 P;
1227 2854 1435 2877 marmenem
1452 2846 1495 2879 Β;
1521 2845 1776 2876 himarmamem
1794 2844 1841 2876 C:
1867 2844 2119 2875 lmmarmanem

342 2904 367 2934 E
396 2920 431 2925 -—
465 2902 517 2933 44.
544 2905 681 2931 aeterna
711 2900 745 2931 in
777 2907 847 2929 ras.
876 2900 902 2929 A
931 2914 975 2920 -—
1008 2897 1147 2927 veritate
1177 2905 1246 2928 om.
1274 2900 1313 2928 Α1
1338 2915 1380 2919 -
1412 2897 1463 2927 [15.
1490 2899 1535 2926 est
1559 2896 1645 2926 BC:
1680 2896 1721 2925 sit
1744 2897 1769 2925 A
1786 2894 1845 2925 ΕΡ
1873 2910 1907 2914 —
1940 2894 1992 2925 46.
2018 2897 2048 2925 ει
2069 2893 2118 2923 his

342 2953 485 2984 ABCE
521 2969 554 2974 —
586 2950 727 2981 mantice
757 2951 782 2980 A
799 2949 821 2979 B
838 2949 862 2979 C
879 2948 902 2978 E
936 2964 970 2969 —-
1007 2947 1058 2977 47.
1086 2946 1194 2976 lalina
1218 2945 1241 2975 B
1270 2961 1303 2966 ——
1334 2947 1385 2977 49.
1412 2947 1611 2977 coniectores
1634 2944 1682 2976 ⁵21:
1719 2948 1748 2976 et
1771 2944 1969 2975 coniectores
1992 2943 2030 2974 Ο.
2064 2941 2114 2974 Cf.

343 3002 478 3042 Madvig
503 3001 545 3032 ad
571 3001 642 3031 Cic.
670 3000 713 3030 de
732 3000 803 3030 Fin.
826 3007 860 3038 p.
880 2997 954 3028 574.
978 3014 1012 3018 —
1040 2996 1092 3026 ⁶20.
1112 2995 1286 3026 metuimus
1304 2996 1404 3034 (corr.
1425 3005 1464 3027 cx
1483 2995 1671 3034 metuemus)
1697 2995 1720 3025 B
1738 3003 1744 3025 z
1769 2997 1952 3026 metuemus
1973 2995 1999 3024 A
2015 2993 2039 3024 C
2053 2992 2116 3024 ΕΡ

346 3071 380 3075 -
408 3053 460 3084 23.
486 3054 655 3083 incoalam
679 3051 704 3080 A
733 3066 767 3071 »-
802 3047 855 3080 ⁶24.
882 3046 1021 3078 habendi
1046 3046 1070 3077 C
1100 3063 1133 3067 -
1167 3046 1219 3076 ι26.
1247 3049 1315 3076 tum
1339 3046 1371 3076 in
1398 3055 1465 3076 ras.
1493 3054 1538 3076 1n.
1566 3054 1638 3077 sec.
1664 3046 1689 3076 A
1718 3062 1753 3067 ——
1787 3044 1881 3084 atqui
1905 3043 1991 3075 AB:
2019 3045 2118 3081 atque

344 3104 368 3134 C
384 3104 407 3134 E
423 3105 446 3134 P
474 3119 507 3123 —
535 3102 587 3131 Ξῖ.
614 3100 732 3137 aliquit
755 3101 779 3129 A
807 3114 841 3119 —
872 3097 922 3127 29.
950 3096 1068 3126 audire
1092 3096 1116 3126 C
1145 3110 1180 3116 —-
1208 3095 1259 3126 30.
1287 3095 1422 3125 deorum
1445 3099 1605 3126 naturam
1629 3096 1653 3126 O
1672 3111 1712 3116 —
1737 3095 1856 3125 ducam
1881 3095 1905 3125 A
1921 3092 1995 3123 13²9
2021 3092 2057 3131 (A
2082 3091 2116 3121 in

343 3152 501 3190 rasura):
529 3152 636 3181 dicam
662 3147 696 3178 13¹
713 3149 736 3179 E
757 3166 790 3169 —
818 3147 871 3178 31.
896 3150 1006 3185 putem
1030 3145 1127 3175 talem
1153 3147 1176 3175 Α
1200 3161 1233 3166 —-
1262 3143 1313 3175 34„
1342 3145 1379 3175 de
1405 3148 1427 3174 A
1446 3146 1469 3175 t:
1484 3146 1530 3175 P:
1558 3145 1595 3174 de
1618 3144 1653 3174 L.
1685 3144 1802 3175 Crasso
1826 3143 1850 3173 B
1867 3143 1889 3172 E
1904 3142 1928 3173 O
1950 3141 2048 3180 (lucio
2064 3140 2113 3179 B).

344 3202 395 3233 (Is.
422 3200 559 3239 Madvig
584 3198 626 3229 ad
652 3199 722 3228 Cic.
751 3197 793 3228 de
820 3197 959 3228 Finibus
984 3205 1017 3236 p.
1045 3195 1097 3225 35.
1126 3211 1159 3215 —
1194 3194 1365 3234 s'amilc'arc
1394 3194 1450 3224 illo
1474 3195 1498 3224 A
1516 3194 1539 3223 C
1556 3193 1579 3223 E
1595 3194 1640 3224 P:
1675 3192 1731 3224 illo
1754 3192 1918 3232 familiari
1943 3192 1988 3227 B;
2013 3190 2115 3230 fami-

343 3251 422 3282 liari
444 3250 500 3281 illo
524 3251 549 3281 O
577 3264 610 3269 —
638 3248 765 3287 royalis
789 3248 812 3278 C
828 3247 852 3277 E
886 3262 920 3269 —
948 3246 1002 3277 35.
1029 3248 1058 3277 ec
1082 3252 1151 3275 om.
1179 3244 1243 3275 AB
1259 3244 1283 3275 C
1301 3244 1325 3275 E
1358 3261 1391 3266 -
1419 3244 1471 3275 36.
1499 3243 1752 3275 beniuolentiam
1776 3241 1804 3275 ⁵21
1836 3260 1867 3263 —
1903 3241 1956 3273 37.
1982 3240 2015 3271 id
2037 3237 2115 3272 ube-

342 3301 413 3332 rius
435 3300 473 3332 O.
