2249 3624
794 180 886 220 Lm.
908 181 977 220 111.
1019 182 1118 220 Cn).
1141 181 1208 220 lv,
1248 178 1307 233 §§
1329 178 1416 219 8-
1434 178 1497 220 40.
1949 177 2030 217 909

276 291 412 346 liqui
453 288 802 340 magistratus
844 299 903 325 ne
943 293 1116 327 sunto:
1161 288 1413 340 auspicia
1453 292 1661 339 patrum
1702 292 1882 332 sunto,
1914 287 2030 326 olli-

277 367 375 409 que
420 365 474 393 ec
521 363 570 390 se
615 348 899 402 produnto,
946 350 1034 402 qui
1082 350 1365 390 comitiatu
1412 362 1593 389 creare
1640 348 1885 388 consules
1932 350 2030 388 rite

276 414 496 470 possiet.

385 473 632 529 Imperia,
675 478 1002 526 potestates,
1045 474 1380 527 legationes,
1421 488 1526 513 cum
1567 479 1773 513 senatus
1814 474 2031 513 creverit

276 538 572 594 populusve
615 536 860 581 iusserit,
902 549 963 574 ex
1007 536 1135 575 urbe
1178 542 1437 583 exeunto,
1481 536 1666 575 duella
1713 537 1850 576 iusta
1890 537 2066 577 iuster,

276 606 520 656 gerunto,
560 599 721 639 sociis
765 604 1060 651 par-cunm,
1105 613 1156 638 se
1197 605 1246 638 et
1286 612 1410 638 suos
1451 599 1801 645 continente,
1845 598 2030 652 populi

276 665 355 705 sui
393 662 617 716 gloriam
655 667 907 713 augento,
948 660 1156 700 domum
1196 675 1307 700 cum
1354 661 1511 701 laude
1555 661 1834 701 redeunto.

385 725 476 765 Rei
520 736 648 763 suae
692 736 919 776 ergone
962 723 1079 775 quis
1124 724 1334 775 legatus
1375 730 1499 763 esto.

384 786 571 826 Plebes
625 799 757 838 quos
808 799 900 838 pro
951 798 1001 824 se
1053 792 1238 825 contra
1290 787 1388 825 vim
1440 786 1636 825 auxilii
1686 800 1808 838 ergo
1855 786 2033 826 decem

275 850 527 895 creassit,
572 849 616 887 ei
661 848 864 887 tribuni
909 848 1026 887 eius
1067 853 1248 894 sunto,
1291 848 1542 901 quodque
1585 850 1618 887 ii
1665 849 2084 902 prohibcssintlo

276 911 520 966 quodque
561 910 770 963 plebem
816 910 1122 963 rogassint,
1164 916 1326 949 ratum
1369 917 1503 950 esto:
1546 912 1838 965 sanctique
1881 917 2033 950 sunto

275 988 398 1015 neve
441 973 642 1028 plebem
687 973 862 1012 orbam
904 972 1146 1012 tribunis
1190 973 1556 1026 rclinquunto.

387 1034 451 1075 40.
483 1035 670 1075 Omnes
704 1034 1054 1086 magistratus
1086 1036 1382 1087 auspicium
1416 1037 1768 1090 iudiciumque
1800 1037 2035 1082 habento,

275 1112 448 1152 exque
488 1099 532 1138 is
573 1103 800 1137 senatus
845 1102 986 1136 esto:
1035 1097 1152 1137 eius
1197 1098 1404 1137 decreta
1447 1104 1555 1138 rata
1599 1106 1764 1139 sunto.
1812 1097 1905 1152 [ast
1949 1112 2036 1151 po-

275 1167 436 1201 testas
478 1173 563 1213 par
603 1160 822 1199 maiorve
868 1159 1212 1212 prohibessit,
1253 1161 1537 1214 perscripta
1579 1160 1844 1214 servanto.]
2054 1171 2085 1198 15

384 1224 432 1263 Is
474 1222 596 1263 ordo
638 1223 761 1261 vitio
805 1228 1006 1266 vacato,
1049 1223 1241 1262 ceteris
1282 1225 1551 1276 specimen
1592 1230 1716 1263 esto.

387 1285 598 1326 Creatio
632 1285 1065 1337 magistratuum,
1107 1286 1301 1325 iudicia
1345 1287 1548 1339 populi,
1581 1287 1715 1326 iussa
1747 1288 1900 1326 vetita
1931 1300 2036 1326 cum

274 1348 534 1401 suffragio
581 1348 986 1394 cosciscentur,
1036 1348 1410 1400 optumatibus
1460 1355 1612 1396 nota,
1666 1347 1815 1402 plebi
1863 1350 2038 1389 libera

274 1417 450 1450 sunta

385 1474 453 1512 IV.
494 1475 583 1513 Ast
614 1472 741 1526 quid
775 1474 890 1520 erit,
925 1473 1058 1526 quod
1094 1479 1243 1513 extra
1276 1475 1620 1527 magistratus
1654 1475 1854 1515 coerari
1889 1483 2088 1515 oesusw

276 1535 362 1582 sit,
403 1536 483 1588 qui
526 1541 690 1574 coeret
731 1535 947 1588 populus
992 1541 1158 1575 creato
1201 1537 1350 1589 eique
1392 1537 1465 1576 ius
1507 1537 1744 1577 coerandi
1786 1538 1911 1578 dato.

389 1597 510 1638 Cum
550 1598 736 1650 populo
778 1597 1127 1650 patribusque
1160 1599 1341 1651 agendi
1374 1599 1458 1639 ius
1491 1606 1603 1640 esto
1635 1600 1857 1647 consuli,
1890 1613 2039 1654 prae-

276 1660 398 1706 tori,
432 1660 686 1711 magistro
720 1660 911 1712 populi
955 1661 1296 1714 equitumque
1329 1662 1505 1715 eique,
1539 1676 1688 1715 quem
1721 1668 1893 1716 patres
1926 1675 2039 1716 pro-

277 1721 411 1762 dunt
453 1722 734 1762 consulum
777 1723 1139 1774 rogandorum
1185 1737 1323 1776 ergo;
1370 1725 1740 1778 tribunisque,
1783 1738 1907 1778 quos
1940 1724 2038 1763 sibi

276 1784 457 1836 plebes
502 1785 759 1838 rogassit,
805 1785 884 1823 ius
931 1792 1042 1824 esto
1085 1799 1194 1824 cum
1236 1787 1479 1839 patribus
1522 1788 1747 1840 agendi:
1799 1787 1932 1827 idem
1977 1785 2089 1825 adi&

276 1846 480 1899 plebem
526 1848 664 1900 quod
706 1860 865 1886 oesus
908 1849 1011 1886 erit
1052 1847 1280 1888 ferunto.

389 1909 537 1958 Quae
569 1922 678 1949 cum
712 1909 910 1963 populo
943 1924 1184 1965 quaeque
1218 1912 1266 1951 in
1298 1912 1549 1964 patribus
1580 1918 1810 1966 agentur,
1843 1911 2040 1952 modica

276 1978 446 2012 sunta

276 2148 333 2170 nec
362 2139 590 2179 immutans):
618 2140 758 2171 consulis
782 2144 825 2171 est
849 2139 905 2179 (est
929 2150 998 2172 o1n.
1019 2141 1055 2177 II]
1082 2142 1338 2181 magistratusue
1364 2143 1570 2183 <magisteriae
1595 2143 1636 2181 Η)
1663 2152 1719 2175 nec
1735 2148 1813 2175 runt
1837 2146 1906 2183 (nec
1922 2144 1940 2175 ἶ·
1965 2147 1988 2176 Α
2004 2145 2039 2183 Β)

276 2189 393 2229 reliqui
410 2191 626 2229 magistratus
642 2199 682 2221 -ne
697 2194 792 2221 sunto
811 2192 852 2227 (ᾖς
880 2192 1024 2222 consules
1042 2193 1238 2231 mayiscerve
1250 2192 1376 2230 populi.
1403 2201 1460 2222 nec
1483 2193 1601 2233 reliqui
1618 2195 1832 2233 magistratus
1848 2204 1904 2226 nec
1918 2199 2041 2231 escunt,

278 2240 303 2270 O
322 2256 355 2260 —
375 2239 493 2278 reliqui
510 2247 597 2279 may.
618 2248 656 2270 ne
672 2242 766 2270 sunto
785 2240 901 2271 Christ
918 2242 975 2271 aut
995 2243 1072 2280 post
1089 2241 1287 2280 disceptator
1303 2251 1334 2272 v.
1353 2242 1391 2273 26
1410 2242 1669 2283 transponenda
1685 2245 1742 2273 aut
1757 2244 1913 2275 eicienda
1930 2247 2039 2285 putat.

386 2296 416 2326 4.
442 2295 586 2334 aspicias
610 2297 658 2333 A
697 2297 808 2335 aspias
832 2297 875 2331 B;
914 2298 947 2328 in
975 2298 999 2328 H
1032 2298 1184 2336 auspicia
1203 2302 1340 2337 patrum
1363 2302 1458 2329 sunto
1491 2300 1523 2330 in
1550 2308 1658 2338 marg.
1685 2299 1883 2341 suppletum
1911 2304 1973 2333 est
2004 2319 2038 2324 —

279 2343 403 2383 oblique
427 2345 452 2376 ll
480 2362 515 2368 -
547 2345 579 2377 C2.
604 2354 639 2376 ec
661 2354 694 2376 se
719 2345 912 2377 Buecheler
936 2350 969 2378 et
993 2347 1144 2378 Vahlen:
1170 2348 1226 2378 hec
1249 2356 1280 2378 se
1304 2350 1342 2386 .A,
1369 2357 1428 2379 ece
1455 2349 1492 2387 Η,
1521 2358 1562 2380 ea
1584 2358 1617 2380 se
1640 2350 1700 2380 ΒΟ
1728 2368 1761 2371 -
1788 2350 1984 2382 comitatuC
2004 2368 2039 2373 —-

279 2392 309 2424 3.
329 2394 449 2433 possiet
472 2395 684 2427 Buecheler.
708 2397 834 2435 possint
856 2396 935 2428 ,2All
940 2400 1091 2437 ,possim
1109 2396 1199 2433 BH1,
1223 2397 1324 2437 possit
1347 2398 1371 2428 O
1397 2406 1477 2429 cum
1494 2399 1646 2429 Manutio
1672 2416 1707 2420 —
1735 2398 1765 2431 4
1791 2401 1932 2431 creuerit
1955 2400 1983 2432 H
2008 2402 2041 2432 in

279 2451 402 2484 marg.
427 2444 657 2482 creauitAH¹,
684 2446 887 2477 czeauericB
917 2464 951 2468 —
979 2448 1009 2479 6.
1028 2448 1134 2478 socius
1151 2447 1187 2485 B,
1213 2449 1293 2477 ante
1318 2448 1412 2478 sociis
1436 2450 1489 2478 est
1512 2449 1546 2478 in
1563 2450 1589 2478 A
1616 2456 1719 2488 parva
1745 2458 1828 2485 ras.
1856 2452 1939 2482 item
1965 2453 2042 2492 post

279 2497 419 2534 augento
446 2512 480 2516 —
510 2498 709 2534 parcuntote
733 2496 760 2526 H
786 2504 876 2526 corr.
897 2497 930 2528 in
951 2501 1183 2536 par-curitaque
1207 2497 1287 2536 (om.
1307 2497 1347 2535 se)
1374 2514 1416 2518 ——
1439 2505 1513 2527 suos
1537 2499 1656 2528 nescio
1673 2499 1764 2538 quis:
1793 2509 1904 2531 seruos
1928 2502 2039 2537 AIIO,

277 2551 391 2575 seruus
414 2545 437 2576 B
465 2563 499 2568 —
523 2545 638 2585 popilii
661 2546 710 2576 sui
734 2547 773 2582 A,
794 2546 932 2585 pupillis
954 2547 990 2577 ui
1014 2548 1036 2578 B
1066 2564 1099 2569 —
1134 2547 1165 2577 7.
1191 2547 1339 2578 lauderet
1362 2548 1479 2578 deunto
1502 2549 1590 2588 reyis
1615 2556 1652 2579 ae
1675 2557 1752 2589 erqo
1777 2549 1800 2580 B
1828 2567 1863 2572 —
1893 2551 1943 2581 40.
1970 2554 2043 2581 erat

278 2593 318 2624 sit
340 2594 380 2631 Η,
407 2593 470 2625 sed
495 2602 571 2635 sup.
591 2593 649 2626 lin.
675 2596 810 2626 creassit
845 2613 879 2617 —
917 2596 947 2627 ei
969 2597 1093 2628 tribuni
1119 2596 1269 2628 Vahlen:
1296 2601 1325 2628 et
1348 2597 1471 2628 tribuni
1496 2597 1609 2635 (tribas
1627 2598 1666 2637 Η)
1693 2600 1730 2635 C,
1757 2599 1819 2631 sed
1846 2601 1868 2631 B
1894 2603 1924 2631 ec
1947 2609 2038 2631 corr.

279 2650 321 2674 ex
344 2643 368 2674 ii
393 2642 446 2675 vel
468 2644 524 2684 fii,
550 2644 579 2675 ei
603 2653 672 2676 om.
693 2644 790 2677 editt.
819 2662 853 2667 —
881 2647 934 2677 eui
957 2650 1084 2686 sumpto
1109 2643 1149 2678 Ηι
1177 2663 1210 2669 -
1240 2648 1262 2677 ii
1287 2646 1344 2678 11²:
1373 2648 1405 2678 id
1429 2648 1501 2684 AB,
1528 2649 1562 2678 id
1586 2649 1672 2686 quod
1697 2648 1736 2679 ΙΙι
1773 2667 1807 2672 -
1848 2650 1898 2680 ll.
1925 2653 1990 2681 esto
2014 2652 2040 2680 A

280 2692 313 2722 in
338 2700 406 2724 ras.
444 2710 479 2714 —
516 2697 696 2734 sanctaque
727 2695 755 2725 H
795 2712 830 2717 —-
870 2696 921 2726 42.
948 2698 1170 2736 relinquiunlo
1203 2697 1225 2727 B
1263 2715 1305 2719 —
1340 2697 1391 2728 43.
1419 2698 1667 2736 auspiciumque
1690 2699 1910 2738 iudiciumque
1940 2700 1965 2731 Η
2003 2716 2037 2721 -

281 2739 333 2772 44».
356 2742 385 2772 is
407 2743 488 2774 AB:
514 2743 562 2774 his
587 2744 626 2779 Η,
651 2744 692 2775 iis
717 2745 742 2775 Ο
768 2746 1110 2784 <³³qexqueisse71atus
1133 2749 1171 2782 A
1199 2748 1314 2788 priore
1338 2757 1356 2786 q
1383 2748 1556 2787 punc-tata)
1587 2765 1619 2770 —
1647 2751 1697 2779 ast
1721 2750 1761 2779 C:
1789 2753 1839 2780 ast
1861 2749 1888 2779 si
1912 2749 1936 2780 O
1961 2757 2041 2780 cum

280 2789 570 2830 Wyttenbachi0;
597 2802 661 2824 nos
686 2793 785 2831 haec,
813 2803 893 2826 cum
918 2795 985 2827 huc
1012 2806 1081 2827 non
1107 2796 1289 2828 sulcantur
1312 2799 1502 2838 pertinere
1530 2797 1745 2829 Buechelero
1769 2802 1911 2830 auclore
1930 2798 2042 2830 inclu-

282 2838 401 2872 simus.
431 2842 545 2873 -45.
566 2842 759 2882 prohibessit
783 2844 998 2884 Stephanus:
1030 2847 1178 2885 prohibet
1200 2856 1233 2878 se
1257 2848 1301 2877 C·
1295 2871 1301 2883 ,
1332 2848 1525 2887 ptohibessit
1546 2852 1677 2878 senatus
1699 2849 1859 2887 consulta,
1886 2850 1928 2885 Ο;
1961 2858 2042 2889 pro-

283 2887 427 2928 hibessit,
453 2895 584 2922 senatus
606 2901 692 2924 cons.
720 2893 793 2924 alii:
820 2902 900 2925 nam
926 2904 988 2935 pro
1012 2905 1045 2928 se
1068 2897 1152 2928 dett.
1179 2898 1329 2938 paucis
1349 2907 1376 2928 c
1403 2896 1456 2927 vel
1482 2898 1516 2928 S.
1536 2897 1568 2928 C
1597 2898 1627 2928 h
1621 2897 1738 2929 ibent
1768 2899 1882 2930 -4.6
1907 2900 2043 2939 spetiem

283 2943 383 2971 mesto
412 2941 491 2980 BH,
531 2944 667 2981 speeiem
690 2945 803 2974 meseia
834 2947 859 2975 A
898 2963 930 2968 —
973 2946 1024 2977 48.
1051 2948 1268 2978 coscisceneur
1293 2956 1375 2978 nos:
1407 2948 1632 2977 θοειὶησειηαν·
1654 2950 1698 2985 A,
1731 2956 1783 2978 eos
1805 2949 1976 2988 cingentur
2001 2949 2040 2986 H,

284 2990 520 3022 eoscicencuror
549 2993 595 3029 Β,
633 2994 873 3024 εοηεεὲεοεηιαν
903 2994 950 3027 O:
990 3004 1090 3034 quum
1120 2998 1308 3034 sciscentur,
1339 2997 1505 3036 saffraqia
1533 2997 1744 3035 optimatibus
1777 2998 1972 3039 Stephanus
2009 2998 2043 3028 et

286 3038 468 3078 Manutius
495 3051 596 3081 quum
618 3045 778 3084 suffr-aym
801 3045 1028 3079 cosciscentur
1053 3047 1217 3086 suffrayia
1242 3050 1307 3085 opt.
1336 3044 1466 3076 Vahlen
1496 3062 1530 3067 —
1569 3046 1778 3084 optimatibus
1801 3048 1825 3078 O
1852 3064 1887 3068 —-
1916 3048 1966 3078 ΞΟ.
1993 3050 2044 3078 ast

286 3087 476 3122 Manutius:
509 3096 567 3124 aut
591 3093 628 3131 C
655 3096 692 3124 ut
714 3096 766 3131 A2,
792 3097 844 3125 ast
866 3095 894 3125 si
918 3096 1155 3136 Wyttenbach
1182 3098 1215 3127 et
1240 3097 1264 3127 O
1302 3113 1343 3118 —-
1377 3096 1492 3126 curari
1515 3103 1607 3126 oesus
1630 3096 1836 3128 Taurellius:
1872 3097 2042 3128 coherario

285 3143 356 3167 esus
378 3138 426 3177 H,
463 3142 584 3179 quoher
586 3151 627 3172 ar
630 3151 660 3173 ιο
683 3151 755 3174 esus
778 3146 824 3179 Α,
861 3148 1029 3177 coeratore
1052 3155 1144 3177 oesus
1166 3145 1350 3177 Turnebus
1388 3146 1555 3185 (rnayistri
1580 3150 1668 3177 tusco
1690 3147 1824 3178 berario
1847 3155 1918 3178 esus
1942 3147 2038 3185 13)-

286 3185 339 3216 24.
364 3187 490 3220 coheret
514 3191 541 3222 H
578 3208 613 3213 —
650 3193 678 3222 ei
702 3193 758 3231 qui
780 3193 832 3224 ius
855 3193 879 3224 C
910 3210 944 3215 —
980 3195 1030 3226 23
1055 3196 1193 3234 prodent
1218 3196 1332 3227 Moser
1357 3212 1392 3217 —
1423 3195 1475 3226 22.
1502 3196 1642 3228 tribunis
1665 3206 1749 3236 quae
1771 3199 1797 3228 A
1825 3214 1858 3220 —
1886 3198 1938 3228 25.
1968 3197 2038 3227 .PL.

288 3245 325 3285 Β,
357 3249 445 3287 pRL.
481 3253 525 3291 A,
562 3252 626 3284 sed
649 3254 673 3284 R
708 3256 872 3294 punctata
909 3272 943 3277 ——
980 3258 1114 3288 meassit
1137 3257 1226 3288 Bake
1261 3275 1295 3279 —-
1332 3257 1416 3289 idem
1438 3258 1518 3289 AB:
1544 3258 1577 3288 id
1600 3261 1645 3290 est
1669 3258 1709 3299 H,
1736 3259 1831 3290 iidem
1855 3258 1880 3290 O
1914 3275 1949 3280 —
1986 3258 2039 3291 27.

289 3300 406 3338 ουσιαι·
428 3299 452 3332 C
477 3317 511 3323 —
539 3301 592 3333 28.
617 3307 743 3344 sumpto
766 3306 793 3336 A
823 3305 908 3344 (sunt
929 3308 1093 3338 esonatori
1118 3307 1169 3347 H).
