2249 3624
574 123 661 164 Lm.
692 123 759 164 1v.
803 122 898 163 CAP.
930 122 1231 162 xx-xxui,
1270 119 1328 174 §§
1362 118 1552 159 ita-5⁴.
1868 112 1949 155 349

195 233 315 274 dores
344 231 577 272 animorum
608 233 809 282 cotesque
840 228 1082 268 virtutum».
1128 229 1190 267 An
1213 240 1310 267 vero
1333 227 1393 267 vir
1424 225 1563 272 fortis,
1597 224 1677 264 nisi
1703 221 1949 263 stomachari

193 294 349 348 coepit,
380 306 462 332 non
495 297 635 345 potest
665 289 784 330 sortis
817 294 940 331 esse?
983 291 1285 330 Gladiatorium
1319 289 1359 329 id
1391 288 1583 342 quidem:
1625 298 1878 340 quamquam
1911 284 1951 324 in

191 358 250 398 eis
280 357 379 411 ipsis
411 355 598 395 videmus
628 366 752 405 saepe
787 353 1083 393 constantiam:

243 418 619 462 Conlocuntur‚
652 416 1092 467 congrediuntur,
1116 419 1381 468 quaerunt
1411 412 1625 466 aliquid,
1657 411 1952 468 postulant,

190 488 235 522 ut
266 481 395 533 magis
426 478 571 533 placati
604 490 727 531 quam
762 478 854 517 irati
886 492 976 516 esse
1011 478 1240 516 videantur.
1299 477 1378 515 Sed
1412 476 1453 515 in
1487 475 1557 514 illo
1588 488 1740 528 genere
1771 475 1824 514 sit
1854 482 1984 513 sane5

189 543 433 584 Pacidianus
464 541 616 593 aliquis
648 540 726 579 hoc
757 540 917 586 animo,
950 546 992 579 ut
1024 546 1161 578 narrat
1192 539 1400 578 Lucilius:

245 604 481 645 Occidam
513 602 660 642 illum
694 601 935 654 equidem
961 607 1006 641 et
1030 603 1254 646 vincam,
1287 601 1327 638 si
1362 600 1411 639 id
1436 601 1719 652 quaeritis,
1753 598 1951 654 inquit;

242 667 436 706 Verum
469 662 603 704 illud
636 664 798 703 credo
830 662 965 703 sore:
999 665 1044 702 in
1079 677 1132 702 os
1174 663 1322 714 prius
1354 663 1614 716 accipiam
1647 664 1785 716 ipse,

244 727 403 776 Quam
436 726 749 780 gladiumin
783 727 1046 766 stomacho
1071 725 1271 777 †suria
1302 738 1358 764 ae
1391 726 1735 778 pulmonibus
1767 727 1912 766 sisto.

245 789 343 830 Odi
376 791 666 834 hominem,
699 788 861 828 iratus
895 802 1091 842 pugno,
1126 802 1215 826 nec
1247 788 1465 838 longius
1498 789 1791 842 quicquam
1969 795 2006 822 ⁴0

243 853 404 893 Nobis
437 864 589 905 quam
623 852 850 890 dextrae
883 850 1129 903 gladium
1161 849 1274 888 dum
1307 850 1675 890 accommodet
1705 852 1871 892 alter:

244 916 412 968 Usque
444 914 573 954 adeo
604 913 788 953 studio
822 920 979 966 atque
1012 912 1137 951 odio
1170 912 1320 951 illius
1353 911 1565 952 ecferor
1595 913 1685 953 ira.

302 977 435 1019 XXII,
468 973 535 1014 49.
568 977 621 1015 At
651 976 741 1015 sine
772 975 848 1015 hae
880 974 1125 1028 gladiatoria
1156 973 1370 1014 iracundia
1402 974 1590 1015 videmus
1622 977 1957 1030 progredientem

189 1040 302 1093 apud
334 1040 561 1078 Homerum
592 1039 760 1078 Aiacem
795 1038 923 1077 multa
967 1052 1057 1077 cum
1098 1037 1329 1083 hilaritate,
1370 1051 1463 1077 cum
1506 1038 1816 1092 depugnaturus
1849 1044 1958 1079 esset

189 1116 281 1144 cum
312 1102 505 1141 Hectore.
554 1101 703 1147 Cuius,
743 1106 786 1141 ut
815 1113 928 1141 arma
960 1100 1157 1154 sumpsit,
1188 1100 1391 1153 ingressio
1424 1100 1621 1140 laetitiam
1653 1103 1790 1142 attulit
1820 1102 1957 1148 sociis,
1972 1108 2006 1134 >¹5

190 1171 387 1206 terrorem
419 1170 556 1203 autem
588 1164 796 1211 hostibus,
829 1170 872 1203 ut
903 1164 1039 1215 ipsum
1071 1163 1311 1209 Hectorem,
1345 1176 1468 1216 quem
1498 1163 1548 1203 ad
1572 1165 1741 1204 modum
1763 1171 1826 1205 est
1847 1163 1957 1218 apud

188 1229 436 1274 Homerum,
485 1232 570 1267 toto
615 1234 780 1278 pectore
832 1232 1077 1266 trementem
1119 1238 1368 1278 provocasse
1409 1225 1458 1265 ad
1502 1238 1680 1279 pugnam
1713 1228 1958 1280 paeniteret.

188 1293 323 1344 Atque
363 1290 406 1330 hi
445 1289 654 1329 conlocuti
695 1290 801 1328 inter
838 1302 881 1329 se
925 1289 1037 1340 prius
1078 1301 1201 1341 quam
1241 1301 1407 1327 manum
1441 1295 1709 1328 consererent
1739 1290 1888 1329 leniter
1921 1293 1961 1328 et

188 1353 346 1408 quiete,
377 1351 479 1391 nihil
511 1364 561 1390 nc
592 1352 633 1391 in
667 1352 753 1404 ipsa
777 1351 945 1404 quidem
979 1363 1117 1403 pugna
1148 1348 1345 1390 iracunde
1377 1350 1593 1390 rabioseve
1628 1350 1828 1391 fecerunt.
1871 1352 1959 1402 Ego

189 1429 240 1456 ne
272 1415 527 1467 Torquatum
552 1414 720 1466 quidem
755 1414 892 1460 illum,
925 1415 995 1466 qui
1019 1414 1097 1453 hoc
1120 1424 1348 1465 cognomen
1377 1412 1559 1459 invenit,
1592 1414 1742 1453 iratum
1765 1413 1959 1453 existimo
1973 1419 2008 1447 ΞΟ

190 1477 309 1518 Gallo
350 1481 541 1529 torquem
584 1476 814 1516 detraxisse
854 1488 930 1515 nec
970 1475 1211 1515 Marcellum
1248 1473 1361 1526 apud
1396 1474 1637 1514 Clastidium
1681 1475 1776 1515 ideo
1808 1475 1959 1514 fortem

188 1539 339 1585 fuisse,
371 1538 469 1591 quia
501 1538 627 1578 fuerit
658 1540 798 1578 iratus.
846 1537 913 1577 50.
945 1539 1004 1577 De
1029 1536 1222 1577 Africano
1247 1536 1441 1589 quidem,
1475 1536 1575 1590 quia
1597 1537 1736 1577 notior
1757 1542 1819 1577 est
1840 1536 1959 1576 nobis

189 1606 360 1654 propter
400 1608 609 1641 recentem
651 1601 914 1648 memoriam,
954 1601 1018 1641 vel
1058 1601 1192 1640 iurare
1234 1612 1426 1652 possum,
1469 1612 1552 1637 non
1594 1599 1708 1639 illum
1744 1598 1960 1639 iracundia

190 1671 273 1704 tum
304 1663 600 1703 inflammatum
633 1663 774 1710 fuisse,
802 1678 892 1703 cum
915 1666 955 1704 in
979 1664 1067 1703 acie
1092 1664 1142 1702 M.
1166 1662 1424 1701 Alliennium
1447 1661 1686 1713 Paelignum
1710 1667 1829 1701 scuto
1864 1673 1959 1712 pro-

190 1726 342 1766 texerit
372 1725 642 1779 gladiumque
674 1726 784 1766 hosti
816 1728 856 1765 in
890 1732 1034 1780 pectus
1067 1724 1259 1764 infixerit.
1312 1725 1372 1763 De
1405 1725 1447 1763 L.
1472 1726 1599 1764 Bruto
1630 1724 1806 1764 fortasse
1839 1724 1960 1764 dubi·
1974 1730 2010 1758 -25

191 1788 306 1828 tarim
338 1801 389 1827 au
422 1794 591 1841 propter
622 1786 827 1828 inlinitum
861 1789 1001 1828 odium
1043 1788 1206 1841 tyranni
1239 1787 1487 1827 ecfrenatius
1519 1788 1560 1826 in
1592 1788 1812 1826 Arruntem
1844 1788 1959 1827 inva-

188 1850 312 1894 serit:
355 1849 477 1889 video
518 1851 625 1889 enim
668 1857 891 1904 utrumque
931 1851 1165 1890 comminus
1205 1850 1291 1889 ictu
1331 1850 1535 1890 cecidisse
1575 1849 1798 1890 contrario.
1847 1849 1960 1897 Quid

187 1913 314 1965 igitur
350 1912 431 1952 huc
470 1912 677 1953 adhibetis
716 1914 852 1952 iram?
893 1927 944 1953 an
988 1912 1205 1959 fortitudo,
1249 1912 1327 1951 nisi
1359 1912 1545 1952 insanire
1577 1913 1734 1965 coepit,
1779 1911 1959 1964 impetus

189 1988 284 2014 suos
326 1989 407 2014 non
447 1975 604 2015 habet?
665 1976 809 2023 Quid?
851 1976 1093 2022 Herculem,
1135 1988 1259 2028 quem
1302 1975 1345 2013 in
1377 1974 1539 2014 caelum
1570 1975 1648 2014 ista
1680 1974 1790 2027 ipsa,
1835 1986 1959 2026 quam

189 2050 263 2078 vos
294 2037 548 2077 iracundiam
581 2052 671 2078 esse
705 2038 850 2085 vultis,
883 2038 1050 2078 sustulit
1076 2036 1291 2084 fortitudo,
1322 2037 1528 2076 iratumne
1552 2049 1696 2076 censes
1720 2036 1959 2078 conflixisse
1975 2043 2011 2071 30

190 2113 280 2140 cum
312 2101 582 2154 Erymanthio
614 2114 716 2154 apro
749 2107 818 2140 aut
847 2101 969 2140 leone
1002 2102 1237 2140 Nemeaeo?
1270 2113 1321 2139 au
1355 2099 1479 2139 etiam
1502 2100 1689 2139 Theseus
1712 2098 1962 2139 Marathonii

190 2163 297 2202 tauri
329 2176 486 2203 cornua
519 2163 822 2216 conprehendit
862 2164 1020 2203 iratus?
1063 2164 1166 2202 Vide
1199 2176 1249 2202 ne
1281 2162 1480 2203 fortitudo
1514 2162 1681 2201 minime
1713 2163 1767 2202 sit
1796 2162 1962 2201 rabiosa

191 2225 328 2279 sitque
367 2225 581 2266 iracundia
613 2231 700 2265 tota
731 2225 921 2266 levitatis.
973 2227 1118 2279 Neque
1151 2226 1260 2265 enim
1293 2230 1354 2265 est
1385 2224 1469 2264 ulla
1499 2224 1726 2271 fortitudo,
1759 2237 1868 2277 quae
1900 2236 1962 2263 ra-

191 2288 318 2328 tionis
350 2294 412 2328 est
442 2302 604 2342 expers.

303 2351 456 2390 XXIII.
488 2348 554 2390 5¹.
589 2350 926 2391 Contemnendae
958 2364 1022 2391 res
1054 2351 1261 2390 humanae
1293 2356 1408 2397 sunt,
1450 2349 1711 2402 neglegenda
1743 2362 1854 2389 mors
1886 2353 1961 2396 est,
1974 2354 2011 2384 35

191 2413 381 2466 patibiles
414 2418 455 2452 et
486 2413 654 2453 dolores
687 2419 726 2452 et
755 2413 921 2453 labores
953 2413 1140 2466 putandi.
1184 2414 1298 2453 Haec
1320 2427 1414 2453 cum
1438 2413 1661 2453 constituta
1683 2418 1778 2452 sunt
1808 2411 1960 2451 iudicio

191 2480 315 2529 atque
347 2475 566 2522 sententia,
598 2481 684 2514 tum
714 2481 775 2515 est
809 2475 981 2515 robusta
1011 2476 1082 2515 illa
1111 2481 1151 2515 et
1172 2475 1331 2515 stabilis
1354 2475 1571 2522 fortitudo,
1603 2475 1684 2514 nisi
1707 2474 1828 2522 forte,
1852 2486 1960 2527 quae

191 2537 478 2586 vehementer,
510 2538 680 2585 acriter,
712 2538 898 2578 animose
930 2538 1055 2585 fiunt,
1097 2537 1293 2578 iracunde
1325 2536 1413 2578 [ieri
1446 2537 1720 2591 suspicamur.
1774 2535 1877 2575 Mihi
1910 2549 1960 2575 ne

278 2694 309 2724 Ξ.
336 2693 476 2732 coeperit
501 2692 525 2723 O
553 2710 586 2715 ——
621 2693 851 2724 Gladiatorurn
878 2694 903 2724 O
929 2710 963 2714 —
1000 2693 1030 2725 4.
1057 2697 1221 2733 quaerunt
1245 2693 1387 2731 aliquid,
1417 2693 1588 2732 postulant
1612 2692 1803 2733 Schlenger
1829 2691 1960 2730 (Philol.

193 2742 408 2774 Schneidew.
435 2743 493 2774 Xll
518 2752 551 2783 p.
580 2742 671 2782 QSS):
699 2748 906 2782 quaerwzlur
931 2744 1057 2782 aliquid
1079 2744 1247 2782 peslulant
1271 2744 1294 2774 G
1311 2744 1352 2779 R;
1381 2746 1575 2782 queruntur,
1601 2743 1728 2781 aliquid
1745 2742 1914 2781 postulant
1938 2742 1962 2773 O

197 2810 229 2815 —
257 2793 287 2824 6.
309 2793 508 2832 pacidianus
533 2794 556 2823 G
571 2793 614 2823 R:
639 2792 850 2831 placidianus
873 2793 918 2827 Βς
944 2794 1160 2824 Pacideianus
1177 2794 1201 2824 O
1222 2811 1255 2815 —
1284 2792 1313 2823 9.
1341 2794 1435 2823 suria
1453 2792 1495 2822 C:
1521 2792 1613 2831 suria
1633 2791 1706 2826 alii2
1730 2792 1842 2831 furiae
1858 2792 1964 2822 Bent-

194 2840 269 2882 ley;
302 2843 383 2873 Furi
407 2845 438 2874 et
464 2842 558 2873 Fulvi
583 2842 759 2878 Davisius,
793 2842 870 2873 lura
894 2845 925 2873 et
954 2843 1041 2882 fibra.
1066 2842 1269 2879 Turnebus3
1301 2843 1369 2882 furi
1393 2843 1598 2877 Tisclierus;
1631 2844 1653 2881 ff«
1669 2851 1749 2874 sura
1773 2843 1798 2874 Ο
1826 2860 1858 2863 -
1885 2842 1964 2881 pul-

194 2891 403 2923 monibusislo
429 2893 616 2931 (superscr.
643 2900 658 2921 s
681 2900 728 2922 m.
756 2900 827 2923 sec.
855 2894 891 2922 ut
917 2892 1063 2932 xidetur)
1090 2894 1115 2923 G
1137 2910 1170 2914 —
1199 2893 1250 2924 Μ.
1276 2892 1368 2924 uobis
1392 2894 1415 2922 G
1433 2893 1475 2928 113
1506 2900 1574 2923 om.
1602 2892 1626 2923 B
1654 2909 1690 2915 —
1718 2892 1769 2923 43.
1796 2891 1847 2932 Ac]
1873 2900 1912 2922 ac
1937 2892 1961 2922 C

195 2958 236 2963 —
262 2941 313 2973 ¹¹4.
340 2940 427 2981 esset]
453 2944 497 2972 esc
522 2941 612 2972 Bake
637 2940 659 2972 l.
686 2940 706 2972 l.
734 2951 767 2982 p.
789 2942 861 2972 1¹02.
892 2957 926 2963 -
957 2944 1006 2975 16,
1035 2946 1144 2974 aulem
1169 2950 1345 2982 superscr.
1367 2950 1412 2972 m.
1432 2950 1502 2972 sec.
1523 2940 1630 2972 habet
1655 2942 1680 2972 G
1703 2959 1734 2962 —
1762 2941 1814 2972 20.
1841 2949 1965 2980 009ηο-

194 2998 267 3021 men
291 2992 409 3029 (erasis
435 2991 524 3020 inter
546 3000 567 3030 9
591 2992 624 3020 et
649 3000 668 3021 n
693 2991 848 3030 quinque
874 2989 1004 3030 litteris)
1030 2990 1074 3021 B:
1101 2991 1253 3031 cognouit
1278 2999 1391 3021 nornen
1418 2991 1442 3020 G
1458 2991 1480 3020 R
1505 3007 1538 3012 ——
1566 2988 1619 3021 24.
1645 2991 1747 3022 aciem
1772 2991 1964 3021 alliennium

198 3041 240 3076 C3
268 3041 337 3071 acie
360 3041 405 3071 M.
424 3040 585 3071 Allienum
609 3040 633 3070 O
661 3057 695 3062 -
723 3040 889 3080 Peliynum
914 3042 957 3072 O.
992 3039 1041 3071 Cf.
1071 3039 1136 3071 vol.
1164 3040 1190 3070 11
1217 3048 1249 3080 p.
1277 3040 1349 3070 999.
1381 3057 1415 3062 —
1446 3039 1497 3069 26.
1523 3043 1661 3071 arrunte
1686 3040 1730 3072 C:
1755 3041 1912 3072 Aruntem
1938 3041 1963 3071 O

200 3106 234 3111 —
253 3090 306 3121 28.
327 3091 467 3129 coeperit
491 3089 515 3119 O
535 3106 568 3110 -
597 3089 647 3120 30.
675 3092 827 3120 ratumne
851 3092 874 3120 G
891 3091 932 3126 R;
959 3088 1079 3120 Frn'zne
1103 3090 1126 3120 Β
1155 3090 1197 3128 lin
1216 3098 1324 3129 marg.
1345 3089 1516 3127 furentem)
1538 3106 1572 3110 —
1599 3090 1652 3121 31.
1678 3090 1861 3129 erymathio
1886 3090 1910 3119 G
1926 3089 1963 3119 R¹

198 3154 233 3159 —
260 3142 318 3169 aut
341 3140 386 3169 G:
415 3142 449 3169 ut
482 3139 542 3170 RB
578 3138 656 3176 (sed
689 3141 835 3179 uterque
861 3147 950 3170 corr.
978 3141 1011 3171 in
1036 3141 1109 3177 aut)
1140 3157 1174 3163 —
1209 3147 1342 3170 nemaeo
1367 3138 1391 3168 C
1419 3154 1453 3158 —
1490 3137 1542 3169 32.
1568 3139 1771 3170 marathonii
1801 3139 1878 3170 auri
1904 3138 1962 3177 (ex

196 3189 384 3219 marathona·
408 3188 512 3228 cauri)
538 3189 562 3219 G
578 3187 613 3219 R¹
641 3205 674 3210 —
709 3188 761 3220 33.
788 3189 845 3219 illa
869 3189 894 3220 O
921 3205 956 3211 -
990 3189 1042 3221 36.
1068 3193 1143 3220 sunt
1165 3189 1206 3220 B:
1236 3190 1299 3219 sint
1324 3188 1407 3218 GR.
1443 3186 1527 3219 Vide
1552 3187 1596 3219 ad
1621 3189 1633 3219 l
1658 3188 1677 3229 ἓ
1701 3190 1753 3220 55.
1782 3204 1816 3210 ——
1845 3187 1898 3219 38.
1924 3193 1963 3216 ne

199 3236 242 3268 B:
267 3245 317 3270 me
341 3239 423 3271 GR.
