2249 3624
731 154 827 196 ομ».
855 155 1100 196 vn1—1x.
1136 154 1196 209 §§
1227 153 1426 195 25-32.
1877 153 1950 195 621
1989 153 1998 162 ·

197 268 382 317 usurpet,
415 274 521 315 quos
553 274 779 314 numquam
811 262 993 302 viderit?
1039 262 1143 311 Quis
1165 270 1304 302 autem
1327 269 1390 302 est
1412 263 1483 315 qui
1507 262 1780 315 Tarquinium
1806 261 1959 313 Super-

197 328 317 373 bum,
348 324 417 378 qui
451 324 519 377 Sp.
545 322 753 370 Cassium,
787 325 857 377 Sp.
880 325 1076 365 Maelium
1111 340 1192 364 non
1226 325 1388 364 oderit?
1450 324 1550 364 Cum
1583 324 1747 364 duobus
1780 323 1958 363 ducibus

196 388 247 429 de
283 387 458 440 imperio
500 386 543 424 in
582 385 699 425 ltalia
740 392 803 425 est
843 387 1119 434 decertatum,
1168 387 1324 441 Pyrr-bo
1363 393 1403 426 et
1438 387 1697 427 Hannibale:
1737 388 1787 427 ab
1825 387 1958 426 altero

195 455 366 504 propter
404 448 654 502 probitatem
703 449 792 488 eius
831 462 914 487 non
957 450 1079 489 nimis
1118 451 1277 491 alienos
1318 452 1477 491 animos
1515 451 1740 500 habemus,
1781 452 1958 492 alterum

195 518 363 567 propter
393 510 678 550 crudelitatem
711 524 875 564 semper
909 513 1008 551 liaeo
1040 513 1187 552 civitas
1219 514 1366 553 oderit.
1973 518 1991 546 5

306 575 378 614 lx.
418 570 485 612 29.
526 572 648 620 Quod
681 573 714 612 si
748 580 859 613 tanta
893 574 951 612 vis
991 575 1207 627 probitatis
1240 582 1322 623 est,
1363 582 1406 616 ut
1438 590 1527 616 eam
1562 576 1623 616 vel
1658 577 1699 616 in
1732 578 1812 623 eis,
1857 588 1960 629 quos

194 650 423 690 numquam
456 635 648 682 vidimus,
681 636 758 682 vel,
791 636 902 688 quod
938 636 1070 675 maius
1102 643 1176 684 est,
1211 639 1251 677 in
1282 640 1400 678 hoste
1433 641 1556 679 etiam
1581 639 1829 689 diligamus,
1861 637 1961 690 quid

194 701 343 741 mirum
375 704 460 745 est,
499 699 533 738 si
564 699 690 738 animi
723 698 939 738 homiuum
972 706 1236 747 moveantur,
1274 714 1365 740 cum
1401 715 1566 748 eorum,
1600 702 1850 755 quibuscum
1885 713 1962 738 usu

194 761 406 802 coniuncti
452 773 543 800 esse
590 766 793 814 possunt,
842 761 1037 800 virtutem
1083 769 1123 801 et
1165 762 1396 802 bonitatem
1436 765 1673 817 perspicere
1714 764 1961 803 videantur?

197 824 460 876 Quamquam
493 821 760 862 confirmatur
789 836 907 863 amor
928 829 969 862 et
988 822 1193 863 beneficio
1224 831 1396 878 accepto
1429 833 1468 866 et
1498 826 1639 866 studio
1671 831 1890 880 perspecto
1923 829 2012 864 etto

195 886 500 927 consuetudine
532 885 749 931 adiuncta,
792 885 946 938 quibus
978 886 1101 925 rebus
1133 886 1184 925 ad
1217 887 1331 926 illum
1366 889 1543 941 primum
1576 895 1730 928 motum
1763 888 1891 928 animi
1924 892 1965 927 et

194 949 348 989 amoris
389 947 587 988 adhibitis
628 946 886 987 admirabilis
929 948 1135 1001 quaedam
1175 949 1409 989 exardescit
1447 951 1765 990 benevolentiae
1804 950 1965 1001 magni-

194 1011 309 1052 tudo.
370 1010 504 1058 Quam
546 1011 580 1050 si
621 1010 691 1063 qui
732 1016 878 1063 putant
914 1008 965 1049 al)
998 1011 1271 1051 inbecillitate
1304 1011 1532 1065 proficisci,
1576 1019 1618 1053 ut
1649 1013 1702 1052 sit
1734 1026 1807 1066 per
1838 1025 1963 1065 quem

195 1075 452 1128 adsequatur
483 1072 595 1125 quod
628 1074 808 1126 quisque
842 1073 1065 1121 desideret,
1096 1074 1299 1114 humilem
1330 1089 1429 1115 sane
1461 1075 1702 1130 relinquunt
1733 1082 1774 1116 et
1796 1075 1963 1116 minime

195 1150 468 1190 generosum,
500 1141 546 1176 ut
576 1136 633 1175 ita
664 1136 820 1183 dicam,
853 1142 987 1176 ortum
1018 1137 1243 1184 amicitiae,
1284 1152 1409 1191 quam
1442 1152 1494 1178 ex
1526 1139 1670 1191 inopia
1701 1144 1826 1192 atque
1858 1138 2015 1178 indi-45

194 1200 333 1254 gentia
370 1205 508 1238 natam
547 1199 704 1238 volunt.
766 1198 890 1246 Quod
929 1200 962 1239 si
998 1199 1054 1239 ita
1093 1205 1223 1248 esset,
1261 1206 1305 1240 ut
1339 1202 1519 1255 quisque
1551 1202 1770 1241 minimum
1801 1214 1892 1241 esse
1923 1201 1965 1240 in

195 1276 239 1303 se
271 1262 551 1309 arbitraretur,
583 1262 639 1301 ita
670 1260 722 1301 ad
753 1262 979 1302 amicitiam
1013 1268 1124 1302 esset
1153 1263 1409 1315 aptissimus,
1441 1264 1555 1318 quod
1589 1264 1713 1317 longe
1744 1278 1862 1304 secus
1890 1270 1966 1305 est.

195 1324 262 1365 30.
294 1325 345 1366 Ut
375 1325 486 1365 enim
517 1324 702 1377 quisque
735 1324 959 1376 plurimum
991 1325 1072 1364 sibi
1104 1323 1277 1365 contidit
1314 1332 1355 1366 et
1386 1332 1431 1366 ut
1461 1327 1641 1380 quisque
1675 1328 1854 1367 maxime
1885 1327 1968 1368 vir-

196 1394 284 1430 tute
325 1393 366 1428 et
406 1387 613 1439 sapientia
652 1387 711 1426 sic
752 1388 936 1426 munitus
978 1394 1061 1434 est,
1101 1394 1147 1428 ut
1185 1389 1300 1428 nullo
1332 1395 1453 1442 egeat
1483 1403 1643 1442 suaque
1676 1391 1815 1430 omnia
1848 1390 1890 1429 in
1922 1403 1966 1430 se

196 1452 288 1504 ipso
322 1450 455 1504 posita
485 1449 663 1495 iudicet,
703 1448 761 1488 ita
792 1449 834 1488 in
867 1449 1061 1488 amicitiis
1093 1450 1340 1503 expetendis
1373 1451 1648 1505 colendisque
1681 1453 1862 1492 maxime
1895 1459 2017 1492 err-20

197 1513 321 1554 cellit.
382 1511 493 1561 Quid
525 1512 667 1551 enim?
726 1511 947 1551 Africanus
978 1512 1172 1565 indigens
1204 1514 1317 1553 mei?
1377 1514 1550 1553 Minime
1589 1514 1784 1554 hercule!
1836 1527 1882 1554 ac
1914 1528 1967 1554 ne

196 1589 272 1628 ego
304 1575 473 1628 quidem
505 1574 645 1614 illius:
676 1574 749 1614 sed
782 1588 859 1626 ego
892 1573 1168 1615 admiratione
1201 1576 1382 1628 quadam
1416 1576 1578 1616 virtutis
1609 1577 1711 1623 eius,
1744 1577 1815 1616 ille
1847 1577 1969 1617 vicis-

196 1638 274 1678 sim
306 1637 503 1689 opinione
541 1636 717 1676 fortasse
756 1650 839 1676 non
881 1637 1018 1684 nulla,
1061 1651 1185 1690 quam
1221 1638 1271 1677 de
1305 1638 1407 1677 meis
1438 1639 1623 1678 moribus
1658 1639 1862 1687 habebat,
1901 1652 1966 1679 me

196 1700 368 1747 dilexit3
403 1699 520 1739 auxit
552 1699 887 1738 benevolentiam
921 1700 1193 1740 consuetudo.
1246 1701 1328 1740 Sed
1361 1715 1615 1754 quamquam
1639 1702 1839 1741 utilitates
1862 1701 1967 1741 mul-

197 1769 262 1803 tae
301 1767 342 1801 et
380 1775 552 1814 magnae
590 1767 841 1801 consecutae
881 1768 999 1809 sunt,
1040 1776 1123 1801 non
1157 1768 1253 1802 suut
1284 1770 1422 1803 tamen
1454 1763 1504 1802 ab
1537 1777 1678 1804 earum
1711 1777 1784 1817 spe
1816 1771 2015 1804 causae25

196 1822 398 1877 diligendi
440 1824 664 1877 profectae.
733 1820 800 1863 31.
844 1824 893 1864 Ut
925 1825 1034 1864 enim
1072 1824 1249 1865 benefici
1283 1826 1562 1879 liberalesque
1596 1840 1762 1874 sumus,
1805 1840 1890 1866 non
1922 1832 1968 1867 ut

196 1887 415 1939 exigamus
454 1888 623 1938 gratiam
665 1909 718 1915 —
758 1900 898 1940 neque
937 1888 1045 1927 enim
1083 1887 1333 1928 beneficium
1375 1888 1664 1936 faeneramur,
1707 1890 1778 1929 sed
1817 1895 1967 1929 natura

196 1948 395 2002 propensi
427 1948 478 1987 ad
510 1949 801 1989 liberalitatem
833 1963 977 1989 sumus
999 1974 1076 1998 —,
1109 1952 1168 1991 sic
1199 1952 1423 1991 amicitiam
1456 1964 1541 1990 non
1573 1964 1646 2004 spe
1669 1952 1874 1992 mercedis
1896 1950 1968 1991 ad·

198 2012 334 2058 ducti,
375 2011 448 2051 sed
487 2012 601 2064 quod
640 2013 775 2052 omnis
817 2012 905 2052 eius
944 2012 1106 2053 fructus
1143 2014 1185 2052 in
1218 2014 1309 2066 ipso
1340 2026 1481 2053 amore
1514 2013 1643 2061 inest,
1686 2013 1966 2068 expetendam

197 2079 406 2127 putamus.
466 2071 532 2112 32.
565 2076 617 2114 At
647 2075 702 2122 ii,
742 2074 815 2127 qui
855 2075 1062 2127 pecudum
1102 2076 1184 2115 ritu
1226 2077 1277 2115 ad
1311 2076 1565 2128 voluptatem
1598 2077 1737 2116 omnia
1768 2076 2018 2123 referunt,30

199 2136 324 2188 longe
358 2135 632 2184 dissentiunt,
672 2151 749 2177 nec
780 2137 947 2176 mirum.
1010 2138 1121 2177 Nihil
1154 2139 1263 2178 enim
1293 2139 1443 2185 altum,
1486 2138 1590 2178 nihil
1628 2137 1889 2191 magnificum
1920 2151 1968 2178 ac

197 2196 383 2237 divinum
424 2198 636 2250 suspicere
676 2205 874 2253 possunt,
918 2200 989 2252 qui
1029 2215 1126 2241 suas
1165 2215 1310 2241 omnes
1349 2201 1622 2253 cogitationes
1653 2201 1897 2241 abiecerunt
1926 2201 1969 2240 in

198 2273 287 2299 rem
325 2265 408 2299 tam
446 2258 644 2301 humilem
681 2268 850 2315 tamque
882 2268 1175 2315 contemptam.
1238 2263 1373 2311 Quam
1406 2264 1458 2302 ob
1490 2277 1576 2302 rem
1608 2263 1684 2303 hos
1716 2263 1884 2317 quidem
1916 2263 1967 2303 ab

197 2322 277 2362 hoc
307 2336 499 2363 sermone
531 2336 838 2372 removeamus,
870 2325 950 2378 ipsi
983 2331 1121 2364 autem
1153 2326 1447 2378 intellegamus
1479 2331 1625 2365 natura
1655 2325 1766 2378 gigni
1798 2339 1968 2366 sensum

199 2384 402 2438 diligendi
434 2391 475 2425 et
503 2386 823 2426 benevolentiae
855 2388 1074 2427 caritatem
1104 2387 1211 2428 facta
1243 2385 1546 2440 significatione
1567 2387 1810 2440 probitatis:
1843 2401 1966 2441 quam
1981 2396 2018 2426 35

198 2447 270 2501 qui
301 2447 615 2500 adpetiverunt,
656 2448 867 2502 adplicant
899 2463 990 2489 sese
1023 2456 1063 2489 et
1094 2451 1286 2503 proprius
1318 2450 1565 2496 admovent,
1605 2455 1651 2488 ut
1682 2455 1722 2489 et
1752 2463 1832 2489 usu
1864 2451 1965 2497 eius,

198 2522 323 2563 quem
355 2509 529 2563 diligere
561 2517 813 2564 coeperunt,
844 2511 1036 2551 fruantur
1066 2518 1107 2552 et
1136 2512 1345 2552 moribus:
1386 2517 1567 2564 suntque
1599 2525 1720 2564 pares
1752 2512 1793 2551 in
1825 2525 1967 2552 amore

200 2577 240 2612 et
269 2573 469 2626 aequales
499 2574 882 2628 propensioresque
913 2575 965 2615 ad
994 2575 1102 2614 bene
1134 2574 1380 2614 merendum
1413 2588 1538 2627 quam
1570 2574 1622 2614 ad
1647 2574 1967 2627 reposcendum,

288 2739 319 2769 ’1.
345 2740 419 2777 quis
441 2742 486 2770 est
510 2743 619 2770 autem
645 2740 687 2777 E,
724 2744 833 2771 aulem
859 2749 928 2772 om.
949 2742 970 2772 S
1008 2758 1041 2762 —
1084 2742 1116 2773 2.
1143 2741 1209 2781 qui]
1231 2742 1284 2779 ,0.
1312 2742 1336 2771 Ε
1374 2757 1407 2761 -
1448 2750 1481 2779 p.
1508 2740 1649 2770 cassium
1675 2741 1698 2771 C
1738 2757 1772 2762 —-
1810 2741 1969 2772 Maelium

200 2795 270 2818 om.
291 2787 315 2818 E
348 2803 382 2809 —
424 2787 454 2818 3.
482 2793 526 2819 est
551 2790 753 2820 decertatum
778 2790 920 2820 BGSV:
958 2795 1002 2821 est
1027 2792 1224 2822 dicet-tatum
1250 2792 1295 2828 D,
1328 2791 1444 2821 decere,
1465 2794 1509 2820 est
1534 2790 1591 2820 EO
1627 2805 1662 2811 —
1696 2790 1855 2821 Annibale
1878 2792 1903 2822 Ο
1931 2808 1966 2812 ——

201 2835 243 2866 ab
266 2836 370 2867 altero
392 2838 516 2876 pyrrho
542 2837 606 2877 (vel
628 2839 725 2877 pirro
750 2838 802 2869 vel
824 2839 939 2878 pyrro)
966 2840 1108 2879 BESV,
1144 2842 1175 2871 in
1203 2842 1226 2871 G
1250 2849 1356 2879 pyrro
1380 2848 1455 2879 sup.
1476 2838 1532 2870 lin.
1554 2841 1607 2870 est
1633 2857 1667 2861 —
1706 2839 1737 2871 4.
1764 2840 1905 2872 alterum
1928 2842 1965 2878 G,

201 2886 263 2918 sed
288 2887 496 2919 hannibalem
521 2896 597 2928 sup.
618 2888 675 2920 lin.
707 2905 741 2910 —
771 2889 801 2919 8.
822 2894 864 2920 est
890 2891 934 2920 (Ξῖ
963 2899 1032 2921 om.
1053 2892 1077 2921 O
1102 2908 1144 2912 —
1169 2892 1180 2921 ,1
1196 2892 1220 2921 1.
1239 2890 1511 2921 consuctudodine
1532 2890 1556 2919 G
1584 2907 1619 2911 —
1648 2889 1696 2921 tt.
1719 2890 1806 2929 quod
1828 2891 1855 2920 si
1878 2892 1971 2930 quis-

202 2944 263 2975 que
287 2936 309 2966 S
342 2954 385 2959 —
422 2939 473 2968 45.
501 2942 605 2969 ostum
631 2940 669 2969 G¹
708 2957 742 2961 —
782 2939 833 2970 1¹6.
862 2948 927 2971 esse
950 2942 984 2971 in
1006 2950 1038 2971 se
1062 2941 1202 2972 BGSV:
1246 2941 1279 2970 in
1303 2949 1336 2970 se
1358 2948 1423 2969 esse
1447 2939 1542 2969 DEO
1580 2956 1614 2960 -
1654 2939 1705 2969 17.
1733 2939 1920 2970 amissimus
1943 2942 1969 2970 G

203 2985 254 3016 48.
276 2985 461 3024 plurimum
483 2988 543 3018 sibi
567 2988 713 3019 BGSV:
749 2988 808 3019 sibi
829 2990 918 3027 plur.
946 2991 1041 3022 DEO
1075 3007 1109 3011 —
1145 2993 1173 3021 et
1199 2989 1243 3029 ut]
1268 2992 1304 3019 ut
1327 2989 1412 3027 quod
1437 2985 1474 3018 Ει
1501 3006 1535 3010 -
1564 2990 1716 3019 marinna
1739 2987 1905 3020 B¹Es¹v¹
1930 3006 1965 3011 —

201 3035 324 3067 uirtute
346 3037 367 3067 S
392 3037 425 3067 in
452 3046 560 3076 marg.
590 3054 624 3058 —
655 3038 707 3068 20.
731 3039 878 3076 petendis
901 3040 921 3069 S
948 3056 978 3060 —
1020 3040 1071 3070 21.
1098 3039 1204 3069 hercle
1231 3040 1255 3069 Ο
1285 3056 1317 3059 -
1353 3041 1389 3067 at
1411 3047 1450 3067 ne
1474 3038 1514 3075 D,
1542 3046 1627 3068 anne
1652 3039 1677 3068 G
1705 3054 1739 3059 —
1774 3038 1826 3069 ¹23.
1853 3038 1969 3070 habeat

203 3083 230 3114 D
250 3101 284 3106 —
314 3084 364 3116 24.
390 3086 540 3117 utilitatis
563 3086 642 3128 BG1,
662 3103 695 3108 —
724 3088 775 3118 ¹26.
796 3091 831 3118 ut
847 3087 943 3128 enim]
962 3089 1078 3119 etenim
1104 3089 1163 3119 DE
1191 3105 1225 3109 —
1254 3091 1288 3117 ut
1312 3096 1373 3117 non
1401 3087 1424 3117 Ε
1452 3103 1485 3108 -
1514 3087 1566 3118 Ξὸ,
1593 3088 1639 3118 sic
1662 3088 1695 3118 in
1719 3088 1903 3118 amicitiam
1928 3089 1966 3126 D,

203 3133 249 3162 sic
272 3134 316 3164 ad
339 3135 436 3165 amic.
465 3136 504 3166 Ε2
531 3153 565 3157 -
602 3137 654 3167 ⁵29.
681 3145 794 3167 amore
817 3138 945 3167 sitnon
971 3147 1036 3169 esse
1059 3142 1165 3177 expet.
1194 3138 1246 3167 BS
1284 3152 1318 3157 —
1357 3136 1409 3165 30.
1437 3139 1470 3165 at
1494 3135 1527 3175 it]
1553 3136 1594 3166 ab
1617 3137 1665 3168 his
1689 3136 1713 3168 C
1742 3154 1774 3158 —
1807 3138 1969 3176 pecodum

204 3181 273 3212 S¹V
301 3201 335 3206 —
360 3184 412 3215 311.
433 3186 638 3217 dissentimus
662 3187 784 3218 BESV
804 3203 838 3208 —
866 3187 913 3217 nit
936 3188 1020 3218 enim
1044 3187 1138 3218 BSV
1167 3204 1198 3208 -
1228 3186 1281 3217 32.
1299 3185 1478 3223 susspicere
1502 3186 1526 3216 G
1552 3202 1587 3208 --
1615 3186 1667 3217 33.
1693 3188 1762 3216 tam
1785 3195 1855 3217 rem
1879 3188 1903 3217 G
1930 3203 1964 3207 —

204 3230 256 3262 34.
282 3234 422 3273 sensum]
445 3236 575 3275 siynum
598 3236 691 3266 BSV
719 3252 754 3257 —
791 3236 844 3266 36.
871 3237 1078 3275 appetierunt
1102 3237 1128 3266 D
1160 3252 1193 3257 —-
1231 3243 1263 3265 se
1287 3235 1350 3266 DE
1378 3251 1412 3255 —
1450 3235 1503 3266 37.
1529 3237 1673 3275 ceperint
1696 3235 1722 3266 E
1762 3253 1794 3258 —
1831 3239 1970 3275 suntque

203 3279 323 3312 Beier:
356 3283 483 3323 sintque
507 3284 568 3317 CO
597 3301 629 3308 --
668 3284 721 3317 38.
747 3285 791 3316 ad
814 3284 891 3317 bene
906 3300 955 3308 --
970 3293 1094 3325 reposo.
1114 3287 1214 3323 atque
1237 3284 1261 3315 B
1286 3291 1362 3325 sup.
1382 3282 1440 3316 lin.
1459 3292 1507 3317 m.
1525 3284 1555 3317 2.
