2249 3624
249 161 332 204 912
967 162 1036 202 DE
1068 162 1293 203 LEGIBUS

250 268 389 309 attulit
418 268 621 308 auxilium
653 267 829 321 reliquis
860 280 946 307 non
978 267 1104 307 modo
1136 268 1463 321 magistratibus,
1485 267 1558 308 sed
1580 268 1704 308 etiam
1726 269 1900 322 privatis
1922 284 2022 311 con-

252 332 332 371 suli
365 344 450 371 non
483 330 737 384 parentibus.
798 327 862 369 ¹17.
909 330 956 379 Q.
988 331 1184 384 Magnum
1218 331 1322 370 dicis
1355 330 1536 379 malum3
1578 344 1673 371 nam
1705 333 1786 372 ista
1815 337 2021 385 potestate

250 401 348 434 nata
378 394 559 447 gravitas
590 392 852 445 optimatium
886 392 1032 432 cecidit
1061 391 1360 446 convaluitque
1393 393 1455 432 vis
1488 393 1780 434 multitudinis.
1836 395 1893 435 M.
1927 396 2023 434 Non

252 465 334 506 est,
369 457 548 505 Quinte,
581 455 650 494 ita.
713 456 805 495 Non
843 455 907 494 ius
947 455 1057 494 enim
1096 454 1203 494 illud
1243 455 1378 494 solum
1420 456 1641 508 superbius
1673 455 1830 509 populo
1862 461 1904 495 et
1933 456 2023 496 vio-

219 520 406 562 5lentius
439 518 568 558 videri
601 530 772 557 necesse
805 522 913 564 erat,
947 531 1031 570 quo
1063 522 1213 571 postea
1243 531 1368 571 quam
1400 517 1563 559 modica
1594 523 1634 558 et
1666 518 1834 571 sapiens
1863 524 2024 571 tempe-

250 584 358 624 ratio
389 581 584 627 accessit,
617 580 645 631 ἦ*
677 585 919 619 conuertem
952 580 1023 619 lex
1052 579 1095 619 in
1128 580 1262 619 omnis
1293 585 1356 620 est
1387 579 1411 600 ἦ
1435 580 1459 597 ³⁴
1483 580 1507 598 *

364 645 473 684 V111.
524 641 586 682 l8.
633 644 845 682 Domum
888 656 996 682 cum
1039 642 1196 682 laude
1235 643 1537 692 redeunt03
1582 643 1685 682 nihil
1717 643 1826 682 enim
1858 648 2025 697 praeter

251 710 419 751 laudem
452 707 573 747 bonis
605 711 731 759 atque
764 705 1061 745 innocentibus
1102 717 1238 758 neque
1270 718 1322 744 ex
1352 704 1545 745 hostibus
1579 718 1716 759 neque
1749 718 1771 744 a
1804 705 1930 745 sociis
1961 719 2026 745 re-

250 771 516 826 portandum.
576 770 661 808 Iam
705 767 805 808 illud
848 772 1039 820 apertum
1078 772 1141 806 est
1179 767 1392 820 profecto,
1438 767 1543 807 nihil
1584 781 1675 808 esse
1707 768 1868 821 turpius
1901 781 2023 821 quam

200 847 235 875 lo
252 846 506 888 quemquam
539 832 666 885 legari
701 831 780 870 nisi
813 831 873 870 rei
906 830 1099 883 publicae
1132 843 1268 869 causa.
1324 829 1481 869 Omitto
1514 844 1639 883 quem
1671 829 1721 869 ad
1755 829 1923 870 modum
1954 830 2024 870 isti

252 911 295 938 se
327 901 474 950 gerant
503 900 628 947 atque
660 893 879 946 gesserint,
913 892 985 945 qui
1018 892 1226 945 legatione
1258 892 1503 932 hereditatis
1534 898 1607 932 aut
1638 891 1897 946 syngraphas
1928 905 2025 932 suas

251 964 526 1015 persecuntur
548 980 597 986 —
621 957 662 996 in
684 956 923 996 hominibus
948 960 1010 994 est
1030 955 1109 994 hoc
1130 954 1307 995 fortasse
1331 955 1499 1002 vitium,
1533 954 1604 994 sed
1631 966 1789 1007 quaero
1810 975 1886 1001 —,
1923 954 2026 1007 quid

250 1036 399 1076 reapse
431 1021 484 1060 sit
514 1020 678 1074 turpius
711 1032 835 1073 quam
868 1019 959 1058 sine
989 1018 1285 1071 procuratione
1317 1023 1486 1057 senator
1515 1017 1700 1069 legatus,
1732 1016 1822 1056 sine
1853 1017 2026 1056 manda-

252 1087 317 1133 tis,
350 1086 440 1124 siue
472 1083 559 1123 ullo
590 1083 650 1122 rei
683 1082 873 1136 publicae
906 1082 1107 1120 munere?
1169 1079 1291 1128 Quod
1324 1079 1493 1133 quidem
1527 1092 1658 1132 genus
1690 1078 1916 1132 legationis
1948 1092 2024 1132 ego

201 1159 236 1188 ⁴5
252 1148 420 1194 consul,
463 1158 717 1199 quamquam
762 1143 813 1183 ad
853 1143 1119 1182 commodum
1159 1147 1327 1182 senatus
1359 1142 1568 1194 pertinere
1601 1141 1845 1188 videbatur,
1885 1146 2025 1181 tamen

251 1210 511 1265 adprobante
544 1213 690 1248 senatu
723 1206 1075 1260 frequentissimo,
1108 1205 1188 1245 nisi
1220 1204 1320 1244 mihi
1353 1205 1382 1256 ἦ*
1413 1205 1515 1244 levis
1548 1204 1739 1244 tribunus
1771 1203 1906 1257 plebis
1937 1209 2024 1243 tum

250 1272 570 1318 intercessisset,
604 1270 881 1309 sustulissem.
927 1268 1059 1307 Minui
1091 1273 1228 1307 tamen
1262 1273 1424 1320 tempus
1455 1272 1513 1314 et,
1546 1267 1660 1320 quod
1693 1271 1782 1305 erat
1802 1264 2025 1312 infinitum,

252 1348 435 1376 annuum
467 1333 561 1373 feci.
622 1333 682 1372 Ita
723 1331 942 1384 turpitudo
988 1335 1128 1369 manet
1169 1329 1442 1369 diuturnitate
1486 1329 1662 1369 sublata.
1724 1327 1808 1368 Sed
1840 1328 1950 1376 iam,
1992 1327 2026 1367 si

253 1399 410 1452 placet,
442 1396 494 1435 de
525 1394 754 1448 provinciis
786 1393 1010 1433 decedatur
1041 1393 1084 1431 in
1116 1392 1347 1445 urbemque
1380 1391 1590 1431 redeatur.
1649 1392 1729 1430 Att.
1760 1390 1890 1430 Nobis
1922 1402 2022 1430 vero

200 1472 236 1500 ‘20
254 1462 409 1515 placet,
441 1458 512 1499 sed
545 1459 625 1505 his,
657 1457 728 1511 qui
758 1457 800 1496 in
833 1455 1058 1509 provinciis
1091 1459 1201 1501 sunt,
1234 1455 1405 1493 minime
1436 1454 1586 1507 placet.
1649 1449 1714 1491 49.
1745 1453 1800 1493 M.
1831 1453 1884 1492 At
1913 1465 2026 1499 vero,

253 1525 359 1571 Tite,
392 1524 425 1563 si
456 1521 663 1575 parebunt
692 1520 757 1559 his
790 1519 968 1572 legibus,
999 1517 1103 1557 nihil
1134 1517 1212 1556 erit
1241 1517 1293 1556 iis
1325 1518 1441 1563 urbe,
1473 1515 1578 1556 nihil
1602 1514 1727 1555 domo
1750 1528 1824 1555 sua
1847 1513 2027 1561 dulcius,

253 1600 330 1627 nec
363 1585 614 1626 laboriosius
647 1581 950 1634 molestiusque
983 1581 1211 1634 provincia.

368 1644 481 1703 [Sed]
517 1646 710 1700 sequitur
739 1645 832 1691 leit,
875 1656 982 1697 quae
1015 1643 1149 1683 sancit
1180 1656 1268 1683 eam
1302 1643 1565 1682 tribunorum
1597 1642 1730 1696 plebis
1762 1643 2027 1694 potestatem,

256 1725 363 1767 quae
395 1717 449 1750 est
480 1710 522 1748 in
555 1722 598 1748 re
630 1708 800 1761 publica
833 1712 996 1746 nostra:
1040 1706 1091 1745 de
1124 1719 1206 1759 qua
1239 1705 1387 1745 disseri
1420 1705 1525 1744 nihil
1557 1717 1731 1744 necesse
1764 1708 1838 1742 est.
1898 1702 1945 1751 Q.
1976 1702 2029 1741 At

204 1785 239 1812 25
256 1789 320 1815 me
350 1773 520 1814 hercule
555 1785 654 1825 ego,
694 1770 840 1816 frater,
883 1782 1063 1822 quaero,
1106 1769 1156 1807 de
1188 1768 1266 1807 ista
1298 1772 1507 1821 potestate
1552 1767 1655 1820 quid
1697 1765 1865 1806 sentias.
1923 1765 2027 1804 Nam

257 1837 358 1877 mihi
391 1836 560 1890 quidem
591 1833 790 1887 pestifera
822 1832 1010 1878 videtur,
1054 1831 1209 1885 quippe
1243 1843 1352 1884 quae
1384 1830 1426 1869 in
1457 1829 1666 1869 seditione
1699 1832 1740 1867 et
1770 1826 1822 1867 ad
1854 1825 2027 1866 seditio-

255 1914 351 1940 nem
392 1904 487 1938 nata
530 1897 601 1937 sit:
649 1897 768 1936 cuius
809 1895 989 1948 primum
1030 1899 1167 1933 ortum
1209 1893 1241 1933 si
1275 1890 1484 1932 recordari
1517 1892 1731 1938 volumus,
1772 1890 1882 1929 inter
1912 1901 2028 1928 arma

257 1963 406 2003 civium
440 1965 480 2000 et
510 1959 721 2012 occupatis
754 1962 795 1998 et
825 1957 1007 1997 obsessis
1038 1956 1152 1996 urbis
1183 1955 1286 1995 locis
1319 1959 1579 2008 procreatum
1610 1953 1804 1993 vidimus.
1865 1951 2027 2002 Deinde

345 2105 375 2136 l.
402 2103 569 2134 auxilium
593 2101 710 2132 retium
734 2099 868 2138 reliquis
891 2099 914 2130 B
944 2116 978 2120 -
1006 2099 1059 2130 sed
1084 2099 1107 2129 B
1134 2106 1211 2138 sup.
1232 2097 1291 2130 lin.
1320 2116 1354 2120 —
1389 2098 1531 2138 pribatis
1555 2099 1605 2131 Αἱ,
1631 2096 1769 2136 pribotis
1793 2096 1816 2127 B
1845 2113 1879 2117 —
1907 2093 2030 2126 consoli

257 2156 331 2187 A¹B
361 2171 395 2176 —
423 2155 454 2185 3.
482 2153 531 2183 uis
556 2152 618 2183 AB
646 2150 718 2190 (sed
744 2152 769 2181 A
796 2151 828 2181 in
854 2150 958 2187 ras,):
986 2150 1036 2179 ins
1061 2148 1146 2179 dett.
1174 2150 1208 2179 et
1232 2149 1256 2180 O
1289 2165 1324 2171 —
1362 2147 1393 2179 4.
1419 2147 1481 2185 ita,
1502 2147 1618 2186 Quinte
1642 2146 1667 2177 O
1694 2163 1730 2168 —
1757 2146 1808 2176 ius
1831 2145 1917 2176 enim
1940 2145 1966 2176 A
1984 2145 2025 2175 B:

256 2207 342 2238 enim
364 2206 416 2236 ius
441 2204 464 2235 O
494 2220 529 2225 —
557 2205 585 2232 et
609 2203 633 2232 A
651 2202 694 2232 B:
720 2201 774 2232 sed
799 2200 879 2231 edd.
909 2216 943 2221 —-
983 2200 1013 2230 5.
1040 2199 1175 2243 modi-cet
1200 2196 1346 2238 sapiente
1368 2199 1498 2237 peraeio
1523 2197 1546 2227 B
1587 2214 1622 2219 —
1661 2196 1692 2227 6.
1721 2196 1893 2227 sententia
1918 2202 2030 2226 acces-

256 2258 347 2288 sisset
380 2254 561 2295 requirere
598 2251 736 2282 videtur
775 2268 807 2272 —
848 2258 1008 2280 conuersa
1039 2249 1093 2279 lec
1115 2250 1149 2279 in
1176 2257 1285 2279 omnes
1310 2251 1355 2279 est
1379 2247 1460 2279 edd.
1486 2255 1593 2288 prava
1618 2246 1802 2278 sententia.
1851 2244 2027 2276 Davies:

257 2306 403 2345 confecta
424 2312 497 2342 pua:
521 2304 606 2333 inler
629 2309 736 2332 omnes
761 2303 817 2334 est,
845 2299 907 2330 sed
935 2306 998 2329 nec
1023 2298 1088 2329 hoc
1114 2307 1180 2329 nec
1206 2298 1300 2338 quod
1326 2297 1379 2329 alii
1406 2298 1692 2337 excogitaverunt
1716 2295 1832 2327 locum
1850 2293 2030 2325 obscuris-

259 2358 387 2388 simum
412 2355 523 2385 sanat.
561 2353 642 2383 Eius
667 2350 814 2383 sanandi
840 2351 967 2380 conatu
993 2348 1061 2379 iam
1087 2348 1132 2379 ob
1158 2357 1236 2379 eam
1262 2357 1406 2379 causam
1425 2347 1675 2379 abstinendum
1693 2348 1757 2383 est,
1776 2343 1869 2385 quod
1887 2352 1930 2375 ne
1948 2341 2030 2374 illud

259 2406 403 2447 quidem
436 2405 467 2435 in
499 2403 663 2443 promptu
695 2402 765 2436 est,
799 2407 867 2440 quo
899 2398 975 2429 loco
1001 2401 1129 2438 puncta
1157 2398 1333 2429 desectum
1360 2399 1526 2429 orationis
1551 2397 1737 2428 indicantia
1762 2393 1924 2436 ponenda
1949 2393 2028 2427 sint,

258 2460 374 2488 utrum
394 2456 471 2495 post
488 2453 596 2484 verba
615 2452 803 2492 depravata
832 2452 1037 2480 “conrerlem
1054 2449 1110 2478 lex
1133 2449 1166 2479 in
1191 2449 1295 2478 omnis
1319 2452 1382 2479 estu
1409 2457 1451 2479 an
1479 2449 1558 2478 ante
1584 2445 1657 2477 illa:
1685 2446 1832 2486 possunt
1855 2443 1948 2475 enim
1974 2450 2031 2473 ae-

260 2516 328 2548 que
354 2506 445 2537 bene
472 2502 625 2535 clausula
652 2510 730 2533 esse
755 2500 834 2536 loci.
863 2500 919 2540 qui
945 2498 1075 2539 aliquot
1100 2497 1187 2530 soliis
1212 2498 1395 2538 archetypi
1418 2496 1610 2537 deperditis
1627 2494 1813 2527 intercidit.
1844 2511 1879 2515 —
1906 2493 1937 2524 7.
1956 2501 2031 2523 cum

260 2557 280 2588 l.
306 2557 464 2587 redeunte
490 2552 569 2584 edd.
588 2552 687 2582 vett:
721 2558 795 2581 cum
818 2550 948 2580 laudem
968 2557 1050 2587 pene
1073 2557 1138 2579 uno
1163 2549 1227 2579 AB
1266 2565 1300 2570 —
1338 2548 1369 2580 8.
1395 2548 1484 2577 soliis
1508 2549 1534 2578 A
1574 2563 1608 2568 -
1649 2545 1679 2576 9.
1707 2548 1860 2584 apertum
1883 2545 1927 2574 εει
1947 2551 2031 2582 pro-

259 2608 339 2648 fecto
363 2604 378 2637 e
406 2606 487 2645 (pro
512 2600 527 2633 ἒ
554 2603 586 2632 in
612 2604 638 2632 A
662 2608 784 2630 rasura
811 2599 914 2630 trium
941 2597 1130 2635 literarum)
1163 2598 1243 2628 nihil
1267 2606 1332 2628 esse
1365 2595 1398 2634 (ὃ
1419 2596 1459 2635 Β)
1491 2597 1621 2635 turpius
1644 2603 1744 2634 quam
1766 2597 1811 2625 est
1835 2600 2031 2633 quemquam

260 2660 284 2690 A
301 2658 324 2688 Β
358 2654 564 2696 (quempiam
588 2652 630 2683 O:
666 2654 818 2690 apertum
839 2648 984 2688 profecto
1009 2652 1053 2678 est
1078 2648 1250 2679 Manutius
1281 2646 1408 2687 aliique
1438 2645 1530 2677 haud
1556 2646 1627 2677 scio
1653 2653 1696 2675 an
1721 2642 1864 2681 rectius)
1901 2658 1936 2663 —
1976 2641 2028 2672 ⁴0.

259 2709 332 2740 istic
355 2716 386 2738 se
409 2707 527 2746 yerant
552 2702 641 2733 Bake
681 2718 714 2722 —
755 2702 766 2731 ,1
777 2701 806 2731 t.
833 2700 939 2738 adque
964 2695 1002 2729 A¹
1038 2716 1070 2720 —
1109 2697 1266 2737 ligatione
1290 2698 1314 2728 B
1340 2715 1374 2719 —
1402 2697 1591 2728 hereditatis
1614 2697 1638 2726 A
1655 2696 1697 2726 B:
1724 2694 1918 2725 hereditates
1940 2691 1964 2723 Ο
1993 2709 2027 2714 -

262 2759 314 2789 42.
342 2757 375 2788 in
399 2754 546 2786 omnibus
570 2749 607 2783 A¹
645 2769 678 2773 —
717 2749 772 2790 est]
797 2753 826 2780 et
851 2752 874 2780 A
891 2750 913 2779 B
954 2766 987 2770 ——
1028 2748 1078 2779 43.
1107 2757 1142 2778 re
1165 2747 1206 2777 ab
1229 2755 1260 2777 se
1284 2747 1328 2785 B,
1365 2756 1401 2778 re
1424 2747 1484 2776 hae
1509 2747 1534 2776 A
1561 2745 1633 2784 (sed
1659 2745 1720 2775 hac
1744 2744 1778 2774 in
1802 2751 1871 2774 ras.
1898 2743 2031 2774 maiore

262 2815 308 2838 m.
329 2807 473 2841 recent.)
515 2821 549 2825 —
588 2804 807 2842 procuratore
832 2800 890 2830 AB
916 2799 1180 2837 (procuratorem
1205 2794 1254 2834 A¹)
1297 2813 1330 2818 —
1373 2800 1509 2827 senalur
1532 2795 1605 2833 (sic)
1632 2795 1675 2825 B:
1713 2796 1896 2825 senatorem
1926 2791 2031 2832 legari

263 2856 352 2888 coni.
372 2855 462 2885 Bake
492 2871 525 2875 —
554 2853 604 2883 115.
624 2850 798 2882 videbatur
815 2849 967 2880 Ernesti:
994 2847 1256 2878 uideaturABO
1283 2863 1316 2867 —
1351 2846 1398 2876 16.
1426 2844 1701 2884 adprobantemss
1730 2860 1765 2865 —
1792 2845 1924 2873 senatus
1947 2843 1971 2872 A
1994 2857 2028 2862 —

263 2907 342 2937 Ieius
358 2907 382 2935 A
410 2905 469 2941 (ius
487 2903 517 2933 in
538 2904 635 2940 ras.);
659 2901 798 2931 videtur
817 2907 944 2930 nomen
964 2897 1091 2928 tribuni
1110 2896 1236 2933 latere,
1263 2896 1340 2927 fort.
1361 2895 1540 2930 Labienus,
1567 2896 1603 2924 ut
1625 2894 1783 2924 Moserus
1805 2891 1963 2923 coniecit.
1991 2905 2027 2911 —-

265 2956 316 2986 47.
344 2955 472 2984 minuta
497 2957 598 2983 mente
621 2955 745 2989 tempus
769 2953 812 2980 es!
840 2950 880 2983 B:
912 2951 1018 2979 tamen
1045 2947 1147 2977 minui
1174 2944 1382 2983 Feldhuegcl
1408 2947 1441 2976 et
1466 2943 1560 2975 Klotz
1595 2961 1637 2966 -—
1675 2943 1725 2974 118.
1752 2950 1877 2973 armum
1901 2941 1964 2972 AB
1991 2955 2027 2961 —-

265 3005 412 3035 sublatas
436 3003 459 3033 B
487 3019 520 3023 —
555 3002 588 3031 19
615 3002 647 3032 et
672 3001 725 3031 ¹20.
748 2999 927 3039 prouimtis
951 2999 976 3029 A
1004 3014 1038 3018 —
1065 2996 1116 3027 20.
1137 2995 1185 3025 his
1210 2996 1286 3026 AB:
1314 2995 1353 3024 iis
1377 2995 1419 3027 O:
1447 2993 1528 3025 illud
1554 3002 1678 3024 verum
1704 2994 1768 3029 est,
1795 2990 1889 3032 quod
1907 2990 2030 3022 Cicero

265 3054 347 3086 dixit
375 3053 450 3092 «qut
474 3053 505 3081 in
528 3060 623 3090 prov.
650 3053 786 3087 sunt»,
817 3057 884 3079 non
913 3048 987 3087 aqui
1014 3048 1042 3076 ιή
1067 3046 1256 3085 provincias
1280 3044 1436 3081 abeunbu
1475 3043 1641 3075 describit
1665 3042 1767 3082 igitur
1791 3041 1952 3072 homines
1977 3039 2031 3070 sui

267 3103 447 3143 temporis.
476 3118 508 3122 —
537 3101 580 3131 ad
604 3101 678 3131 A¹B
707 3116 740 3120 —
768 3100 820 3129 ς21.
845 3098 1007 3137 parebant
1032 3097 1069 3127 Αἱ
1086 3096 1122 3132 13,
1146 3097 1289 3134 pareant
1312 3097 1352 3125 A·-'
1380 3111 1412 3116 —-
1441 3094 1554 3124 domus
1578 3101 1623 3123 ua
1649 3093 1670 3122 Β
1699 3109 1732 3114 -
1760 3091 1812 3122 23.
1839 3091 1901 3122 Sed
1925 3088 2030 3120 Bakio

267 3151 454 3184 delendum
480 3151 616 3181 videtur
644 3168 676 3172 —
705 3158 791 3188 qnae
808 3148 940 3179 savillile
957 3156 1011 3178 am
1028 3145 1231 3177 tribunorum
1256 3145 1278 3175 B
1307 3161 1342 3166 —
1369 3143 1424 3175 Ἡ..
1444 3147 1489 3174 est
1514 3144 1688 3174 Goerenz:
1717 3141 1888 3177 on1.AB;
1914 3140 2030 3170 nostra

267 3206 311 3234 est
334 3200 516 3233 Turnebus
555 3217 588 3220 —
627 3199 791 3230 discesseri
815 3199 838 3228 B
867 3215 901 3219 —
928 3198 971 3227 ad
996 3196 1071 3227 A¹13
1109 3212 1149 3217 -
1185 3194 1237 3224 ⁶25.
1265 3202 1364 3233 quero
1388 3194 1530 3225 dedcisla
1554 3193 1577 3223 B
1614 3209 1649 3213 —-
1686 3191 1740 3222 ⁶27.
1766 3190 1942 3221 recordare
1965 3187 2028 3219 AB

271 3270 305 3274 —
332 3251 384 3282 28.
411 3250 542 3282 obsessis
559 3251 583 3280 A
610 3250 640 3279 in
667 3257 734 3279 ras.
754 3247 860 3279 hahet
884 3264 925 3269 —
946 3248 1159 3285 procreatam
1180 3243 1352 3275 Manutius
1379 3261 1409 3264 —
1439 3243 1584 3274 uidimus
1599 3241 1672 3280 AB,
1697 3242 1735 3272 ut
1752 3239 1858 3271 voluit
1873 3237 2026 3271 Ernesti:

267 3302 412 3333 videmus
436 3301 472 3332 O.
