2249 3624
640 167 735 208 cst.
758 168 1086 210 an-mx
1127 167 1189 224 §§
1221 170 1417 214 61—67.
1823 175 1904 214 605

149 275 326 327 cipatum
357 275 493 317 tenet,
535 284 672 324 neque
704 273 838 312 solum
870 274 1028 314 honore
1060 277 1426 325 antecedentibus,
1467 280 1539 318 sed
1573 281 1621 320 iis
1654 282 1799 328 etiam,
1831 282 1903 334 qui

148 349 238 377 cum
270 334 444 386 imperio
476 339 586 380 sunt,
621 335 798 373 maiores
832 343 928 375 natu
961 350 1138 388 augures
1170 346 1495 392 anteponuntur.
1557 346 1675 390 Quae
1707 350 1802 383 sunt
1833 344 1905 394 igi-

147 404 210 439 tur
239 396 474 448 voluptates
507 397 697 448 corporis
729 410 821 436 cuin
854 400 1112 438 auctoritatis
1145 403 1337 453 praemiis
1376 405 1712 456 comparandae?
1755 405 1905 458 quibus

145 460 216 513 qui
248 457 467 511 splendide
500 458 563 496 usi
597 464 715 502 sunt,
750 459 775 497 ii
810 460 909 498 inihi
944 460 1135 500 videntur
1175 462 1355 502 subulam
1395 466 1541 504 aetatis
1582 469 1791 519 peregisse
1831 480 1905 505 nec

144 527 350 574 tamquam
383 520 645 559 inexercitati
677 520 903 560 histriones
937 523 976 560 iu
1010 530 1196 563 extremo
1227 533 1319 565 actu
1355 529 1575 566 corruisse.
1920 537 1937 564 5

253 580 319 620 65.
351 584 403 620 At
434 588 529 621 sunt
560 583 714 621 morosi
747 589 785 621 ct
816 584 929 622 anxii
963 591 1001 623 ct
1033 586 1220 625 iracundi
1253 594 1293 627 et
1324 588 1518 628 difficiles
1547 604 1691 630 senes:
1724 592 1756 630 si
1781 604 1909 644 quae-

144 645 290 690 rimus,
334 643 458 683 etiam
490 645 620 683 avari.
685 645 767 683 Sed
808 645 911 684 bai-c
954 660 1114 686 inoruin
1160 649 1255 688 vitia
1288 658 1403 696 sunt,
1438 666 1519 690 non
1553 656 1792 692 senectutis.
1853 656 1909 692 Ac

143 707 360 748 morositas
392 712 530 746 tamen
563 712 604 746 et
635 720 684 746 ea
718 707 831 754 vitia,
865 721 972 760 quae
1005 709 1108 755 dixi,
1140 711 1294 750 liabent
1316 713 1472 766 aliquid
1497 717 1800 762 excusationis,
1824 729 1906 754 non

142 771 253 810 illius
292 769 464 822 quidem
508 769 666 815 iustae,
710 769 783 808 sed
826 784 933 822 quae
979 772 1144 822 probari
1185 788 1307 824 posse
1353 777 1566 815 videatur:
1614 777 1825 816 contemni
1864 790 1907 816 se

143 839 306 887 putant,
339 831 512 884 despici,
544 832 706 878 inludi;
741 839 956 884 praeterea
989 834 1028 872 in
1062 834 1196 885 fragili
1229 850 1401 889 corpore
1434 839 1577 877 odiosa
1610 841 1745 878 omnis
1777 841 1958 878 offen-to

142 896 205 937 sio
237 900 314 935 est.
379 894 497 942 Quae
530 900 667 933 tamen
699 895 836 934 omnia
869 894 1056 934 dulciora
1090 894 1189 935 liunt
1221 903 1259 936 et
1291 899 1476 938 moribus
1508 900 1628 939 bouis
1662 908 1701 940 et
1732 902 1907 947 artibus,

142 958 267 1010 idque
298 969 391 995 cum
424 956 466 995 in
498 956 582 995 vita
614 962 700 995 tum
734 957 772 995 in
806 970 957 996 scaena
989 957 1174 1010 intellegi
1208 965 1344 1011 potest
1376 974 1427 999 ex
1461 962 1508 1000 iis
1532 962 1748 1010 fratribus,
1772 964 1907 1017 quiin

140 1019 341 1072 Adelphis
373 1024 481 1058 sunt.
544 1020 712 1066 Quanta
744 1019 785 1058 in
819 1020 951 1058 altero
983 1018 1143 1065 diritas,
1177 1021 1218 1058 in
1249 1021 1380 1061 altero
1413 1024 1615 1063 comitas!
1670 1027 1735 1064 Sic
1767 1039 1810 1065 se
1843 1039 1908 1064 res

140 1081 290 1122 habet:
335 1086 378 1120 ut
409 1082 520 1120 enim
552 1094 636 1120 non
670 1094 794 1120 omne
827 1082 992 1128 viuum,
1035 1082 1092 1120 sic
1135 1096 1217 1121 non
1257 1084 1393 1122 omnis
1426 1091 1572 1124 natura
1605 1092 1807 1126 vetustate
1839 1101 1908 1126 co-

139 1144 303 1184 acescit.
356 1144 631 1183 Severitatem
664 1144 704 1183 in
737 1149 951 1183 senectute
984 1144 1131 1195 probo,
1163 1145 1236 1184 sed
1269 1160 1378 1193 eam,
1407 1147 1515 1186 sicut
1544 1148 1642 1194 alia,
1675 1149 1958 1198 modicam315

139 1207 404 1248 acerbitatem
438 1206 553 1246 nullo
586 1206 725 1246 modo.
785 1204 852 1244 60.
883 1206 1068 1246 Avaritia
1102 1220 1198 1246 vero
1231 1208 1376 1247 senilis
1418 1208 1518 1261 quid
1551 1210 1628 1248 sibi
1662 1211 1779 1258 velit,
1825 1225 1907 1251 non

139 1269 350 1321 intellego.
402 1269 544 1308 Potest
576 1269 686 1307 enim
720 1269 946 1322 quicquam
980 1282 1071 1309 esse
1104 1270 1328 1310 absurdius
1362 1284 1500 1324 quam,
1532 1285 1616 1325 quo
1650 1274 1738 1312 viae
1771 1274 1908 1313 minus

139 1337 284 1376 restet,
316 1344 365 1370 eo
399 1330 493 1383 plus
526 1331 662 1370 viatici
697 1333 937 1384 quaerere?

252 1393 364 1432 XIX.
409 1394 567 1441 Quarta
608 1399 736 1432 restat
775 1406 923 1441 causa,
968 1408 1075 1447 quae
1115 1395 1294 1435 maxime
1331 1409 1485 1447 angere
1522 1401 1646 1448 atque
1688 1397 1908 1437 sollicitam

138 1456 291 1496 habere
331 1461 518 1495 nostram
557 1461 734 1495 aetatem
777 1456 966 1504 videtur,
1010 1457 1365 1511 adpropinquatio
1397 1458 1562 1504 mortis,
1605 1472 1713 1512 quae
1745 1466 1856 1499 certe
1886 1470 1960 1499 a-20

140 1524 352 1559 senectute
384 1531 467 1558 non
500 1523 637 1570 potest
668 1518 794 1570 longe
826 1518 988 1558 abesse.
1034 1519 1067 1559 Ο
1100 1521 1299 1559 miserum
1332 1534 1487 1567 senem,
1520 1521 1590 1574 qui
1614 1527 1788 1561 mortem
1812 1535 1910 1561 con-

140 1580 408 1620 temnendam
440 1594 531 1620 esse
562 1581 603 1619 in
636 1586 718 1620 tam
750 1581 875 1634 longa
906 1587 1041 1621 aetate
1074 1595 1158 1621 non
1190 1583 1364 1622 viderit!
1401 1596 1509 1636 quae
1531 1589 1602 1623 aut
1622 1584 1746 1636 plane
1770 1585 1911 1638 negle-

141 1643 274 1696 genda
305 1648 389 1690 est,
429 1643 463 1683 si
495 1644 666 1682 omnino
699 1644 907 1696 extinguit
938 1645 1144 1692 animum,
1185 1651 1256 1685 aut
1288 1646 1412 1685 etiam
1445 1646 1652 1698 optanda,
1693 1646 1728 1685 si
1763 1647 1908 1700 aliquo

141 1719 235 1746 eum
276 1705 467 1753 deducit,
506 1706 577 1745 ubi
609 1706 663 1745 sit
692 1705 855 1745 futurus
887 1713 1098 1746 aeternus.
1158 1708 1287 1760 Atqui
1320 1709 1487 1747 tertium
1519 1713 1631 1748 certe
1665 1709 1767 1749 nibil
1800 1710 1913 1749 inve-

142 1769 220 1808 niri
251 1773 401 1823 potest.
447 1767 514 1808 67.
548 1768 660 1816 Quid
693 1769 820 1821 igitur
852 1769 1033 1816 timeam,
1066 1770 1100 1808 si
1132 1775 1203 1809 aut
1234 1783 1319 1809 non
1351 1771 1477 1809 miser
1508 1776 1603 1823 post
1633 1777 1807 1811 mortem
1841 1779 1959 1812 aut25

139 1831 283 1871 beatus
316 1832 440 1871 etiam
470 1830 634 1870 futurus
667 1844 758 1870 sum
776 1834 793 1870 'l
841 1831 1105 1884 Quamquam
1137 1832 1227 1885 quis
1260 1838 1323 1872 est
1343 1837 1426 1871 tam
1450 1833 1623 1879 stultus,
1648 1835 1839 1886 quamvis
1861 1836 1914 1875 sit

141 1893 408 1941 adulescens,
450 1894 517 1933 cui
555 1894 609 1933 sit
639 1893 902 1946 exploratum
946 1907 989 1933 se
1029 1894 1081 1933 ad
1119 1907 1338 1947 vesperum
1381 1908 1473 1934 esse
1512 1895 1749 1934 victurum?
1801 1896 1912 1944 Quin

139 1956 261 1996 etiam
293 1962 406 1996 aetas
438 1956 510 1995 illa
541 1956 672 1995 multo
706 1956 846 2009 plures
886 1969 1012 2008 quam
1044 1962 1186 1996 nostra
1220 1970 1341 1996 casus
1373 1957 1519 1996 mortis
1551 1956 1703 1996 habet:
1747 1957 1912 1998 facilius

140 2017 183 2057 in
224 2019 392 2059 morbos
434 2018 627 2058 incidunt
666 2018 982 2064 adulescentes,
1026 2019 1192 2071 gravius
1224 2023 1464 2070 aegrotant,
1508 2018 1667 2059 tristius
1700 2027 1910 2061 curantur.

138 2081 284 2134 ltaque
323 2081 444 2133 pauci
483 2081 654 2120 veniunt
694 2080 745 2120 ad
779 2085 1063 2120 senectutem:
1112 2079 1225 2133 quod
1258 2081 1299 2120 ni
1330 2081 1386 2120 ita
1418 2080 1645 2128 accideret,
1690 2083 1840 2123 melius
1872 2089 1960 2123 et30

140 2143 385 2196 prudentius
419 2143 642 2182 viveretur.
703 2144 821 2182 Mens
864 2142 974 2182 enim
1016 2148 1056 2182 et
1086 2143 1192 2182 ratio
1225 2148 1266 2182 et
1296 2143 1521 2183 consilium
1552 2143 1595 2182 in
1628 2145 1797 2185 senibus
1830 2152 1907 2186 est:

140 2205 211 2257 qui
243 2205 276 2244 si
309 2205 413 2245 nulli
442 2205 632 2252 fuissent,
665 2205 805 2244 nullae
827 2206 999 2245 omnino
1024 2205 1213 2244 civitates
1235 2204 1424 2245 fuissent.
1467 2204 1549 2244 Sed
1580 2206 1707 2246 redeo
1729 2207 1780 2247 ad
1804 2221 1914 2247 mor-

140 2272 221 2308 tem
252 2267 570 2321 inpendentem.
612 2266 735 2316 Quod
768 2273 831 2307 est
861 2267 970 2308 istud
1005 2268 1163 2308 crimen
1195 2268 1445 2315 senectutis,
1477 2281 1570 2307 cum
1598 2268 1639 2308 id
1669 2269 1707 2308 ei
1736 2269 1913 2310 videatis

229 2397 257 2428 l.
282 2396 331 2427 his
355 2397 379 2428 C
416 2415 458 2419 —
494 2396 525 2427 3.
552 2405 730 2435 corporum
756 2396 814 2427 BS
853 2413 887 2417 —
927 2396 958 2428 4.
985 2397 1017 2427 lii
1041 2397 1152 2427 BlRS
1189 2413 1223 2417 —
1264 2396 1296 2427 5.
1323 2396 1497 2426 inexercili
1522 2396 1560 2434 S,
1594 2396 1627 2427 in
1651 2398 1801 2429 exercitu
1824 2399 1847 2429 B
1876 2414 1910 2420 —

141 2445 172 2477 6.
198 2446 330 2487 dificilcs
354 2448 412 2483 P¹;
447 2447 486 2478 Al
503 2464 549 2469 -—
566 2447 644 2486 diff.
663 2455 751 2478 senes
775 2447 906 2478 Nonius
932 2456 963 2487 p.
981 2446 1055 2483 433,
1076 2446 1116 2477 32
1153 2463 1187 2468 —
1226 2446 1257 2476 7.
1284 2444 1374 2485 haec]
1398 2445 1516 2476 horum
1542 2446 1565 2476 E
1592 2462 1626 2467 -—
1653 2447 1795 2486 morum]
1811 2447 1916 2479 morbi

141 2496 164 2527 P
191 2512 226 2518 —-
253 2505 292 2528 ac
316 2497 465 2528 BEPR:
501 2499 535 2526 at
560 2497 597 2534 S,
623 2496 679 2527 hec
705 2497 714 2526 l
753 2513 784 2518 —
826 2497 879 2527 40.
907 2496 1023 2535 dispici
1049 2497 1085 2526 Pl
1112 2513 1146 2517 —
1183 2495 1234 2526 1-2.
1263 2504 1336 2525 cum
1362 2495 1410 2525 C:
1439 2498 1507 2525 lum
1531 2495 1556 2526 Ο
1582 2497 1615 2526 et
1639 2495 1722 2527 dett.
1751 2496 1849 2528 multi
1877 2515 1911 2520 -

139 2545 280 2587 inlelleyi
303 2550 373 2577 lum
396 2547 430 2577 in
454 2546 572 2578 scheria
596 2547 607 2577 I
637 2565 670 2569 -
697 2555 794 2577 scena
819 2546 873 2577 CO
905 2564 935 2568 —
964 2546 1105 2585 intellegi
1123 2562 1139 2567 -
1154 2562 1171 2567 -
1187 2545 1324 2575 comitas
1347 2544 1478 2575 Nonius
1503 2554 1536 2584 p.
1557 2544 1608 2581 30,
1626 2545 1665 2576 49
1691 2544 1797 2583 (idem
1814 2546 1916 2578 affert

142 2594 214 2633 ⁴00,
233 2596 272 2627 27
298 2605 352 2627 VV.
378 2597 411 2627 in
436 2597 541 2628 altero
566 2597 695 2633 dirilas)
724 2615 757 2618 -
783 2596 897 2636 polest]
916 2596 1006 2627 ualet
1030 2596 1051 2626 S
1079 2612 1108 2616 -
1139 2595 1181 2626 iis
1206 2595 1315 2626 EPS:
1342 2594 1390 2624 liis
1414 2594 1495 2625 131ss
1521 2612 1562 2616 —
1587 2594 1704 2636 quiin]
1723 2604 1808 2636 quae
1832 2596 1856 2627 E
1877 2614 1912 2618 —

141 2644 192 2675 ⁴3.
218 2650 340 2684 quanto
365 2643 401 2678 Ρ1
431 2665 463 2669 -
499 2647 620 2678 dirilas
644 2646 774 2677 BEP2S
800 2648 833 2676 et
859 2646 1011 2677 Nonius:
1039 2645 1182 2675 duritias
1205 2642 1264 2679 P¹;
1299 2644 1428 2674 duritas
1453 2643 1534 2675 IRO
1559 2661 1600 2666 —
1627 2643 1678 2676 44.
1705 2648 1735 2676 et
1759 2647 1844 2676 enim
1868 2645 1911 2681 E;

140 2694 225 2725 enim
249 2694 389 2727 mallem
415 2695 559 2728 abesset
594 2714 627 2718 —
667 2697 791 2727 vicium
816 2695 853 2727 Βι
891 2714 924 2717 -
965 2699 1090 2726 natura
1115 2694 1214 2725 BIS:
1248 2696 1341 2724 aetas
1365 2696 1507 2723 naturae
1531 2693 1601 2731 ΕΡ,
1635 2696 1726 2724 aetas
1749 2695 1830 2732 1³03
1868 2694 1911 2726 cf.

139 2743 297 2783 Madvigii
316 2746 442 2786 Opusc.
462 2747 502 2784 11,
518 2746 579 2777 276
609 2763 641 2768 —
670 2746 721 2776 ⁴5.
743 2746 796 2776 sed
820 2747 860 2776 P:
889 2749 919 2776 ec
943 2745 1091 2776 BEIRS
1114 2761 1145 2764 —
1174 2744 1277 2774 aliam
1296 2743 1364 2781 BP,
1391 2751 1460 2773 om.
1479 2742 1501 2773 E
1519 2760 1561 2764 —
1587 2743 1637 2774 47.
1656 2751 1721 2775 esse
1737 2745 1916 2784 quicquam

141 2791 315 2826 absurdius
337 2803 404 2826 esse
427 2796 472 2832 R,
505 2795 568 2826 sed
595 2795 770 2835 posterius
795 2804 859 2826 esse
883 2794 939 2826 del
984 2812 1016 2816 —
1052 2795 1129 2824 uiae
1152 2794 1261 2823 minus
1286 2792 1415 2830 (munus
1432 2790 1481 2829 ΡΙ)
1509 2791 1674 2823 BEIPS:
1707 2794 1816 2824 minus
1838 2795 1915 2826 uiae

141 2840 198 2874 Ro
225 2861 258 2866 —
288 2845 341 2877 48.
361 2849 456 2877 restet
480 2846 592 2876 BPS:
619 2849 721 2876 restat
746 2845 860 2876 EIRO
889 2862 924 2867 —
953 2844 1004 2875 49.
1024 2851 1184 2874 massume
1208 2841 1262 2872 BS
1290 2858 1324 2862 —
1351 2841 1564 2879 alquesitam
1582 2842 1664 2872 11-
1689 2843 1741 2874 ΞΟ.
1760 2844 1916 2876 uideatur

139 2890 164 2922 B
191 2909 224 2914 —
250 2893 303 2925 et.
327 2898 430 2934 polest
453 2904 519 2926 esse
542 2895 636 2935 longe
661 2898 683 2927 Ρ
718 2912 751 2916 --
790 2894 841 2926 24.
870 2894 990 2926 malim
1015 2897 1058 2925 est
1081 2893 1215 2932 fului-us
1240 2908 1272 2912 -
1311 2894 1410 2931 alque
1433 2894 1520 2922 certe
1544 2892 1682 2923 tercium
1706 2894 1730 2924 R
1753 2910 1798 2917 —
1820 2895 1914 2926 inue—

140 2943 209 2974 nire
231 2941 267 2975 P¹
294 2963 327 2968 -
360 2946 412 2976 26.
439 2954 634 2986 quanquam
658 2946 682 2976 P
711 2963 744 2968 -
778 2946 852 2983 quis
874 2949 919 2976 est
935 2962 984 2967 --
1000 2947 1170 2975 uicturum
1195 2942 1326 2973 Nonius
1352 2950 1383 2981 p.
1401 2941 1477 2978 294,
1496 2941 1537 2972 ⁶24
1566 2959 1596 2965 -
1633 2946 1680 2974 esc
1702 2946 1771 2974 tam
1795 2944 1855 2975 ER
1880 2948 1914 2976 et

139 2990 289 3024 Nonius:
324 2994 424 3025 etiam
448 2997 489 3033 P,
524 2999 569 3027 est
592 2996 692 3026 eliam
717 2998 786 3026 tam
810 2996 887 3025 BIS
921 3012 956 3017 —
991 2994 1031 3025 sit
1056 2996 1135 3035 post
1159 2993 1310 3033 quamvis
1334 3000 1404 3022 om.
1425 2992 1556 3023 Nonius
1585 3010 1627 3016 —
1664 2993 1716 3025 28.
1743 2998 1835 3025 aetas
1859 2995 1913 3025 illo

140 3038 188 3079 ΡΙ,
212 3041 271 3072 ina
293 3047 385 3074 aetas
408 3045 434 3076 R
472 3062 505 3069 ψ-
542 3045 652 3085 pluris
678 3045 701 3076 E
740 3063 780 3068 —
818 3054 914 3075 casus
938 3046 1053 3075 inertis
1082 3045 1218 3075 Blps:
1255 3042 1370 3072 mortis
1395 3050 1490 3072 casus
1515 3042 1608 3074 ERO
1647 3060 1679 3064 -—
1716 3043 1849 3083 facilius
1865 3061 1914 3067 --

139 3095 301 3123 curantur
322 3094 453 3125 Nonius
479 3104 512 3135 p.
532 3095 607 3133 3¹5,
627 3094 644 3126 3
671 3096 705 3125 et
731 3103 763 3135 p.
781 3094 857 3131 409,
878 3094 918 3124 29
958 3112 992 3116 —
1031 3094 1084 3125 ἓξ),
1112 3095 1145 3124 in
1170 3102 1239 3123 om.
1260 3093 1280 3122 S
1309 3109 1340 3112 —
1382 3092 1597 3123 adulescentis
1622 3093 1657 3123 P¹
1684 3110 1717 3114 —
1757 3093 1809 3125 30.
1833 3103 1913 3133 per-

138 3142 237 3179 pauci
260 3142 285 3174 R
322 3160 355 3165 —
396 3144 480 3182 Quid
503 3146 537 3175 ni
562 3145 586 3176 E
624 3162 659 3166 —-
697 3144 744 3174 ila
768 3152 838 3175 om.
861 3144 915 3174 BS
952 3161 986 3166 —
1026 3147 1054 3175 et
1077 3143 1194 3174 melius
1220 3143 1241 3172 P
1276 3158 1309 3162 —
1349 3140 1401 3172 31.
1427 3144 1456 3172 el
1481 3144 1560 3173 ante
1584 3142 1673 3173 ratio
1697 3151 1766 3174 om.
1786 3143 1844 3174 ΕΡ
1872 3161 1905 3165 -

140 3190 240 3220 estin
262 3191 389 3222 senibus
412 3193 424 3223 1
463 3211 496 3215 —
538 3194 589 3225 32.
618 3194 767 3224 ciuitates
791 3197 891 3224 essent
916 3194 988 3225 B¹O
1029 3211 1060 3215 -
1100 3193 1152 3223 33.
1179 3192 1395 3231 impedientem
1420 3192 1442 3222 R
1481 3208 1515 3213 -—
1556 3192 1641 3231 Quid
1664 3195 1710 3223 esi
1733 3193 1757 3224 E
1789 3210 1831 3216 —
1865 3197 1909 3224 esi

139 3237 224 3269 istud
247 3240 467 3282 Wesenberg
493 3242 604 3283 (obss.
625 3243 714 3273 critt.
735 3242 778 3273 ad
796 3243 992 3274 Sestianam
1017 3252 1050 3282 p.
1069 3242 1126 3281 9):
1166 3244 1210 3273 est
1234 3242 1326 3272 istius
1350 3241 1489 3281 Bl¹PS,
1516 3244 1561 3274 est
1583 3241 1664 3272 illud
1688 3242 1801 3282 131211,
1829 3242 1908 3272 illud

141 3290 186 3320 esc
210 3289 234 3320 Ο
259 3291 355 3322 —id
378 3292 405 3323 ei
430 3292 473 3323 P:
500 3293 533 3323 id
556 3292 722 3331 BEtRS,
750 3292 830 3323 illud
855 3292 892 3324 O.
