2249 3624
361 140 442 182 334
797 142 1226 183 TUSCULANARUM
1256 141 1695 183 DISPUTATIONUM

470 249 539 289 lv,
573 246 636 288 40.
679 249 763 288 Nec
802 262 899 288 vero
937 248 1190 302 Pythagoras
1228 248 1408 288 nominis
1449 247 1582 287 solum
1624 248 1834 295 inventor,
1875 247 1947 288 sed
1988 262 2125 289 rerum

358 312 481 352 etiam
514 312 697 365 ipsarum
729 309 1004 364 amplificator
1032 310 1123 349 fuit.
1170 310 1251 357 Qui
1274 323 1365 348 cum
1388 314 1483 361 post
1504 309 1615 349 hunc
1637 309 1863 349 Phliasium
1888 322 2123 350 sermonem

357 376 398 415 in
429 374 587 414 ltaliam
622 374 824 419 venisset,
869 373 1087 413 exornavit
1119 385 1208 411 eam
1243 371 1475 417 Graeciam,
1516 385 1621 422 quae
1653 384 1800 424 magna
1834 372 1943 412 dicta
1974 378 2056 420 est,
2091 379 2131 413 et

357 436 551 489 privatim
599 442 639 475 et
683 435 848 489 publice
893 433 1261 489 praestantissimis
1302 439 1341 472 et
1386 433 1588 473 institutis
1621 439 1662 472 et
1697 434 1879 473 artibus:
1927 435 2046 475 cuius
2078 435 2129 475 de

327 498 576 552 5disciplina
609 498 722 537 aliud
755 503 918 549 tempus
950 496 1077 535 fuerit
1107 495 1284 534 fortasse
1311 496 1491 535 dicendi.
1541 495 1622 535 Sed
1657 496 1708 535 ab
1740 497 1912 550 antiqua
1944 496 2131 549 philoso-

357 561 458 614 phia
477 574 612 613 usque
635 560 687 599 ad
712 560 936 605 Socratem,
960 559 1031 611 qui
1053 557 1317 604 Archelaum,
1341 561 1614 611 Anaxagorae
1637 558 1904 611 discipulum,
1931 558 2131 606 audierat,

358 623 518 663 numeri
552 627 774 674 motusque
808 622 1093 660 tractabantur
1125 625 1163 659 et
1190 620 1300 659 unde
1323 620 1464 659 omnia
1485 626 1704 660 orerentur
1725 634 1860 675 quove
1882 621 2132 668 reciderent,

359 685 627 736 studioseque
658 684 708 722 ab
737 683 786 722 iis
810 682 991 722 siderum
1015 682 1340 734 magnitudines,
1371 683 1603 728 intervalla,
1637 696 1782 723 cursus
1803 683 2134 737 anquirebantur

359 755 399 790 et
419 752 565 788 cuncta
589 745 797 787 caelestia.
842 745 1031 784 Socrates
1054 750 1190 784 autem
1214 746 1371 798 primus
1394 744 1704 799 philosophiam
1731 745 1950 785 devocavit
1971 760 1992 785 6
2015 746 2131 786 caelo

313 825 344 853 ιο
360 818 401 851 et
430 812 472 850 in
505 808 678 848 urbibus
710 807 947 846 conlocavit
979 814 1017 846 et
1060 807 1102 846 in
1136 807 1283 847 domus
1315 808 1436 847 etiam
1466 807 1699 847 introduxit
1730 812 1769 847 et
1800 809 1935 861 coegit
1966 809 2016 848 de
2049 809 2131 848 vita

360 881 400 914 et
431 873 615 913 moribus
647 870 857 923 rebusque
889 870 1011 908 bonis
1044 875 1084 909 et
1115 869 1236 909 malis
1269 883 1484 922 quaerere.
1535 867 1600 909 ¹ll.
1634 870 1761 910 Cuius
1783 870 2005 923 multiplex
2027 871 2132 910 ratio

357 934 601 990 disputandi
631 946 853 986 rerumque
885 932 1064 972 varietas
1096 938 1136 971 et
1167 933 1322 984 ingenii
1357 932 1615 984 magnitudo,
1648 932 1834 971 Platonis
1868 933 2066 972 memoria
2093 939 2133 973 et

357 999 506 1040 litteris
538 1001 798 1042 consecrata,
836 994 957 1048 plura
988 1007 1141 1047 genera
1180 995 1315 1034 effecit
1346 995 1678 1034 dissentientium
1712 994 2078 1048 philosophorum,
2111 1008 2132 1034 e

358 1062 510 1116 quibus
541 1073 616 1100 nos
648 1058 689 1098 id
723 1057 985 1110 potissimum
1019 1058 1234 1096 consecuti
1267 1070 1434 1102 sumus,
1467 1070 1549 1109 quo
1582 1057 1792 1096 Socratem
1816 1070 1936 1096 usum
1960 1057 2132 1098 arbitra-

310 1125 516 1170 i5bamur,
548 1128 592 1162 ut
622 1126 806 1161 nostram
839 1120 917 1173 ipsi
951 1119 1199 1159 sententiam
1232 1125 1479 1171 tegeremus,
1519 1132 1659 1158 errore
1693 1118 1796 1158 alios
1829 1119 2061 1160 levaremus
2093 1126 2133 1160 et

357 1189 398 1228 in
442 1186 554 1226 omni
594 1183 876 1237 disputatione
919 1182 1018 1235 quid
1062 1187 1174 1221 esset
1210 1181 1468 1226 simillimum
1509 1181 1594 1220 veri
1627 1194 1941 1234 quaereremus.
2000 1183 2133 1231 Quem

358 1262 515 1292 morem
547 1260 637 1286 cum
673 1244 906 1284 Carneades
944 1243 1188 1283 acutissime
1221 1243 1601 1296 copiosissimeque
1634 1245 1855 1291 tenuisset,
1888 1243 2062 1284 fecimus
2094 1251 2135 1285 et

358 1313 463 1354 alias
495 1322 620 1362 saepe
653 1314 694 1348 et
723 1320 858 1359 nuper
889 1307 930 1345 in
964 1305 1217 1352 Tusculano,
1251 1312 1296 1345 ut
1326 1306 1376 1345 ad
1410 1319 1499 1346 eam
1533 1305 1875 1347 consuetudinem
1900 1307 2134 1360 disputare·

360 1389 465 1415 mus.
516 1373 568 1412 Et
610 1369 835 1424 quadridui
875 1368 1047 1422 quidem
1088 1382 1323 1408 sermonem
1366 1368 1654 1421 superioribus
1691 1369 1743 1408 ad
1775 1375 1815 1410 te
1854 1370 2131 1423 perscriptum

309 1438 475 1478 solibris
517 1434 726 1480 misimus,
769 1432 916 1486 quinto
957 1436 1095 1471 autem
1138 1431 1224 1477 die,
1261 1445 1354 1470 cum
1397 1431 1543 1470 eodem
1581 1431 1623 1470 in
1656 1431 1749 1470 loco
1782 1433 2133 1479 consedissemus,

359 1500 418 1540 sic
450 1503 512 1539 est
542 1496 803 1550 propositum
836 1494 887 1533 de
920 1507 1002 1547 quo
1034 1493 1357 1546 disputaremus.

470 1561 518 1600 V.
552 1557 616 1598 4²2.
650 1559 696 1597 A.
726 1559 816 1597 Non
851 1556 951 1596 mihi
983 1555 1149 1595 videtur
1178 1555 1229 1595 ad
1262 1556 1382 1596 beate
1411 1556 1633 1596 vivendum
1657 1557 1755 1597 satis
1777 1571 1900 1610 posse
1924 1558 2131 1598 virtutem.

357 1625 412 1665 M.
444 1624 496 1663 At
525 1621 694 1663 hercule
726 1621 852 1660 Bruto
885 1632 977 1659 meo
1009 1618 1188 1665 videtur,
1220 1619 1336 1658 cuius
1368 1633 1445 1671 ego
1475 1619 1689 1665 iudicium,
1723 1633 1822 1672 pace
1844 1625 1914 1659 tua
1936 1619 2129 1667 dixerim,

357 1687 481 1739 longe
513 1690 724 1737 antepono
756 1689 841 1722 tuo.
894 1683 940 1721 A.
973 1683 1064 1720 Non
1098 1681 1255 1727 dubito,
1288 1695 1365 1721 nec
1395 1682 1434 1721 id
1468 1695 1578 1722 nunc
1601 1683 1749 1735 agitur,
1782 1688 1825 1721 tu
1857 1682 1972 1722 illum
1998 1696 2130 1735 quau-

309 1755 445 1789 95tum
477 1761 612 1792 ames,
646 1746 718 1786 sed
749 1745 845 1792 hoc,
879 1745 991 1798 quod
1025 1744 1122 1783 mibi
1155 1743 1243 1782 dixi
1278 1743 1409 1783 videri
1438 1744 1560 1797 quale
1594 1744 1665 1791 sit,
1698 1744 1748 1783 de
1772 1758 1855 1798 quo
1878 1758 1899 1784 a
1922 1750 1962 1784 te
1986 1745 2131 1798 dispu-

357 1812 434 1853 tari
475 1811 583 1850 volo.
644 1810 701 1848 M.
736 1809 894 1860 Nempe
932 1819 1059 1858 negas
1101 1805 1150 1846 ad
1190 1806 1309 1845 beate
1352 1806 1577 1845 vivendum
1611 1806 1710 1846 satis
1743 1820 1867 1859 posse
1900 1808 2132 1847 virtutem?

356 1874 404 1914 A.
435 1875 610 1913 Prorsus
641 1884 761 1923 nego.
812 1871 866 1909 M.
891 1868 1035 1917 Quid?
1068 1868 1118 1908 ad
1141 1874 1272 1915 recte,
1305 1868 1503 1915 honeste,
1538 1869 1814 1916 laudabiliter,
1846 1875 2056 1922 postremo
2079 1868 2131 1908 ad

355 1936 463 1976 bene
494 1934 718 1975 vivendum
751 1932 907 1972 satisne
939 1937 1001 1970 est
1032 1931 1229 1985 praesidii
1260 1931 1300 1969 in
1324 1931 1507 1970 virtute?
1554 1931 1600 1970 A.
1626 1931 1745 1970 Certe
1768 1931 1882 1971 satis.
1929 1933 1983 1972 M.
2005 1932 2131 1972 Potes

356 2000 483 2052 igitur
512 2003 601 2044 aut,
637 2010 759 2050 quem
792 1995 898 2034 bene
920 1994 1094 2041 fateare,
1126 2008 1220 2033 eum
1243 2007 1396 2046 negare
1418 1994 1538 2033 beate
1562 1994 1732 2033 vivere?
1785 1994 1830 2033 A.
1855 1993 2011 2042 Quidni
2036 2007 2134 2047 pos·

306 2062 462 2103 30sim‘?
494 2061 596 2099 Nam
631 2059 751 2099 etiam
784 2058 825 2097 in
857 2057 1074 2097 tormentis
1107 2062 1230 2103 recte,
1264 2057 1452 2103 honeste,
1485 2057 1750 2096 laudabiliter
1783 2064 1823 2097 et
1854 2058 1907 2097 ob
1929 2070 2018 2097 eam
2042 2071 2129 2097 rem

356 2125 463 2164 bene
497 2122 580 2162 vivi
612 2126 768 2174 potest,
802 2120 900 2159 dum
933 2120 1058 2159 modo
1082 2119 1300 2171 intellegas
1325 2119 1427 2171 quid
1451 2133 1562 2159 nunc
1585 2119 1717 2159 dicam
1741 2120 1861 2159 bene.
1894 2120 1996 2160 Dico
2020 2119 2130 2159 enim

358 2191 610 2232 constanter,
643 2184 835 2237 graviter,
867 2183 1091 2236 sapienter,
1122 2181 1298 2222 fortiter.
1351 2182 1463 2222 Haec
1497 2184 1618 2222 etiam
1650 2182 1691 2221 in
1725 2182 1916 2223 eculeum
1950 2182 2132 2222 coiciun-

355 2375 590 2416 coynitione
624 2375 654 2403 et
684 2372 931 2405 aestimatione.
964 2380 1120 2405 rerum,
1155 2371 1264 2409 qualis
1292 2374 1337 2400 cst
1368 2369 1567 2409 astrologia,
1607 2377 1690 2408 quae
1727 2365 1939 2413 θεωρητικὴ
1978 2372 2129 2400 vocatur.

357 2425 524 2457 Videmus
547 2433 566 2455 a
592 2423 761 2455 Cicerone
788 2421 831 2452 de
857 2430 898 2452 ea
923 2430 959 2451 rc.
985 2430 1129 2461 semper
1154 2420 1221 2451 dici
1246 2420 1476 2459 contemplatio
1504 2418 1566 2459 (vel
1584 2419 1814 2457 consideratio)
1838 2427 1951 2450 rerum
1975 2421 2006 2450 et
2031 2419 2132 2459 (quae

357 2476 436 2508 inde
463 2476 584 2513 oritur)
608 2472 749 2512 coqnitio
776 2471 835 2511 (cs.
864 2470 907 2502 de
933 2471 1029 2502 Offic.
1058 2472 1088 2506 Ι,
1117 2471 1177 2502 453
1202 2470 1330 2503 onznia.
1363 2479 1447 2509 quae
1471 2471 1717 2510 coynitione
1740 2470 1842 2509 diqna
1865 2473 1956 2507 sunt,
1975 2487 2023 2492 —-
2040 2478 2133 2500 con·

357 2527 511 2558 siderei
540 2528 575 2557 ei
602 2521 922 2561 contempletur.
962 2521 1023 2553 ⁴54
1048 2521 1351 2559 contemplanti
1375 2529 1426 2551 res
1449 2520 1689 2561 coynitione
1712 2520 1932 2560 digynissimas.
1971 2519 2010 2549 45
2034 2519 2133 2548 inda—

356 2577 446 2617 9atio
470 2579 569 2614 atque
594 2590 629 2596 -
657 2581 746 2613 quae
773 2581 814 2603 ex
843 2571 1063 2611 indagatione
1089 2572 1243 2603 nascitur
1268 2589 1301 2592 ——
1330 2571 1474 2601 inventio
1496 2571 1566 2601 ‘ceri
1589 2588 1627 2601 z
1653 2568 1691 2600 44
1712 2570 1944 2609 perspicientia
1966 2567 2050 2607 veri)
2075 2570 2134 2598 aut

356 2626 540 2666 coynitio
570 2632 683 2655 rerum
713 2623 771 2653 aut
800 2621 1031 2660 contemplatio
1055 2630 1184 2655 rerum.
1220 2629 1414 2660 numquam
1440 2628 1555 2659 neque
1581 2619 1810 2657 contemplatio
1833 2626 1946 2648 rerum
1969 2621 1998 2649 et
2022 2618 2133 2658 60ρί-

356 2676 464 2706 tatio
490 2683 605 2714 neque
630 2673 836 2713 cogitatio
861 2681 974 2703 reruni
1023 2672 1084 2709 Qui
1112 2672 1138 2702 si
1165 2672 1198 2702 h.
1224 2671 1244 2702 l.
1273 2670 1354 2706 duo,
1386 2678 1475 2710 quae
1501 2668 1602 2709 plane
1628 2668 1721 2699 idem
1746 2667 1995 2708 significarent.
2023 2676 2134 2708 copu-

356 2724 428 2757 lare
453 2723 638 2762 voluisset,
665 2724 791 2764 potius
818 2724 856 2753 ut
879 2721 985 2753 Acad.
1013 2723 1052 2757 ΙΙ,
1076 2722 1136 2752 ⁴27
1162 2721 1392 2761 (consideratio
1416 2719 1708 2758 contemplatioque
1725 2722 1882 2752 naturae;
1910 2717 1951 2749 cs.
1972 2717 2015 2748 de
2034 2717 2130 2748 Offic.

357 2775 389 2812 Ι,
416 2774 509 2812 453),
540 2782 603 2815 pro
632 2774 914 2814 cognitionemque
944 2773 1120 2813 posuisset
1151 2771 1518 2809 considerationemque.
1561 2770 1660 2800 Nunc
1685 2768 1824 2800 duobus
1857 2768 1921 2800 illis
1944 2769 2132 2799 visendi--

352 2824 575 2864 perspicerent
597 2824 686 2855 haec
703 2822 772 2855 duo
789 2823 1095 2862 contemplationem
1111 2831 1223 2853 rerum
1239 2822 1521 2862 cognitionemque
1537 2818 1688 2850 alterum
1704 2817 1803 2850 alteri
1819 2819 1883 2850 rite
1901 2818 2130 2860 respondent.

359 2874 470 2912 Quam
502 2883 608 2915 parva
634 2874 796 2906 codicum
827 2874 861 2904 in
886 2873 1079 2914 coqnitionis
1103 2874 1137 2903 et
1160 2872 1369 2912 cogitationis
1392 2870 1554 2907 vocibus,
1587 2877 1677 2909 quae
1704 2868 1888 2900 simillimis
1913 2868 2131 2910 compendiis

357 2923 615 2962 scribebantur,
644 2924 833 2955 auctoritas
857 2924 917 2960 sit,
945 2924 1065 2954 notum
1092 2923 1163 2958 est;
1191 2921 1234 2953 cf.
1262 2921 1316 2959 IV,
1343 2921 1395 2952 57.
1423 2922 1514 2952 Orat.
1542 2920 1565 2953 Ι,
1594 2919 1633 2950 40
1677 2918 1720 2949 de
1746 2918 1841 2950 Osfic.
1869 2919 1893 2956 Ι,
1914 2918 1965 2949 49.
1987 2918 2060 2950 453.
2087 2917 2131 2948 de

358 2972 429 3003 Fin.
450 2973 506 3009 ΙΙΙ,
524 2974 559 3004 24
592 2973 660 3011 (ubi
679 2975 775 3005 recte
793 2973 947 3013 Madvig:
977 2971 1102 3004 «Multo
1126 2974 1244 3003 tamen
1269 2971 1409 3011 saepius
1433 2969 1589 3009 cogitatio
1614 2977 1677 3009 pro
1701 2968 1886 3008 coynitione
1910 2966 2133 2999 substituitur

359 3029 466 3062 quam
496 3024 662 3063 contran).
696 3024 736 3062 V,
762 3023 815 3055 58.
852 3023 961 3055 Acad.
988 3023 1034 3061 ΙΙ,
1061 3021 1157 3054 442.»
1183 3022 1238 3053 W.
1266 3038 1301 3043 --
1335 3021 1365 3052 2.
1392 3019 1590 3059 amplicator
1622 3020 1647 3049 G
1680 3035 1714 3040 —
1748 3018 1779 3048 7.
1805 3018 1974 3048 orirentur
2001 3018 2065 3049 ΒΟ
2095 3035 2127 3039 -

357 3071 543 3102 recederent
567 3072 591 3103 C
626 3091 659 3095 —
698 3074 729 3104 8.
755 3073 796 3104 ab
825 3074 873 3104 his
898 3074 962 3105 CO
992 3089 1027 3094 —
1066 3080 1185 3103 currus
1208 3069 1246 3102 G¹
1274 3088 1308 3092 —
1347 3069 1638 3109 antiquirebantur
1662 3070 1687 3099 G
1716 3086 1751 3090 —
1790 3068 1841 3098 40.
1867 3068 1979 3098 domos
2001 3067 2065 3098 ΒΟ
2096 3083 2127 3089 -

358 3121 412 3152 43.
438 3121 537 3161 efficit
561 3123 585 3153 C
614 3140 647 3144 —-
676 3122 728 3154 47.
754 3131 919 3154 mouerem
943 3121 1080 3162 (deletis
1104 3120 1226 3152 litteris
1250 3120 1302 3157 ue)
1328 3121 1353 3151 G
1383 3137 1413 3141 —
1445 3119 1495 3151 48.
1522 3119 1635 3150 eadem
1661 3116 1794 3155 (deletis
1820 3116 1942 3148 litteris
1967 3117 2014 3155 de)
2042 3116 2065 3147 R
2093 3133 2127 3139 —-

359 3171 412 3202 49.
439 3172 609 3211 quatridui
634 3173 658 3204 O
686 3190 719 3193 —
747 3181 769 3203 a
792 3176 820 3204 te
844 3174 868 3205 R
896 3190 930 3196 -
957 3173 1011 3204 20.
1037 3171 1275 3203 librimissimus
1299 3171 1337 3201 G¹
1366 3188 1399 3192 —
1427 3170 1480 3200 ⁶25.
1506 3170 1560 3200 sed
1585 3169 1622 3199 de
1644 3168 1704 3199 hoc
1728 3167 1751 3199 C
1781 3184 1813 3190 —
1842 3167 1895 3198 ⁹28.
1918 3166 2066 3205 praesidi
2090 3166 2129 3202 G,

355 3221 480 3261 presidi
505 3222 529 3253 R
554 3239 595 3245 —
620 3221 672 3253 32.
699 3221 885 3253 coiciuntur
908 3222 951 3254 B:
985 3221 1165 3253 coitiuntur
1188 3220 1270 3258 GR3
1302 3219 1524 3251 coniiciuntur
1547 3219 1584 3251 Ο.
1619 3218 1668 3250 Cf.
1696 3216 1898 3249 Lachmann
1922 3215 1966 3247 ad
1991 3215 2129 3247 Lucret.
