2249 3624
303 129 384 172 608
1016 128 1155 168 CATO
1187 128 1361 168 MAIOR

301 235 496 276 omnihus
537 234 652 274 horis
692 233 990 287 inpendentem
1031 233 1182 272 timens
1215 233 1287 286 qui
1320 234 1475 286 poterit
1505 234 1644 274 animo
1675 235 1938 275 consistere?
1997 235 2063 277 75.

299 300 360 338 De
384 311 465 351 qua
496 310 581 336 non
612 298 670 336 ita
700 296 824 348 longa
856 295 1139 348 disputatione
1171 309 1276 349 opus
1308 309 1399 335 esse
1423 296 1600 343 videtur,
1633 310 1725 336 cum
1758 298 1952 338 recorder
1982 313 2066 339 non

299 361 346 400 L.
378 362 572 406 Brutum,
613 358 685 412 qui
726 358 769 396 in
808 357 1022 396 liberanda
1060 358 1194 410 patria
1237 363 1299 397 est
1339 358 1606 406 interfectus,
1653 373 1735 399 non
1768 359 1874 400 duos
1904 362 2067 410 Decios,

301 423 373 476 qui
395 422 446 462 ad
471 422 748 462 voluntariam
773 425 945 458 mortem
967 433 1131 459 cursum
1153 433 1359 472 equorum
1382 421 1680 468 incitaverunt,
1704 434 1788 460 non
1810 423 1864 461 M.
1882 423 2068 472 Atilium,

268 485 374 539 5qui
406 485 457 524 ad
489 482 739 536 supplicium
771 486 834 520 est
864 480 1097 533 profectus,
1131 487 1176 520 ut
1206 481 1332 521 fidem
1363 481 1472 521 hosti
1506 482 1645 522 datam
1676 490 1957 532 conservaret,
1988 499 2071 525 non

300 548 406 587 duos
439 546 672 598 Scipiones,
704 544 774 596 qui
806 544 885 582 iter
906 543 1058 582 Poenis
1091 543 1156 582 vel
1188 544 1436 596 corporibus
1469 545 1554 584 suis
1588 545 1806 585 obstruere
1837 546 2071 595 voluerunt,

298 623 384 649 non
415 621 536 649 avum
568 612 683 645 tuum
716 606 760 644 L.
793 605 987 652 Paulum,
1032 605 1104 658 qui
1138 611 1269 644 morte
1308 605 1386 645 luit
1417 606 1604 658 collegae
1637 607 1678 645 in
1712 607 1923 647 Cannensi
1954 608 2073 661 igno-

298 672 426 712 minia
456 669 746 714 temeritatem,
779 680 863 707 non
895 668 948 707 M.
981 667 1238 713 Marcellum,
1272 668 1390 707 cuius
1423 668 1637 708 interitum
1670 682 1722 708 ne
1754 670 2071 712 crudelissimus

299 734 469 787 quidem
502 731 634 771 hostis
664 730 825 769 honore
857 729 1094 783 sepulturae
1125 742 1269 769 carere
1302 743 1449 782 passus
1482 736 1564 778 est,
1587 731 1660 770 sed
1683 731 1872 783 legiones
1895 739 2072 782 nostras,

249 805 285 834 40
301 796 414 849 quod
445 793 592 846 scripsi
625 792 667 831 in
702 791 968 844 Originibus,
1011 792 1053 830 in
1096 805 1189 832 eum
1232 791 1370 831 locum
1411 805 1536 844 saepe
1578 806 1670 832 esse
1704 793 1911 846 profectas
1943 796 2071 837 alacri

299 858 438 898 animo
471 861 513 895 et
543 861 695 901 erecto,
728 853 840 894 unde
873 868 917 893 se
950 854 1158 894 redituras
1189 867 1418 906 numquam
1440 853 1755 895 arbitrarentur.
1802 857 1923 905 Quod
1946 858 2073 911 igitur

299 919 590 960 adulescentes
633 923 673 956 et
712 917 738 955 ii
777 916 947 969 quidem
985 930 1069 956 non
1100 916 1234 956 solum
1267 917 1447 963 indocti,
1490 917 1562 956 sed
1595 917 1720 957 etiam
1753 921 1895 960 rustici
1927 926 2070 961 conte-

298 987 461 1028 mnunt,
492 981 534 1020 id
567 979 676 1019 docti
710 992 832 1018 senes
864 979 1167 1019 extimescent‘?
1214 976 1280 1017 76.
1315 978 1510 1026 Omnino,
1543 985 1588 1019 ut
1620 980 1720 1020 mihi
1753 981 1925 1034 quidem
1957 982 2073 1023 vide-

297 1051 384 1092 tur,
416 1057 555 1084 rerum
586 1041 771 1082 omnium
805 1041 974 1081 satietas
1006 1042 1116 1080 vitae
1148 1040 1246 1080 facit
1277 1042 1526 1081 satietatem.
1579 1043 1683 1082 Sunt
1704 1043 1911 1095 pueritiae
1934 1044 2072 1084 studia

247 1118 282 1147 45
296 1113 431 1147 certa:
475 1119 573 1144 num
605 1105 728 1157 igitur
760 1117 808 1143 ea
840 1103 1083 1143 desiderant
1113 1102 1439 1143 adulescentes?
1486 1109 1582 1144 sunt
1613 1105 1796 1145 ineuntis
1829 1106 2074 1147 adulescen-

296 1170 399 1210 tiae:
448 1181 546 1207 num
586 1180 634 1206 ea
672 1171 866 1205 constans
908 1166 990 1205 iam
1031 1165 1210 1218 requirit
1250 1171 1386 1212 aetas,
1426 1179 1535 1219 quae
1573 1166 1710 1206 media
1750 1167 1935 1208 dicitur?
1983 1175 2075 1209 sunt

297 1233 421 1271 etiam
454 1231 544 1270 eius
575 1229 744 1269 aetatis:
778 1241 830 1268 ne
862 1241 910 1267 ea
943 1227 1112 1282 quidem
1145 1234 1405 1280 quaeruntur
1435 1229 1477 1267 in
1500 1234 1736 1268 senectute:
1769 1235 1867 1269 sunt
1889 1237 2076 1271 extrema

297 1292 503 1348 quaedam
535 1291 674 1332 studia
705 1291 948 1331 senectutis.
1008 1291 1142 1342 Ergo,
1182 1295 1227 1329 ut
1266 1290 1532 1342 superiorum
1574 1296 1756 1330 aetatum
1799 1292 1935 1332 studia
1968 1293 2075 1333 occi-

296 1356 423 1403 dunt,
465 1355 522 1395 sic
562 1353 756 1394 occidunt
797 1354 921 1393 etiam
962 1352 1218 1392 senectutis:
1266 1352 1379 1406 quod
1419 1365 1512 1392 cum
1553 1353 1714 1400 evenit,
1758 1354 1928 1394 satietas
1962 1356 2072 1395 vitae

246 1431 282 1461 20
298 1424 462 1471 tempus
494 1423 700 1457 maturum
734 1416 879 1455 mortis
911 1415 1058 1455 adfert.

410 1480 524 1519 XXI.
570 1477 635 1518 77.
679 1480 772 1518 Non
814 1478 926 1517 enim
964 1478 1088 1517 video
1131 1491 1202 1517 cur
1245 1476 1345 1530 quid
1387 1478 1475 1531 ipse
1515 1477 1693 1517 sentiam
1735 1477 1786 1517 de
1826 1484 1960 1519 morte
1990 1492 2073 1519 non

296 1543 473 1584 audeam
506 1542 624 1581 vobis
656 1541 818 1588 dicere,
860 1539 973 1593 quod
1015 1553 1064 1580 eo
1096 1553 1266 1579 cernere
1299 1539 1400 1579 mihi
1434 1540 1584 1579 melius
1618 1539 1785 1588 videor,
1828 1554 1911 1594 quo
1944 1541 1994 1580 ab
2025 1554 2073 1581 ea

296 1606 468 1660 propius
500 1604 658 1643 absum.
719 1605 807 1656 Ego
839 1609 999 1643 vestros
1032 1607 1197 1655 patres,
1230 1603 1272 1641 P.
1306 1602 1468 1654 Scipio,
1507 1608 1659 1656 tuque,
1706 1603 1746 1642 C.
1780 1603 1915 1651 Laeli,
1959 1603 2070 1643 viros

297 1668 548 1708 clarissimos
587 1666 776 1719 mihique
816 1666 1114 1713 amicissimos,
1154 1665 1293 1704 vivere
1325 1665 1503 1705 arbitror
1534 1672 1574 1705 et
1605 1678 1696 1705 eam
1729 1666 1896 1719 quidem
1928 1666 2069 1713 vitam,

247 1746 282 1775 25
298 1744 406 1784 quae
439 1735 501 1769 est
531 1729 621 1768 sola
652 1729 737 1768 vita
769 1728 1041 1768 nominanda.
1102 1729 1219 1774 Nam,
1252 1728 1351 1767 dum
1383 1741 1525 1767 sumus
1557 1727 1707 1767 inclusi
1740 1728 1781 1766 in
1813 1728 1878 1767 his
1906 1741 2073 1782 compa-

297 1792 416 1846 gibus
448 1792 651 1844 corporis,
683 1805 855 1831 munere
889 1790 1073 1844 quodam
1106 1791 1365 1830 necessitatis
1397 1795 1438 1830 et
1470 1790 1585 1843 gravi
1609 1803 1737 1843 opere
1760 1790 2071 1843 perfungimur:

298 1862 361 1896 est
392 1855 501 1894 enim
534 1854 695 1894 animus
729 1854 922 1893 caelestis
954 1867 1008 1893 ex
1038 1853 1244 1893 altissimo
1277 1851 1488 1892 domicilio
1522 1853 1746 1906 depressus
1778 1859 1819 1893 et
1849 1853 1970 1906 quasi
2003 1852 2072 1892 de-

297 1931 459 1958 mersus
491 1917 534 1956 in
566 1922 732 1963 terram,
763 1916 900 1956 locum
933 1915 1099 1955 divinae
1133 1922 1306 1955 naturae
1328 1915 1658 1969 aeternitatique
1680 1916 1946 1955 contrarium.
1992 1913 2072 1955 Sed

298 1979 423 2020 credo
466 1979 566 2020 deos
606 1978 850 2018 inmortales
890 1978 1093 2032 sparsisse
1130 1979 1292 2018 animos
1325 1978 1367 2017 in
1401 1991 1576 2031 corpora
1607 1977 1814 2025 humana,
1855 1984 1901 2017 ut
1932 1982 2072 2018 essent

246 2060 283 2087 30
299 2043 371 2096 qui
402 2048 531 2082 terras
561 2047 779 2081 tuerentur
810 2042 968 2094 quique
1001 2040 1247 2080 caelestium
1278 2040 1467 2080 ordinem
1501 2040 1835 2094 contemplantes
1859 2040 2070 2079 imitaren-

299 2111 366 2146 tur
396 2118 493 2145 eum
524 2105 633 2145 vitae
667 2104 793 2144 modo
825 2110 950 2156 atque
983 2103 1230 2143 constantia.
1282 2103 1367 2143 Nec
1396 2117 1461 2143 me
1490 2103 1624 2143 solum
1645 2103 1751 2143 ratio
1774 2116 1821 2143 ac
1845 2101 2071 2155 disputatio

385 2298 414 2330 4.
442 2298 499 2337 qui
521 2295 579 2328 P¹:
607 2296 679 2335 quis
703 2296 727 2327 B
743 2295 919 2327 ΕΙΒΞΡ2
946 2313 979 2317 ——
1019 2296 1135 2327 anima
1159 2295 1196 2326 P¹
1223 2312 1257 2316 —-
1296 2295 1327 2325 Ξ.
1355 2295 1512 2326 recordor
1537 2294 1558 2325 S
1583 2295 1617 2325 et
1642 2293 1685 2332 E,
1713 2293 1777 2325 sed
1802 2294 1858 2325 hic
1881 2303 1956 2326 cum
1977 2294 2070 2325 modo

296 2357 361 2380 non
386 2348 542 2379 recordor
565 2348 586 2378 l.
607 2347 739 2377 brulum
766 2364 800 2368 —
836 2354 902 2376 uon
927 2349 1058 2376 tantum
1082 2346 1117 2376 L.
1146 2346 1169 2376 R
1199 2362 1233 2367 —
1266 2345 1298 2376 3.
1324 2345 1537 2384 interemptus
1561 2348 1607 2376 est
1631 2345 1654 2376 E
1682 2362 1717 2366 —
1745 2345 1808 2375 duo
1833 2345 1857 2376 Ο
1885 2362 1917 2366 -
1953 2344 1984 2376 4.
2009 2342 2069 2385 Μ.]

295 2398 391 2430 modo
416 2398 440 2429 E
468 2414 503 2419 —
532 2397 668 2427 acilium
692 2397 739 2427 IR
777 2413 810 2417 —
851 2396 882 2427 5.
909 2399 953 2426 est
975 2396 1139 2435 perfectus
1164 2396 1211 2431 1³¹,
1237 2395 1403 2434 profectus
1427 2399 1471 2425 εει
1498 2395 1520 2426 Ε
1558 2411 1591 2416 -—
1633 2395 1663 2426 6.
1690 2394 1754 2425 duo
1778 2395 1803 2425 Ο
1832 2412 1867 2416 -
1901 2395 2071 2426 coluerunt

297 2450 334 2481 P¹
358 2466 400 2472 —-
424 2449 455 2480 7.
482 2449 592 2479 canesi
618 2449 639 2479 P
665 2456 753 2479 corr.
782 2448 815 2477 in
841 2447 973 2478 cunensi
997 2464 1040 2468 —
1071 2445 1102 2477 8.
1129 2454 1187 2476 uec
1210 2446 1303 2476 crud.
1330 2445 1477 2476 BEIRS
1504 2461 1538 2466 —-
1576 2444 1627 2475 40.
1654 2444 1762 2475 locum
1785 2452 1881 2483 saepe
1904 2452 1969 2475 esse
1992 2444 2067 2475 RS:

296 2500 403 2531 locum
426 2507 522 2538 saepe
553 2499 596 2534 R,
633 2497 739 2528 locum
764 2505 829 2527 esse
854 2498 899 2527 11³
926 2498 1015 2533 (om.
1034 2495 1166 2534 saepe),
1202 2504 1298 2534 saepe
1322 2495 1429 2525 locum
1453 2494 1477 2525 O
1505 2495 1630 2534 (locum
1650 2494 1817 2534 profectas
1840 2502 1937 2533 saepe
1962 2494 2004 2532 E)
2032 2509 2067 2516 —

298 2550 350 2581 Μ.
376 2551 464 2580 recto
490 2549 512 2579 P
540 2565 572 2570 -
601 2556 632 2578 se
658 2547 681 2578 E
706 2548 786 2586 post
808 2554 991 2584 numquam
1018 2563 1052 2567 --
1078 2554 1261 2584 numquam
1286 2546 1451 2576 redituras
1476 2546 1536 2576 Ro
1564 2561 1598 2566 —
1627 2544 1679 2575 4⁵2.
1707 2547 1736 2575 et
1759 2544 1790 2574 hi
1815 2544 1907 2581 185,
1933 2547 1968 2575 ut
1990 2543 2022 2574 hi
2045 2543 2068 2574 Β

300 2615 335 2621 -
364 2600 416 2631 43.
437 2599 653 2629 extimescunt
677 2594 759 2633 B1E,
786 2596 1040 2626 extimescentur
1064 2596 1085 2625 S
1110 2597 1190 2625 ante
1216 2603 1375 2626 rasuram
1403 2612 1437 2616 —
1465 2598 1501 2625 uc
1524 2595 1603 2625 mihi
1628 2595 1759 2633 quidem
1782 2595 1818 2633 P,
1846 2594 1910 2625 sed
1934 2596 1970 2625 uc
1992 2601 2068 2633 sup.

297 2649 354 2681 lin.
382 2657 429 2680 m.
457 2656 548 2680 rec:
583 2650 619 2678 ut
643 2655 713 2677 om.
734 2646 776 2683 E,
811 2649 846 2676 ut
870 2646 1001 2684 quidem
1024 2646 1104 2676 mihi
1128 2646 1166 2681 S.
1200 2646 1330 2684 quidem
1354 2648 1390 2676 uc
1412 2646 1491 2676 mihi
1525 2646 1628 2680 BIR;
1666 2654 1709 2676 an
1734 2642 1909 2676 intercidit
1932 2646 1968 2674 uc
1991 2644 2068 2673 ante

294 2700 451 2730 uidetur?
479 2715 511 2720 -
540 2697 671 2727 videtur
687 2704 756 2727 om.
776 2695 799 2726 E
820 2713 862 2718 —
888 2694 939 2726 44.
959 2703 1072 2726 rerum
1090 2695 1207 2725 E12R:
1233 2695 1418 2725 studiorum
1442 2693 1582 2733 1¹PSO,
1609 2695 1794 2725 studiorum
1818 2702 1930 2724 rerum
1947 2693 1989 2730 B;
2023 2690 2066 2722 cf.

295 2748 456 2788 Madvigii
482 2748 608 2788 Opusc.
636 2747 675 2784 11,
694 2746 757 2777 ‘³278
784 2763 818 2767 —
846 2745 1036 2776 sacietatem
1058 2745 1138 2783 facil
1163 2745 1183 2774 S
1211 2762 1245 2766 —
1273 2746 1336 2776 Sed
1359 2749 1435 2776 sunt
1460 2745 1483 2775 E
1511 2762 1545 2767 —
1575 2744 1687 2775 studia
1710 2746 1803 2775 certa
1827 2744 1954 2775 BIPS:
1979 2744 2068 2774 certa

294 2799 404 2829 studia
429 2797 521 2828 ERO
549 2814 584 2818 —
613 2797 664 2827 45.
691 2799 766 2827 sunt
789 2799 819 2827 ει
842 2796 984 2827 ineuntis
1008 2795 1143 2831 BIRS,
1170 2797 1246 2825 sunt
1268 2795 1368 2826 eciam
1392 2795 1437 2825 in.
1466 2794 1490 2825 E
1517 2811 1551 2816 --
1589 2794 1641 2825 46.
1670 2793 1881 2834 queaemedia
1903 2794 1926 2824 P
1952 2809 1987 2814 —
2015 2791 2064 2822 ⁴7.

294 2861 364 2892 eius
389 2860 433 2891 C:
464 2859 559 2889 huius
585 2859 609 2889 O
637 2873 671 2880 —
699 2858 919 2897 requiruntur
943 2857 980 2887 Β1
1007 2873 1041 2878 --
1075 2857 1110 2887 in
1136 2857 1209 2887 PR:
1241 2865 1263 2887 a
1286 2857 1432 2887 BEISO
1470 2873 1504 2878 —
1545 2856 1596 2888 48.
1623 2857 1732 2888 studia
1756 2856 1919 2895 quaedam
1944 2855 2003 2887 ER
2027 2870 2061 2876 -

295 2909 348 2940 49.
375 2909 421 2939 sic
444 2909 543 2939 eciam
567 2909 717 2939 occidunt
743 2909 765 2938 R
797 2926 829 2930 -
863 2908 1034 2939 senectutis
1057 2907 1158 2937 etiam
1182 2906 1206 2937 E
1236 2923 1270 2927 —
1303 2907 1355 2937 20.
1382 2907 1498 2937 mortis
1521 2909 1693 2937 malarum
1717 2906 1827 2937 BEIS
1855 2922 1890 2928 —-
1923 2905 1975 2936 Ἥ.
2001 2912 2065 2935 non

294 2959 380 2990 enim
405 2960 448 2989 P:
484 2959 631 2997 equidem
654 2966 719 2988 vnon
744 2958 923 2989 BEIRSO
959 2973 993 2979 —
1035 2965 1096 2987 cur
1119 2965 1197 2996 sup.
1224 2954 1282 2986 lin.
1312 2957 1334 2987 R
1376 2973 1410 2978 -—
1455 2956 1508 2986 22.
1536 2965 1669 2987 cernere
1692 2955 1770 2986 mihi
1793 2955 1907 2986 melius
1936 2953 2061 2986 BIPS:

293 3008 373 3039 mihi
396 3008 510 3039 melius
533 3017 666 3040 cernere
691 3009 732 3044 E,
766 3009 883 3039 melius
907 3016 1040 3039 cernere
1062 3006 1142 3037 mihi
1171 3007 1213 3042 R,
1252 3006 1367 3037 melius
1390 3006 1469 3037 mihi
1493 3015 1626 3037 cernere
1650 3006 1674 3036 Ο
1711 3023 1743 3028 -
1786 3006 1873 3045 quod
1904 3005 1928 3037 E
1961 3020 1995 3026 —
2022 3002 2064 3034 ad

294 3066 369 3089 eam
392 3056 429 3089 Ρ1
455 3075 489 3079 -
524 3058 576 3088 ἓ3.
596 3060 712 3089 adsum
736 3057 773 3090 P¹
800 3075 833 3080 -
863 3067 940 3097 erqo
967 3058 1023 3088 BP
1043 3073 1077 3078 —
1101 3059 1217 3094 patres
1241 3060 1276 3086 tu
1298 3057 1400 3094 scipio
1425 3059 1524 3094 tuque
1547 3055 1623 3086 laeli
1647 3056 1669 3086 P
1689 3072 1723 3076 —
1747 3055 1841 3094 publi
1862 3054 1963 3094 scipio
1986 3054 2000 3084 1
2025 3067 2060 3075 —

294 3109 372 3149 yaie
395 3108 470 3139 laeli
495 3109 529 3143 13
568 3108 601 3139 C.
630 3117 699 3138 om.
721 3108 744 3139 R
783 3125 818 3129 —
857 3107 922 3138 lelii
947 3107 970 3138 E
1011 3124 1045 3128 -
1084 3105 1136 3137 24.
1164 3114 1203 3136 ea
1227 3106 1358 3145 quidem
1381 3106 1454 3135 uita
1480 3105 1624 3136 BEIRS
1660 3122 1694 3126 —
1732 3105 1785 3136 25.
1812 3105 1884 3136 sola
1907 3107 1951 3135 ese
1975 3102 2000 3134 E
2025 3118 2060 3124 —-

295 3159 504 3189 numeranda
527 3166 599 3188 var.
621 3157 698 3188 lect.
727 3158 759 3188 in
786 3159 809 3188 R
836 3174 870 3179 —
904 3157 1021 3188 inclusi
1045 3157 1079 3187 in
1102 3157 1141 3186 iis
1166 3158 1201 3192 P,
1233 3156 1376 3187 conclusi
1400 3157 1433 3185 in
1457 3156 1506 3185 his
1530 3156 1571 3192 Β,
1604 3157 1638 3185 in
1661 3155 1711 3186 his
1732 3154 1850 3186 inclusi
1873 3154 1898 3185 O
1925 3169 1959 3175 —-
1985 3160 2063 3183 con-

292 3207 434 3249 pagibus
459 3209 487 3244 1,
520 3206 766 3246 compaginibus
790 3207 813 3237 B
841 3224 875 3228 —-
910 3207 962 3237 26.
991 3206 1160 3245 quandam
1184 3204 1221 3237 Pl
1248 3224 1282 3227 —
1317 3206 1369 3236 27.
1397 3205 1493 3244 quasi
1517 3213 1587 3236 om.
1610 3205 1631 3235 B
1661 3221 1694 3227 ν
1728 3205 1887 3235 dimersus
1910 3203 1922 3233 Ι
1950 3218 1983 3224 -
2009 3199 2062 3231 28.

297 3258 341 3289 ad
364 3261 490 3289 terram
514 3257 538 3288 B
563 3273 604 3279 -—
634 3257 668 3287 in
691 3257 797 3288 locum
822 3257 913 3296 BlS,
939 3257 973 3288 id
996 3259 1042 3289 est
1066 3256 1173 3287 locum
1197 3256 1224 3288 R
1251 3272 1285 3278 —
1319 3255 1371 3287 30.
1399 3255 1547 3288 ordinem
1569 3256 1605 3287 in
1629 3254 1654 3287 E
1678 3262 1756 3296 sup.
1774 3253 1833 3286 lin.
