2249 3624
684 154 770 193 Lm.
805 155 850 193 V.
891 153 986 194 Cn».
1019 155 1071 194 X.
1110 153 1168 206 §§
1201 152 1392 195 95—31.
1843 154 1923 196 339

272 262 323 301 X.
358 258 422 299 28.
455 260 580 313 Atqui
612 259 676 299 his
710 260 932 313 capiuntur
963 262 1166 313 imperiti,
1199 267 1238 301 et
1270 267 1442 315 propter
1472 262 1596 302 huius
1623 261 1734 302 modi
1758 270 1926 303 senten-

160 326 236 364 tias
267 324 438 362 istorum
472 322 688 361 hominnm
723 329 784 362 est
819 324 1055 363 multitudo.
1103 327 1232 363 Acutc
1265 331 1402 364 autem
1429 324 1683 377 disputantis
1716 325 1818 364 illud
1851 332 1926 372 est,

160 399 240 426 non
273 385 372 438 quid
406 386 586 437 quisque
619 385 748 429 dicat,
782 386 852 424 sed
888 386 987 438 quid
1021 387 1173 439 cuique
1198 387 1420 426 dii-endum
1453 388 1505 426 sit
1527 387 1682 426 videre.
1729 389 1853 428 Velut
1884 388 1925 428 in

160 460 205 488 ea
245 447 332 500 ipsa
376 448 600 491 sententia,
640 461 763 499 quam
802 449 842 486 in
878 447 951 487 liar
984 449 1267 500 disputatione
1300 450 1582 501 suscepimus,
1624 451 1761 490 omnis
1792 451 1927 490 bonos

160 522 321 562 semper
353 509 494 548 lieatos
528 510 720 548 volumus
753 524 856 549 esse.
906 511 1020 557 Quos
1054 511 1186 550 dicam
1221 512 1353 550 honos
1386 513 1649 564 perspicuum
1673 519 1760 559 est;
1795 514 1960 552 omni-5

160 573 234 612 bus
266 573 374 611 enim
409 572 625 611 virtutibus
656 573 879 611 instructos
912 579 953 611 et
984 580 1151 612 ornatos
1184 579 1267 612 tuni
1301 574 1519 626 sapientis,
1553 581 1639 612 tuin
1663 575 1775 614 viros
1798 575 1929 614 bonos

158 634 345 674 dicimus.
395 634 618 673 Videamus
650 636 720 687 qui
757 635 922 673 dicendi
960 636 1041 674 sint
1078 635 1198 673 beati.
1261 636 1462 688 Equidem
1497 650 1569 675 eos
1603 638 1815 683 existimo,
1857 637 1928 690 qui

157 697 236 735 sint
267 696 308 734 in
340 697 479 742 bonis,
513 697 629 736 nullo
661 697 862 736 adiuncto
890 698 1018 743 malo,
1053 712 1190 750 neque
1215 698 1296 736 ulla
1321 698 1400 736 alia
1425 698 1522 736 huic
1548 698 1685 745 verbo,
1719 712 1810 738 cum
1835 699 1931 738 bea-

157 765 239 798 tum
286 759 482 806 dicimus,
530 760 713 799 subiecta
758 760 872 798 notio
914 766 975 798 est
1017 761 1094 799 nisi
1139 761 1310 799 secretis
1345 761 1464 800 malis
1497 761 1690 800 omnihus
1723 761 1931 801 cumulata

155 823 357 860 bonorum
391 822 642 875 complexio.
692 820 754 860 29.
791 822 906 861 lianc
928 824 1095 875 assequi
1121 824 1271 868 virtus,
1305 824 1337 861 si
1363 824 1587 876 quicquam
1613 830 1776 877 praeter
1797 825 1982 877 ipsamio
2014 864 2022 873 ,

155 884 250 923 honi
285 890 363 929 est,
396 897 478 923 non
513 891 663 937 potest.
709 884 852 924 Aderit
885 885 994 924 euim
1029 885 1253 931 malorum,
1288 886 1319 925 si
1350 885 1455 924 mala
1479 886 1547 925 illa
1574 886 1778 934 ducimus,
1811 887 1930 927 turha

155 947 377 1000 quaedam,
419 954 662 1000 paupertas,
705 948 962 997 ignobilitas,
1005 947 1237 993 humilitas,
1284 947 1491 994 solitudo,
1533 949 1703 988 amissio
1745 963 1932 1001 suorum,

153 1022 294 1062 graves
334 1010 500 1049 dolores
541 1012 751 1062 corporis,
794 1010 954 1063 perdita
988 1010 1206 1057 valetudo,
1249 1009 1460 1055 debilitas,
1500 1012 1700 1057 caecitas,
1738 1012 1932 1052 interitus

154 1073 328 1125 patriae,
370 1072 564 1118 exilium,
609 1074 787 1112 servitus
820 1073 1019 1126 denique.
1071 1072 1115 1110 ln
1148 1072 1211 1111 his
1242 1078 1302 1111 tot
1335 1078 1375 1111 et
1406 1074 1532 1112 tantis
1566 1096 1617 1100 —
1650 1079 1775 1127 atque
1807 1074 1931 1113 etiam

154 1135 269 1187 plura
303 1141 475 1187 possunt
508 1135 699 1174 accidere
727 1157 779 1163 —-
812 1142 948 1189 potest
979 1148 1071 1175 esse
1103 1136 1294 1188 sapiens3
1328 1149 1421 1175 nam
1445 1135 1547 1175 haec
1569 1149 1688 1175 casus
1721 1135 1982 1188 importabit·

153 1198 222 1250 qui
254 1197 293 1236 in
328 1198 557 1250 sapientem
592 1204 730 1249 potest
761 1199 987 1237 incurrere.
1034 1199 1085 1236 At
1117 1198 1150 1236 si
1184 1211 1230 1237 ea
1256 1198 1362 1237 mala
1386 1203 1504 1245 sunt,
1537 1199 1631 1251 quis
1654 1204 1791 1250 potest
1812 1212 1931 1252 prae-

154 1266 260 1299 stare
293 1273 459 1312 semper
490 1261 721 1312 sapientem
756 1261 920 1299 beatum
955 1260 1066 1307 fore,
1100 1273 1193 1299 cum
1227 1260 1290 1299 vel
1323 1262 1364 1300 in
1389 1260 1583 1300 omnibus
1616 1260 1678 1300 his
1712 1275 1795 1300 uno
1827 1267 1930 1301 tem-

153 1334 251 1374 pore
283 1336 375 1362 esse
407 1324 572 1375 possit?
633 1322 699 1362 230.
734 1325 823 1362 Non
857 1323 984 1374 igitur
1007 1323 1129 1362 facile
1152 1323 1338 1363 concedo
1361 1337 1501 1376 neque
1524 1324 1652 1363 Bruto
1676 1336 1767 1364 meo
1790 1337 1929 1378 neque

153 1385 443 1423 communibus
475 1385 684 1437 magistris
724 1399 800 1424 nec
833 1386 1043 1425 veteribus
1076 1385 1180 1432 illis,
1222 1386 1456 1432 Aristoteli,
1495 1385 1753 1438 Speusippo,
1786 1387 1928 1426 Xeno-

153 1446 273 1493 crati,
306 1447 541 1493 Polemoni,
575 1454 637 1494 ut,
670 1461 760 1487 cum
796 1462 862 1494 ea,
894 1461 1002 1500 quae
1025 1461 1149 1501 supra
1172 1448 1437 1495 enumeravi,
1470 1448 1512 1487 in
1545 1448 1663 1488 malis
1696 1455 1928 1502 numerent,
1942 1460 1980 1490 20

150 1508 258 1549 idem
291 1509 431 1549 dicant
463 1523 628 1564 semper
657 1511 822 1550 beatum
856 1524 948 1550 csse
981 1512 1226 1564 sapientem.
1275 1511 1393 1558 Quos
1425 1511 1457 1551 si
1491 1510 1638 1551 titulus
1660 1511 1726 1551 hic
1748 1512 1929 1553 delectat

150 1571 323 1624 insignis
356 1578 396 1611 et
426 1573 618 1624 pulcher,
661 1573 915 1626 Pythagora,
959 1575 1148 1620 Socrate,
1191 1573 1365 1613 Platone
1398 1574 1694 1627 dignissimus,
1726 1574 1927 1616 inducant

149 1634 329 1673 animum
362 1634 451 1681 illa,
483 1649 657 1688 quorum
691 1636 913 1689 splendore
941 1637 1177 1689 capiuntur,
1210 1637 1333 1683 vires,
1366 1636 1663 1683 valetudinem,
1694 1636 1926 1689 pulchritu-

149 1697 308 1745 dinem,
350 1697 536 1744 divitias‚
579 1697 780 1743 honores,
819 1712 921 1752 opes
953 1705 1242 1746 contemnere,
1288 1712 1441 1753 eaque,
1480 1712 1586 1752 quae
1619 1698 1684 1738 his
1716 1700 1924 1741 contraria

149 1766 258 1807 sunt,
289 1773 363 1814 pro
397 1761 526 1800 nihilo
559 1760 736 1801 ducere:
770 1768 854 1801 tum
889 1768 1087 1814 poterunt
1118 1762 1348 1801 clarissima
1379 1776 1482 1802 voce
1508 1761 1695 1815 profiteri
1719 1774 1762 1800 se
1784 1771 1974 1814 neque2³

147 1823 337 1863 fortunae
377 1824 536 1876 impetu
577 1836 653 1863 nec
694 1824 972 1864 multitudinis
1015 1825 1215 1877 opinione
1255 1838 1333 1864 nec
1373 1825 1520 1864 dolore
1558 1838 1636 1864 nec
1676 1829 1922 1877 paupertate

149 1887 291 1926 terreri
324 1888 548 1939 omniaque
581 1887 658 1926 sihi
692 1887 732 1925 in
768 1900 858 1926 sese
891 1900 982 1927 esse
1015 1887 1147 1940 posita
1178 1900 1255 1926 nec
1288 1900 1378 1927 esse
1409 1887 1635 1940 quicquam
1666 1892 1783 1926 extra
1804 1900 1920 1928 suam

147 1955 393 2002 potestatem
436 1949 550 2002 quod
589 1950 743 1989 ducant
780 1950 821 1989 in
861 1950 996 1989 bonis.
1056 1947 1122 1988 31.
1154 1951 1271 1989 Nunc
1305 1954 1345 1989 et
1375 1949 1478 1989 haec
1510 1949 1644 2002 loqui,
1686 1962 1794 2002 quae
1826 1956 1923 1990 sunt

148 2012 281 2064 magni
326 2013 542 2052 cuiusdam
586 2018 626 2052 et
666 2012 735 2052 alti
777 2013 874 2060 viri,
922 2018 963 2052 et
994 2012 1138 2052 eadem
1172 2025 1279 2066 quae
1310 2012 1461 2065 vulgus
1501 2012 1542 2051 in
1577 2012 1699 2052 malis
1731 2013 1921 2071 ethonis

146 2088 361 2115 numerare
402 2075 575 2114 concedi
618 2075 733 2115 nullo
774 2076 898 2115 modo
938 2081 1087 2129 potest.
1150 2074 1243 2123 Qua
1283 2074 1415 2128 gloria
1449 2080 1682 2115 commotus
1711 2075 1972 2128 Epicurus³o

147 2137 342 2184 exoritur,
383 2138 446 2177 cui
490 2138 635 2185 etiam,
677 2139 710 2177 si
744 2138 808 2178 dis
841 2138 998 2192 placet,
1040 2138 1206 2178 videtur
1236 2151 1400 2192 semper
1430 2138 1599 2191 sapiens
1630 2135 1792 2179 heatus.
1843 2139 1921 2180 Hic

147 2199 343 2253 dignitate
384 2202 507 2240 huius
548 2202 780 2241 sententiae
818 2202 996 2256 capitur,
1041 2201 1113 2241 sed
1147 2214 1374 2254 numquam
1407 2201 1447 2241 id
1481 2201 1656 2248 diceret,
1689 2201 1721 2240 si
1753 2201 1843 2254 ipse
1875 2213 1919 2241 se

146 2264 320 2304 audiret.
367 2264 477 2312 Quid
511 2270 570 2303 est
602 2265 712 2303 enim
747 2264 859 2317 quod
892 2265 1029 2304 minus
1061 2263 1287 2303 conveniat
1317 2276 1442 2317 quam
1466 2268 1511 2303 ut
1535 2264 1588 2310 is,
1623 2263 1696 2316 qui
1720 2263 1785 2303 vel
1807 2277 1919 2303 sum-

147 2339 255 2366 mum
293 2327 357 2366 vel
399 2327 532 2367 solum
572 2327 725 2367 malum
760 2327 944 2367 dolorem
978 2340 1069 2367 esse
1106 2326 1236 2373 dicat,
1275 2325 1386 2366 idem
1428 2332 1599 2366 censeat
1643 2325 1800 2374 «Quam
1838 2326 1920 2367 hoc

148 2401 270 2429 suave
303 2391 418 2429 esti»
453 2395 560 2436 tum,
594 2403 686 2429 cum
721 2389 868 2429 dolore
900 2390 1133 2435 crucietur
1164 2389 1368 2428 dictuium
1402 2402 1494 2429 esse
1525 2388 1786 2442 sapientem?
1826 2390 1969 2429 Nonss

147 2451 269 2504 igitur
299 2465 351 2492 ex
383 2452 558 2505 singulis
590 2452 764 2492 xocibus
796 2452 1037 2506 philosophi
1070 2450 1288 2504 spectandi
1320 2457 1436 2498 sunt,
1468 2450 1540 2491 sed
1564 2464 1616 2490 ex
1640 2453 1920 2505 perpetuitate

148 2520 271 2569 atque
302 2516 550 2555 constantia.

233 2638 263 2668 2.
290 2642 398 2670 aulem
423 2646 493 2668 oni.
522 2638 560 2668 G¹
589 2655 621 2659 —
649 2638 679 2668 ὅ,
708 2637 793 2671 <mod
819 2638 862 2671 C;
896 2637 980 2675 Quid
1006 2637 1043 2668 O.
1083 2636 1132 2667 Cf.
1152 2644 1184 2666 ν.
1206 2636 1257 2666 2¹.
1281 2652 1315 2657 —
1344 2635 1374 2665 7.
1402 2635 1574 2665 dicendum
1598 2643 1688 2665 corr.
1716 2634 1792 2666 ead,
1822 2644 1867 2667 m.
1888 2636 1921 2667 in

149 2686 271 2718 dicendi
288 2689 312 2719 R
331 2706 363 2710 —-
384 2688 440 2718 lios
457 2688 527 2718 CO.
550 2686 802 2718 «scribendum
821 2695 883 2717 eos.
904 2685 1054 2726 Simplex
1075 2685 1258 2717 cot-relatio
1277 2688 1327 2715 est
1347 2685 1649 2716 demonstratione
1663 2683 1753 2716 nulla
1770 2685 1922 2716 iuncta.»

149 2735 201 2766 W.
225 2754 257 2758 —
287 2737 338 2767 40.
365 2738 434 2776 ipsa
460 2738 484 2768 G
500 2738 523 2768 R
545 2755 577 2758 —
608 2736 658 2767 43.
686 2737 836 2769 ualitudo
862 2736 893 2768 h.
916 2735 935 2767 l.
957 2739 982 2768 G
998 2737 1021 2767 R
1042 2753 1075 2758 -
1105 2736 1156 2768 Η..
1184 2736 1338 2766 seruitus.
1366 2735 1514 2773 Denique
1537 2735 1570 2765 in
1596 2734 1646 2765 his
1663 2734 1687 2764 C
1710 2752 1743 2756 —
1764 2735 1816 2766 24.
1836 2733 1924 2774 quod

149 2784 173 2814 si
197 2786 270 2816 GR.
299 2785 348 2818 Cf.
368 2795 399 2817 v.
420 2788 450 2818 5.
475 2805 508 2808 —
534 2787 664 2818 dilectat
689 2789 714 2818 G
731 2788 753 2817 R
783 2804 815 2808 -
845 2786 898 2818 024.
926 2789 1154 2825 contempnere
1178 2787 1203 2816 G
1231 2801 1264 2807 —
1293 2784 1421 2815 contria
1448 2784 1536 2814 R1—
1566 2784 1618 2813 25.
1645 2784 1709 2815 sinc
1734 2785 1809 2816 GR.
1835 2785 1922 2818 Vide

149 2832 191 2864 ad
209 2834 220 2865 Ι
238 2834 255 2874 ,ξ
273 2836 325 2867 55.
350 2853 382 2858 -—
403 2837 456 2868 ς28.
473 2836 568 2867 Nunc
582 2854 598 2859 -
611 2854 629 2859 -
642 2837 732 2867 millo
750 2837 810 2867 W:
838 2837 902 2867 Nec
919 2836 1032 2867 hunc·
1047 2854 1060 2858 -
1078 2836 1168 2866 nullo
1181 2835 1224 2871 C3
1252 2835 1424 2872 Namque·
1438 2850 1454 2855 -
1472 2832 1561 2864 nullo
1579 2833 1621 2869 Ο;
1648 2834 1761 2874 Neque
1776 2835 1861 2866 enim
1875 2853 1893 2858 -
1906 2852 1924 2858 ..

148 2883 212 2915 uuo
236 2885 392 2926 Bentley.
422 2886 512 2926 «Ego
537 2888 621 2928 puto
647 2886 875 2918 scribendum
902 2894 980 2918 esse
999 2887 1095 2917 Nunc
1110 2889 1140 2916 ct
1156 2902 1203 2907 --
1221 2885 1310 2915 nullo
1333 2883 1428 2914 modo
1449 2886 1569 2922 potest,
1596 2883 1627 2914 in
1647 2892 1754 2923 quam
1773 2884 1924 2916 eandem

150 2935 381 2974 suspicionem
408 2935 552 2967 collator
577 2936 754 2968 Gudianus
780 2936 967 2973 inciderat,
995 2937 1052 2976 qui
1078 2937 1111 2967 in
1139 2935 1296 2975 margine
1321 2933 1523 2973 adscripsit:
1553 2943 1609 2977 γρ.
1636 2942 1734 2965 nunc,
1767 2934 1821 2966 Sic
1847 2936 1925 2975 post

152 2980 201 3012 illa
226 2984 382 3015 inducant
407 2987 557 3016 animum
573 3003 590 3007 -
604 3003 620 3008 -
638 2987 755 3016 ducere
772 2986 824 3026 J:
839 2987 865 3016 si
889 2987 1084 3017 induxerint
1104 2985 1177 3025 —).·
1203 2988 1271 3015 tum
1293 2986 1447 3022 poterunt
1469 2982 1660 3013 clarissima
1679 2991 1755 3014 voce
1774 2984 1926 3024 profiteri

151 3031 318 3072 --bonis‚
351 3034 478 3074 quibus
511 3036 634 3066 Cicero
659 3035 759 3071 dis-it,
795 3035 877 3075 quid
905 3036 933 3066 si
965 3035 1008 3066 iiii
1043 3033 1238 3075 philosophi
1264 3032 1452 3067 sentirent,
1487 3031 1611 3078 iisdem
1636 3031 1757 3064 liceret
1781 3040 1926 3073 semper

152 3078 291 3113 beatum
317 3091 395 3114 esse
421 3085 616 3125 sapientem
644 3084 780 3121 dicere,
817 3086 997 3124 aptissime
1024 3094 1065 3116 ex
1091 3083 1266 3115 contrario
1292 3083 1380 3112 haec
1406 3083 1600 3121 ponuntur:
1633 3081 1923 3121 Nunc-—potest,

154 3130 276 3168 quibus
301 3133 438 3172 gravius
463 3135 590 3164 iterum
618 3133 672 3173 (cs,
701 3133 718 3173 g
745 3134 829 3171 init')
856 3133 953 3167 dicit.
982 3134 1065 3174 quid
1087 3134 1253 3174 quoniam
1279 3132 1469 3167 sentirent,
1496 3128 1579 3160 illud
1596 3127 1689 3160 nullo
1707 3129 1813 3160 modo
1838 3128 1925 3162 lice-

154 3180 215 3210 ret.
242 3180 396 3213 Causalis
421 3182 588 3222 particula
615 3191 721 3222 quam
746 3181 947 3222 languidam
973 3184 1100 3215 et‘ticiat
1126 3182 1333 3218 orationem,
1361 3187 1539 3220 quamque
1558 3187 1628 3210 non
1646 3180 1724 3219 apta
1742 3180 1796 3217 sit,
1824 3177 1923 3211 facile

155 3226 381 3268 intelligitur.»
408 3231 463 3262 W.
493 3248 526 3253 -—
561 3232 613 3262 34.
641 3240 766 3270 semper
796 3240 867 3262 om.
894 3234 932 3264 G2
960 3250 993 3255 -
1029 3232 1081 3263 32.
1108 3240 1140 3263 se
1172 3239 1242 3263 om.
1270 3231 1294 3261 G
1328 3245 1361 3251 —-
1395 3228 1447 3260 34.
1474 3228 1559 3260 idem
1581 3228 1625 3259 B:
1658 3229 1693 3260 id
1716 3232 1762 3259 est
1795 3229 1857 3260 GR
1886 3244 1920 3250 -

156 3275 206 3308 35.
231 3286 295 3309 non
317 3279 420 3320 igitur
436 3296 484 3303 -·
499 3282 670 3321 spectandi
694 3284 768 3313 sunt
792 3281 922 3314 Nonius
947 3290 981 3323 p.
1001 3281 1077 3314 402,
1098 3296 1132 3303 -
1161 3281 1213 3313 36,
1240 3279 1438 3319 expectandi
1462 3278 1488 3311 G
1513 3279 1617 3320 (corr.
1637 3285 1686 3310 tn.
1713 3275 1817 3317 ead).
