2249 3624
676 157 764 196 Lm.
786 156 837 196 ΙΙ.
878 156 976 196 CAP.
998 154 1222 194 Xl—Xll.
1261 151 1321 206 §§
1345 150 1530 192 37—43.
1907 149 1990 190 695

237 270 275 306 et
296 263 480 304 Bardulis
510 262 677 316 Illyrius
710 259 864 315 [latr0]‚
897 262 947 301 de
980 274 1064 314 quo
1096 267 1160 301 est
1190 258 1299 313 apud
1323 259 1660 312 Theopompum,
1692 270 1862 310 magnas
1891 270 1992 310 opes

236 326 378 368 habuit
413 331 453 366 et
490 325 621 365 multo
665 324 843 364 maiores
876 323 1089 364 Viriathus
1124 324 1370 368 Lusitanus,
1413 322 1478 361 cui
1512 321 1682 374 quidem
1715 320 1841 360 etiam
1875 332 1995 359 exer-

236 390 341 430 citus
371 388 493 428 nostri
525 387 883 440 imperatoresque
915 393 1147 433 cesserunt,
1192 400 1314 439 quem
1351 385 1392 424 C.
1416 384 1606 430 Laelius,
1650 384 1682 422 is
1715 383 1788 436 qui
1820 382 1994 435 Sapiens

238 455 470 503 usurpatur,
502 454 672 502 praetor
702 448 825 499 fregit
857 455 896 488 et
927 449 1173 488 comminuit
1204 447 1550 500 ferocitatemque
1582 446 1672 485 eius
1703 446 1758 484 ita
1782 445 1995 497 repressit,

236 519 281 553 ut
310 512 430 552 facile
457 512 611 551 bellum
643 511 822 564 reliquis
854 511 1048 550 traderet.
1103 511 1205 550 Cum
1239 510 1363 561 igitur
1395 514 1507 548 tanta
1539 508 1601 546 vis
1632 508 1818 547 iustitiae
1849 505 1919 553 sit,
1952 510 2026 546 uts

237 588 283 615 ea
325 574 448 614 etiam
484 573 692 614 latronum
736 586 838 626 opes
883 572 1017 612 tirmet
1056 579 1180 626 atque
1212 577 1381 624 augeat,
1424 576 1620 624 quantam
1653 571 1742 610 eius
1774 570 1855 608 vim
1889 568 1998 607 inter

237 638 348 689 leges
382 642 421 676 et
453 636 601 675 iudicia
634 641 673 675 ct
703 635 745 674 in
778 637 1001 674 constituta
1024 648 1066 674 re
1093 634 1259 687 publica
1282 634 1368 673 sore
1392 634 1612 686 putamus?
1674 632 1764 671 ΧΗ.
1796 628 1863 670 41.
1895 629 1997 670 Mihi

237 698 405 753 quidem
438 711 516 737 non
549 697 660 750 apud
693 696 840 737 Medos
873 697 1027 743 solum,
1060 704 1101 736 ut
1135 697 1192 735 ait
1223 696 1475 742 Herodotus,
1509 694 1580 734 sed
1616 695 1738 734 ctiam
1771 693 1881 748 apud
1913 705 1998 732 ma-

234 762 344 801 iores
385 766 548 800 nostros
590 760 774 799 iustitiae
813 759 1013 798 fruendae
1054 772 1178 799 causa
1211 759 1403 797 videntur
1434 758 1532 797 olim
1564 757 1669 797 bene
1702 758 1849 797 morati
1879 768 1998 808 reges

235 822 462 864 constituti.
521 824 622 862 Nam
665 836 758 862 cum
799 827 1063 874 premeretur
1101 822 1224 873 inops
1258 820 1479 859 multitudo
1511 820 1562 858 ab
1593 820 1668 866 iis,
1713 820 1784 872 qui
1818 819 2049 858 maioresto

235 898 335 939 opes
365 884 589 932 habebant,
621 885 671 924 ad
705 898 834 923 unum
866 884 1048 937 aliquem
1083 883 1381 935 confugiebant
1414 883 1564 921 virtute
1596 887 1895 934 praestantem,
1928 879 1999 933 qui

235 961 327 988 cum
368 947 609 1000 prohiberet
649 948 802 986 iniuria
844 948 1077 993 tenuiores,
1121 946 1333 999 aequitate
1366 943 1657 983 constituenda
1689 956 1872 982 summos
1904 955 1999 981 cum

233 1008 383 1051 intimis
417 1011 506 1063 pari
536 1011 620 1050 iure
653 1010 871 1049 retinebat.
930 1009 1173 1061 Eademque
1206 1004 1593 1047 constituendarum
1616 1006 1756 1057 legum
1777 1004 1855 1044 fuit
1876 1015 2001 1043 causa

235 1086 341 1127 quae
378 1086 536 1125 regum.
609 1070 675 1112 42.
721 1074 789 1111 Ius
832 1072 942 1111 enim
983 1084 1150 1124 semper
1190 1076 1252 1110 est
1293 1069 1528 1123 quaesitum
1568 1067 1813 1120 aequabile3
1862 1077 2000 1118 neque

235 1136 346 1176 enim
378 1135 498 1175 aliter
530 1141 637 1175 esset
669 1135 747 1174 ius.
808 1135 853 1174 Id
886 1135 918 1174 si
952 1134 1002 1173 ab
1035 1147 1118 1173 uno
1150 1134 1260 1173 iusto
1294 1137 1334 1171 et
1363 1132 1475 1170 bono
1508 1130 1597 1169 viro
1621 1128 2053 1182 consequebantur,45

235 1203 354 1238 erant
384 1210 433 1237 eo
465 1199 671 1238 contenti:
705 1212 797 1237 cum
829 1197 870 1236 id
903 1197 1041 1236 minus
1073 1196 1349 1247 contingeret,
1382 1193 1495 1246 leges
1529 1198 1624 1232 sunt
1653 1193 1860 1238 inventae,
1891 1203 2000 1243 quae

235 1275 328 1301 cum
369 1260 562 1300 omnibus
602 1273 765 1313 semper
808 1272 890 1299 una
927 1264 1054 1311 atque
1093 1257 1239 1297 eadem
1280 1270 1381 1297 voce
1423 1256 1707 1309 loquerentur.
1774 1254 1884 1306 Ergo
1920 1253 2001 1292 hoc

235 1322 406 1377 quidem
438 1324 707 1376 perspicuum
740 1328 822 1369 est,
867 1335 939 1361 eos
971 1320 1024 1360 ad
1057 1319 1349 1372 imperandum
1382 1318 1509 1371 deligi
1541 1318 1707 1365 solitos,
1740 1329 1918 1370 quorum
1950 1314 2002 1354 de

234 1386 392 1426 iustitia
433 1399 582 1438 magna
621 1390 729 1424 esset
761 1385 904 1437 opinio
936 1383 1229 1423 multitudinis.
1291 1382 1497 1421 Adiuncto
1529 1393 1628 1420 vero
1661 1385 1706 1419 ut
1735 1379 1845 1419 idem
1877 1377 2003 1417 etiam

234 1448 463 1503 prudentes
493 1448 748 1487 haberentur
779 1446 883 1486 nihil
917 1452 1003 1486 erat
1036 1444 1149 1498 quod
1182 1445 1371 1484 homines
1402 1445 1453 1484 iis
1485 1443 1727 1484 auctoribus
1764 1455 1846 1481 non
1877 1448 2053 1494 posse20

234 1511 434 1564 consequi
479 1524 523 1550 se
565 1508 876 1550 arbitrarentur.
948 1508 1072 1548 Omni
1116 1508 1244 1560 igitur
1283 1507 1447 1546 ratione
1486 1505 1663 1545 colenda
1705 1510 1746 1545 et
1785 1502 2004 1543 retinenda

234 1573 396 1614 iustitia
427 1578 511 1619 est,
552 1586 644 1612 cum
677 1573 768 1625 ipsa
799 1585 872 1625 per
903 1584 995 1611 sese
1028 1595 1079 1599 —
1110 1583 1206 1610 nam
1239 1570 1361 1609 aliter
1390 1568 1547 1608 iustitia
1576 1580 1661 1607 non
1694 1571 1804 1606 esset
1832 1588 1885 1594 —
1916 1569 2004 1604 tum

235 1641 408 1690 propter
439 1635 807 1688 amplificationem
839 1634 1011 1674 honoris
1045 1638 1086 1672 et
1117 1633 1288 1685 gloriae.
1334 1631 1417 1670 Sed
1449 1635 1494 1670 ut
1523 1630 1729 1683 pecuniae
1761 1640 1847 1668 non
1878 1640 2005 1680 quae-

238 1698 393 1738 rendae
425 1698 559 1738 solum
593 1700 698 1738 ratio
733 1704 814 1745 est,
848 1710 990 1736 verum
1023 1696 1147 1736 etiam
1180 1694 1463 1740 collocandae,
1496 1706 1602 1746 quae
1635 1696 1862 1745 perpetuos
1894 1703 2006 1730 sum-

238 1767 330 1815 ptus
363 1760 629 1814 suppeditet,
669 1775 745 1800 nec
777 1759 910 1799 solum
943 1759 1224 1803 necessarios,
1267 1758 1340 1797 sed
1374 1757 1498 1797 etiam
1530 1755 1750 1801 liberales,
1783 1754 1841 1793 sic
1873 1752 2055 1805 gloria25

236 1829 277 1863 et
316 1823 556 1876 quaerenda
598 1829 637 1862 et
676 1822 922 1862 collocanda
953 1821 1114 1860 ratione
1147 1825 1221 1859 est.
1282 1817 1348 1858 43.
1390 1819 1655 1871 Quamquam
1686 1815 1898 1870 praeclare
1930 1815 2006 1854 So-

236 1891 369 1925 crates
401 1884 505 1925 hanc
534 1886 643 1925 viam
675 1886 726 1924 ad
760 1884 936 1935 gloriam
968 1883 1200 1936 proximam
1233 1888 1272 1921 et
1303 1882 1424 1934 quasi
1456 1879 1809 1932 compendiariam
1841 1874 2007 1916 dicebat

237 1962 354 1995 esse,
395 1949 427 1987 si
460 1948 553 2001 quis
585 1947 627 1986 id
659 1954 822 2000 ageret,
862 1953 927 1993 ut,
970 1945 1108 1999 qualis
1138 1944 1283 1984 haberi
1315 1945 1463 1991 vellet,
1506 1941 1597 1982 talis
1630 1947 1753 1981 esset.
1815 1940 1939 1989 Quod
1970 1939 2006 1980 si

238 2010 309 2064 qui
353 2010 619 2050 simulatione
661 2016 702 2049 et
742 2009 856 2048 inani
896 2008 1174 2048 ostentatione
1219 2013 1258 2047 et
1299 2005 1393 2046 licto
1436 2019 1521 2045 non
1553 2005 1676 2044 modo
1707 2016 1899 2044 sermone
1931 2002 2006 2042 sed

237 2073 361 2114 etiam
406 2073 522 2112 voltu
563 2070 755 2112 stabilem
798 2085 842 2111 se
885 2071 1059 2124 gloriam
1107 2070 1308 2122 consequi
1356 2081 1482 2121 posse
1527 2073 1692 2114 rentur,
1737 2066 2056 2106 vehementer-30

237 2142 386 2176 errant.
447 2138 554 2175 Vera
594 2135 725 2187 gloria
765 2135 924 2174 radices
966 2134 1051 2185 agit
1089 2140 1215 2186 atque
1256 2132 1380 2171 etiam
1418 2134 1694 2183 propagatur:
1740 2128 1837 2167 ficta
1868 2128 2008 2167 omnia

238 2198 429 2238 celeriter
470 2203 681 2249 tamquam
726 2195 888 2235 flosculi
938 2195 1160 2241 decidunt,
1207 2208 1281 2234 nec
1321 2193 1561 2233 simulatum
1602 2196 1742 2243 potest
1780 2190 2008 2243 quicquam

239 2273 331 2300 esse
363 2260 620 2299 diuturnum.
683 2260 829 2298 Testes
862 2264 959 2297 sunt
990 2257 1185 2310 permulti
1219 2256 1260 2294 in
1291 2262 1515 2307 utramque
1547 2258 1726 2306 partem,
1768 2251 1841 2291 sed
1871 2250 2009 2290 brevi-

240 2324 337 2362 tatis
369 2335 493 2362 causa
524 2321 678 2360 familia
711 2321 896 2360 contenti
929 2321 1085 2359 erimus
1118 2332 1213 2358 una.
1273 2318 1464 2357 Tiberius
1497 2316 1606 2355 euim
1639 2314 1866 2361 Gracchus,
1897 2314 1942 2352 P.
1963 2313 2006 2361 f.,

241 2391 324 2426 tam
356 2385 427 2424 diu
458 2384 719 2429 laudabitur,
753 2386 849 2423 dum
882 2382 1083 2421 memoria
1115 2394 1252 2420 rerum
1286 2381 1565 2418 Romanarum
1597 2374 1801 2423 manebit,
1845 2380 1886 2415 at
1916 2374 2007 2415 eius
2021 2383 2058 2412 35

239 2447 315 2486 filii
357 2459 432 2486 uec
470 2447 549 2486 vivi
591 2444 876 2498 probabantur
917 2445 1038 2483 bonis
1072 2443 1296 2483 et·mortui
1330 2455 1548 2481 numerum
1581 2439 1769 2493 optinent
1798 2438 1886 2477 iure
1917 2449 2009 2477 cae-

241 2522 396 2550 sorum.
458 2508 540 2556 Qui
572 2509 698 2561 igitur
728 2507 902 2560 adipisci
934 2520 1074 2546 veram
1106 2506 1280 2558 gloriam
1312 2504 1441 2550 volet,
1477 2502 1660 2542 iustitiae
1690 2500 1886 2554 fungatur
1916 2497 2010 2539 offi-

241 2570 340 2611 ciis:
379 2584 427 2610 ea
458 2584 565 2624 quae
598 2576 759 2617 essent,
791 2569 944 2609 dictum
978 2575 1040 2609 est
1070 2568 1111 2608 in
1143 2568 1250 2606 libro
1283 2565 1513 2619 superiore.

327 2689 357 2718 4.
385 2687 532 2727 bar-yulis
555 2687 699 2718 BHab:
726 2686 888 2726 bar-filius
911 2695 947 2717 c:
975 2686 1130 2724 Bar-dytis
1154 2693 1172 2716 ο
1199 2693 1278 2715 cum
1306 2682 1492 2713 Gronovio.
1522 2698 1556 2702 —
1584 2680 1732 2718 illyricus
1755 2687 1792 2711 a:
1818 2678 1938 2709 illirius
1959 2678 2010 2710 bo

246 2754 275 2759 -
310 2737 397 2767 latro
422 2745 485 2774 ego
510 2735 649 2767 seclusi.
687 2753 719 2757 ——
758 2736 789 2765 3.
817 2736 910 2767 multi
934 2736 954 2766 b
996 2753 1029 2757 —
1069 2736 1121 2765 cui
1147 2734 1276 2772 quidem
1298 2733 1463 2763 esem-itus
1487 2740 1518 2761 n.
1545 2731 1824 2768 imperatoresque
1846 2731 2012 2760 cesserunt

240 2786 371 2817 Nonius
397 2795 428 2826 p.
447 2786 520 2816 250.
543 2803 576 2807 —
605 2786 635 2816 6,
655 2788 822 2826 confirmet
840 2794 857 2816 c
884 2803 918 2806 —
945 2785 1023 2826 eius]
1042 2786 1127 2816 enim
1147 2783 1181 2815 15¹
1212 2801 1241 2805 —
1273 2782 1324 2813 110.
1350 2782 1442 2819 inops
1459 2779 1560 2810 codd.
1578 2779 1676 2810 detta
1702 2780 1737 2810 in
1754 2779 1818 2809 otio
1834 2778 2008 2817 BHabp3

241 2836 340 2866 inicio
364 2843 394 2871 c,
421 2836 513 2866 initio
538 2843 556 2866 0
585 2853 618 2856 —
653 2836 701 2865 his
726 2836 748 2865 B
762 2836 829 2871 Ha,
856 2835 916 2873 hijs
940 2843 958 2865 c
990 2852 1024 2856 ——
1061 2835 1112 2866 112.
1141 2834 1264 2864 iniuria
1290 2832 1452 2862 tenuiores
1476 2837 1539 2860 ac:
1566 2829 1692 2859 iniuria
1716 2829 1874 2859 tenuioris
1896 2828 2007 2865 BHb;

242 2885 401 2915 iniuriam
425 2885 583 2915 tenuioris
605 2893 626 2924 p
656 2903 688 2907 —
717 2886 891 2915 constituta
917 2893 935 2915 c
964 2902 998 2906 —
1027 2884 1078 2915 43.
1106 2884 1225 2922 infimis
1251 2890 1287 2913 c:
1315 2880 1452 2920 infirmis
1476 2879 1596 2909 Bllab
1623 2895 1657 2899 —
1684 2877 1846 2909 retinebat
1869 2885 1904 2908 c:
1929 2885 2011 2917 per-

243 2934 540 2973 tinet1atssllap3
575 2935 782 2973 pertinebant
805 2936 844 2967 b}
883 2934 1066 2964 continebat
1098 2933 1163 2964 alii.
1206 2950 1238 2954 -
1280 2932 1341 2970 fui!
1365 2931 1471 2970 legyum
1495 2928 1796 2959 constituendarum
1826 2935 1844 2958 c
1882 2944 1917 2948 —
1955 2925 2008 2958 44.

243 2983 389 3020 equabue
413 2984 597 3021 quae-situm
622 2984 765 3023 (additis
791 2984 1042 3024 transponendi
1071 2983 1193 3021 signis-t
1225 2990 1242 3012 c
1283 2999 1316 3002 —
1356 2980 1406 3011 19.
1432 2989 1511 3009 uero
1535 2987 1571 3009 eo
1595 2982 1630 3009 ut
1661 2986 1680 3008 c
1717 2995 1751 2999 —
1789 2978 1888 3008 iidem
1918 2984 1937 3008 ο
1971 2991 2007 2997 -

244 3033 296 3063 20.
323 3033 370 3062 his
396 3033 462 3069 Ha,
489 3033 550 3071 hijs
574 3042 591 3064 c
629 3051 661 3054 —
700 3034 751 3063 ΞΖ.
783 3034 860 3063 Tum
886 3034 955 3071 ipsa
982 3041 998 3063 c
1038 3051 1072 3054 —
1112 3042 1173 3062 non
1199 3034 1244 3062 cst
1274 3034 1341 3060 lum
1367 3037 1384 3059 c
1419 3047 1461 3051 -
1496 3027 1548 3059 94.
1575 3028 1678 3058 solum
1703 3035 1771 3058 om.
1791 3034 1810 3057 c
1836 3043 1871 3048 —
1904 3025 1957 3057 28.
1983 3025 2011 3056 si

246 3082 317 3120 quis
342 3080 412 3112 ll¹b
428 3089 445 3112 c
486 3100 516 3104 -—
558 3082 609 3113 229.
637 3083 845 3112 simulafime
868 3083 960 3112 inum·
983 3086 1013 3111 et
1037 3084 1094 3111 ost.
1122 3089 1139 3111 c
1181 3098 1213 3102 -
1255 3080 1307 3110 31.
1333 3088 1413 3110 vera
1437 3078 1547 3118 yloria
1569 3095 1586 3100 -
1602 3095 1620 3100 -
1638 3080 1851 3117 propayatur
1878 3075 2009 3107 Nonius

246 3138 280 3170 p.
301 3130 360 3160 ¹246
403 3147 435 3152 —
475 3131 597 3171 omnia]
623 3135 733 3161 autem
763 3139 780 3161 c
816 3148 849 3152 —
890 3130 941 3160 32.
970 3132 1145 3169 quic-quam
1168 3132 1271 3168 potest
1302 3136 1319 3158 c
1359 3146 1393 3150 —
1432 3128 1484 3159 33.
1510 3128 1542 3158 in
1568 3127 1736 3158 brevitatis
1758 3132 2011 3158 causa--una

248 3180 376 3211 Nonius
402 3187 434 3218 p.
453 3180 525 3211 2264.
555 3198 589 3202 —
625 3181 677 3211 32,
705 3181 838 3210 (iberius
863 3182 904 3211 C:
937 3181 981 3212 Ti.
1007 3189 1025 3212 o
1054 3198 1086 3202 —
1121 3189 1262 3220 gyrat-vus
1285 3179 1332 3210 bc
1361 3194 1394 3199 -
1423 3178 1455 3208 P.
1474 3177 1498 3217 f.
1525 3185 1595 3209 om.
1615 3184 1633 3208 c
1661 3194 1695 3198 —
1722 3177 1775 3208 36.
1802 3186 1823 3209 a
1846 3176 1936 3208 bonis
1959 3182 2008 3207 ao

250 3245 284 3250 -—
312 3238 483 3260 numerum
507 3238 542 3261 c:
570 3239 665 3261 nume
691 3231 779 3261 ssub
807 3232 896 3261 sante
922 3229 1082 3262 lacunam
1109 3231 1171 3269 ll);
1199 3238 1312 3260 nomen
1337 3236 1388 3268 ap
1415 3246 1450 3252 —-
1482 3227 1535 3259 37.
1559 3236 1677 3259 ueram
1698 3227 1842 3259 iustitiae
1863 3225 2010 3267 gloriam

251 3277 275 3309 C
300 3295 341 3300 -
363 3278 471 3310 uolent
494 3280 567 3310 tusc.
593 3279 777 3320 sungyautur
801 3288 833 3311 c.
