2249 3624
675 153 762 193 Lm.
794 154 823 192 Ι.
866 152 963 192 ΟΛΡ.
996 152 1089 192 XII.
1126 150 1184 203 §§
1218 148 1411 190 lio—46.
1870 144 1922 185 69

161 280 226 306 res
258 266 463 320 quaedam
495 265 547 306 ad
578 266 779 306 rationem
812 266 1105 305 inveniendam
1139 266 1228 304 viae,
1259 264 1541 317 aperirentur:
1574 275 1754 302 errorem
1786 267 1923 302 autem

163 336 202 369 et
234 329 507 369 temeritatem
539 335 579 369 et
610 329 885 381 ignorantiam
919 335 958 368 et
989 328 1273 381 opinationem
1308 334 1347 367 et
1379 327 1654 381 suspitionem
1683 331 1723 364 et
1746 338 1826 364 uno
1850 338 1925 362 no-

163 393 275 432 mine
307 393 467 439 omnia,
500 405 607 444 quae
639 398 777 432 essent
811 392 946 431 aliena
981 390 1119 430 lirmae
1152 397 1191 430 et
1223 390 1450 429 constantis
1482 388 1768 434 adsensionis,
1799 400 1821 426 a
1842 388 1924 426 vir-

164 460 251 494 tute
294 455 583 508 sapientiaque
626 455 879 494 removebat.
937 455 1072 507 Atque
1115 454 1154 492 in
1201 453 1266 492 bis
1308 452 1392 492 fere
1436 450 1700 491 commutatio
1743 450 1925 490 constitit

164 517 297 557 omnis
329 516 620 570 dissensioque
649 517 828 556 Zenonis
860 530 881 556 a
912 516 1214 569 superioribus.
1935 525 1955 555 5

276 579 364 618 XII.
396 576 462 618 43.
496 579 611 627 Quae
649 594 741 619 cuni
778 579 973 618 dixisset:
1016 579 1199 617 Breviter
1230 590 1328 616 sane
1362 577 1616 629 minimeque
1648 576 1821 615 obscure
1854 587 1926 613 ex-

163 643 297 696 posita
319 648 400 689 est,
433 643 617 696 inquam,
650 656 672 682 a
704 649 756 689 te,
789 643 932 687 Varro,
966 647 1005 680 et
1034 641 1185 680 veteris
1207 640 1457 679 Academiae
1479 640 1582 678 ratio
1606 644 1647 678 et
1669 639 1924 677 Stoicorum:

163 718 304 744 verum
344 717 435 744 esse
476 702 644 759 [autem]
688 705 886 749 arbitror,
931 708 974 742 ut
1015 702 1242 748 Antiocho,
1286 708 1426 741 nostro
1464 702 1680 747 familiari,
1724 700 1924 754 placebat,

162 767 459 806 correctionem
492 768 642 806 veteris
675 767 921 806 Academiae
955 766 1093 818 potius
1126 778 1249 816 quam
1282 778 1431 804 novam
1455 764 1638 816 aliquam
1661 763 1924 816 disciplinam

163 829 398 883 putandam.
456 830 571 868 Tunc
604 831 757 869 Varro:
804 830 917 867 'l'uae
959 833 1053 866 sunt
1095 841 1205 866 nunc
1244 833 1402 878 partes,
1447 827 1603 879 inquit,
1637 827 1707 879 qui
1740 827 1789 865 ab
1822 826 1976 867 anti-40

162 905 336 944 quorum
368 893 526 931 ratione
561 892 759 931 desciscis
793 898 833 931 ct
864 904 935 936 ca,
980 903 1086 943 quae
1119 890 1168 928 ab
1200 889 1384 928 Arcesila
1416 895 1565 928 novata
1598 896 1712 935 sunt,
1754 890 1926 941 probas,

161 954 332 1000 docere,
365 954 479 1007 quod
512 961 551 993 et
584 968 665 1007 qua
698 955 748 993 de
781 967 904 994 causa
927 953 1149 991 discidium
1183 952 1336 990 sactum
1362 952 1432 997 sit,
1466 957 1510 990 ut
1531 952 1745 990 videamus
1771 952 1926 990 satisne

163 1015 240 1054 ista
271 1016 322 1055 sit
353 1016 462 1055 iusta
494 1016 685 1056 defectio.
746 1014 810 1055 il.
844 1017 947 1054 Tum
982 1028 1082 1067 ego:
1118 1014 1218 1053 Cum
1243 1016 1434 1059 Zenone,
1467 1014 1657 1067 inquam,
1692 1019 1736 1053 ut
1765 1013 1928 1065 accepi-

164 1092 273 1124 mus,
315 1078 521 1118 Arcesilas
562 1079 639 1117 sibi
683 1092 803 1118 omne
836 1084 1043 1118 certamen
1077 1077 1277 1123 instituit,
1319 1090 1402 1115 non
1436 1076 1660 1128 pertinacia
1691 1082 1759 1115 aut
1790 1073 1927 1115 studio

162 1141 379 1188 vincendi,
420 1147 465 1180 ut
496 1141 596 1180 mihi
630 1141 798 1194 quidem
833 1142 1014 1187 videtur,
1054 1140 1126 1179 sed
1166 1153 1308 1179 carum
1340 1153 1478 1178 reruni
1511 1139 1780 1185 obscuritate,
1821 1150 1978 1191 quae45

163 1202 213 1242 ad
246 1202 554 1242 confessionem
588 1204 862 1253 ignorationis
894 1203 1157 1242 adduxerant
1190 1204 1401 1241 Socratem
1436 1207 1475 1241 et
1495 1202 1575 1241 iam
1599 1206 1693 1240 ante
1716 1201 1929 1240 Socratem

164 1265 470 1311 Democritum,
502 1267 810 1315 Anaxagoram,
842 1265 1160 1318 Empedoclem,
1193 1278 1337 1303 omnes
1361 1277 1493 1316 paene
1516 1269 1698 1303 veteres:
1732 1263 1802 1316 qui
1826 1262 1931 1301 nihil

164 1327 385 1380 cognosci,
417 1327 521 1366 nibil
554 1329 732 1380 percipi,
765 1328 869 1366 nibil
902 1328 996 1367 sciri
1031 1342 1151 1379 posse
1184 1327 1405 1367 dixerunt:
1438 1332 1635 1378 augustos
1667 1339 1838 1372 sensus,
1870 1326 1931 1364 in-

164 1389 336 1429 becillos
368 1389 552 1437 animos,
588 1390 730 1429 brevia
762 1391 967 1430 curricula
1000 1391 1129 1436 xitae,
1163 1396 1223 1436 et,
1257 1395 1300 1428 ut
1329 1389 1616 1435 Democritus,
1648 1388 1690 1427 in
1723 1386 1930 1440 profundo

163 1453 379 1492 veritatem
422 1465 512 1491 esse
553 1452 806 1499 demersam,
849 1453 1119 1505 opinionibus
1160 1458 1199 1491 et
1230 1452 1431 1491 institutis
1464 1451 1604 1490 omnia
1634 1450 1789 1496 teneri,
1829 1449 1981 1492 nihi120

163 1516 327 1554 veritati
374 1515 579 1567 relinqui,
624 1515 805 1569 denique
854 1515 993 1554 omnia
1038 1514 1221 1554 tenebris
1263 1514 1513 1554 circumfusa
1555 1527 1647 1554 csse
1690 1509 1932 1566 [dixerunt].

165 1575 231 1618 425.
265 1579 411 1631 ltaque
443 1578 648 1617 Arcesilas
682 1578 858 1629 negabat
889 1591 979 1617 esse
1012 1578 1237 1631 quicquam
1271 1577 1384 1631 quod
1417 1578 1511 1617 sciri
1544 1581 1707 1630 posset,
1746 1589 1797 1615 ne
1828 1575 1933 1615 illud

169 1640 339 1693 quidem
371 1640 527 1692 ipsum,
562 1640 674 1693 quod
708 1642 897 1680 Socrates
930 1641 1008 1680 sibi
1040 1640 1298 1693 reliquisset:
1332 1640 1388 1679 sic
1419 1639 1558 1679 onmia
1589 1640 1716 1678 latere
1738 1639 1935 1678 censebat

168 1704 209 1742 in
243 1703 420 1742 occulto.
466 1704 612 1756 Neque
644 1717 734 1743 esse
768 1704 1015 1756 quicquam,
1049 1702 1161 1756 quod
1193 1703 1305 1742 cerni
1336 1707 1405 1741 aut
1432 1701 1619 1754 intellegi
1644 1706 1808 1754 posset:
1842 1700 1934 1754 qui-

166 1766 242 1804 bus
275 1764 325 1803 de
357 1765 492 1804 causis
524 1765 630 1804 nihil
663 1773 856 1818 oportere
888 1780 1027 1818 neque
1059 1765 1246 1818 profiteri
1279 1778 1416 1817 neque
1439 1764 1658 1803 adfirmare
1681 1776 1984 1817 quen1qua11125

168 1841 305 1881 neque
336 1827 585 1867 adsensione
616 1828 871 1881 adprobare,
905 1828 1184 1881 cohibereque
1217 1840 1383 1880 semper
1413 1832 1453 1866 et
1483 1827 1533 1866 ab
1558 1827 1670 1866 omni
1696 1828 1817 1879 lapsu
1838 1839 1935 1865 con-

168 1890 297 1930 tinere
329 1891 626 1938 temeritatem,
660 1905 767 1944 quae
800 1897 885 1930 tum
918 1896 1029 1930 esset
1059 1890 1257 1942 insignis,
1290 1903 1385 1928 cum
1416 1894 1487 1928 aut
1506 1888 1612 1928 salsa
1633 1894 1704 1928 aut
1723 1888 1936 1941 incognita

170 1967 236 1992 res
268 1953 593 2005 adprobaretur:
627 1967 765 2007 neque
796 1954 875 1993 hoc
908 1953 1134 2006 quicquam
1167 1966 1257 1992 esse
1290 1952 1453 2005 turpius
1485 1965 1611 2005 quam
1643 1950 1872 2005 cognitioni
1896 1955 1937 1989 et

169 2016 422 2069 perceptioni
464 2015 758 2055 adsensionem
801 2016 1236 2068 adprobationemquc
1278 2027 1560 2068 praecurrere.
1634 2014 1740 2054 Huic
1784 2013 1933 2053 rationi

169 2078 279 2131 quod
313 2083 399 2117 erat
430 2084 754 2118 consentaneum
787 2078 982 2124 faciebat,
1014 2083 1058 2117 ut
1089 2083 1234 2116 contra
1256 2078 1441 2117 omnium
1471 2076 1699 2116 sententias
1724 2076 1934 2115 disserens
1948 2089 1984 2118 30

169 2140 219 2179 de
259 2153 333 2179 sua
372 2140 596 2193 plerosque
641 2141 883 2186 deduceret,
925 2146 982 2186 ut,
1030 2154 1120 2179 cum
1163 2140 1204 2179 in
1237 2140 1384 2179 eadem
1415 2153 1459 2179 re
1490 2139 1608 2192 paria
1639 2137 1859 2178 contrariis
1892 2137 1935 2176 in

166 2203 352 2255 partibus
393 2208 603 2241 momenta
635 2203 840 2242 rationum
873 2202 1185 2249 invenirentur,
1228 2202 1392 2242 facilius
1426 2203 1475 2242 ab
1507 2207 1685 2255 utraque
1718 2207 1833 2253 parte
1864 2201 1936 2240 ad-

167 2265 305 2304 sensio
338 2264 624 2304 sustineretur.
684 2262 749 2304 46.
782 2266 899 2304 Hanc
935 2264 1203 2304 Academiam
1236 2278 1386 2305 novam
1417 2264 1655 2318 appellant,
1693 2276 1801 2317 quae
1833 2262 1934 2303 mibi

258 2433 285 2463 l.
312 2431 522 2462 muniendam
547 2433 570 2462 G
599 2448 632 2452 —
661 2432 872 2470 aperirentur
897 2432 1043 2463 Dax‘ies:
1072 2432 1283 2471 reperiuntur
1308 2432 1331 2461 C
1347 2432 1371 2461 Ο
1387 2440 1419 2464 r,
1445 2431 1643 2470 aperiuntur
1667 2430 1856 2468 Manutius,
1882 2438 1938 2461 re-

164 2483 355 2523 perirentur
379 2483 503 2512 Gruter
529 2499 563 2504 —-
590 2482 621 2512 ΕΞ.
648 2483 863 2520 suspicionem
886 2484 983 2514 AGO
1008 2500 1042 2504 —
1071 2482 1102 2514 4.
1130 2483 1169 2513 iis
1193 2491 1209 2512 r
1235 2498 1269 2504 —
1297 2482 1441 2512 consistit
1463 2482 1488 2512 A
1505 2482 1529 2511 G
1557 2497 1590 2502 —
1619 2480 1648 2511 6.
1677 2481 1810 2511 dist-isset
1834 2480 1937 2511 Lam—

170 2534 290 2564 binus:
318 2533 451 2563 dix-isset
476 2535 504 2562 et
528 2531 589 2562 CO
605 2541 621 2561 r
644 2549 686 2553 —
709 2532 739 2562 8.
768 2541 879 2563 rerum
903 2542 966 2564 csse
991 2537 1101 2564 aulem
1126 2535 1148 2564 t:
1165 2542 1197 2570 r;
1226 2535 1399 2564 incertum
1422 2532 1580 2569 ridetur,
1607 2531 1696 2562 sitne
1720 2539 1835 2561 verum
1859 2531 1938 2570 post

169 2584 353 2614 Stoicorum
385 2591 426 2613 ex
457 2581 688 2621 dittograpbia
722 2585 835 2613 ortum
866 2591 909 2613 au
934 2586 1043 2613 aulem
1069 2592 1109 2613 ex
1135 2581 1199 2613 alio
1226 2581 1414 2618 xocabub),
1449 2580 1543 2611 xelut
1568 2589 1641 2611 eam
1666 2579 1720 2610 vel
1742 2579 1834 2610 illam
1859 2588 1939 2611 cor-

170 2634 322 2673 ruptum.
351 2648 386 2652 —
424 2634 458 2661 ut
491 2640 560 2662 oni.
588 2633 629 2668 (ἰ,
668 2635 701 2661 at
731 2632 771 2661 ab
803 2634 826 2662 A
843 2634 865 2663 P
880 2632 918 2666 V,
954 2636 985 2661 ut
1011 2632 1050 2661 ab
1076 2641 1111 2669 r,
1149 2635 1183 2661 at
1219 2630 1258 2661 (⁷32
1282 2632 1313 2661 in
1341 2639 1448 2669 marg.
1479 2647 1513 2651 —
1541 2630 1571 2660 9.
1598 2629 1834 2668 correptionem
1859 2638 1875 2659 r
1901 2646 1936 2651 —-

171 2691 290 2713 nouam
314 2681 461 2720 aliquam
480 2682 524 2711 G:
551 2681 699 2720 aliquam
724 2691 843 2712 norum
867 2684 891 2712 A
908 2683 931 2712 P
948 2682 972 2711 V
987 2682 1044 2712 Or
1062 2699 1097 2702 —
1128 2682 1178 2712 lO.
1205 2685 1273 2711 tum
1298 2682 1322 2710 O
1345 2697 1377 2701 ——
1405 2681 1490 2710 (luae
1513 2680 1536 2710 A
1554 2681 1577 2710 P
1592 2679 1619 2709 V
1634 2688 1649 2709 r
1664 2697 1708 2702 —-
1730 2679 1827 2719 moze]
1845 2679 1940 2709 modo

171 2734 197 2763 G
224 2749 256 2753 —
285 2732 340 2770 qui
365 2732 387 2761 P
413 2731 446 2761 in
471 2739 554 2769 ras,
581 2739 737 2769 quomam
764 2732 873 2763 [rsini
901 2749 935 2753 —
972 2733 1022 2762 ll.
1049 2732 1179 2762 ratione
1203 2734 1226 2760 (ἰ
1255 2732 1348 2766 {item
1373 2731 1418 2767 A,
1446 2732 1481 2760 ut
1507 2729 1673 2767 x·i‹letur):
1704 2730 1832 2760 ratione
1855 2738 1941 2759 'nunc

173 2784 196 2811 G
213 2781 238 2809 V
255 2790 269 2810 r
295 2798 329 2802 —
357 2781 479 2811 desistis
504 2781 529 2810 G
557 2798 590 2802 —
619 2790 655 2810 ca
682 2790 750 2812 om.
771 2790 787 2811 r
806 2798 839 2802 —
871 2781 921 2811 1¹⁵2..
949 2782 1025 2812 <loce
1051 2790 1066 2812 r
1092 2783 1123 2812 et
1150 2783 1184 2814 P,
1212 2781 1272 2811 scd
1300 2780 1354 2810 hic
1380 2789 1469 2810 corr.
1490 2788 1527 2809 ex
1548 2780 1662 2810 docere
1679 2795 1712 2799 ——
1742 2779 1792 2809 15)·
1813 2779 1942 2817 quidem

173 2830 249 2861 mihi
274 2829 378 2860 GPV
403 2846 437 2850 —
472 2831 523 2860 46,
551 2833 578 2861 et
610 2831 675 2861 ium
702 2834 777 2862 ante
802 2831 945 2862 Davics:
983 2835 1010 2861 ct
1039 2831 1139 2861 ueluti
1164 2834 1312 2861 conantes
1337 2832 1360 2861 (13
1379 2840 1405 2860 r.
1439 2831 1591 2870 Apparet
1614 2830 1700 2860 velut
1723 2831 1838 2859 ortum
1863 2837 1940 2860 esse

173 2889 214 2911 ex
241 2880 287 2910 rel
312 2883 361 2916 ut,
388 2888 477 2919 quae
504 2882 555 2912 est
580 2882 672 2911 saria
700 2880 802 2911 lectio
829 2881 871 2911 ad
897 2885 924 2911 ct
950 2880 1124 2921 adst-rima
1153 2899 1186 2902 —
1217 2882 1266 2912 118.
1296 2880 1454 2911 inber-illes
1479 2882 1502 2910 G
1532 2898 1567 2901 —
1595 2879 1647 2910 19.
1673 2882 1702 2910 el
1727 2887 1796 2910 om.
1823 2879 1876 2909 Gr
1902 2894 1937 2900 —

173 2930 225 2960 ΞΟ.
253 2930 419 2960 diuersam
443 2930 505 2960 PV
522 2939 538 2960 r
566 2948 599 2952 —
633 2932 684 2962 22¹,
713 2933 850 2962 ueritate
875 2933 898 2961 G
927 2949 960 2952 —
997 2932 1133 2970 denique
1156 2930 1316 2969 Bentley:
1353 2931 1500 2969 deinceps
1524 2930 1618 2960 COr
1645 2947 1679 2951 -
1709 2928 1846 2959 tenebris
1869 2936 1939 2960 om.

174 2982 198 3010 ti
228 2997 260 3000 -
293 2979 479 3017 circunfusa
504 2981 527 3010 P
554 2997 588 3001 —
623 2982 777 3011 dit-crunt
806 2983 864 3011 aut
894 2981 949 3012 liic
981 2985 1039 3012 aut
1069 2990 1173 3022 supra
1206 2988 1248 3012 (r.
1276 2982 1315 3011 Δ18
1342 3005 1348 3016 ,
1382 2979 1441 3010 ubi
1472 2980 1496 3010 O
1529 2979 1685 3014 inclusit.
1715 2977 1940 3009 abiciendum

175 3037 253 3060 esse
279 3029 450 3060 Manutius
475 3029 637 3061 intellexit
667 3049 700 3052 —
734 3032 785 3062 22.
811 3040 869 3062 nce
895 3032 973 3061 illud
998 3040 1027 3070 q.
1056 3033 1078 3061 (j
1109 3049 1142 3052 --
1178 3032 1227 3061 253.
1255 3030 1435 3068 reliquisset
1459 3032 1494 3060 ul
1517 3029 1598 3060 nihil
1619 3037 1651 3059 se
1674 3028 1756 3058 scire
1779 3028 1874 3058 sciret
1897 3028 1941 3058 sic

176 3080 200 3108 G
227 3095 261 3099 —
288 3078 434 3109 censebat
468 3078 522 3108 Cr
553 3079 629 3117 (sed
663 3082 686 3111 P
700 3080 758 3110 Vr
786 3080 986 3119 censebant):
1020 3088 1089 3111 om.
1117 3082 1142 3111 O
1168 3089 1247 3111 cum
1274 3083 1374 3111 (ioer.
1404 3097 1439 3101 —
1473 3079 1526 3110 ⁶24.
1553 3088 1610 3110 nec
1633 3078 1662 3108 V
1689 3095 1723 3100 -
1747 3080 1852 3117 posset
1877 3077 1941 3108 Er-

177 3127 287 3158 nesti:
322 3128 422 3166 possic
447 3128 470 3157 t:
487 3136 502 3157 r
528 3145 562 3149 -
602 3128 652 3159 213.
680 3131 862 3160 assensione
887 3132 933 3160 G:
972 3131 1149 3161 assertione
1172 3133 1197 3161 A
1214 3133 1234 3162 1³
1252 3131 1276 3159 V
1292 3139 1307 3160 r
1335 3147 1368 3151 -
1401 3129 1546 3168 probare
1569 3131 1594 3159 G
1623 3146 1656 3150 —
1685 3129 1737 3159 ⁶27.
1764 3128 1843 3167 tum]
1867 3136 1941 3158 cum

178 3178 202 3207 G
218 3177 242 3206 V
257 3185 274 3206 r
293 3193 327 3198 —
355 3180 413 3207 aut
436 3177 523 3216 falsa
540 3186 609 3208 om.
630 3187 646 3208 r
664 3196 698 3200 —
723 3181 774 3211 ⁴28.
801 3184 878 3211 esse!
902 3182 1030 3220 turpius
1048 3182 1071 3211 (ἶ
1086 3190 1102 3211 r
1122 3198 1156 3203 -
1180 3180 1231 3211 29.
1256 3180 1456 3218 preceptioni
1478 3188 1495 3209 r
1518 3197 1551 3202 —
1579 3179 1789 3210 assertionem
1806 3180 1831 3208 A
1848 3179 1869 3208 P
1883 3177 1910 3206 Y
1925 3185 1941 3206 ι·

178 3243 213 3247 -
234 3225 285 3257 30.
304 3227 349 3267 ut]
368 3230 426 3258 aut
443 3228 468 3258 G
488 3245 521 3249 —
544 3229 700 3259 disserens
718 3230 755 3260 cle
771 3238 831 3260 sua
849 3233 893 3260 (iz
919 3231 984 3261 dies
1004 3231 1070 3261 iam
1088 3232 1112 3261 A
1128 3232 1151 3261 P
1164 3231 1226 3261 ΥΟ
1243 3240 1270 3267 r,
1289 3232 1396 3261 (licens
1414 3231 1444 3261 in
1462 3239 1535 3261 eam
1554 3229 1689 3269 Madvig
1707 3246 1742 3250 —
1764 3229 1814 3259 31.
1830 3228 1940 3267 pleros

177 3277 282 3308 APY
302 3294 336 3299 —
364 3277 417 3310 32.
443 3278 578 3310 assertio
602 3281 628 3310 A
641 3280 664 3310 Ρ
680 3280 705 3309 Y
720 3288 754 3317 rs.
781 3281 934 3319 assensio,
961 3280 1055 3322 quod
1077 3282 1131 3312 ter
1154 3282 1248 3312 recte
1266 3279 1373 3311 habet
1391 3282 1434 3320 G,
1462 3280 1594 3322 primus
1612 3278 1733 3311 Lamb.
1753 3278 1914 3310 restituit.
