2249 3624
288 121 341 164 88
673 123 743 163 DE
774 121 982 162 FINIBUS
1014 120 1277 163 BONORUM
1307 122 1374 162 ET
1405 121 1670 163 MALORUM

285 240 530 284 contentus,
572 237 660 276 sine
701 233 963 287 aegritudine
1002 234 1134 288 possit
1172 239 1213 274 et
1249 235 1338 274 sine
1379 239 1492 274 metu
1530 233 1683 274 vivere.
1742 232 1809 274 45.
1842 233 1960 283 Quae
1991 243 2055 279 est

283 299 394 340 enim
431 303 503 338 aut
541 298 678 338 utilior
716 302 786 337 aut
825 296 877 336 ad
908 297 1014 336 bene
1053 296 1278 336 vivendum
1310 297 1448 349 aptior
1478 297 1645 350 partitio
1678 310 1803 350 quam
1835 297 1929 347 illa,
1970 314 2054 353 qua

283 367 346 403 est
380 376 480 402 usus
519 361 755 414 Epicurus?
800 359 871 413 qui
909 373 1040 398 unum
1081 372 1212 412 genus
1253 360 1391 413 posuit
1431 374 1571 400 earum
1611 360 1905 414 cupiditatum,
1945 375 2053 416 quae

282 429 423 465 essent
453 429 492 463 et
521 423 730 463 naturales
763 427 803 462 et
833 422 1116 469 necessariae,
1154 422 1351 469 alterum,
1392 436 1499 476 quae
1540 423 1748 463 naturales
1790 429 1931 465 essent
1976 439 2054 466 nec

250 492 420 527 etamen
450 486 732 532 necessariae,
764 485 953 532 tertium,
987 498 1094 538 quae
1126 498 1204 524 nec
1233 486 1442 525 naturales
1463 500 1541 526 nec
1562 487 1847 527 necessariae:
1880 500 2054 539 quarum

283 563 331 589 ea
371 549 476 589 ratio
519 552 601 595 est,
641 553 688 587 ut
728 548 987 587 necessariae
1031 560 1109 588 nec
1141 560 1267 600 opera
1298 548 1425 588 multa
1455 562 1531 588 nec
1564 549 1753 601 impensa
1784 549 2054 602 expleantur3

281 624 334 652 ne
367 609 577 651 naturales
611 609 783 664 quidem
815 610 944 650 multa
976 609 1240 658 desiderant,
1272 616 1495 663 propterea
1527 612 1635 665 quod
1669 613 1760 665 ipsa
1780 617 1929 652 natura
1950 612 2056 652 divi-

281 673 383 721 tias,
430 673 581 726 quibus
623 678 818 712 contenta
859 672 932 719 sit,
979 678 1020 712 et
1061 673 1270 725 parabiles
1317 679 1356 713 et
1396 675 1636 714 terminatas
1678 675 1825 723 habet3
1870 675 2055 716 inanium

282 741 420 776 autem
453 735 725 788 cupiditatum
758 748 835 774 nec
865 734 1014 775 modus
1046 735 1156 775 ullus
1189 750 1265 776 nec
1296 736 1392 776 finis
1423 737 1601 777 inveniri
1632 742 1788 791 potest.

234 812 268 841 40
395 798 504 837 XIV.
536 794 602 836 46.
645 796 767 845 Quod
812 797 846 837 si
886 798 1010 838 vitam
1053 812 1218 838 omnem
1259 799 1492 851 perturbari
1528 801 1719 840 videmus
1751 813 1892 841 errore
1923 804 1965 841 et
1994 801 2056 841 in-

283 861 477 907 scientia,
517 859 851 913 sapientiamque
894 873 985 900 esse
1017 862 1168 907 solam,
1214 875 1323 915 quae
1355 876 1432 902 nos
1463 876 1487 902 a
1518 863 1739 903 libidinum
1771 863 1931 915 impetu
1962 868 2002 903 et
2033 877 2058 904 a

281 923 552 964 formidinum
593 928 751 962 terrore
792 923 976 963 vindicet
1012 929 1053 964 et
1096 925 1229 977 ipsius
1261 925 1451 964 fortunae
1485 926 1645 965 modice
1676 925 1784 965 ferre
1817 926 1966 965 doceat
1994 926 2058 965 in-

282 986 410 1026 iurias
442 990 483 1024 et
513 986 648 1025 omnis
680 991 882 1026 monstret
913 986 1014 1033 vias,
1046 1000 1153 1039 quae
1189 987 1241 1026 ad
1273 987 1457 1039 quietem
1482 992 1522 1027 et
1546 988 1888 1040 tranquillitatem
1910 988 2056 1037 ferant,

285 1051 385 1104 quid
429 1053 493 1088 est
534 1062 608 1088 cur
645 1048 882 1088 dubitemus
921 1050 1079 1097 dicere,
1113 1055 1153 1089 et
1184 1050 1430 1102 sapientiam
1463 1056 1635 1103 propter
1664 1050 1900 1104 voluptates
1932 1065 2058 1104 expe-

234 1125 270 1153 45
285 1113 453 1154 tendam
485 1117 526 1151 et
555 1111 842 1164 insipientiam
875 1118 1046 1165 propter
1077 1112 1289 1152 molestias
1313 1126 1404 1151 esse
1426 1111 1695 1165 fugiendam?
1727 1110 1792 1151 47.
1816 1113 2059 1167 Eademque

284 1175 448 1216 ratione
487 1188 540 1214 ne
583 1175 901 1227 temperantiam
934 1175 1103 1228 quidem
1144 1181 1315 1228 propter
1346 1188 1389 1214 se
1423 1175 1703 1227 expetendam
1734 1188 1825 1215 esse
1858 1176 2058 1224 dicemus,

285 1238 359 1279 sed
393 1238 491 1291 quia
523 1250 669 1290 pacem
701 1237 849 1277 animis
881 1238 1028 1277 afferat
1059 1245 1099 1277 et
1131 1251 1202 1277 eos
1236 1237 1355 1290 quasi
1391 1237 1613 1277 concordia
1636 1237 1813 1291 quadam
1846 1238 1981 1292 placet
2011 1253 2058 1279 ac

283 1302 426 1342 leniat.
477 1300 771 1352 Temperantia
803 1305 863 1339 est
894 1300 1024 1347 enim,
1057 1314 1165 1354 qnae
1197 1301 1238 1338 in
1271 1300 1393 1339 rebus
1426 1305 1497 1338 aut
1526 1300 1773 1352 expetendis
1800 1307 1871 1340 aut
1895 1301 2059 1353 fugien-

285 1364 347 1403 dis
385 1368 431 1402 ut
470 1363 674 1402 rationem
717 1375 944 1415 sequamur
985 1369 1138 1402 monet.
1197 1364 1281 1401 Nec
1325 1362 1434 1401 enim
1476 1363 1576 1401 satis
1616 1369 1678 1402 est
1714 1363 1920 1411 iudicare,
1958 1364 2058 1416 quid

235 1426 522 1467 2ofaciendum
554 1439 636 1465 non
668 1425 958 1465 faciendumve
991 1427 1062 1473 sit,
1098 1426 1169 1465 sed
1202 1431 1309 1465 stare
1342 1425 1463 1464 etiam
1488 1431 1654 1478 oportet
1684 1426 1726 1465 in
1759 1439 1829 1474 eo,
1862 1428 1974 1480 quod
2007 1427 2061 1467 sit

284 1490 526 1530 iudicatum.
584 1488 779 1541 Plerique
821 1495 978 1536 autem,
1029 1489 1139 1542 quod
1183 1495 1324 1527 tenere
1367 1493 1492 1540 atque
1525 1501 1689 1527 servare
1722 1489 1786 1537 id,
1835 1489 1947 1542 quod
1980 1490 2060 1543 ipsi

285 1557 543 1598 statuerunt,
575 1564 659 1591 non
691 1556 888 1603 possunt,
922 1552 1019 1591 victi
1053 1558 1092 1591 et
1123 1551 1327 1591 debilitati
1361 1550 1524 1589 obiecta
1556 1552 1693 1603 specie
1725 1551 1948 1604 voluptatis
1980 1557 2062 1591 tra-

286 1615 391 1655 dunt
422 1628 465 1654 se
496 1613 741 1653 libidinibus
774 1614 1121 1666 constringendos
1155 1628 1253 1659 nec,
1294 1614 1396 1667 quid
1429 1620 1674 1653 eventurum
1708 1614 1780 1660 sit,
1824 1613 2060 1666 provident,

286 1678 337 1718 ob
370 1691 547 1730 eamque
580 1690 747 1715 causam
778 1681 950 1728 propter
981 1676 1237 1728 voluptatem
1271 1681 1312 1715 et
1343 1689 1512 1728 parvam
1545 1680 1584 1714 et
1616 1689 1696 1715 non
1722 1678 1998 1716 necessariam
2022 1684 2062 1717 et

235 1752 271 1779 25
287 1753 394 1792 quae
426 1739 490 1778 vel
523 1739 644 1778 aliter
675 1744 890 1791 pararetur
933 1744 972 1777 et
1005 1752 1087 1791 qua
1120 1739 1243 1777 etiam
1276 1751 1417 1777 carere
1458 1744 1628 1791 possent
1666 1739 1755 1777 sine
1798 1738 1943 1779 dolore
1975 1746 2061 1780 tum

285 1803 327 1841 in
368 1802 534 1842 morbos
577 1802 732 1853 gravis,
782 1807 866 1840 tum
910 1801 953 1839 in
987 1801 1159 1848 damna,
1206 1806 1291 1840 tuin
1336 1801 1376 1840 in
1411 1801 1618 1840 dedecora
1651 1801 1886 1848 incurrunt,
1935 1815 2060 1854 saepe

285 1864 406 1903 etiam
446 1864 583 1916 legum
628 1863 963 1916 iudiciorumque
1007 1864 1152 1916 poenis
1195 1864 1447 1916 obligantur.
1509 1861 1574 1902 48.
1609 1863 1691 1910 Qui
1724 1870 1862 1903 autem
1894 1865 1950 1904 ita
1980 1865 2060 1905 frui

283 1927 431 1967 volunt
471 1926 780 1978 voluptatibus,
822 1932 866 1966 ut
898 1926 1002 1965 nulli
1036 1931 1206 1979 propter
1237 1939 1306 1965 eas
1338 1932 1649 1979 consequantur
1682 1925 1874 1974 dolores,
1918 1932 1959 1967 et
1990 1928 2062 1981 qui

285 2003 403 2028 suum
434 1988 637 2028 iudicium
668 1992 872 2035 retinent,
904 2003 955 2028 ne
988 1989 1199 2041 voluptate
1232 1989 1328 2028 victi
1360 1989 1513 2028 faciant
1545 1988 1607 2035 id,
1640 1989 1752 2041 quod
1777 1990 1958 2030 sentiant
1979 2004 2062 2030 non

235 2064 378 2093 30esse
417 2051 677 2098 faciendum,
717 2052 746 2091 ii
794 2054 1049 2104 voluptatem
1093 2052 1315 2091 maximam
1361 2052 1651 2104 adipiscuntur
1693 2053 2062 2104 praetermittenda

286 2114 512 2167 voluptate.
571 2113 684 2153 Idem
722 2114 847 2153 etiam
889 2114 1078 2153 dolorem
1112 2127 1235 2166 saepe
1277 2115 1587 2167 perpetiuntur,
1627 2126 1699 2160 ne,
1742 2114 1775 2153 si
1808 2113 1850 2153 id
1882 2128 1967 2154 non
2003 2112 2062 2155 sa-

286 2178 420 2225 ciant,
467 2176 653 2216 incidant
690 2176 732 2215 in
773 2177 990 2215 maiorem:
1040 2189 1091 2215 ex
1125 2190 1208 2229 quo
1258 2176 1514 2228 intellegitur
1565 2188 1640 2214 nec
1693 2177 2059 2229 intemperantiam

284 2245 457 2292 propter
488 2252 532 2278 se
565 2252 654 2278 esse
686 2238 929 2290 fugiendam
962 2240 1365 2292 temperantiamque
1399 2238 1703 2291 expetendam,
1738 2252 1824 2278 non
1858 2240 1958 2293 quia
1989 2253 2060 2279 vo-

286 2303 466 2356 luptates
498 2301 652 2354 fugiat,
685 2301 757 2340 sed
791 2301 887 2353 quia
919 2302 1098 2340 maiores
1131 2307 1426 2354 consequatur.

235 2378 270 2406 35
398 2366 484 2404 XV.
529 2362 594 2403 49.
636 2364 793 2403 Eadem
830 2362 1088 2403 fortitudinis
1129 2364 1232 2402 ratio
1267 2364 1508 2417 reperietur.
1568 2364 1670 2403 Nam
1701 2377 1841 2417 neque
1873 2363 2061 2404 laborum

285 2427 520 2481 perfunctio
552 2441 692 2481 neque
724 2426 941 2480 perpessio
975 2426 1167 2466 dolorum
1200 2440 1273 2478 per
1304 2440 1346 2465 se
1370 2427 1461 2479 ipsa
1483 2426 1631 2473 allicit,
1664 2440 1740 2465 nec
1762 2426 1963 2480 patientia
1986 2439 2061 2466 nec

285 2491 508 2531 assiduitas
550 2504 626 2530 nec
657 2490 822 2542 vigiliae
855 2503 930 2529 nec
963 2489 1071 2542 ipsa,
1116 2502 1223 2542 quae
1256 2489 1474 2535 laudatur,
1516 2488 1745 2536 industria,
1778 2502 1830 2528 ne
1862 2488 2059 2529 fortitudo

286 2553 477 2606 quidem,
520 2554 592 2594 sed
625 2554 703 2593 ista
735 2553 966 2606 sequimur,
1011 2557 1055 2591 ut
1087 2552 1173 2591 sine
1207 2565 1304 2590 cura
1336 2558 1537 2604 metuque
1570 2552 1759 2591 vivamus
1790 2552 2060 2604 animumque

287 2621 327 2655 et
348 2629 512 2668 corpus,
545 2623 747 2670 quantum
771 2615 936 2656 efficere
959 2615 1185 2669 possimus,
1209 2615 1401 2654 molestia
1425 2614 1663 2654 liberemus.
1711 2614 1762 2654 Ut
1783 2614 1893 2654 enim
1915 2614 2060 2654 mortis

372 2790 404 2820 2.
432 2798 491 2828 quc
516 2799 531 2820 e
554 2798 615 2820 usu
770 2790 801 2820 3.
825 2789 945 2830 posuit]
970 2790 1069 2829 possit
1094 2790 1118 2820 E
1215 2788 1245 2820 4.
1274 2792 1301 2819 et
1327 2790 1407 2819 ante
1433 2792 1501 2819 nal.
1530 2797 1599 2819 om.
1748 2798 1813 2819 non
1838 2791 1948 2819 lamen
1971 2789 1995 2820 B

286 2841 338 2871 40.
359 2840 444 2879 Quid
459 2840 485 2870 si
561 2857 594 2861 -
624 2839 674 2872 .
694 2841 877 2879 uoluptates
933 2841 973 2871 ss:
1003 2841 1201 2877 roluplalcm
1222 2840 1250 2870 M
1272 2839 1325 2870 etl
1346 2841 1463 2869 tamen
1482 2837 1588 2878 praes.
1609 2846 1641 2878 p.
1659 2838 1769 2877 XLIII)
1790 2839 1814 2869 O
1894 2839 1946 2869 47.
1966 2840 2063 2878 asfm't

285 2890 310 2921 B
394 2889 447 2920 219.
466 2893 500 2920 ut
526 2890 685 2921 rationem
704 2892 728 2921 A
744 2892 785 2921 13:
815 2894 871 2922 aut
894 2892 1057 2922 rationem
1078 2890 1118 2927 E
1147 2890 1309 2920 rationem
1335 2891 1367 2918 ut
1428 2905 1462 2909 -
1491 2889 1641 2918 admonet
1660 2889 1682 2918 B
1766 2889 1819 2920 20.
1839 2888 1903 2929 sed]
1929 2892 1959 2920 ec
1983 2889 2006 2919 B

286 2952 362 2984 fort.
385 2961 414 2990 q.
435 2955 478 2983 est
503 2953 570 2983 iud.
590 2969 625 2974 -
654 2952 705 2983 21.
733 2953 792 2992 ipsi
817 2954 898 2984 AB:
931 2962 1000 2984 om.
1021 2953 1045 2983 O
1136 2952 1187 2982 22.
1213 2952 1327 2990 specie]
1353 2937 1415 2989 si&
1436 2950 1516 2987 BE,
1553 2950 1646 2989 quod
1681 2950 1933 2990 compendium
1957 2950 2060 2989 specie

286 3002 471 3041 significat,
500 3010 568 3033 non
592 3011 680 3041 spem
776 3003 828 3034 23.
856 3004 897 3044 se]
923 3004 949 3033 si
974 3001 1011 3034 1
1040 3021 1073 3025 -
1103 3001 1153 3033 24..
1181 3011 1245 3032 non
1270 3010 1339 3032 oni.
1509 3001 1559 3030 23.
1590 3000 1636 3030 rel
1662 3001 1764 3031 etiam
1793 3001 1815 3031 E
1844 3007 1924 3037 (non
1950 3000 1996 3037 ut)
2024 3016 2059 3021 -

286 3053 339 3084 28.
362 3053 469 3083 nullos
494 3053 516 3083 B
599 3056 842 3092 consequantur
866 3054 991 3084 dolores
1007 3054 1050 3083 A:
1077 3056 1320 3092 consequantur
1337 3053 1419 3090 (oni.
1441 3051 1577 3086 dolores)
1599 3051 1640 3085 B
1668 3051 1794 3082 dolores
1817 3054 2062 3091 consequantur

287 3103 357 3134 Mo
452 3102 505 3132 29.
531 3101 672 3132 semiana
702 3103 783 3132 AB:
816 3104 957 3134 sentiunt
1096 3119 1129 3123 -
1164 3102 1216 3133 30.
1245 3102 1266 3131 ii
1291 3100 1346 3132 M:
1382 3101 1415 3131 in
1440 3102 1462 3131 B
1481 3101 1526 3132 ti:
1616 3101 1694 3131 ,-
1722 3116 1756 3121 -
1785 3101 1837 3132 31.
1866 3101 1949 3131 idem
1974 3101 2059 3132 AB:

287 3153 386 3183 Iidem
510 3169 543 3174 -
576 3161 639 3182 non
665 3160 734 3183 om.
762 3152 800 3183 A
891 3154 942 3184 33.
970 3161 1033 3184 esse
1056 3153 1247 3193 fugiendam
1313 3153 1356 3182 B:
1389 3152 1579 3190 fugiendam
1604 3159 1667 3181 csse
1692 3151 1716 3181 O
1807 3151 1858 3182 37.
1886 3151 2062 3181 assiduitas

286 3203 310 3234 B
327 3203 370 3233 E:
405 3202 612 3233 assiduitates
690 3219 724 3224 -
760 3211 815 3233 nec
841 3204 911 3241 ipsa
936 3205 976 3235 B:
1012 3212 1050 3235 ea
1074 3203 1145 3242 ipsa
1169 3204 1214 3239 A3
1247 3211 1303 3233 nec
1326 3210 1365 3233 ea
1392 3202 1463 3243 ipsa.
1539 3217 1572 3223 -
1601 3201 1653 3232 38.
1681 3202 1820 3243 quidem]
1847 3210 1947 3241 quam
1971 3202 1994 3232 B
2018 3218 2061 3223 --

288 3252 353 3294 sed]
378 3255 406 3284 et
430 3253 453 3283 B
469 3252 493 3284 E
582 3251 634 3282 39.
658 3260 830 3292 possamus
853 3253 889 3283 B.
