2249 3624
527 158 614 197 Lm.
646 158 694 196 V.
735 156 832 196 Cn».
865 152 1253 194 XXXI—XXXII.
1289 151 1348 205 §§
1381 150 1426 191 91
1447 150 1574 192 -96,
1847 148 1937 189 205·

172 270 354 311 fatentur
384 283 426 310 se
459 269 616 309 virtutis
648 281 791 311 causa.
825 268 902 307 nisi
936 281 982 306 ea
1014 267 1265 320 voluptatem
1289 271 1466 311 crearet,
1499 279 1550 304 ne
1574 277 1737 304 manum
1761 265 1928 317 quidem

174 346 366 374 versuros
398 332 546 377 fuisse,
589 331 687 383 quid
727 330 859 369 facere
905 344 978 368 nos
1010 336 1195 382 oportet,
1238 330 1308 383 qui
1343 329 1529 383 quamvis
1562 328 1772 367 minimam
1804 328 1929 367 animi

171 395 465 449 praestantiam
499 394 690 433 omuibus
724 393 840 431 bonis
873 395 1057 445 corporis
1089 392 1246 431 antcire
1279 392 1488 438 «litamus,
1526 397 1569 430 ut
1598 404 1645 429 ea
1679 403 1728 429 ne
1762 390 1802 428 in
1834 402 1931 428 con-

171 464 311 510 spectu
346 457 512 509 quidem
546 456 864 507 relinquantur?
898 456 1000 502 Quis
1033 460 1092 493 est
1125 455 1233 493 enim
1267 456 1336 507 qui
1367 454 1444 492 lioc
1467 454 1613 492 cadere
1638 453 1678 491 in
1702 452 1930 505 sapientem

170 520 307 558 dicere
339 518 507 561 audeat,
541 523 602 559 ut,
636 517 667 553 si
702 516 788 554 licri
825 518 972 568 possit,
1006 518 1196 555 xirtutcm
1233 518 1271 555 iu
1306 522 1549 569 perpetuum
1577 515 1749 561 abiciat,
1782 521 1826 554 ut
1859 515 1957 553 do-5

169 580 255 618 lore
296 580 406 618 omni
450 579 675 617 liberetur?
720 579 822 624 Quis
865 585 1050 616 nostrum
1086 579 1256 625 dixerit,
1299 592 1405 631 quos
1439 591 1521 617 non
1556 577 1683 630 pudet
1715 592 1781 625 ea,
1823 592 1930 631 quae

169 641 295 679 Stoici
336 654 481 692 aspera
522 640 683 683 dicunt,
728 640 832 678 mala
875 640 1035 684 dicere,
1076 641 1224 679 melius
1267 654 1357 679 csse
1399 641 1575 692 turpiter
1605 641 1762 693 aliquid
1795 640 1930 680 facere

168 716 257 740 cum
300 702 513 753 voluptate
553 714 675 752 quam
719 701 893 740 honeste
935 716 1026 740 cum
1074 703 1245 741 dolore?
1304 700 1367 739 lli».
1404 703 1528 741 Nobis
1561 703 1828 743 Heracleotes
1860 704 1931 743 ille

165 763 392 816 Dionysius
432 764 633 815 flagitiose
675 762 901 802 descivisse
935 764 1098 803 videtur
1129 779 1150 802 a
1184 764 1333 803 Stoicis
1375 771 1546 816 propter
1576 765 1791 805 oculorum
1815 766 1932 805 dolo-

167 838 267 865 rem.
329 824 457 872 Quasi
497 838 594 863 vero
635 824 711 863 hoc
750 824 965 864 didicisset
995 838 1017 863 a
1049 827 1238 870 Zenone,
1281 840 1363 864 non
1405 826 1569 873 dolere,
1610 841 1701 867 cum
1742 829 1928 869 doleret!
1952 837 1984 865 ¹0

167 887 274 926 Illud
315 888 501 926 audierat
544 901 620 926 nec
660 892 795 925 tamen
829 887 1051 933 didicerat,
1092 888 1242 927 malum
1277 889 1379 927 illud
1413 903 1494 928 non
1528 903 1638 937 esse,
1677 891 1774 943 quia
1812 897 1931 944 turpe

168 964 251 990 non
284 956 414 997 esset,
447 956 485 989 ct
518 963 608 989 esse
641 949 857 989 ferendum
883 951 980 989 viro.
1034 950 1110 988 llic
1142 950 1175 988 si
1209 951 1507 1003 Peripateticus
1540 952 1708 1000 suisset,
1740 968 1932 1006 perman-

167 1013 309 1059 sisset,
341 1012 484 1059 credo,
516 1012 556 1050 in
589 1012 813 1058 sententia,
847 1013 917 1065 qui
944 1012 1130 1051 dolorem
1154 1012 1307 1051 malum
1331 1013 1476 1052 dicunt
1498 1028 1603 1062 esse,
1635 1015 1685 1055 de
1707 1017 1931 1068 asperitate

166 1082 301 1115 autem
343 1075 432 1114 eius
473 1074 634 1114 fortiter
673 1074 843 1113 ferenda
877 1075 1138 1128 praecipiunt
1171 1074 1314 1114 eadem
1347 1089 1454 1128 quae
1487 1077 1628 1116 Stoici.
1679 1079 1730 1117 Et
1761 1078 1930 1132 quidem

165 1137 370 1177 Arcesilas
406 1143 525 1184 tuus,
565 1137 641 1176 etsi
684 1136 763 1176 suit
800 1137 840 1175 in
886 1138 1131 1177 disserendo
1174 1138 1444 1190 pertinacior,
1488 1144 1625 1179 tamen
1658 1147 1800 1181 noster
1829 1141 1982 1188 fnium

165 1205 252 1240 erat
283 1201 390 1239 enim
424 1200 676 1239 Polemonis.
738 1200 774 1238 ls
809 1213 900 1238 cum
932 1200 1096 1239 arderet
1130 1199 1338 1252 podagrae
1371 1200 1605 1249 doloribus,
1637 1203 1931 1256 visitassetque

163 1263 376 1302 hominem
400 1262 654 1308 Charmides,
685 1262 855 1314 Epicuri
880 1261 1194 1314 perfamiliaris,
1227 1268 1267 1302 et
1289 1263 1418 1303 tristis
1441 1264 1586 1311 exiret,
1618 1265 1739 1305 Mane
1762 1279 1930 1319 quaeso,

165 1324 320 1378 inquit,
365 1325 587 1364 Charmide
625 1329 789 1369 noster;
830 1323 932 1363 nihil
976 1324 1091 1363 illinc
1131 1325 1211 1364 huc
1252 1327 1466 1378 pervenit:
1510 1327 1691 1366 ostendit
1731 1328 1859 1380 pedes
1892 1334 1933 1368 et

165 1393 322 1441 pectus.
374 1390 428 1427 Ac
461 1393 599 1427 tamen
631 1387 698 1426 hic
730 1386 871 1425 mallet
902 1398 985 1425 non
1018 1387 1174 1426 dolere.

276 1450 450 1489 XXXII.
483 1448 549 1488 95.
590 1449 702 1488 Ilaec
743 1449 869 1501 igitur
911 1454 971 1488 est
1002 1455 1145 1489 nostra
1176 1451 1303 1497 ratio,
1345 1463 1453 1504 quae
1486 1451 1559 1490 tibi
1594 1452 1758 1492 videtur
1788 1454 1932 1493 incon·
1948 1463 1984 1491 20

166 1517 301 1559 stans,
343 1526 436 1551 cum
475 1517 644 1565 propter
680 1511 840 1550 virtutis
881 1510 1103 1550 caelestem
1147 1513 1357 1564 quandam
1397 1518 1438 1552 et
1476 1512 1658 1554 divinam
1691 1520 1931 1569 tantamque

165 1575 479 1627 praestantiam,
526 1580 590 1620 ut,
635 1573 706 1612 ubi
747 1574 878 1612 virtus
921 1574 975 1612 sit
1014 1587 1166 1626 resque
1207 1588 1380 1627 magnae
1422 1580 1462 1615 et
1501 1590 1659 1616 summe
1701 1577 1931 1618 laudabiles

165 1636 317 1676 virtute
349 1642 511 1688 gestae,
543 1637 598 1676 ibi
631 1649 722 1675 esse
755 1635 923 1675 miseria
955 1640 995 1674 et
1025 1648 1222 1675 aerumna
1250 1651 1331 1677 non
1361 1637 1506 1689 possit,
1538 1642 1676 1678 tamen
1700 1640 1815 1680 labor
1836 1654 1932 1693 pos—

167 1698 241 1746 sit,
273 1700 405 1752 possit
436 1699 639 1745 molestia,
673 1713 756 1738 non
790 1698 975 1737 dubitem
1008 1698 1146 1737 dicere
1179 1711 1324 1738 omnes
1356 1700 1563 1751 sapientes
1596 1715 1760 1755 semper
1788 1704 1931 1745 beatos

165 1774 276 1808 esse,
315 1761 387 1801 sed
425 1767 563 1801 tamen
608 1760 694 1800 lieri
734 1773 856 1813 posse
898 1766 942 1800 ut
980 1760 1033 1800 sit
1063 1761 1170 1800 alius
1201 1761 1285 1801 alio
1316 1761 1489 1801 beatior.
1550 1765 1676 1817 Atqui
1707 1765 1784 1805 iste
1814 1766 1980 1806 loeus25

164 1828 244 1869 est,
282 1823 396 1870 Piso,
439 1823 513 1862 tibi
556 1823 681 1862 etiam
722 1829 846 1876 atque
888 1823 1014 1862 etiam
1046 1822 1376 1871 confirmandus,
1416 1825 1608 1877 inquam:
1650 1840 1774 1880 quem
1807 1828 1840 1867 si
1873 1834 1933 1868 te-

162 1886 325 1933 nueris,
357 1899 443 1925 non
476 1886 600 1926 modo
625 1900 764 1926 meum
788 1886 1053 1932 Ciceronem,
1086 1886 1157 1925 sed
1183 1887 1305 1926 etiam
1327 1900 1391 1926 me
1415 1887 1550 1940 ipsum
1572 1888 1756 1929 abducas
1777 1890 1931 1930 licebit.

162 1945 228 1986 96.
261 1949 365 1988 Tum
399 1948 600 1997 Quintus,
640 1950 738 1989 Mihi
772 1948 960 2002 quidem,
1000 1949 1160 2001 inquit,
1194 1950 1292 1989 satis
1323 1949 1403 1989 hoc
1435 1950 1723 1991 confirmatum
1756 1952 1932 2001 videtur,

163 2009 380 2064 laetorque
421 2024 511 2051 eam
552 2011 888 2065 philosophiam,
931 2011 1049 2050 cuius
1090 2017 1213 2051 antea
1244 2012 1545 2065 supellectilem
1578 2014 1708 2067 pluris
1739 2014 1933 2056 aestima-

161 2072 255 2112 bam
295 2086 419 2126 quam
462 2075 753 2126 possessiones
785 2074 1041 2126 reliquarum
1077 2096 1123 2100 -—
1159 2074 1215 2113 ita
1246 2074 1346 2113 mihi
1379 2074 1493 2115 dives
1524 2075 1766 2125 videbatur,
1806 2084 1850 2119 ut
1880 2079 1930 2118 ab
1945 2090 1983 2120 30

162 2147 210 2173 ea
251 2140 394 2187 petere
443 2149 610 2188 possem
659 2135 860 2189 quicquid
909 2136 951 2174 in
992 2136 1139 2175 studiis
1183 2137 1335 2175 nostris
1374 2137 1668 2190 concupissem
1712 2163 1785 2186 ——‚
1825 2141 1931 2181 hanc

161 2198 288 2249 igitur
322 2198 455 2237 laetor
493 2198 615 2237 etiam
655 2199 883 2237 acutiorem
920 2203 1127 2250 repertam
1171 2212 1294 2251 quam
1327 2204 1505 2247 ceteras,
1547 2200 1659 2253 quod
1692 2203 1861 2255 quidam
1894 2204 1931 2243 ei

163 2259 309 2300 deesse
341 2260 547 2300 dicebant.
598 2262 687 2299 Non
721 2274 845 2314 quam
878 2266 1062 2299 nostram
1096 2261 1289 2314 quidem,
1322 2262 1459 2315 inquit
1488 2263 1743 2316 Pomponius
1774 2264 1930 2313 iocans,

163 2321 235 2362 sed
267 2336 331 2363 me
360 2323 530 2363 hercule
550 2329 742 2376 pergrata
766 2323 868 2362 mihi
890 2323 969 2362 fuit
992 2323 1125 2362 oratio
1147 2329 1228 2363 tua.
1262 2323 1378 2372 Quae
1402 2325 1511 2364 enim
1534 2324 1616 2364 dici
1639 2326 1785 2366 Latine
1806 2340 1930 2380 posse

162 2398 245 2424 non
286 2385 536 2433 arbitrabar,
579 2400 627 2426 ea
660 2386 768 2425 dicta
808 2392 906 2425 sunt
935 2398 959 2425 a
990 2391 1051 2433 te,
1092 2398 1169 2424 nec
1200 2387 1336 2425 minus
1369 2387 1492 2439 plane
1525 2401 1651 2441 quam
1683 2388 1878 2429 dicuntur
1907 2402 1980 2431 a35

247 2571 277 2601 4.
302 2571 450 2610 fatentur
472 2580 504 2602 sc
529 2572 610 2602 EG:
646 2571 792 2610 fatentur
815 2572 842 2601 si
867 2572 910 2606 B}
936 2579 969 2602 se
990 2572 1139 2610 fatentur
1163 2570 1187 2601 O
1217 2589 1247 2592 -
1283 2571 1484 2610 voluptatem
1507 2575 1634 2603 crearet
1659 2582 1740 2605 nos:
1766 2575 1932 2615 voluptale

159 2623 301 2650 maceret
333 2621 376 2657 133
414 2622 613 2660 voluptatem
644 2622 764 2652 acciret
799 2621 869 2652 ΜΟ
896 2639 929 2642 -
966 2620 1106 2660 quidem]
1135 2621 1214 2660 quid
1242 2621 1305 2651 BE
1334 2639 1368 2643 -
1395 2621 1425 2651 3.
1449 2623 1692 2660 praestantiam
1715 2624 1818 2655 animi
1842 2626 1865 2656 B
1893 2643 1927 2647 ——

161 2670 191 2701 6.
218 2670 306 2711 quos]
334 2671 406 2709 quis
430 2671 452 2701 B
469 2671 492 2702 E
521 2688 554 2692 ψ
582 2671 612 2701 9.
640 2671 820 2709 oculorum]
846 2680 929 2710 (scau
956 2671 994 2701 D.
1034 2669 1199 2701 «Volebat
1223 2677 1356 2707 renum,
1388 2671 1425 2700 ut
1450 2671 1503 2701 est
1527 2671 1627 2702 Tusc.
1655 2672 1699 2709 ΙΙ,
1726 2672 1744 2711 ἕ
1770 2673 1844 2705 60.»
1871 2674 1928 2705 On.

162 2736 196 2740 —
232 2720 284 2751 40.
313 2721 414 2758 Quasi
446 2719 652 2751 Lambinus:
691 2721 767 2759 Quis
797 2719 899 2751 codd.
936 2737 969 2741 —
1006 2720 1165 2750 didicisse!
1198 2722 1226 2750 el
1251 2728 1272 2749 a
1296 2719 1358 2750 BE
1386 2735 1421 2741 ·-
1460 2720 1509 2750 12.
1536 2723 1653 2751 ecesse
1676 2721 1868 2754 Manutius:
1903 2727 1932 2754 ec

160 2773 237 2800 esset
262 2770 363 2801 codd.
393 2772 425 2802 et
450 2770 474 2800 Ο
503 2787 536 2791 -
564 2769 646 2810 viro]
672 2779 748 2801 vero
774 2770 796 2800 B
826 2788 859 2793 —
895 2770 946 2800 43.
973 2770 1028 2809 qui
1052 2770 1093 2800 B:
1130 2769 1287 2809 quoniam
1312 2770 1336 2799 O
1363 2787 1397 2790 —
1424 2770 1548 2800 malum
1573 2771 1683 2801 dicunt
1705 2772 1788 2803 BE:
1821 2774 1931 2804 dicunt

162 2819 287 2850 malum
311 2820 382 2850 MO
412 2837 445 2841 -
473 2827 548 2849 csse.
576 2819 623 2849 De
647 2819 671 2849 E
697 2820 776 2858 (non
802 2820 843 2857 se)
870 2819 894 2849 O
922 2836 955 2840 —
985 2819 1035 2849 47.
1064 2818 1252 2849 Charmides
1275 2818 1317 2848 B:
1349 2818 1534 2850 Carneades
1557 2821 1664 2852 ceteri
1689 2822 1791 2854 codd.
1819 2826 1853 2855 et
1878 2825 1928 2856 M:

161 2868 338 2900 Corniades
363 2877 442 2899 cum
469 2869 604 2899 Davisio
630 2870 654 2899 Ο
683 2887 716 2891 —-
743 2870 896 2908 epicurus
920 2869 943 2899 B
966 2886 998 2889 —
1029 2868 1079 2899 48.
1107 2869 1253 2899 carmide
1276 2868 1320 2904 B;
1347 2869 1482 2900 carnide
1506 2869 1549 2907 E;
1578 2870 1746 2904 Carneade
1770 2874 1820 2911 M;
1849 2874 1931 2906 Cor-

161 2918 258 2949 niade
283 2918 307 2949 O
336 2935 369 2940 —
400 2918 450 2948 20.
479 2922 522 2949 est
547 2927 615 2949 non
640 2927 710 2949 om.
738 2920 762 2950 E
790 2936 823 2940 -
852 2919 904 2949 ⁵21.
932 2919 1066 2949 virtutes
1090 2918 1113 2949 B
1144 2936 1176 2940 —-
1204 2919 1256 2949 ¹22.
1282 2921 1311 2949 et
1335 2926 1403 2949 om.
1431 2919 1454 2949 B
1481 2935 1515 2940 —-
1543 2920 1594 2951 25.
1621 2929 1686 2953 esse
1709 2923 1818 2954 beatos
1840 2925 1864 2955 B
1893 2942 1927 2946 —-

162 2968 225 2998 sint
248 2968 271 2998 B
299 2968 378 3006 (non
405 2967 439 3005 E)
460 2984 494 2989 —
522 2967 574 2999 28.
602 2968 742 3008 quidem]
768 2969 845 3008 quid
869 2969 892 2999 B
912 2985 946 2989 —
974 2968 1025 2998 ⁵29.
1053 2968 1222 3008 laelorque
1244 2976 1316 2998 eam
1341 2968 1515 2999 Davisius:
1543 2969 1649 3001 laetor
1671 2973 1801 3012 quidem
1826 2974 1928 3005 codd.

164 3018 197 3047 et
221 3017 245 3048 O
272 3033 305 3037 —
335 3016 386 3046 30.
415 3017 524 3056 quam]
551 3018 629 3055 quid
652 3018 715 3048 BE
738 3035 768 3040 —
798 3018 1003 3056 reliquarum
1028 3018 1163 3057 Madx‘ig
1189 3021 1221 3049 et
1240 3016 1478 3057 Wesenberg:
1503 3019 1706 3059 reliquorum
1730 3022 1833 3054 codd.
1854 3024 1929 3054 eto

165 3083 199 3087 —
227 3066 279 3097 32.
305 3066 441 3104 quidam
467 3066 546 3104 (non
571 3067 710 3106 quidem)
743 3068 848 3098 etiam
881 3068 904 3098 Ε
940 3084 973 3088 -
1009 3066 1061 3098 34.
1088 3068 1166 3098 mihi
1192 3067 1253 3106 fait
1278 3068 1303 3097 G
1328 3069 1361 3098 et
1385 3067 1577 3108 Madvigius
1604 3070 1647 3107 (in
1670 3070 1924 3110 adnotatione):

162 3115 224 3155 fuit
256 3116 336 3146 mihi
375 3114 582 3151 Lambinus3
619 3116 681 3155 fuit
715 3124 784 3147 om.
816 3116 923 3148 ceteri
948 3116 1050 3147 codd.
1082 3118 1115 3147 et
1139 3116 1169 3147 M
1185 3118 1209 3147 Ο
1237 3134 1271 3138 -
1309 3117 1362 3148 35.
1388 3125 1409 3147 α
1433 3120 1462 3148 te
1488 3127 1546 3149 nec
1571 3120 1679 3150 minus
1702 3121 1800 3160 plane
1822 3120 1931 3152 uerbis

165 3172 265 3202 quam
300 3165 454 3195 dicuntur
488 3173 509 3195 a
541 3165 676 3196 Graecis
710 3167 797 3204 aptis
830 3167 874 3202 B3
912 3175 933 3196 α
967 3169 996 3196 te
1028 3174 1086 3196 nec
1120 3166 1227 3196 minus
1258 3166 1372 3205 plane,
1403 3176 1503 3206 quam
1534 3169 1689 3200 dicuntur
1721 3180 1743 3202 a
1774 3171 1928 3208 Graecis,

164 3221 221 3243 nec
251 3214 360 3244 minus
390 3213 478 3253 aptis
506 3213 614 3245 uerbis
645 3215 690 3252 G;
728 3222 750 3244 a
780 3217 810 3245 te
836 3214 943 3247 verbis
972 3216 1075 3255 aptis,
1107 3224 1165 3248 nec
1193 3216 1301 3247 minus
1327 3216 1428 3256 plane
1450 3227 1551 3258 quam
1573 3219 1728 3251 dicuntur
1750 3228 1772 3251 a
1795 3219 1930 3252 Graecis

166 3260 383 3294 Schuetzius.
