2249 3624
295 128 373 170 486
673 135 742 174 DE
773 132 980 173 FINIBUS
1012 131 1274 172 BONORUM
1303 131 1372 170 ET
1403 130 1668 171 MALORUM

291 249 478 288 discessu
513 261 538 287 a
577 247 664 287 suis
704 251 829 298 atque
868 245 960 298 ipsa
988 243 1264 296 relinquenda
1294 242 1388 282 luce
1420 245 1664 282 moveatur?
1704 244 1885 282 Maxime
1916 248 2054 282 autem

292 310 334 349 in
365 310 445 349 hoc
476 310 646 363 quidem
678 321 828 361 genere
862 308 922 347 vis
954 313 1017 347 est
1046 307 1269 359 perspicua
1298 310 1494 352 naturae,
1534 320 1625 345 cum
1669 311 1709 344 et
1747 305 2055 345 mendicitatem

292 372 410 411 multi
442 373 750 425 perpetiantur,
782 376 827 410 ut
857 370 1018 416 vivant,
1051 374 1091 408 et
1120 373 1324 420 angantur
1354 368 1761 420 appropinquatione
1788 368 1932 406 mortis
1956 380 2054 406 con-

289 433 383 473 fecti
426 434 620 473 homines
661 436 877 473 senectute
917 437 957 472 et
988 445 1036 471 ea
1073 430 1305 484 perferant,
1347 442 1455 481 quae
1487 430 1757 469 Philoctetam
1791 429 1980 469 videmus
2013 428 2055 467 in

258 496 462 536 5fabnlis:
504 496 576 549 qui
609 509 702 535 cum
734 495 989 534 cruciaretur
1018 506 1103 532 non
1134 491 1317 531 ferendis
1349 491 1586 538 doloribus,
1629 492 1887 544 propagabat
1918 496 2054 530 tamen

289 559 413 598 vitam
454 558 655 610 aucupiO,
702 555 968 609 «configebat
1006 555 1150 595 tardus
1193 554 1374 600 celeres,
1420 559 1534 593 stans
1572 554 1813 601 volantes,›³
1863 558 1909 592 ut
1945 552 2056 605 apud

288 621 446 660 Attium
479 626 561 666 est,
600 632 919 673 pennarumque
952 622 1149 657 contextu
1181 617 1343 668 corpori
1375 620 1613 667 tegumenta
1644 616 1833 656 faciebat.
1894 613 1962 653 33.
1997 615 2056 653 De

288 683 506 722 hominum
545 696 698 735 genere
740 688 811 721 aut
851 680 1022 721 omnino
1063 680 1113 718 de
1158 678 1403 718 animalium
1443 677 1613 730 loquor,
1654 692 1747 716 cum
1789 678 1985 717 arborum
2018 682 2059 715 et

290 745 476 797 stirpium
509 744 654 784 eadem
685 757 819 797 paene
850 748 999 782 natura
1030 743 1108 781 sit?
1155 740 1250 779 Sive
1283 739 1412 786 enim,
1445 745 1489 778 ut
1519 739 1772 779 doctissimis
1802 740 1900 779 viris
1923 740 2055 778 visum

241 818 274 845 10
290 812 374 853 est,
406 808 536 846 maior
566 807 706 859 aliqua
739 820 860 846 causa
901 810 1027 857 atque
1059 803 1239 842 divinior
1268 802 1375 841 hanc
1406 802 1488 840 vim
1520 802 1734 853 ingenuit,
1775 803 1860 841 sive
1890 801 1971 840 hoc
2000 802 2057 840 ita

290 867 333 908 fit
362 868 559 916 fortuito,
591 869 783 908 videmus
815 881 886 914 ea,
918 879 1026 920 quae
1059 871 1167 904 terra
1190 864 1344 916 gignit,
1377 864 1603 902 corticibus
1627 870 1667 902 et
1688 863 1898 903 radicibus
1921 863 2057 902 valida

289 932 465 978 servari,
497 932 609 984 quod
642 931 846 983 contingit
873 928 1122 969 animalibus
1146 940 1344 965 sensuum
1368 925 1660 965 distributione
1682 931 1722 964 et
1744 925 1924 978 quadam
1947 938 2059 964 comn

288 994 482 1046 pactione
514 994 812 1034 membrorum.
866 993 959 1039 Qua
990 989 1158 1043 quidem
1191 989 1241 1027 de
1278 1001 1321 1026 re
1354 1001 1607 1040 quamquam
1639 987 1848 1026 assentior
1878 986 1948 1032 iis,
1985 987 2058 1039 qui

288 1055 391 1095 haec
423 1056 563 1096 omnia
593 1057 681 1109 regi
711 1060 861 1095 natura
891 1058 1059 1106 putant,
1092 1064 1200 1103 quae
1233 1051 1266 1089 si
1298 1055 1445 1089 natura
1477 1050 1688 1102 neglegat,
1730 1050 1820 1102 ipsa
1851 1062 1942 1088 esse
1974 1063 2059 1088 non

240 1118 471 1170 1i5possint:
515 1125 653 1158 tamen
694 1118 880 1158 concedo
923 1121 990 1161 ut,
1038 1115 1110 1167 qui
1149 1113 1200 1152 de
1239 1113 1318 1151 boc
1349 1111 1620 1158 dissentiunt,
1668 1112 1913 1151 existiment
1946 1111 2059 1164 quod

291 1180 421 1219 velint
451 1195 497 1220 ac
518 1182 585 1221 vel
606 1182 685 1221 hoc
707 1180 965 1231 intellegant,
997 1178 1030 1216 si
1055 1175 1224 1228 quando
1249 1179 1437 1213 naturam
1461 1173 1641 1213 hominis
1665 1174 1815 1221 dicam,
1847 1174 2059 1214 hominem

290 1242 426 1281 dicere
459 1256 546 1282 me:
577 1244 683 1283 nihil
714 1243 826 1283 enim
857 1241 937 1280 hoc
968 1239 1118 1278 dissert.
1173 1240 1272 1277 Nam
1305 1236 1422 1289 prius
1452 1249 1475 1274 a
1507 1249 1550 1275 se
1583 1236 1737 1288 poterit
1768 1236 1948 1289 quisque
1977 1237 2059 1276 dis-

289 1305 439 1345 cedere
481 1319 606 1359 quam
649 1305 881 1358 appetitum
924 1315 1064 1341 earum
1101 1313 1262 1345 rerum,
1304 1311 1413 1351 quae
1446 1298 1524 1337 sibi
1557 1298 1814 1345 conducant,
1855 1299 2059 1338 amittere.

290 1368 383 1407 Iure
416 1368 540 1420 igitur
571 1366 805 1421 gravissimi
836 1363 1078 1418 philosophi
1111 1362 1275 1402 initium
1307 1360 1457 1399 summi
1488 1360 1586 1399 boni
1609 1373 1632 1399 a
1654 1367 1801 1400 natura
1824 1361 2062 1414 petiverunt

239 1435 330 1470 20et
373 1430 492 1469 illum
538 1430 772 1484 appetitum
814 1440 952 1467 rerum
995 1425 1046 1464 ad
1096 1431 1285 1464 naturam
1328 1423 1730 1462 accommodatarum
1771 1425 2061 1476 ingeneratum

288 1496 541 1544 putaverunt
578 1491 793 1538 omnibus,
837 1489 937 1542 quia
967 1488 1236 1527 continentur
1267 1499 1315 1524 ea
1347 1484 1711 1525 commendatione
1744 1492 1936 1533 naturae,
1977 1500 2062 1540 qua

288 1568 332 1594 se
363 1554 443 1607 ipsi
474 1554 665 1606 diligunt.

400 1617 491 1656 XII.
523 1614 589 1655 34.
628 1615 834 1666 Deinceps
872 1610 1100 1651 videndum
1139 1616 1219 1656 est,
1262 1610 1458 1663 quoniam
1501 1611 1600 1650 satis
1643 1615 1831 1663 apertum
1875 1616 1939 1651 est
1978 1611 2056 1650 sibi

288 1693 500 1733 quemque
532 1683 680 1718 natura
710 1690 802 1716 esse
834 1688 995 1720 carum,
1027 1686 1135 1726 quae
1167 1673 1221 1712 sit
1251 1672 1434 1712 hominis
1471 1678 1640 1720 natura3
1683 1673 1723 1712 id
1757 1679 1819 1712 est
1844 1674 1977 1719 enim,
2010 1674 2060 1712 de

239 1754 371 1794 25quo
410 1741 666 1793 quaerimus.
730 1737 858 1791 Atqui
896 1735 1165 1789 perspicuum
1207 1740 1270 1773 est
1308 1734 1520 1774 homiuem
1564 1748 1584 1774 e
1625 1748 1800 1787 corpore
1832 1736 2059 1788 animoque

288 1809 495 1851 constare,
535 1817 628 1843 cum
665 1802 822 1856 primae
862 1799 943 1838 sint
973 1797 1102 1836 animi
1139 1802 1298 1849 partes,
1340 1797 1547 1836 secundae
1579 1798 1774 1849 corporis.
1825 1797 1987 1836 Deinde
2019 1798 2059 1837 id

289 1880 459 1920 quoque
491 1867 701 1912 videmus,
741 1869 782 1903 et
811 1863 867 1901 ita
899 1858 1118 1912 figuratum
1151 1872 1319 1910 corpus,
1362 1863 1409 1897 ut
1439 1858 1618 1897 excellat
1649 1858 1762 1905 aliis,
1804 1866 1837 1898 ec
1876 1859 2059 1899 animum

288 1929 346 1968 ita
390 1930 682 1974 constitutum,
725 1930 772 1965 ut
817 1929 857 1963 et
899 1922 1090 1962 sensibus
1134 1921 1362 1960 instructus
1403 1921 1458 1959 sit
1495 1925 1534 1959 et
1572 1920 1723 1960 habeat
1764 1921 2061 1972 praestantiam

289 1993 462 2038 mentis,
504 1992 570 2030 cui
610 1995 697 2029 tota
736 1986 919 2027 hominis
960 1989 1106 2023 natura
1143 1988 1309 2035 pareat,
1350 1983 1392 2022 in
1425 1996 1506 2036 qua
1538 1983 1591 2022 sit
1622 1982 1824 2022 mirabilis
1856 1982 2061 2035 quaedam

238 2067 275 2095 30
290 2054 351 2094 vis
382 2054 554 2094 rationis
585 2057 625 2092 et
656 2049 909 2103 cognitionis
943 2052 983 2086 et
1020 2045 1218 2085 scientiae
1250 2046 1538 2098 virtutumque
1571 2045 1767 2084 omnium.
1819 2046 1920 2083 Nam
1955 2058 2063 2096 quae

290 2116 474 2169 corporis
507 2119 623 2161 sunt,
657 2126 705 2153 ea
737 2125 814 2151 nec
846 2109 1135 2150 auctoritatem
1167 2122 1258 2147 cum
1290 2107 1418 2146 animi
1452 2107 1637 2160 partibus
1670 2106 1992 2159 comparandam
2026 2112 2067 2146 et

290 2179 574 2231 cognitionem
617 2175 772 2215 habent
817 2172 1063 2212 faciliorem.
1132 2171 1276 2222 Itaque
1309 2170 1359 2208 ab
1390 2170 1455 2208 his
1488 2170 1711 2208 ordiamur.
1771 2167 1838 2207 33.
1874 2169 2065 2221 Corporis

289 2241 415 2293 igitur
452 2239 583 2279 nostri
624 2242 763 2290 partes
805 2240 979 2287 totaque
1017 2230 1148 2285 figura
1191 2237 1231 2271 et
1269 2231 1400 2271 forma
1442 2238 1479 2271 et
1519 2236 1677 2271 statura
1716 2244 1840 2284 quam
1881 2236 1976 2283 apta
2014 2232 2064 2270 ad

289 2308 480 2342 naturam
512 2302 565 2341 sit
595 2304 787 2353 apparet,
823 2310 962 2349 neque
995 2301 1058 2334 est
1088 2294 1260 2333 dubium
1285 2294 1387 2346 quin
1418 2294 1556 2339 frons,
1590 2293 1722 2340 oculi,
1755 2308 1876 2333 aures
1901 2300 1941 2333 et
1971 2294 2067 2332 reli-

241 2378 276 2407 35
292 2378 398 2417 quae
439 2370 577 2417 partes
616 2361 763 2415 quales
804 2359 999 2413 propriae
1040 2358 1123 2396 sint
1158 2357 1339 2396 hominis
1376 2356 1654 2407 intellegatur.
1708 2356 1788 2395 Sed
1822 2361 1933 2395 certe
1962 2369 2067 2409 opus

292 2433 354 2466 est
385 2440 432 2466 ea
464 2427 602 2466 valere
634 2429 675 2463 et
704 2424 845 2475 vigere
878 2428 918 2460 et
949 2420 1161 2459 naturales
1194 2424 1331 2458 motus
1364 2432 1551 2470 ususque
1582 2418 1756 2465 habere,
1790 2424 1834 2457 ut
1863 2432 1938 2457 nec
1960 2418 2068 2457 absit

293 2489 391 2542 quid
433 2500 578 2527 eorum
619 2500 695 2525 nec
735 2498 905 2537 aegrum
946 2483 1262 2522 debilitatumve
1305 2481 1381 2528 sit;
1425 2480 1464 2519 id
1505 2481 1617 2519 enim
1655 2485 1804 2519 natura
1842 2481 2066 2520 desiderat.

292 2552 367 2590 Est
396 2555 536 2589 autem
569 2549 694 2589 etiam
726 2549 833 2587 actio
867 2546 1075 2599 quaedam
1108 2544 1315 2596 corporis,
1349 2556 1457 2596 quae
1490 2548 1626 2582 motus
1659 2548 1700 2581 et
1731 2548 1860 2582 status
1893 2548 2065 2582 naturae

294 2617 571 2664 congruentes
602 2615 739 2650 tenet:
771 2609 814 2648 in
849 2608 999 2661 quibus
1032 2608 1065 2646 si
1092 2611 1287 2659 peccetur
1319 2606 1562 2645 distortione
1588 2609 1628 2644 et
1650 2604 1944 2657 depravatione
1965 2618 2067 2656 qua-

244 2689 280 2719 40
296 2673 390 2714 dam
431 2687 478 2713 ac
517 2677 634 2713 motu
671 2677 833 2712 statuve
877 2669 1073 2716 deformi,
1113 2673 1160 2708 ut
1190 2668 1223 2707 si
1256 2672 1327 2707 aut
1357 2668 1549 2706 manibus
1582 2666 1840 2719 ingrediatur
1871 2667 1967 2718 quis
1998 2672 2069 2706 aut

382 2904 412 2934 ἱ).
439 2911 514 2933 cum
538 2902 639 2933 eliam
661 2902 768 2933 mend.
796 2902 819 2932 B
847 2918 881 2922 —
918 2901 950 2932 3.
977 2903 1005 2931 et
1028 2902 1132 2940 ayant.
1156 2896 1482 2938 adpropinquat-ione
1507 2897 1549 2933 B;
1584 2899 1613 2927 et
1641 2899 1745 2936 ayant.
1769 2896 1813 2926 ad
1836 2895 2069 2934 apropinqua-

294 2954 385 2984 cione
410 2953 481 2992 (sic)
509 2952 532 2983 E
559 2969 593 2973 —
622 2951 653 2983 A..
677 2952 850 2991 perforant
874 2950 938 2981 BE
968 2968 1000 2971 —
1036 2950 1064 2980 6.
1093 2950 1236 2988 aucupio
1263 2950 1304 2979 B:
1332 2947 1475 2985 aucupio
1499 2947 1694 2985 sayittarius
1719 2948 1763 2983 (33
1798 2947 1940 2984 aucupio
1963 2948 2069 2986 sayn-

295 3006 407 3034 tarum
431 3002 456 3033 O
483 3019 518 3023 —
546 3002 576 3032 7.
603 3002 849 3040 pinnarumque
873 3002 898 3032 O
927 3017 960 3022 —
989 3000 1020 3031 8.
1047 3003 1105 3030 aut.
1129 3008 1198 3030 om.
1228 3000 1250 3029 B
1282 3016 1313 3019 --
1343 2998 1393 3027 11.
1419 2997 1466 3036 sil]
1491 2997 1531 3027 si!
1556 2997 1579 3027 Β
1608 3014 1641 3018 -
1668 2997 1809 3035 fortuitu
1832 2996 1896 3026 ΒΟ
1917 3013 1950 3017 -
1977 2997 2070 3027 vide-

294 3061 367 3083 mus
390 3053 545 3083 Marsus:
571 3053 743 3083 uideamus
767 3051 870 3086 codd,
893 3069 925 3073 -—
957 3051 1008 3082 13.
1035 3049 1175 3089 quidem]
1202 3049 1279 3088 quid
1304 3049 1327 3078 B
1344 3048 1366 3078 E
1391 3065 1419 3068 ἢ
1451 3048 1501 3077 15.
1528 3047 1627 3085 possit
1652 3047 1674 3077 B
1697 3064 1730 3068 -
1759 3047 1810 3077 16.
1831 3047 1974 3085 quando]
1992 3047 2071 3085 quid

296 3104 320 3134 B
349 3120 383 3124 —
413 3102 463 3132 17.
489 3101 548 3131 hoc
572 3110 642 3133 om.
669 3102 694 3132 O
723 3119 756 3124 —
792 3102 845 3132 ⁶21.
870 3101 1061 3140 putauerim
1085 3100 1147 3130 BE
1175 3115 1208 3119 —
1244 3098 1323 3136 quia
1348 3097 1522 3127 Davisius:
1551 3097 1606 3135 qui
1630 3095 1733 3127 codd.
1762 3098 1796 3126 et
1820 3096 1844 3126 O
1873 3113 1907 3117 ——
1939 3095 1992 3125 ⁶26.
2018 3104 2069 3126 sc-

296 3151 432 3192 cundae]
457 3151 566 3182 sedere
590 3151 613 3181 B
641 3168 676 3173 —
702 3150 746 3190 id]
773 3152 816 3181 ad
840 3152 863 3181 B
879 3151 902 3181 E
931 3168 964 3172 —
992 3150 1045 3181 27.
1072 3149 1146 3179 aliis
1162 3165 1209 3170 --
1226 3148 1438 3178 conscilztlum
1462 3154 1531 3176 om.
1554 3146 1577 3176 E
1598 3164 1632 3167 —
1658 3149 1688 3176 ec
1711 3145 1860 3175 animum
1884 3152 1965 3174 nos:
1993 3144 2070 3174 ani-

297 3211 387 3232 mum
410 3202 454 3239 B;
488 3201 700 3240 animumque
732 3201 801 3231 ΜΟ
830 3218 864 3223 -—
896 3200 948 3231 35.
975 3201 1038 3230 sint
1062 3198 1250 3231 Lambinus
1276 3197 1319 3235 (in
1345 3196 1437 3227 curis
1462 3194 1658 3234 secundis):
1692 3198 1767 3226 sunt
1790 3193 1892 3226 codd.
1921 3195 1955 3224 et
1979 3194 2004 3224 O
2031 3211 2065 3214 ψ

299 3252 352 3283 37.
378 3251 604 3283 dubitatumue
626 3251 650 3282 B
678 3267 713 3272 --
741 3250 793 3282 38.
821 3253 931 3281 autem
954 3250 1039 3281 BD:
1067 3257 1135 3280 om.
1163 3248 1200 3279 O.
