2249 3624
594 170 683 210 Lm.
705 171 775 216 111.
816 170 1259 212 cffixw—xvni.
1298 169 1357 224 §§
1380 168 1574 211 3.t—40.
1890 168 1972 210 949

204 285 257 325 M.
280 282 458 322 Scaurus
489 277 636 318 consul
670 278 900 325 «Utinan1,n
926 277 1063 330 inquit
1089 278 1168 317 «M.
1193 276 1353 324 Cicero,
1387 277 1468 317 isto
1501 278 1640 317 animo
1669 282 1795 331 atque
1817 278 1970 317 virtute

204 347 247 386 in
277 354 435 385 summa
465 352 508 380 re
539 339 707 392 publica
739 340 957 380 nobiscum
993 341 1146 380 versari
1179 353 1303 394 quam
1343 340 1384 379 in
1418 340 1661 392 municipali
1692 340 1967 379 maluissesl»

205 405 270 448 37.
304 405 435 454 Quam
465 402 516 444 ob
547 415 658 449 rem,
701 404 902 456 quoniam
934 416 1018 442 non
1050 404 1389 456 recognoscimus
1423 416 1533 442 nunc
1566 403 1679 455 leges
1712 402 1856 456 populi
1888 403 1970 442 Ro-

206 468 338 514 mani,
380 465 452 506 sed
492 470 564 505 aut
608 466 836 518 repetimus
878 470 1038 518 ereptas
1079 473 1150 505 aut
1188 479 1316 506 novas
1350 466 1597 512 scribimus,
1639 478 1725 505 non
1757 463 1855 518 quid
1888 465 1969 505 hoc

205 529 357 587 populo
387 528 566 581 optineri
597 528 748 579 possit,
782 527 854 567 sed
887 528 986 580 quid
1019 529 1222 580 optimum
1255 529 1306 568 sit
1339 529 1410 568 tibi
1443 528 1666 568 dicendum
1699 533 1814 580 puto.
1864 528 2000 566 Names

206 592 369 633 Cassiae
399 590 505 642 legis
538 589 702 642 culpam
728 590 868 643 Scipio
900 596 996 630 tuus
1028 591 1217 636 sustinet,
1254 605 1337 644 quo
1370 597 1538 631 auctore
1572 591 1654 630 lata
1687 602 1778 629 esse
1803 589 1967 629 dicitur.

205 656 289 701 Tu,
329 653 362 693 si
394 653 650 692 tabellariam
685 652 853 699 tuleris,
895 653 984 705 ipse
1018 653 1271 705 p1·aestabis;
1321 667 1397 693 nec
1436 654 1546 694 enim
1586 654 1687 693 mihi
1726 652 1863 705 placet
1893 664 1968 692 nec

203 717 337 756 Attico
368 720 526 761 nostro,
559 721 761 768 quantum
795 728 816 753 e
848 715 965 754 vultu
999 716 1087 754 eius
1119 716 1332 768 intellego.

311 777 437 816 xvlt.
479 779 557 818 Aet.
599 778 701 818 Mihi
734 791 833 818 vero
866 778 971 816 nihil
1004 792 1200 831 umquam
1231 778 1436 831 populare
1469 778 1623 832 placuit
1655 791 1830 831 eamque
1862 776 1969 829 opti-

202 853 307 881 mam
346 852 433 880 rem
476 841 682 894 publicam
725 854 816 880 esse
849 840 965 887 dico,
1006 854 1131 894 quam
1162 841 1230 880 hic
1262 842 1410 880 consul
1443 843 1737 888 constituerat,
1777 853 1883 894 quae
1914 838 2018 878 sitto

200 906 243 945 in
275 908 478 956 potestate
511 902 779 954 optimorum.
839 900 906 942 38.
937 905 992 943 Μ.
1026 904 1107 943 Vos
1140 904 1334 957 quidem,
1366 911 1410 943 ut
1443 904 1577 950 video,
1611 904 1742 956 legem
1775 903 1968 955 antiqua-

200 966 273 1006 stis
306 966 395 1005 sine
428 965 593 1005 tabella.
655 964 736 1004 Sed
770 978 872 1017 egO,
913 966 989 1005 etsi
1023 968 1122 1006 satis
1155 967 1260 1006 dixit
1290 980 1363 1020 pro
1397 980 1439 1006 se
1473 967 1513 1005 in
1547 966 1629 1006 illis
1662 966 1778 1006 libris
1811 963 1967 1016 Scipio,

199 1035 335 1069 tamen
372 1028 429 1068 ita
468 1028 702 1068 libertatem
742 1028 863 1067 istam
896 1028 1048 1081 largior
1078 1029 1256 1081 populo,
1298 1035 1343 1068 ut
1374 1032 1620 1069 auctoritate
1661 1035 1701 1069 et
1732 1027 1897 1067 valeant
1929 1030 1969 1064 et

198 1097 364 1132 utantur
394 1091 504 1131 boni.
566 1091 633 1131 Sic
665 1092 776 1130 enim
808 1104 830 1130 a
861 1105 926 1131 me
957 1091 1131 1131 recitata
1162 1091 1231 1131 lex
1270 1097 1331 1131 est
1371 1091 1421 1130 de
1465 1092 1694 1143 suffragiis:
1748 1089 1968 1141 optima-

199 1155 336 1195 tibus
377 1159 518 1199 nota,
559 1154 697 1206 plebi
740 1154 900 1193 libera
942 1159 1103 1193 sunto.
1166 1154 1284 1202 Quae
1316 1154 1384 1193 lex
1414 1154 1522 1193 hanc
1554 1153 1802 1193 sententiam
1835 1149 2019 1190 conti-4⁵

199 1224 291 1264 net,
331 1221 377 1255 ut
408 1230 552 1256 omnes
584 1216 697 1268 leges
730 1216 869 1263 tollat,
912 1229 1019 1270 quae
1059 1221 1204 1269 postea
1243 1217 1349 1256 latae
1382 1222 1500 1263 sunt,
1542 1229 1649 1269 quae
1680 1220 1825 1267 tegunt
1856 1212 1969 1252 omni

199 1280 360 1320 ratione
404 1279 672 1331 suffragium,
714 1292 766 1318 ne
808 1279 902 1331 quis
943 1279 1132 1332 inspiciat
1163 1279 1381 1325 tabellam,
1426 1292 1476 1318 ne
1509 1284 1649 1330 roget,
1689 1291 1740 1317 ne
1772 1275 1967 1330 appellet.

200 1343 352 1382 Pontes
384 1342 509 1381 etiam
542 1341 610 1380 lex
642 1341 772 1380 Maria
802 1341 903 1381 fecit
933 1348 1146 1394 angustos
1207 1340 1273 1381 39.
1317 1342 1436 1389 Quae
1468 1342 1500 1381 si
1533 1342 1725 1395 opposita
1757 1344 1853 1378 sunt
1883 1350 1968 1377 am-

198 1405 386 1452 bitiosis,
428 1410 473 1444 ut
503 1411 598 1444 sunt
627 1403 737 1451 fere,
780 1417 864 1443 non
896 1405 1184 1457 reprehendo:
1231 1404 1294 1443 sin
1327 1405 1535 1444 valuerint
1566 1410 1723 1443 tantum
1756 1402 1892 1454 leges,
1924 1404 1970 1440 ut

202 1468 363 1508 desinat
394 1467 595 1513 ambitus,
635 1466 786 1505 habeat
827 1480 926 1506 sane
961 1467 1144 1520 populus
1177 1467 1372 1507 tabellam
1406 1467 1526 1520 quasi
1559 1467 1764 1506 vindicem
1803 1463 2019 1503 liberta-20

200 1530 271 1577 tis,
304 1529 401 1569 dum
432 1529 556 1569 modo
588 1529 690 1569 haec
723 1529 883 1581 optimo
917 1530 1070 1581 cuique
1103 1536 1143 1569 et
1174 1531 1419 1583 gravissimo
1452 1531 1532 1570 civi
1565 1529 1808 1570 ostendatur
1838 1526 1970 1565 ultro-

201 1606 282 1646 que
313 1592 523 1639 offeratur,
556 1598 602 1632 ut
635 1592 675 1631 in
710 1605 758 1630 eo
791 1593 841 1631 sit
874 1592 965 1644 ipso
1000 1591 1182 1638 libertas,
1217 1593 1257 1631 in
1291 1606 1374 1644 quo
1406 1592 1564 1645 populo
1588 1597 1770 1645 potestas
1792 1589 1970 1628 honeste

200 1655 322 1695 bonis
353 1653 612 1707 gratificandi
646 1653 779 1693 datur.
827 1655 973 1706 quue
1006 1667 1116 1693 nunc
1148 1654 1192 1694 fit
1224 1655 1348 1701 illud,
1383 1655 1493 1708 quod
1527 1670 1549 1694 a
1572 1661 1611 1694 te
1635 1653 1774 1700 modo,
1798 1652 1970 1700 Quinte,

205 1717 359 1757 dictum
392 1723 466 1763 est,
500 1722 544 1756 ut
576 1717 712 1755 minus
746 1715 898 1755 multos
932 1715 1084 1754 tabella
1116 1717 1380 1764 condemnet,
1414 1730 1534 1769 quam
1565 1714 1726 1756 solebat
1748 1727 1849 1760 vox,
1873 1713 1970 1767 quia

203 1779 358 1833 populo
402 1779 526 1818 licere
569 1779 671 1818 satis
711 1784 786 1818 est.
856 1779 945 1818 Hoc
987 1785 1149 1819 retento
1191 1780 1353 1832 reliqua
1393 1779 1584 1819 voluntas
1624 1777 1862 1818 auctoritati
1901 1780 2020 1815 aut25

207 1844 364 1896 gratiae
397 1842 584 1882 traditur.
644 1843 811 1895 ltaque,
856 1848 911 1897 ut?
939 1843 1124 1881 omittam
1158 1843 1381 1894 largitione
1414 1848 1605 1894 corrupta
1637 1840 1853 1893 suffragia,
1885 1852 1971 1878 non

202 1906 348 1952 vides,
391 1906 425 1945 si
467 1904 634 1958 quando
678 1906 857 1945 ambitus
897 1906 1040 1951 sileat,
1086 1905 1230 1958 quaeri
1271 1905 1311 1943 in
1345 1903 1555 1957 suffragiis
1588 1904 1688 1957 quid
1721 1904 1863 1956 optimi
1897 1901 1972 1940 viri

207 1968 416 2008 sentiant?
479 1968 614 2015 Quam
647 1968 700 2006 ob
731 1981 818 2006 rem
850 1968 940 2019 lege
972 1973 1114 2007 nostra
1146 1968 1346 2007 libertatis
1378 1968 1540 2020 species
1573 1968 1714 2013 datur,
1747 1963 1971 2005 auctoritas

203 2029 408 2070 bonorum
440 2030 664 2077 retinetur,
697 2030 976 2069 contentionis
1009 2043 1132 2069 causa
1163 2029 1332 2069 tollitur.

317 2093 465 2131 XVlll.
499 2090 565 2131 40.
597 2093 760 2132 Deinde
793 2092 1004 2145 sequitur,
1038 2093 1191 2146 quibus
1223 2094 1287 2132 ius
1320 2093 1374 2132 sit
1404 2106 1498 2132 cum
1531 2091 1687 2145 populo
1719 2087 1868 2142 agendi
1902 2092 2020 2127 aut30

203 2169 296 2196 cum
328 2161 488 2195 senatu.
549 2155 694 2194 Gravis
736 2160 800 2202 et,
842 2161 887 2194 ut
927 2155 1128 2202 arbitror,
1170 2155 1383 2208 praeclara
1424 2160 1487 2194 est
1527 2155 1616 2194 lex:
1669 2153 1812 2200 Quae
1860 2163 1972 2190 cum

201 2217 408 2271 populo
450 2230 705 2271 quaeque
745 2218 795 2256 in
836 2219 1091 2270 patribus
1132 2224 1366 2269 agentur,
1400 2218 1593 2257 modica
1625 2221 1795 2262 sunto,
1836 2214 1877 2254 id
1909 2219 1973 2254 est

202 2280 392 2320 modesta
431 2286 555 2333 atque
596 2279 763 2328 sedata;
805 2286 919 2320 actor
950 2281 1059 2320 enim
1092 2280 1331 2321 moderatur
1364 2286 1404 2320 et
1434 2279 1554 2331 fingit
1584 2292 1668 2318 non
1701 2277 1824 2318 modo
1857 2289 1972 2315 men-

291 2445 320 2476 l.
346 2446 519 2484 utinamq;
544 2446 650 2485 inquit
675 2448 699 2477 A
727 2446 875 2484 (consulti
898 2455 1042 2485 namque
1066 2447 1172 2485 inquit
1197 2447 1255 2483 Bi}
1289 2446 1417 2477 utinam
1442 2445 1582 2485 quidem,
1609 2444 1716 2484 inquit
1739 2443 1830 2474 coni.
1857 2442 1973 2474 Moser

206 2512 241 2517 -
267 2495 331 2525 ista
355 2495 379 2525 B
404 2513 446 2517 -—
471 2496 578 2535 adque
601 2496 640 2527 Αἵ
668 2513 703 2518 -
731 2496 761 2527 3.
781 2505 809 2527 r.
826 2506 860 2536 p.
880 2497 1048 2527 Romanae
1073 2497 1158 2527 dett.
1181 2497 1281 2536 pauci
1312 2513 1343 2516 —
1371 2497 1402 2526 5.
1431 2496 1576 2535 optinere
1598 2495 1622 2525 B
1650 2510 1683 2515 —-
1712 2493 1742 2525 8.
1762 2496 1973 2532 quantumoe

203 2548 241 2583 A.
267 2548 390 2585 quanto
414 2553 464 2576 me
488 2545 512 2576 B
540 2563 574 2567 —
600 2546 713 2576 uultus
736 2548 762 2577 A
777 2546 814 2583 B,
841 2546 903 2577 sed
930 2547 963 2578 in
989 2549 1015 2578 A
1039 2556 1053 2578 s
1077 2555 1177 2578 erasa
1205 2565 1238 2568 —
1267 2545 1297 2576 9.
1317 2546 1467 2576 nihillum
1487 2553 1587 2584 quam
1610 2542 1650 2575 Α1
1675 2560 1709 2564 -
1734 2542 1931 2582 popularem
1948 2542 1971 2572 B

206 2613 241 2618 —
268 2604 340 2626 eam
364 2604 463 2634 quam
486 2595 510 2626 B
549 2613 583 2617 —
623 2596 674 2626 to.
702 2596 772 2626 dico
797 2596 874 2627 AB:
903 2597 984 2627 duco
1010 2597 1034 2627 Ο
1062 2614 1097 2618 -
1126 2597 1176 2626 tl.
1201 2599 1392 2634 potestatem
1420 2596 1444 2626 O
1474 2612 1506 2618 -
1532 2603 1589 2625 vos
1613 2594 1740 2633 quidem
1766 2590 1967 2623 Turnebus:

202 2646 334 2676 uosdeen
358 2643 460 2681 A¹B¹,
486 2654 545 2676 uos
569 2646 698 2675 demum
721 2643 762 2676 Α2
776 2643 850 2676 13²0
890 2664 925 2668 ——
965 2646 1017 2677 43.
1044 2646 1091 2676 ita
1115 2645 1297 2676 libertatem
1321 2647 1416 2676 istam
1441 2644 1554 2675 Klotz:
1581 2643 1642 2674 ista
1668 2643 1850 2673 libertatem
1874 2642 1973 2672 istam

203 2698 229 2726 A
254 2698 333 2726 ante
358 2703 537 2733 rasuram,
574 2691 634 2726 istc]
658 2695 839 2726 libertatem
861 2693 925 2726 istd
951 2696 994 2730 Β,
1029 2702 1128 2720 ’ἒθῢζ-
1145 2696 1324 2726 libertatem
1352 2697 1445 2726 istam
1471 2692 1522 2731 A2‚
1548 2695 1643 2724 istam
1667 2692 1851 2723 libertatem
1874 2691 1920 2720 ita
1946 2690 1971 2721 O

204 2753 285 2776 cum
303 2744 495 2775 Goerenzio
522 2761 555 2766 —
582 2748 651 2775 ut*
675 2748 701 2776 A
736 2763 777 2767 —
814 2744 864 2776 1¹4.
892 2745 983 2776 bonis
1006 2746 1064 2777 AB
1100 2763 1134 2767 —
1174 2746 1224 2777 «16.
1252 2746 1339 2775 tollet
1363 2743 1452 2781 A¹B‚
1479 2743 1604 2774 tolleret
1627 2738 1703 2773 ,λ’-Ὃ
1731 2759 1766 2763 -
1794 2740 1846 2771 48.
1873 2740 1972 2770 etiam

202 2794 230 2825 A
254 2802 300 2824 m.
322 2794 340 2824 Ξ.
365 2794 399 2824 in
423 2802 545 2825 rasura
573 2812 607 2817 —
635 2794 783 2834 obposita
806 2792 846 2825 A¹
883 2812 918 2817 -
960 2795 1010 2826 49.
1038 2796 1180 2834 tantum]
1205 2798 1313 2826 tamen
1339 2793 1399 2824 AB
1430 2810 1462 2814 —
1501 2796 1535 2822 ut
1559 2792 1684 2823 desinat
1707 2790 1848 2830 scripsi:
1875 2793 1911 2820 ut
1934 2797 1974 2820 ne

203 2843 264 2874 sim
286 2843 359 2882 AB,
385 2843 449 2874 sed
473 2846 498 2874 A
525 2845 558 2874 et
582 2843 671 2875 haec
697 2847 728 2875 et
753 2843 925 2883 syllabam
952 2847 1161 2884 sequentem
1188 2853 1241 2874 am
1268 2845 1300 2874 in
1327 2851 1393 2874 ras.
1422 2842 1544 2874 habet:
1571 2845 1606 2872 ut
1630 2850 1669 2872 ne
1691 2842 1755 2871 sint
1779 2841 1816 2877 Ο,
1842 2840 1876 2870 in
1902 2847 1972 2879 qua

203 2891 352 2923 lectione
378 2891 466 2932 vulg.
495 2894 528 2923 et
553 2902 592 2924 ne
616 2894 646 2924 in
672 2894 845 2925 sententia
869 2894 1094 2925 consecutiva
1119 2894 1280 2924 vitiosum
1306 2894 1357 2923 est
1389 2894 1422 2922 ct
1452 2899 1620 2922 numerus
1650 2889 1792 2931 pluralis
1821 2889 1971 2920 nominis

205 2941 356 2973 ambitus.
385 2959 418 2964 —
446 2942 498 2973 ΞΟ.
525 2944 694 2975 uindicem
717 2946 743 2975 A
773 2962 806 2966 —-
834 2944 1000 2975 libertates
1022 2943 1063 2975 ΑΞ
1089 2961 1121 2965 -
1151 2944 1202 2975 22.
1232 2946 1264 2973 ut
1289 2943 1321 2972 in
1345 2951 1381 2972 eo
1406 2941 1609 2972 Turnebus:
1636 2943 1724 2972 utine
1748 2941 1809 2972 AB
1835 2957 1876 2962 —-
1899 2938 1972 2978 ipsa

205 2990 334 3031 aliquot
359 2991 444 3024 dett.
472 3009 507 3015 —
534 2994 666 3024 honesta
690 2996 716 3025 A
745 3011 779 3016 —
807 2993 858 3025 ς23.
883 2995 937 3033 fiet
962 2994 1017 3024 ed.
1037 2993 1235 3024 Victoriana
1264 3010 1297 3014 ——
1327 2990 1377 3022 24.
1403 2992 1509 3021 minos
1534 2990 1556 3021 B
1590 3007 1624 3011 —
1663 2991 1714 3021 25.
1740 2990 1821 3020 satis
1844 2987 1861 3020 Z*
1885 2990 1910 3020 A
1937 2988 1970 3019 in

206 3049 274 3072 ras.
313 3057 348 3062 —
385 3041 443 3072 hoc
466 3052 485 3071 εκ
504 3054 524 3073 εκ
546 3046 669 3074 retento
695 3044 719 3074 A
754 3046 810 3081 {ex
835 3043 894 3073 hoc
916 3044 1002 3074 enim
1025 3042 1203 3079 retentov),
1241 3042 1298 3072 hoc
1323 3044 1482 3071 rerelento
1506 3040 1529 3070 B
1568 3056 1602 3061 —
1639 3039 1692 3070 26.
1720 3040 1866 3070 traditur
1888 3036 1967 3068 AB:

207 3089 364 3120 tribuitur
386 3091 626 3131 Wyttenbach
663 3110 696 3114 —
736 3093 788 3122 Ξῖ.
817 3093 901 3123 nidis
924 3093 948 3124 B
977 3110 1010 3114 —
1040 3093 1117 3131 quid
1139 3090 1195 3123 A'2:
1224 3092 1278 3130 qui
1302 3089 1378 3122 A¹B
1409 3108 1442 3112 —-
1480 3089 1533 3121 ⁶28.
1560 3089 1642 3129 teyes
1664 3089 1688 3120 B
1717 3106 1751 3111 —
1778 3087 1830 3119 29.
1855 3086 1971 3117 retinet

207 3140 232 3171 B
260 3157 294 3162 —
321 3140 444 3171 tollitor
467 3139 506 3172 Αἱ
544 3157 578 3162 -
617 3141 670 3172 31.
697 3144 725 3171 et
749 3140 788 3172 A¹
813 3150 903 3172 corr.
931 3150 977 3173 ni.
999 3142 1016 3172 Ξ
1042 3142 1074 3171 in
1099 3142 1153 3171 sed
1191 3158 1224 3162 —
1256 3139 1438 3179 praeclara
1463 3142 1508 3170 est
1532 3139 1675 3179 scripsi:
1710 3137 1885 3178 praeclare
1908 3134 1968 3166 AB

211 3190 265 3230 (ex
283 3190 509 3229 praeclarae-t),
535 3194 583 3222 est
605 3199 674 3221 om.
695 3190 720 3220 O
748 3208 782 3212 -
810 3200 894 3230 quae
918 3200 991 3222 cum
1011 3191 1131 3230 populo
1157 3199 1226 3221 on1.
1246 3191 1306 3221 AB
1335 3207 1369 3212 —
1397 3189 1449 3220 32.
1469 3190 1501 3220 in
1525 3191 1552 3220 A
1576 3197 1653 3230 sup.
1673 3187 1732 3220 lin.
1761 3204 1796 3209 —
1823 3187 1971 3226 aguntur

210 3238 270 3270 AB
296 3255 331 3261 —
358 3239 410 3272 33.
437 3243 534 3281 atque
558 3240 601 3271 ad
623 3240 738 3271 sedata
762 3240 785 3270 B
814 3258 848 3263 —
875 3244 991 3272 auctor
1005 3242 1042 3280 B,
1068 3242 1152 3272 item
1166 3242 1204 3279 A,
1231 3241 1267 3271 ut
1292 3248 1333 3271 ex
1357 3239 1468 3281 spatio
1492 3238 1648 3278 videtum
1674 3246 1755 3271 nam
1779 3244 1846 3269 vox
1868 3233 1969 3276 plane

212 3289 353 3322 evanuit
377 3307 412 3314 —
438 3293 558 3323 mentes
579 3289 782 3323 Lambinus.
